  <div class='ocr_page' id='page_1' title='image "/cluster/home/n/w/nwhite01/storage/ocr_20150623/75/ien.35556001661032/600.png"; bbox 0 0 4006 6470; ppageno 0'>
   <div class='ocr_carea' id='block_1_1' title="bbox 241 436 383 494">
    <p class='ocr_par' dir='ltr' id='par_1_1' title="bbox 241 436 383 494">
     <span class='ocr_line' id='line_1_1' title="bbox 241 436 383 494; baseline -0.035 0"><span class='ocrx_word' id='word_1_1' title='bbox 241 436 383 494; x_wconf 76' lang='lat' dir='ltr'><strong>H77</strong></span> 
     </span>
    </p>
   </div>
   <div class='ocr_carea' id='block_1_2' title="bbox 1583 435 2114 493">
    <p class='ocr_par' dir='ltr' id='par_1_2' title="bbox 1583 435 2114 493">
     <span class='ocr_line' id='line_1_2' title="bbox 1583 435 2114 493; baseline -0.002 -1"><span class='ocrx_word' id='word_1_2' title='bbox 1583 435 1673 492; x_wconf 79' lang='lat' dir='ltr'><strong>DE</strong></span> <span class='ocrx_word' id='word_1_3' title='bbox 1713 435 2114 493; x_wconf 75' lang='lat' dir='ltr'><strong>TRINITATB.</strong></span> 
     </span>
    </p>
   </div>
   <div class='ocr_carea' id='block_1_3' title="bbox 3368 454 3503 511">
    <p class='ocr_par' dir='ltr' id='par_1_3' title="bbox 3368 454 3503 511">
     <span class='ocr_line' id='line_1_3' title="bbox 3368 454 3503 511; baseline 0.022 -3"><span class='ocrx_word' id='word_1_4' title='bbox 3368 454 3503 511; x_wconf 69' lang='grc'>117⁸</span> 
     </span>
    </p>
   </div>
   <div class='ocr_carea' id='block_1_4' title="bbox 251 544 1807 628">
    <p class='ocr_par' dir='ltr' id='par_1_4' title="bbox 251 544 1807 619">
     <span class='ocr_line' id='line_1_4' title="bbox 251 544 1807 619; baseline 0.001 -18"><span class='ocrx_word' id='word_1_5' title='bbox 251 545 454 618; x_wconf 84' lang='grc' dir='ltr'><strong>Ἰησοῦ,</strong></span> <span class='ocrx_word' id='word_1_6' title='bbox 498 545 592 601; x_wconf 76' lang='grc' dir='ltr'><strong>καὶ</strong></span> <span class='ocrx_word' id='word_1_7' title='bbox 621 548 654 617; x_wconf 85' lang='grc' dir='ltr'><strong>ἡ</strong></span> <span class='ocrx_word' id='word_1_8' title='bbox 686 546 875 616; x_wconf 80' lang='grc' dir='ltr'><strong>άγάπη</strong></span> <span class='ocrx_word' id='word_1_9' title='bbox 904 545 999 601; x_wconf 83' lang='grc' dir='ltr'><strong>τοῦ</strong></span> <span class='ocrx_word' id='word_1_10' title='bbox 1035 544 1170 599; x_wconf 84' lang='grc' dir='ltr'><strong>Θεοῦ</strong></span> <span class='ocrx_word' id='word_1_11' title='bbox 1213 547 1308 599; x_wconf 79' lang='grc' dir='ltr'><strong>καὶ</strong></span> <span class='ocrx_word' id='word_1_12' title='bbox 1349 546 1563 618; x_wconf 82' lang='grc' dir='ltr'><strong>Πατρδς</strong></span> <span class='ocrx_word' id='word_1_13' title='bbox 1592 547 1691 619; x_wconf 88' lang='grc'><strong>(1),</strong></span> <span class='ocrx_word' id='word_1_14' title='bbox 1727 549 1807 602; x_wconf 54' lang='grc' dir='ltr'><strong>κατ</strong></span> 
     </span>
    </p>
   </div>
   <div class='ocr_carea' id='block_1_5' title="bbox 1918 544 3505 628">
    <p class='ocr_par' dir='ltr' id='par_1_5' title="bbox 1924 551 3505 628">
     <span class='ocr_line' id='line_1_5' title="bbox 1924 551 3505 628; baseline 0.014 -27"><span class='ocrx_word' id='word_1_15' title='bbox 1924 551 2345 608; x_wconf 67' lang='lat' dir='ltr'><strong>communicatio</strong></span> <span class='ocrx_word' id='word_1_16' title='bbox 2377 553 2552 611; x_wconf 86' lang='lat' dir='ltr'><strong>sancti</strong></span> <span class='ocrx_word' id='word_1_17' title='bbox 2598 553 2837 628; x_wconf 78' lang='lat' dir='ltr'><strong>Spiritus</strong></span> <span class='ocrx_word' id='word_1_18' title='bbox 2874 557 2947 615; x_wconf 85' lang='lat' dir='ltr'><strong>sit</strong></span> <span class='ocrx_word' id='word_1_19' title='bbox 2973 573 3097 617; x_wconf 87' lang='lat' dir='ltr'><strong>cum</strong></span> <span class='ocrx_word' id='word_1_20' title='bbox 3128 564 3381 621; x_wconf 87' lang='lat' dir='ltr'><strong>omnibus</strong></span> <span class='ocrx_word' id='word_1_21' title='bbox 3412 584 3505 624; x_wconf 84' lang='lat' dir='ltr'><strong>vo-</strong></span> 
     </span>
    </p>
   </div>
   <div class='ocr_carea' id='block_1_6' title="bbox 237 638 1815 709">
    <p class='ocr_par' dir='ltr' id='par_1_6' title="bbox 237 638 1815 709">
     <span class='ocr_line' id='line_1_6' title="bbox 237 638 1815 709; baseline 0.001 -16"><span class='ocrx_word' id='word_1_22' title='bbox 237 641 273 708; x_wconf 75' lang='grc' dir='ltr'><strong>ή</strong></span> <span class='ocrx_word' id='word_1_23' title='bbox 339 640 593 693; x_wconf 75' lang='grc' dir='ltr'><strong>κοινωνία</strong></span> <span class='ocrx_word' id='word_1_24' title='bbox 651 639 744 693; x_wconf 82' lang='grc' dir='ltr'><strong>τοῦ</strong></span> <span class='ocrx_word' id='word_1_25' title='bbox 810 640 963 706; x_wconf 81' lang='grc' dir='ltr'>ἁγίου</span> <span class='ocrx_word' id='word_1_26' title='bbox 1026 638 1343 709; x_wconf 85' lang='grc' dir='ltr'><strong>Πνεύματος</strong></span> <span class='ocrx_word' id='word_1_27' title='bbox 1409 638 1548 708; x_wconf 80' lang='grc' dir='ltr'><strong>μετὰ</strong></span> <span class='ocrx_word' id='word_1_28' title='bbox 1596 640 1815 694; x_wconf 81' lang='grc' dir='ltr'><strong>πάντων</strong></span> 
     </span>
    </p>
   </div>
   <div class='ocr_carea' id='block_1_7' title="bbox 239 729 483 799">
    <p class='ocr_par' dir='ltr' id='par_1_7' title="bbox 239 729 483 799">
     <span class='ocr_line' id='line_1_7' title="bbox 239 729 483 799; baseline -0.012 -15"><span class='ocrx_word' id='word_1_29' title='bbox 239 729 416 799; x_wconf 77' lang='grc' dir='ltr'><strong>ὑμῶν.</strong></span> <span class='ocrx_word' id='word_1_30' title='bbox 463 750 483 781; x_wconf 78' lang='lat' dir='ltr'><strong>s</strong></span> 
     </span>
    </p>
   </div>
   <div class='ocr_carea' id='block_1_8' title="bbox 273 842 1778 964">
    <p class='ocr_par' dir='ltr' id='par_1_8' title="bbox 273 842 1778 964">
     <span class='ocr_line' id='line_1_8' title="bbox 273 842 1778 964; baseline 0.005 -69"><span class='ocrx_word' id='word_1_31' title='bbox 273 844 409 897; x_wconf 62' lang='grc' dir='ltr'><strong>ΚΜ.</strong></span> <span class='ocrx_word' id='word_1_32' title='bbox 468 842 792 911; x_wconf 76' lang='grc' dir='ltr'><strong>Ἀπόδειξις</strong></span> <span class='ocrx_word' id='word_1_33' title='bbox 842 845 954 913; x_wconf 83' lang='grc' dir='ltr'><strong>τῆς</strong></span> <span class='ocrx_word' id='word_1_34' title='bbox 1004 845 1112 964; x_wconf 54' lang='grc' dir='ltr'><strong>ἴοῦ</strong></span> <span class='ocrx_word' id='word_1_35' title='bbox 1160 849 1509 918; x_wconf 78' lang='grc' dir='ltr'><strong>Πνεύματος</strong></span> <span class='ocrx_word' id='word_1_36' title='bbox 1557 847 1778 903; x_wconf 76' lang='grc' dir='ltr'><strong>δεσπο-</strong></span> 
     </span>
     <span class='ocr_line' id='line_1_9' title="bbox 939 932 1120 964; baseline 0 0"><span class='ocrx_word' id='word_1_37' title='bbox 939 932 1004 964; x_wconf 77' lang='grc' dir='ltr'><strong>τε</strong></span> <span class='ocrx_word' id='word_1_38' title='bbox 1026 932 1120 964; x_wconf 72' lang='lat' dir='ltr'><strong>ar.</strong></span> 
     </span>
    </p>
   </div>
   <div class='ocr_carea' id='block_1_9' title="bbox 939 932 1120 982">
    <p class='ocr_par' dir='ltr' id='par_1_9' title="bbox 939 932 1120 982">
     <span class='ocr_line' id='line_1_10' title="bbox 939 932 1120 982; baseline 0.011 -14"><span class='ocrx_word' id='word_1_39' title='bbox 939 932 1120 982; x_wconf 67' lang='grc' dir='ltr'><strong>τείας.</strong></span> 
     </span>
    </p>
   </div>
   <div class='ocr_carea' id='block_1_10' title="bbox 308 1024 1816 1100">
    <p class='ocr_par' dir='ltr' id='par_1_10' title="bbox 308 1024 1816 1100">
     <span class='ocr_line' id='line_1_11' title="bbox 308 1024 1816 1100; baseline 0.005 -23"><span class='ocrx_word' id='word_1_40' title='bbox 308 1024 423 1078; x_wconf 75' lang='grc' dir='ltr'><strong>Καὶ</strong></span> <span class='ocrx_word' id='word_1_41' title='bbox 461 1024 660 1079; x_wconf 88' lang='grc' dir='ltr'><strong>πάλιν·</strong></span> <span class='ocrx_word' id='word_1_42' title='bbox 701 1046 720 1077; x_wconf 81' lang='grc' dir='ltr'><strong>ε</strong></span> <span class='ocrx_word' id='word_1_43' title='bbox 745 1028 1047 1098; x_wconf 81' lang='grc' dir='ltr'><strong>Διαιρέσεις</strong></span> <span class='ocrx_word' id='word_1_44' title='bbox 1088 1028 1146 1082; x_wconf 81' lang='grc' dir='ltr'><strong>δέ</strong></span> <span class='ocrx_word' id='word_1_45' title='bbox 1189 1030 1546 1100; x_wconf 82' lang='grc' dir='ltr'><strong>χαρισμάτων</strong></span> <span class='ocrx_word' id='word_1_46' title='bbox 1580 1032 1709 1095; x_wconf 72' lang='grc' dir='ltr'><strong>εἰσὶ,</strong></span> <span class='ocrx_word' id='word_1_47' title='bbox 1753 1031 1816 1084; x_wconf 78' lang='grc' dir='ltr'><strong>τὸ</strong></span> 
     </span>
    </p>
   </div>
   <div class='ocr_carea' id='block_1_11' title="bbox 234 1115 1815 1192">
    <p class='ocr_par' dir='ltr' id='par_1_11' title="bbox 234 1115 1815 1192">
     <span class='ocr_line' id='line_1_12' title="bbox 234 1115 1815 1192; baseline 0.004 -23"><span class='ocrx_word' id='word_1_48' title='bbox 234 1117 296 1170; x_wconf 81' lang='grc' dir='ltr'><strong>δέ</strong></span> <span class='ocrx_word' id='word_1_49' title='bbox 327 1116 460 1170; x_wconf 82' lang='grc' dir='ltr'><strong>αὐτὸ</strong></span> <span class='ocrx_word' id='word_1_50' title='bbox 488 1115 742 1189; x_wconf 82' lang='grc' dir='ltr'><strong>Πνεῦμα·</strong></span> <span class='ocrx_word' id='word_1_51' title='bbox 769 1121 862 1173; x_wconf 77' lang='grc' dir='ltr'><strong>καὶ</strong></span> <span class='ocrx_word' id='word_1_52' title='bbox 888 1120 1182 1192; x_wconf 78' lang='grc' dir='ltr'><strong>διαιρέσεις</strong></span> <span class='ocrx_word' id='word_1_53' title='bbox 1206 1121 1492 1176; x_wconf 81' lang='grc' dir='ltr'><strong>διακονιῶν</strong></span> <span class='ocrx_word' id='word_1_54' title='bbox 1524 1124 1729 1187; x_wconf 65' lang='lat' dir='ltr'><strong>atomo</strong></span> <span class='ocrx_word' id='word_1_55' title='bbox 1757 1123 1815 1176; x_wconf 87' lang='grc' dir='ltr'><strong>δέ</strong></span> 
     </span>
    </p>
   </div>
   <div class='ocr_carea' id='block_1_12' title="bbox 236 1209 1815 1287">
    <p class='ocr_par' dir='ltr' id='par_1_12' title="bbox 236 1209 1815 1287">
     <span class='ocr_line' id='line_1_13' title="bbox 236 1209 1815 1287; baseline 0.005 -26"><span class='ocrx_word' id='word_1_56' title='bbox 236 1209 403 1271; x_wconf 69' lang='grc' dir='ltr'><strong>αὐτὸς</strong></span> <span class='ocrx_word' id='word_1_57' title='bbox 450 1210 681 1282; x_wconf 77' lang='grc' dir='ltr'><strong>Κύριοςο</strong></span> <span class='ocrx_word' id='word_1_58' title='bbox 723 1213 817 1264; x_wconf 76' lang='grc' dir='ltr'><strong>καὶ</strong></span> <span class='ocrx_word' id='word_1_59' title='bbox 845 1212 1135 1285; x_wconf 78' lang='grc' dir='ltr'><strong>διαιρέσεις</strong></span> <span class='ocrx_word' id='word_1_60' title='bbox 1170 1216 1559 1287; x_wconf 69' lang='grc' dir='ltr'><strong>ἐνεργημάτων</strong></span> <span class='ocrx_word' id='word_1_61' title='bbox 1601 1215 1759 1283; x_wconf 73' lang='grc' dir='ltr'><strong>εἰσὶν,</strong></span> <span class='ocrx_word' id='word_1_62' title='bbox 1785 1218 1815 1269; x_wconf 83' lang='grc' dir='ltr'>ὁ</span> 
     </span>
    </p>
   </div>
   <div class='ocr_carea' id='block_1_13' title="bbox 231 1298 1807 1374">
    <p class='ocr_par' dir='ltr' id='par_1_13' title="bbox 231 1298 1807 1374">
     <span class='ocr_line' id='line_1_14' title="bbox 231 1298 1807 1374; baseline 0.005 -23"><span class='ocrx_word' id='word_1_63' title='bbox 231 1298 293 1351; x_wconf 68' lang='grc' dir='ltr'><strong>δὲ</strong></span> <span class='ocrx_word' id='word_1_64' title='bbox 337 1300 500 1363; x_wconf 84' lang='grc' dir='ltr'><strong>αὑτός</strong></span> <span class='ocrx_word' id='word_1_65' title='bbox 528 1303 643 1354; x_wconf 88' lang='grc' dir='ltr'><strong>ἐστι</strong></span> <span class='ocrx_word' id='word_1_66' title='bbox 672 1302 803 1365; x_wconf 79' lang='grc' dir='ltr'><strong>Θεὸς</strong></span> <span class='ocrx_word' id='word_1_67' title='bbox 834 1304 862 1355; x_wconf 84' lang='grc' dir='ltr'><strong><em>ὁ</em></strong></span> <span class='ocrx_word' id='word_1_68' title='bbox 893 1304 1133 1374; x_wconf 84' lang='grc' dir='ltr'><strong>ἐνεργῶν</strong></span> <span class='ocrx_word' id='word_1_69' title='bbox 1161 1305 1230 1359; x_wconf 82' lang='grc' dir='ltr'><strong>τά</strong></span> <span class='ocrx_word' id='word_1_70' title='bbox 1273 1306 1451 1360; x_wconf 87' lang='grc' dir='ltr'><strong>πάντα</strong></span> <span class='ocrx_word' id='word_1_71' title='bbox 1491 1308 1549 1359; x_wconf 88' lang='grc' dir='ltr'><strong>ἐν</strong></span> <span class='ocrx_word' id='word_1_72' title='bbox 1578 1308 1736 1361; x_wconf 76' lang='grc' dir='ltr'><strong>πᾶσι.</strong></span> <span class='ocrx_word' id='word_1_73' title='bbox 1787 1324 1807 1359; x_wconf 83' lang='lat' dir='ltr'><strong>s</strong></span> 
     </span>
    </p>
   </div>
   <div class='ocr_carea' id='block_1_14' title="bbox 231 1391 1813 1465">
    <p class='ocr_par' dir='ltr' id='par_1_14' title="bbox 231 1391 1813 1465">
     <span class='ocr_line' id='line_1_15' title="bbox 231 1391 1813 1465; baseline 0.004 -22"><span class='ocrx_word' id='word_1_74' title='bbox 231 1391 414 1445; x_wconf 74' lang='grc' dir='ltr'><strong>Αὐτοῦ</strong></span> <span class='ocrx_word' id='word_1_75' title='bbox 442 1391 501 1445; x_wconf 80' lang='grc' dir='ltr'><strong>δέ</strong></span> <span class='ocrx_word' id='word_1_76' title='bbox 548 1392 835 1465; x_wconf 80' lang='grc' dir='ltr'><strong>κηρύττων</strong></span> <span class='ocrx_word' id='word_1_77' title='bbox 858 1396 955 1465; x_wconf 78' lang='grc' dir='ltr'><strong>τὴν</strong></span> <span class='ocrx_word' id='word_1_78' title='bbox 996 1395 1245 1460; x_wconf 80' lang='grc' dir='ltr'><strong>ἐξουσίαν</strong></span> <span class='ocrx_word' id='word_1_79' title='bbox 1286 1398 1415 1451; x_wconf 75' lang='grc' dir='ltr'><strong>ἐϐόα</strong></span> <span class='ocrx_word' id='word_1_80' title='bbox 1434 1415 1448 1428; x_wconf 67' lang='grc' dir='ltr'><strong>υ</strong></span> <span class='ocrx_word' id='word_1_81' title='bbox 1494 1417 1513 1450; x_wconf 83' lang='grc' dir='ltr'><strong>ε</strong></span> <span class='ocrx_word' id='word_1_82' title='bbox 1544 1398 1728 1452; x_wconf 81' lang='grc' dir='ltr'><strong>Πάντα</strong></span> <span class='ocrx_word' id='word_1_83' title='bbox 1757 1398 1813 1451; x_wconf 77' lang='grc' dir='ltr'><strong>δέ</strong></span> 
     </span>
    </p>
   </div>
   <div class='ocr_carea' id='block_1_15' title="bbox 231 1484 1809 1561">
    <p class='ocr_par' dir='ltr' id='par_1_15' title="bbox 231 1484 1809 1561">
     <span class='ocr_line' id='line_1_16' title="bbox 231 1484 1809 1561; baseline 0.004 -25"><span class='ocrx_word' id='word_1_84' title='bbox 231 1484 411 1537; x_wconf 86' lang='grc' dir='ltr'><strong>ταῦτα</strong></span> <span class='ocrx_word' id='word_1_85' title='bbox 443 1487 655 1553; x_wconf 88' lang='grc' dir='ltr'><strong>ἐνεργεῖ</strong></span> <span class='ocrx_word' id='word_1_86' title='bbox 680 1487 742 1539; x_wconf 79' lang='grc' dir='ltr'><strong>τὸ</strong></span> <span class='ocrx_word' id='word_1_87' title='bbox 773 1488 903 1540; x_wconf 79' lang='grc' dir='ltr'><strong>αὐτὸ</strong></span> <span class='ocrx_word' id='word_1_88' title='bbox 946 1490 1038 1542; x_wconf 71' lang='grc' dir='ltr'><strong>καὶ</strong></span> <span class='ocrx_word' id='word_1_89' title='bbox 1064 1488 1126 1542; x_wconf 81' lang='grc' dir='ltr'><strong>τὸ</strong></span> <span class='ocrx_word' id='word_1_90' title='bbox 1169 1489 1227 1543; x_wconf 74' lang='grc' dir='ltr'><strong>ἐν</strong></span> <span class='ocrx_word' id='word_1_91' title='bbox 1261 1489 1483 1561; x_wconf 88' lang='grc' dir='ltr'><strong>Πνεῦμα</strong></span> <span class='ocrx_word' id='word_1_92' title='bbox 1508 1532 1523 1555; x_wconf 92' lang='grc'><strong>,</strong></span> <span class='ocrx_word' id='word_1_93' title='bbox 1562 1489 1809 1561; x_wconf 72' lang='grc' dir='ltr'><strong>διαιροῦν</strong></span> 
     </span>
    </p>
   </div>
   <div class='ocr_carea' id='block_1_16' title="bbox 236 1574 1812 1650">
    <p class='ocr_par' dir='ltr' id='par_1_16' title="bbox 236 1574 1812 1650">
     <span class='ocr_line' id='line_1_17' title="bbox 236 1574 1812 1650; baseline 0.004 -23"><span class='ocrx_word' id='word_1_94' title='bbox 236 1574 346 1645; x_wconf 72' lang='grc' dir='ltr'><strong>ἰδία</strong></span> <span class='ocrx_word' id='word_1_95' title='bbox 377 1577 612 1647; x_wconf 78' lang='grc' dir='ltr'><strong>ἑκάστῳ,</strong></span> <span class='ocrx_word' id='word_1_96' title='bbox 648 1577 828 1638; x_wconf 85' lang='grc' dir='ltr'><strong>καθὼς</strong></span> <span class='ocrx_word' id='word_1_97' title='bbox 882 1577 1131 1647; x_wconf 81' lang='grc' dir='ltr'><strong>βούλεται</strong></span> <span class='ocrx_word' id='word_1_98' title='bbox 1167 1580 1410 1650; x_wconf 67' lang='grc' dir='ltr'><strong>διανέμει</strong></span> <span class='ocrx_word' id='word_1_99' title='bbox 1448 1582 1523 1650; x_wconf 73' lang='grc'><strong>(2)</strong></span> <span class='ocrx_word' id='word_1_100' title='bbox 1566 1582 1676 1643; x_wconf 89' lang='grc' dir='ltr'><strong>τοῖς</strong></span> <span class='ocrx_word' id='word_1_101' title='bbox 1720 1597 1812 1633; x_wconf 87' lang='grc' dir='ltr'><strong>πι-</strong></span> 
     </span>
    </p>
   </div>
   <div class='ocr_carea' id='block_1_17' title="bbox 234 1664 1813 1738">
    <p class='ocr_par' dir='ltr' id='par_1_17' title="bbox 234 1664 1813 1738">
     <span class='ocr_line' id='line_1_18' title="bbox 234 1664 1813 1738; baseline 0.002 -24"><span class='ocrx_word' id='word_1_102' title='bbox 234 1664 489 1717; x_wconf 82' lang='grc' dir='ltr'><strong>στεύουσι</strong></span> <span class='ocrx_word' id='word_1_103' title='bbox 514 1664 582 1718; x_wconf 81' lang='grc' dir='ltr'><strong>τά</strong></span> <span class='ocrx_word' id='word_1_104' title='bbox 604 1664 771 1736; x_wconf 82' lang='grc' dir='ltr'><strong>δῶρα.</strong></span> <span class='ocrx_word' id='word_1_105' title='bbox 794 1683 814 1717; x_wconf 76' lang='lat' dir='ltr'><strong>s</strong></span> <span class='ocrx_word' id='word_1_106' title='bbox 833 1668 913 1718; x_wconf 87' lang='grc' dir='ltr'><strong>Δι’</strong></span> <span class='ocrx_word' id='word_1_107' title='bbox 943 1666 1109 1721; x_wconf 85' lang='grc' dir='ltr'><strong>αὐτοῦ</strong></span> <span class='ocrx_word' id='word_1_108' title='bbox 1133 1667 1245 1738; x_wconf 85' lang='grc' dir='ltr'><strong>γάρ</strong></span> <span class='ocrx_word' id='word_1_109' title='bbox 1264 1666 1374 1720; x_wconf 85' lang='grc' dir='ltr'><strong>τῶν</strong></span> <span class='ocrx_word' id='word_1_110' title='bbox 1401 1665 1813 1737; x_wconf 78' lang='grc' dir='ltr'><strong>ἁμαρτημάτων</strong></span> 
     </span>
    </p>
   </div>
   <div class='ocr_carea' id='block_1_18' title="bbox 232 1755 1814 1829">
    <p class='ocr_par' dir='ltr' id='par_1_18' title="bbox 232 1755 1814 1829">
     <span class='ocr_line' id='line_1_19' title="bbox 232 1755 1814 1829; baseline 0.002 -22"><span class='ocrx_word' id='word_1_111' title='bbox 232 1755 505 1826; x_wconf 75' lang='grc' dir='ltr'><strong>ἐλάϐομεν</strong></span> <span class='ocrx_word' id='word_1_112' title='bbox 530 1755 630 1826; x_wconf 82' lang='grc' dir='ltr'><strong>τὴν</strong></span> <span class='ocrx_word' id='word_1_113' title='bbox 672 1756 996 1829; x_wconf 79' lang='grc' dir='ltr'><strong>ἀπαλλαγήν</strong></span> <span class='ocrx_word' id='word_1_114' title='bbox 1016 1773 1031 1789; x_wconf 80' lang='grc' dir='ltr'><strong>ο</strong></span> <span class='ocrx_word' id='word_1_115' title='bbox 1062 1758 1129 1811; x_wconf 85' lang='grc' dir='ltr'><strong>δι’</strong></span> <span class='ocrx_word' id='word_1_116' title='bbox 1173 1757 1339 1812; x_wconf 83' lang='grc' dir='ltr'><strong>αὐτοῦ</strong></span> <span class='ocrx_word' id='word_1_117' title='bbox 1367 1758 1469 1828; x_wconf 75' lang='grc' dir='ltr'><strong>τῆς</strong></span> <span class='ocrx_word' id='word_1_118' title='bbox 1502 1756 1814 1828; x_wconf 78' lang='grc' dir='ltr'><strong>ἐλευθερίας</strong></span> 
     </span>
    </p>
   </div>
   <div class='ocr_carea' id='block_1_19' title="bbox 230 1848 1813 1922">
    <p class='ocr_par' dir='ltr' id='par_1_19' title="bbox 230 1848 1813 1922">
     <span class='ocr_line' id='line_1_20' title="bbox 230 1848 1813 1922; baseline 0 -20"><span class='ocrx_word' id='word_1_119' title='bbox 230 1848 578 1919; x_wconf 79' lang='grc' dir='ltr'><strong>τυγχάνομεν</strong></span> <span class='ocrx_word' id='word_1_120' title='bbox 600 1868 613 1881; x_wconf 92' lang='grc'><strong>·</strong></span> <span class='ocrx_word' id='word_1_121' title='bbox 645 1850 715 1903; x_wconf 81' lang='grc' dir='ltr'><strong>δι’</strong></span> <span class='ocrx_word' id='word_1_122' title='bbox 737 1850 904 1904; x_wconf 85' lang='grc' dir='ltr'><strong>αὑτοῦ</strong></span> <span class='ocrx_word' id='word_1_123' title='bbox 927 1850 1020 1904; x_wconf 89' lang='grc' dir='ltr'><strong>τοῦ</strong></span> <span class='ocrx_word' id='word_1_124' title='bbox 1049 1850 1151 1921; x_wconf 82' lang='grc' dir='ltr'><strong>τῆς</strong></span> <span class='ocrx_word' id='word_1_125' title='bbox 1178 1850 1450 1914; x_wconf 77' lang='grc' dir='ltr'><strong>υἱοθεσίας</strong></span> <span class='ocrx_word' id='word_1_126' title='bbox 1475 1851 1813 1922; x_wconf 82' lang='grc' dir='ltr'><strong>χαρίσματος</strong></span> 
     </span>
    </p>
   </div>
   <div class='ocr_carea' id='block_1_20' title="bbox 1922 640 2165 697">
    <p class='ocr_par' dir='ltr' id='par_1_20' title="bbox 1922 640 2165 697">
     <span class='ocr_line' id='line_1_21' title="bbox 1922 640 2165 697; baseline 0.004 -2"><span class='ocrx_word' id='word_1_127' title='bbox 1922 640 2008 697; x_wconf 83' lang='lat' dir='ltr'><strong>bis</strong></span> <span class='ocrx_word' id='word_1_128' title='bbox 2043 641 2107 696; x_wconf 77' lang='lat'><strong>&quot;.</strong></span> <span class='ocrx_word' id='word_1_129' title='bbox 2145 662 2165 696; x_wconf 84' lang='lat' dir='ltr'><strong>s</strong></span> 
     </span>
    </p>
   </div>
   <div class='ocr_carea' id='block_1_21' title="bbox 1996 839 3428 920">
    <p class='ocr_par' dir='ltr' id='par_1_21' title="bbox 1996 839 3428 920">
     <span class='ocr_line' id='line_1_22' title="bbox 1996 839 3428 920; baseline 0.01 -25"><span class='ocrx_word' id='word_1_130' title='bbox 1996 839 2137 897; x_wconf 77' lang='lat' dir='ltr'><strong>XXI.</strong></span> <span class='ocrx_word' id='word_1_131' title='bbox 2188 841 2599 902; x_wconf 80' lang='lat' dir='ltr'><strong>Demonstratur</strong></span> <span class='ocrx_word' id='word_1_132' title='bbox 2627 848 2866 920; x_wconf 72' lang='lat' dir='ltr'><strong>Spiritus</strong></span> <span class='ocrx_word' id='word_1_133' title='bbox 2904 854 3078 907; x_wconf 79' lang='lat' dir='ltr'><strong>sancti</strong></span> <span class='ocrx_word' id='word_1_134' title='bbox 3114 853 3428 911; x_wconf 74' lang='lat' dir='ltr'><strong>dominatio.</strong></span> 
     </span>
    </p>
   </div>
   <div class='ocr_carea' id='block_1_22' title="bbox 1998 1014 3500 1099">
    <p class='ocr_par' dir='ltr' id='par_1_22' title="bbox 1998 1014 3500 1099">
     <span class='ocr_line' id='line_1_23' title="bbox 1998 1014 3500 1099; baseline 0.011 -31"><span class='ocrx_word' id='word_1_135' title='bbox 1998 1014 2209 1072; x_wconf 78' lang='lat' dir='ltr'><strong>Rursus</strong></span> <span class='ocrx_word' id='word_1_136' title='bbox 2273 1018 2515 1076; x_wconf 80' lang='lat' dir='ltr'><strong>Paulus:</strong></span> <span class='ocrx_word' id='word_1_137' title='bbox 2564 1041 2584 1075; x_wconf 77' lang='grc' dir='ltr'><strong>ι</strong></span> <span class='ocrx_word' id='word_1_138' title='bbox 2656 1024 2959 1081; x_wconf 85' lang='lat' dir='ltr'><strong>Divisiones</strong></span> <span class='ocrx_word' id='word_1_139' title='bbox 3011 1042 3142 1083; x_wconf 83' lang='lat' dir='ltr'><strong>vero</strong></span> <span class='ocrx_word' id='word_1_140' title='bbox 3201 1028 3500 1099; x_wconf 72' lang='lat' dir='ltr'><strong>gratiarum</strong></span> 
     </span>
    </p>
   </div>
   <div class='ocr_carea' id='block_1_23' title="bbox 1922 1107 3501 1181">
    <p class='ocr_par' dir='ltr' id='par_1_23' title="bbox 1922 1107 3501 1181">
     <span class='ocr_line' id='line_1_24' title="bbox 1922 1107 3501 1181; baseline 0.009 -21"><span class='ocrx_word' id='word_1_141' title='bbox 1922 1118 2069 1167; x_wconf 89' lang='lat' dir='ltr'><strong>sunt.</strong></span> <span class='ocrx_word' id='word_1_142' title='bbox 2103 1107 2242 1162; x_wconf 89' lang='lat' dir='ltr'><strong>idem</strong></span> <span class='ocrx_word' id='word_1_143' title='bbox 2270 1119 2452 1165; x_wconf 86' lang='lat' dir='ltr'><strong>autem</strong></span> <span class='ocrx_word' id='word_1_144' title='bbox 2482 1110 2718 1181; x_wconf 90' lang='lat' dir='ltr'><strong>Spiritus</strong></span> <span class='ocrx_word' id='word_1_145' title='bbox 2753 1132 2767 1168; x_wconf 92' lang='lat'><strong>:</strong></span> <span class='ocrx_word' id='word_1_146' title='bbox 2802 1123 2854 1169; x_wconf 89' lang='lat' dir='ltr'><strong>et</strong></span> <span class='ocrx_word' id='word_1_147' title='bbox 2886 1114 3187 1173; x_wconf 76' lang='lat' dir='ltr'><strong>divisiones</strong></span> <span class='ocrx_word' id='word_1_148' title='bbox 3218 1119 3501 1173; x_wconf 81' lang='lat' dir='ltr'><strong>ministra—</strong></span> 
     </span>
    </p>
   </div>
   <div class='ocr_carea' id='block_1_24' title="bbox 1924 1197 3502 1279">
    <p class='ocr_par' dir='ltr' id='par_1_24' title="bbox 1924 1197 3502 1279">
     <span class='ocr_line' id='line_1_25' title="bbox 1924 1197 3502 1279; baseline 0.008 -28"><span class='ocrx_word' id='word_1_149' title='bbox 1924 1197 2127 1251; x_wconf 89' lang='lat' dir='ltr'><strong>tionmn</strong></span> <span class='ocrx_word' id='word_1_150' title='bbox 2162 1208 2310 1263; x_wconf 89' lang='lat' dir='ltr'><strong>sunt,</strong></span> <span class='ocrx_word' id='word_1_151' title='bbox 2358 1201 2501 1256; x_wconf 87' lang='lat' dir='ltr'><strong>idem</strong></span> <span class='ocrx_word' id='word_1_152' title='bbox 2536 1214 2715 1258; x_wconf 89' lang='lat' dir='ltr'><strong>autem</strong></span> <span class='ocrx_word' id='word_1_153' title='bbox 2754 1203 2916 1270; x_wconf 85' lang='lat' dir='ltr'><strong>Deus,</strong></span> <span class='ocrx_word' id='word_1_154' title='bbox 2959 1207 3052 1275; x_wconf 90' lang='lat' dir='ltr'><strong>qui</strong></span> <span class='ocrx_word' id='word_1_155' title='bbox 3098 1218 3358 1279; x_wconf 80' lang='lat' dir='ltr'><strong>aperatur</strong></span> <span class='ocrx_word' id='word_1_156' title='bbox 3384 1225 3502 1264; x_wconf 88' lang='lat' dir='ltr'><strong>om-</strong></span> 
     </span>
    </p>
   </div>
   <div class='ocr_carea' id='block_1_25' title="bbox 1920 1290 3500 1369">
    <p class='ocr_par' dir='ltr' id='par_1_25' title="bbox 1920 1290 3500 1369">
     <span class='ocr_line' id='line_1_26' title="bbox 1920 1290 3500 1369; baseline 0.008 -27"><span class='ocrx_word' id='word_1_157' title='bbox 1920 1290 2008 1342; x_wconf 92' lang='lat' dir='ltr'><strong>nia</strong></span> <span class='ocrx_word' id='word_1_158' title='bbox 2064 1291 2116 1344; x_wconf 90' lang='lat' dir='ltr'><strong>in</strong></span> <span class='ocrx_word' id='word_1_159' title='bbox 2184 1292 2437 1348; x_wconf 89' lang='lat' dir='ltr'><strong>omnibus</strong></span> <span class='ocrx_word' id='word_1_160' title='bbox 2461 1295 2529 1350; x_wconf 75' lang='lat'><strong>“.</strong></span> <span class='ocrx_word' id='word_1_161' title='bbox 2566 1313 2587 1347; x_wconf 76' lang='grc' dir='ltr'><strong>ι</strong></span> <span class='ocrx_word' id='word_1_162' title='bbox 2632 1294 2886 1360; x_wconf 84' lang='lat' dir='ltr'><strong>Ejusdem</strong></span> <span class='ocrx_word' id='word_1_163' title='bbox 2942 1298 3106 1353; x_wconf 85' lang='lat' dir='ltr'><strong>etiam</strong></span> <span class='ocrx_word' id='word_1_164' title='bbox 3170 1310 3500 1369; x_wconf 86' lang='lat' dir='ltr'><strong>potestatem</strong></span> 
     </span>
    </p>
   </div>
   <div class='ocr_carea' id='block_1_26' title="bbox 1925 1380 3499 1452">
    <p class='ocr_par' dir='ltr' id='par_1_26' title="bbox 1925 1380 3499 1452">
     <span class='ocr_line' id='line_1_27' title="bbox 1925 1380 3499 1452; baseline 0.009 -20"><span class='ocrx_word' id='word_1_165' title='bbox 1925 1380 2091 1451; x_wconf 80' lang='lat'><strong>700</strong></span> <span class='ocrx_word' id='word_1_166' title='bbox 2117 1399 2167 1434; x_wconf 73' lang='grc' dir='ltr'><strong>ιη</strong></span> <span class='ocrx_word' id='word_1_167' title='bbox 2202 1383 2504 1452; x_wconf 61' lang='grc' dir='ltr'><strong>ρι’κάὶιιοιιε</strong></span> <span class='ocrx_word' id='word_1_168' title='bbox 2528 1384 2795 1441; x_wconf 85' lang='lat' dir='ltr'><strong>clamabat</strong></span> <span class='ocrx_word' id='word_1_169' title='bbox 2830 1406 2845 1443; x_wconf 90' lang='lat'><strong>:</strong></span> <span class='ocrx_word' id='word_1_170' title='bbox 2886 1408 2905 1441; x_wconf 78' lang='grc' dir='ltr'><strong>ι</strong></span> <span class='ocrx_word' id='word_1_171' title='bbox 2944 1387 3068 1443; x_wconf 58' lang='lat' dir='ltr'><strong>Haec</strong></span> <span class='ocrx_word' id='word_1_172' title='bbox 3097 1400 3276 1443; x_wconf 89' lang='lat' dir='ltr'><strong>autem</strong></span> <span class='ocrx_word' id='word_1_173' title='bbox 3319 1393 3499 1446; x_wconf 81' lang='lat' dir='ltr'><strong>omnia</strong></span> 
     </span>
    </p>
   </div>
   <div class='ocr_carea' id='block_1_27' title="bbox 1920 1476 3501 1549">
    <p class='ocr_par' dir='ltr' id='par_1_27' title="bbox 1920 1476 3501 1549">
     <span class='ocr_line' id='line_1_28' title="bbox 1920 1476 3501 1549; baseline 0.008 -24"><span class='ocrx_word' id='word_1_174' title='bbox 1920 1482 2178 1537; x_wconf 85' lang='lat' dir='ltr'><strong>operatur</strong></span> <span class='ocrx_word' id='word_1_175' title='bbox 2210 1489 2349 1529; x_wconf 90' lang='lat' dir='ltr'><strong>unus</strong></span> <span class='ocrx_word' id='word_1_176' title='bbox 2384 1484 2548 1544; x_wconf 87' lang='lat' dir='ltr'><strong>atque</strong></span> <span class='ocrx_word' id='word_1_177' title='bbox 2578 1476 2720 1531; x_wconf 90' lang='lat' dir='ltr'><strong>idem</strong></span> <span class='ocrx_word' id='word_1_178' title='bbox 2766 1477 3028 1547; x_wconf 88' lang='lat' dir='ltr'><strong>Spiritus.</strong></span> <span class='ocrx_word' id='word_1_179' title='bbox 3056 1479 3308 1535; x_wconf 76' lang='lat' dir='ltr'><strong>dividens</strong></span> <span class='ocrx_word' id='word_1_180' title='bbox 3345 1496 3501 1549; x_wconf 84' lang='lat' dir='ltr'><strong>sepa-</strong></span> 
     </span>
    </p>
   </div>
   <div class='ocr_carea' id='block_1_28' title="bbox 1920 1561 3503 1634">
    <p class='ocr_par' dir='ltr' id='par_1_28' title="bbox 1920 1561 3503 1634">
     <span class='ocr_line' id='line_1_29' title="bbox 1920 1561 3503 1634; baseline 0.008 -19"><span class='ocrx_word' id='word_1_181' title='bbox 1920 1561 2080 1617; x_wconf 79' lang='lat' dir='ltr'><strong>ratim</strong></span> <span class='ocrx_word' id='word_1_182' title='bbox 2122 1564 2361 1634; x_wconf 77' lang='lat' dir='ltr'><strong>singulis</strong></span> <span class='ocrx_word' id='word_1_183' title='bbox 2390 1586 2404 1618; x_wconf 88' lang='lat'><strong>:</strong></span> <span class='ocrx_word' id='word_1_184' title='bbox 2436 1576 2595 1634; x_wconf 90' lang='lat' dir='ltr'><strong>prout</strong></span> <span class='ocrx_word' id='word_1_185' title='bbox 2634 1566 2750 1621; x_wconf 93' lang='lat' dir='ltr'><strong>vult</strong></span> <span class='ocrx_word' id='word_1_186' title='bbox 2779 1569 3057 1623; x_wconf 76' lang='lat' dir='ltr'><strong>distribuit</strong></span> <span class='ocrx_word' id='word_1_187' title='bbox 3082 1570 3220 1624; x_wconf 88' lang='lat' dir='ltr'><strong>dona</strong></span> <span class='ocrx_word' id='word_1_188' title='bbox 3243 1571 3313 1624; x_wconf 80' lang='lat'><strong>&quot;.</strong></span> <span class='ocrx_word' id='word_1_189' title='bbox 3346 1590 3365 1623; x_wconf 74' lang='grc' dir='ltr'><strong>ι</strong></span> <span class='ocrx_word' id='word_1_190' title='bbox 3400 1571 3503 1627; x_wconf 82' lang='lat' dir='ltr'><strong>Per</strong></span> 
     </span>
    </p>
   </div>
   <div class='ocr_carea' id='block_1_29' title="bbox 1922 1652 3499 1729">
    <p class='ocr_par' dir='ltr' id='par_1_29' title="bbox 1922 1652 3499 1729">
     <span class='ocr_line' id='line_1_30' title="bbox 1922 1652 3499 1729; baseline 0.009 -24"><span class='ocrx_word' id='word_1_191' title='bbox 1922 1652 2094 1721; x_wconf 87' lang='lat' dir='ltr'><strong>ipsum</strong></span> <span class='ocrx_word' id='word_1_192' title='bbox 2127 1656 2331 1724; x_wconf 88' lang='lat' dir='ltr'><strong>quippe</strong></span> <span class='ocrx_word' id='word_1_193' title='bbox 2366 1658 2675 1727; x_wconf 75' lang='lat' dir='ltr'><strong>recepimus</strong></span> <span class='ocrx_word' id='word_1_194' title='bbox 2702 1671 3051 1729; x_wconf 79' lang='lat' dir='ltr'><strong>peccatorum</strong></span> <span class='ocrx_word' id='word_1_195' title='bbox 3081 1661 3499 1729; x_wconf 82' lang='lat' dir='ltr'><strong>remissionem;</strong></span> 
     </span>
    </p>
   </div>
   <div class='ocr_carea' id='block_1_30' title="bbox 1919 1745 3503 1822">
    <p class='ocr_par' dir='ltr' id='par_1_30' title="bbox 1919 1745 3503 1822">
     <span class='ocr_line' id='line_1_31' title="bbox 1919 1745 3503 1822; baseline 0.008 -24"><span class='ocrx_word' id='word_1_196' title='bbox 1919 1758 2016 1813; x_wconf 92' lang='lat' dir='ltr'><strong>per</strong></span> <span class='ocrx_word' id='word_1_197' title='bbox 2037 1745 2211 1815; x_wconf 90' lang='lat' dir='ltr'><strong>ipsum</strong></span> <span class='ocrx_word' id='word_1_198' title='bbox 2245 1747 2551 1804; x_wconf 89' lang='lat' dir='ltr'><strong>libertatem</strong></span> <span class='ocrx_word' id='word_1_199' title='bbox 2580 1751 2968 1821; x_wconf 80' lang='lat' dir='ltr'><strong>consequimur</strong></span> <span class='ocrx_word' id='word_1_200' title='bbox 2990 1770 3006 1820; x_wconf 91' lang='lat'><strong>;</strong></span> <span class='ocrx_word' id='word_1_201' title='bbox 3031 1767 3129 1822; x_wconf 87' lang='lat' dir='ltr'><strong>per</strong></span> <span class='ocrx_word' id='word_1_202' title='bbox 3162 1754 3338 1822; x_wconf 86' lang='lat' dir='ltr'><strong>ipsum</strong></span> <span class='ocrx_word' id='word_1_203' title='bbox 3367 1754 3503 1810; x_wconf 81' lang='lat' dir='ltr'><strong>ado-</strong></span> 
     </span>
    </p>
   </div>
   <div class='ocr_carea' id='block_1_31' title="bbox 1920 1839 3498 1917">
    <p class='ocr_par' dir='ltr' id='par_1_31' title="bbox 1920 1839 3498 1917">
     <span class='ocr_line' id='line_1_32' title="bbox 1920 1839 3498 1917; baseline 0.006 -24"><span class='ocrx_word' id='word_1_204' title='bbox 1920 1839 2121 1908; x_wconf 91' lang='lat' dir='ltr'><strong>ptionis</strong></span> <span class='ocrx_word' id='word_1_205' title='bbox 2160 1840 2334 1910; x_wconf 89' lang='lat' dir='ltr'><strong>gratia</strong></span> <span class='ocrx_word' id='word_1_206' title='bbox 2367 1842 2619 1896; x_wconf 78' lang='lat' dir='ltr'><strong>fruimur.</strong></span> <span class='ocrx_word' id='word_1_207' title='bbox 2662 1862 2681 1895; x_wconf 84' lang='grc'>‹</span> <span class='ocrx_word' id='word_1_208' title='bbox 2722 1842 2839 1899; x_wconf 83' lang='lat' dir='ltr'><strong>Non</strong></span> <span class='ocrx_word' id='word_1_209' title='bbox 2873 1845 3019 1900; x_wconf 89' lang='lat' dir='ltr'><strong>enim</strong></span> <span class='ocrx_word' id='word_1_210' title='bbox 3054 1848 3384 1917; x_wconf 87' lang='lat' dir='ltr'><strong>accepimus,</strong></span> <span class='ocrx_word' id='word_1_211' title='bbox 3416 1847 3498 1902; x_wconf 57' lang='lat' dir='ltr'><strong>in.</strong></span> 
     </span>
    </p>
   </div>
   <div class='ocr_carea' id='block_1_32' title="bbox 231 1912 1807 2013">
    <p class='ocr_par' dir='ltr' id='par_1_32' title="bbox 231 1912 1807 2013">
     <span class='ocr_line' id='line_1_33' title="bbox 231 1912 1807 2013; baseline 0.001 -21"><span class='ocrx_word' id='word_1_212' title='bbox 231 1912 615 2009; x_wconf 71' lang='grc' dir='ltr'><strong>ἀπολαύομεν·</strong></span> <span class='ocrx_word' id='word_1_213' title='bbox 674 1960 692 1992; x_wconf 81' lang='grc' dir='ltr'><strong>ε</strong></span> <span class='ocrx_word' id='word_1_214' title='bbox 732 1942 806 1995; x_wconf 80' lang='grc' dir='ltr'><strong>Οὐ</strong></span> <span class='ocrx_word' id='word_1_215' title='bbox 839 1941 949 2013; x_wconf 83' lang='grc' dir='ltr'><strong>γάρ</strong></span> <span class='ocrx_word' id='word_1_216' title='bbox 995 1912 1261 2012; x_wconf 77' lang='grc' dir='ltr'><strong>ἐλάδομεν</strong></span> <span class='ocrx_word' id='word_1_217' title='bbox 1300 1912 1562 2011; x_wconf 51' lang='lat' dir='ltr'><strong>uuae;</strong></span> <span class='ocrx_word' id='word_1_218' title='bbox 1591 1912 1757 2011; x_wconf 73' lang='grc' dir='ltr'><strong>φησὶν</strong></span> <span class='ocrx_word' id='word_1_219' title='bbox 1782 1942 1807 1994; x_wconf 72' lang='grc' dir='ltr'><strong>ι</strong></span> 
     </span>
    </p>
   </div>
   <div class='ocr_carea' id='block_1_33' title="bbox 1918 1912 3500 2013">
    <p class='ocr_par' dir='ltr' id='par_1_33' title="bbox 1918 1912 3500 2001">
     <span class='ocr_line' id='line_1_34' title="bbox 1918 1912 3500 2001; baseline 0.006 -21"><span class='ocrx_word' id='word_1_220' title='bbox 1918 1928 2037 1996; x_wconf 91' lang='lat' dir='ltr'><strong>quit</strong></span> <span class='ocrx_word' id='word_1_221' title='bbox 2071 1928 2294 1993; x_wconf 88' lang='lat' dir='ltr'><strong>Paulus,</strong></span> <span class='ocrx_word' id='word_1_222' title='bbox 2322 1928 2589 2000; x_wconf 89' lang='lat' dir='ltr'><strong>Spiritum</strong></span> <span class='ocrx_word' id='word_1_223' title='bbox 2627 1932 2908 1988; x_wconf 83' lang='lat' dir='ltr'><strong>servitutis</strong></span> <span class='ocrx_word' id='word_1_224' title='bbox 2935 1933 3133 1989; x_wconf 86' lang='lat' dir='ltr'><strong>iterum</strong></span> <span class='ocrx_word' id='word_1_225' title='bbox 3183 1912 3239 1990; x_wconf 83' lang='lat' dir='ltr'><strong>in</strong></span> <span class='ocrx_word' id='word_1_226' title='bbox 3286 1936 3500 2001; x_wconf 90' lang='lat' dir='ltr'><strong>timore,</strong></span> 
     </span>
    </p>
   </div>
   <div class='ocr_carea' id='block_1_34' title="bbox 232 2030 1812 2101">
    <p class='ocr_par' dir='ltr' id='par_1_34' title="bbox 232 2030 1812 2101">
     <span class='ocr_line' id='line_1_35' title="bbox 232 2030 1812 2101; baseline 0 -18"><span class='ocrx_word' id='word_1_227' title='bbox 232 2030 472 2095; x_wconf 82' lang='grc' dir='ltr'><strong>Παῦλος,</strong></span> <span class='ocrx_word' id='word_1_228' title='bbox 507 2030 752 2095; x_wconf 82' lang='grc' dir='ltr'><strong>δουλείας</strong></span> <span class='ocrx_word' id='word_1_229' title='bbox 806 2031 968 2086; x_wconf 87' lang='grc' dir='ltr'><strong>πάλιν</strong></span> <span class='ocrx_word' id='word_1_230' title='bbox 1007 2034 1089 2094; x_wconf 82' lang='grc' dir='ltr'><strong>είς</strong></span> <span class='ocrx_word' id='word_1_231' title='bbox 1138 2032 1302 2101; x_wconf 78' lang='grc' dir='ltr'><strong>φόὸον</strong></span> <span class='ocrx_word' id='word_1_232' title='bbox 1326 2073 1341 2098; x_wconf 91' lang='grc'><strong>,</strong></span> <span class='ocrx_word' id='word_1_233' title='bbox 1381 2032 1498 2086; x_wconf 81' lang='grc' dir='ltr'><strong>ἀλλ’</strong></span> <span class='ocrx_word' id='word_1_234' title='bbox 1548 2030 1812 2101; x_wconf 79' lang='grc' dir='ltr'><strong>ἐλάϐομεν</strong></span> 
     </span>
    </p>
   </div>
   <div class='ocr_carea' id='block_1_35' title="bbox 232 2116 1807 2195">
    <p class='ocr_par' dir='ltr' id='par_1_35' title="bbox 232 2116 1807 2195">
     <span class='ocr_line' id='line_1_36' title="bbox 232 2116 1807 2195; baseline 0 -20"><span class='ocrx_word' id='word_1_235' title='bbox 232 2120 465 2193; x_wconf 84' lang='grc' dir='ltr'><strong>Πνεῦμα</strong></span> <span class='ocrx_word' id='word_1_236' title='bbox 490 2122 780 2188; x_wconf 77' lang='grc' dir='ltr'><strong>υἱοθεσίας,</strong></span> <span class='ocrx_word' id='word_1_237' title='bbox 802 2126 863 2177; x_wconf 81' lang='grc' dir='ltr'><strong>ἐν</strong></span> <span class='ocrx_word' id='word_1_238' title='bbox 880 2116 925 2191; x_wconf 81' lang='grc' dir='ltr'>ᾧ</span> <span class='ocrx_word' id='word_1_239' title='bbox 955 2122 1248 2195; x_wconf 76' lang='grc' dir='ltr'><strong>κράζομεν,</strong></span> <span class='ocrx_word' id='word_1_240' title='bbox 1294 2121 1464 2177; x_wconf 78' lang='grc' dir='ltr'><strong>’Δδδᾶ</strong></span> <span class='ocrx_word' id='word_1_241' title='bbox 1482 2126 1511 2177; x_wconf 83' lang='grc' dir='ltr'><strong>ὁ</strong></span> <span class='ocrx_word' id='word_1_242' title='bbox 1538 2124 1751 2193; x_wconf 83' lang='grc' dir='ltr'><strong>Πατήρ.</strong></span> <span class='ocrx_word' id='word_1_243' title='bbox 1788 2141 1807 2174; x_wconf 76' lang='grc' dir='ltr'><strong>ι</strong></span> 
     </span>
    </p>
   </div>
   <div class='ocr_carea' id='block_1_36' title="bbox 228 2213 1814 2288">
    <p class='ocr_par' dir='ltr' id='par_1_36' title="bbox 228 2213 1814 2288">
     <span class='ocr_line' id='line_1_37' title="bbox 228 2213 1814 2288; baseline 0.001 -20"><span class='ocrx_word' id='word_1_244' title='bbox 228 2215 345 2268; x_wconf 76' lang='grc' dir='ltr'><strong>Καὶ</strong></span> <span class='ocrx_word' id='word_1_245' title='bbox 373 2214 641 2285; x_wconf 79' lang='grc' dir='ltr'><strong>άλλαχοῦ’</strong></span> <span class='ocrx_word' id='word_1_246' title='bbox 696 2234 717 2267; x_wconf 82' lang='grc' dir='ltr'><strong>ε</strong></span> <span class='ocrx_word' id='word_1_247' title='bbox 756 2217 816 2270; x_wconf 87' lang='lat'><strong>&#39;0</strong></span> <span class='ocrx_word' id='word_1_248' title='bbox 849 2216 959 2288; x_wconf 82' lang='grc' dir='ltr'><strong>γάρ</strong></span> <span class='ocrx_word' id='word_1_249' title='bbox 1009 2216 1173 2285; x_wconf 84' lang='grc' dir='ltr'><strong>νόμος</strong></span> <span class='ocrx_word' id='word_1_250' title='bbox 1207 2213 1301 2268; x_wconf 89' lang='grc' dir='ltr'><strong>τοῦ</strong></span> <span class='ocrx_word' id='word_1_251' title='bbox 1354 2214 1671 2285; x_wconf 83' lang='grc' dir='ltr'><strong>Πνεύματος</strong></span> <span class='ocrx_word' id='word_1_252' title='bbox 1713 2214 1814 2283; x_wconf 84' lang='grc' dir='ltr'><strong>τῆς</strong></span> 
     </span>
    </p>
   </div>
   <div class='ocr_carea' id='block_1_37' title="bbox 229 2301 1813 2376">
    <p class='ocr_par' dir='ltr' id='par_1_37' title="bbox 229 2301 1813 2376">
     <span class='ocr_line' id='line_1_38' title="bbox 229 2301 1813 2376; baseline 0.001 -19"><span class='ocrx_word' id='word_1_253' title='bbox 229 2301 382 2374; x_wconf 81' lang='grc' dir='ltr'><strong>ζωῆς</strong></span> <span class='ocrx_word' id='word_1_254' title='bbox 422 2304 752 2375; x_wconf 82' lang='grc' dir='ltr'><strong>ἐλευθέρωσέ</strong></span> <span class='ocrx_word' id='word_1_255' title='bbox 804 2322 872 2376; x_wconf 86' lang='grc' dir='ltr'><strong>με</strong></span> <span class='ocrx_word' id='word_1_256' title='bbox 905 2305 1014 2359; x_wconf 76' lang='grc' dir='ltr'><strong>άπδ</strong></span> <span class='ocrx_word' id='word_1_257' title='bbox 1063 2305 1157 2359; x_wconf 86' lang='grc' dir='ltr'><strong>τοῦ</strong></span> <span class='ocrx_word' id='word_1_258' title='bbox 1192 2306 1357 2376; x_wconf 82' lang='grc' dir='ltr'><strong>νόμου</strong></span> <span class='ocrx_word' id='word_1_259' title='bbox 1404 2305 1505 2375; x_wconf 82' lang='grc' dir='ltr'><strong>τῆς</strong></span> <span class='ocrx_word' id='word_1_260' title='bbox 1537 2305 1813 2375; x_wconf 83' lang='grc' dir='ltr'><strong>ἁμαρτίας</strong></span> 
     </span>
    </p>
   </div>
   <div class='ocr_carea' id='block_1_38' title="bbox 229 2394 1812 2467">
    <p class='ocr_par' dir='ltr' id='par_1_38' title="bbox 229 2394 1812 2467">
     <span class='ocr_line' id='line_1_39' title="bbox 229 2394 1812 2467; baseline 0.001 -21"><span class='ocrx_word' id='word_1_261' title='bbox 229 2394 446 2447; x_wconf 77' lang='grc' dir='ltr'><strong>καὶτοῦ</strong></span> <span class='ocrx_word' id='word_1_262' title='bbox 469 2395 721 2450; x_wconf 86' lang='grc' dir='ltr'><strong>θανάτου.</strong></span> <span class='ocrx_word' id='word_1_263' title='bbox 753 2415 772 2448; x_wconf 79' lang='lat' dir='ltr'><strong>s</strong></span> <span class='ocrx_word' id='word_1_264' title='bbox 804 2397 915 2449; x_wconf 76' lang='grc' dir='ltr'><strong>Καὶ</strong></span> <span class='ocrx_word' id='word_1_265' title='bbox 953 2395 1219 2467; x_wconf 70' lang='grc' dir='ltr'><strong>ἐτέρωθεν</strong></span> <span class='ocrx_word' id='word_1_266' title='bbox 1244 2412 1257 2426; x_wconf 88' lang='grc'><strong>·</strong></span> <span class='ocrx_word' id='word_1_267' title='bbox 1282 2413 1301 2446; x_wconf 83' lang='grc' dir='ltr'><strong>ε</strong></span> <span class='ocrx_word' id='word_1_268' title='bbox 1342 2396 1403 2448; x_wconf 87' lang='lat'><strong>&#39;0</strong></span> <span class='ocrx_word' id='word_1_269' title='bbox 1430 2396 1486 2449; x_wconf 78' lang='grc' dir='ltr'><strong>δέ</strong></span> <span class='ocrx_word' id='word_1_270' title='bbox 1512 2395 1718 2465; x_wconf 76' lang='grc' dir='ltr'><strong>Κύριος</strong></span> <span class='ocrx_word' id='word_1_271' title='bbox 1750 2396 1812 2449; x_wconf 73' lang='grc' dir='ltr'><strong>τὸ</strong></span> 
     </span>
    </p>
   </div>
   <div class='ocr_carea' id='block_1_39' title="bbox 227 2482 1811 2559">
    <p class='ocr_par' dir='ltr' id='par_1_39' title="bbox 227 2482 1811 2559">
     <span class='ocr_line' id='line_1_40' title="bbox 227 2482 1811 2559; baseline -0.001 -16"><span class='ocrx_word' id='word_1_272' title='bbox 227 2486 462 2557; x_wconf 83' lang='grc' dir='ltr'><strong>Πνεῦμά</strong></span> <span class='ocrx_word' id='word_1_273' title='bbox 496 2491 672 2542; x_wconf 81' lang='grc' dir='ltr'><strong>ἐστιν·</strong></span> <span class='ocrx_word' id='word_1_274' title='bbox 708 2482 771 2543; x_wconf 76' lang='grc' dir='ltr'><strong>οὗ</strong></span> <span class='ocrx_word' id='word_1_275' title='bbox 799 2489 857 2543; x_wconf 81' lang='grc' dir='ltr'><strong>δέ</strong></span> <span class='ocrx_word' id='word_1_276' title='bbox 886 2489 947 2542; x_wconf 82' lang='grc' dir='ltr'><strong>τὸ</strong></span> <span class='ocrx_word' id='word_1_277' title='bbox 978 2488 1203 2559; x_wconf 87' lang='grc' dir='ltr'><strong>Πνεῦμα</strong></span> <span class='ocrx_word' id='word_1_278' title='bbox 1226 2490 1466 2559; x_wconf 82' lang='grc' dir='ltr'><strong>Κυρίου,</strong></span> <span class='ocrx_word' id='word_1_279' title='bbox 1502 2491 1620 2543; x_wconf 82' lang='grc' dir='ltr'><strong>ἐκεῖ</strong></span> <span class='ocrx_word' id='word_1_280' title='bbox 1656 2489 1811 2541; x_wconf 77' lang='grc' dir='ltr'><strong>ἐλευ-</strong></span> 
     </span>
    </p>
   </div>
   <div class='ocr_carea' id='block_1_40' title="bbox 226 2579 1807 2654">
    <p class='ocr_par' dir='ltr' id='par_1_40' title="bbox 226 2579 1807 2654">
     <span class='ocr_line' id='line_1_41' title="bbox 226 2579 1807 2654; baseline 0.001 -21"><span class='ocrx_word' id='word_1_281' title='bbox 226 2579 423 2651; x_wconf 85' lang='grc' dir='ltr'><strong>θερία·</strong></span> <span class='ocrx_word' id='word_1_282' title='bbox 458 2599 479 2632; x_wconf 75' lang='grc' dir='ltr'><strong>ι</strong></span> <span class='ocrx_word' id='word_1_283' title='bbox 519 2581 579 2634; x_wconf 83' lang='grc' dir='ltr'><strong>τὸ</strong></span> <span class='ocrx_word' id='word_1_284' title='bbox 601 2580 658 2634; x_wconf 81' lang='grc' dir='ltr'><strong>δέ</strong></span> <span class='ocrx_word' id='word_1_285' title='bbox 683 2584 809 2645; x_wconf 80' lang='grc' dir='ltr'><strong>τοὺς</strong></span> <span class='ocrx_word' id='word_1_286' title='bbox 840 2582 1034 2645; x_wconf 74' lang='grc' dir='ltr'><strong>ἄλλους</strong></span> <span class='ocrx_word' id='word_1_287' title='bbox 1066 2581 1407 2654; x_wconf 84' lang='grc' dir='ltr'><strong>ἐλευθεροῦν,</strong></span> <span class='ocrx_word' id='word_1_288' title='bbox 1442 2584 1503 2636; x_wconf 78' lang='grc' dir='ltr'><strong>οὐ</strong></span> <span class='ocrx_word' id='word_1_289' title='bbox 1533 2582 1807 2635; x_wconf 81' lang='grc' dir='ltr'><strong>δουλεύει⁹</strong></span> 
     </span>
    </p>
   </div>
   <div class='ocr_carea' id='block_1_41' title="bbox 226 2669 1809 2745">
    <p class='ocr_par' dir='ltr' id='par_1_41' title="bbox 226 2669 1809 2745">
     <span class='ocr_line' id='line_1_42' title="bbox 226 2669 1809 2745; baseline 0.003 -22"><span class='ocrx_word' id='word_1_290' title='bbox 226 2670 351 2734; x_wconf 72' lang='grc' dir='ltr'><strong>πῶς</strong></span> <span class='ocrx_word' id='word_1_291' title='bbox 383 2670 493 2741; x_wconf 79' lang='grc' dir='ltr'><strong>γὰρ</strong></span> <span class='ocrx_word' id='word_1_292' title='bbox 524 2669 590 2724; x_wconf 77' lang='grc' dir='ltr'><strong>ἂν</strong></span> <span class='ocrx_word' id='word_1_293' title='bbox 616 2674 730 2734; x_wconf 86' lang='grc' dir='ltr'><strong>τοῖς</strong></span> <span class='ocrx_word' id='word_1_294' title='bbox 750 2673 1064 2743; x_wconf 81' lang='grc' dir='ltr'><strong>ὁμοδούλοις</strong></span> <span class='ocrx_word' id='word_1_295' title='bbox 1091 2674 1344 2745; x_wconf 84' lang='grc' dir='ltr'><strong>μεταδοίη</strong></span> <span class='ocrx_word' id='word_1_296' title='bbox 1369 2669 1451 2727; x_wconf 81' lang='grc' dir='ltr'><strong>ὧν</strong></span> <span class='ocrx_word' id='word_1_297' title='bbox 1480 2674 1539 2726; x_wconf 81' lang='grc' dir='ltr'><strong>οὐ</strong></span> <span class='ocrx_word' id='word_1_298' title='bbox 1574 2672 1809 2744; x_wconf 80' lang='grc' dir='ltr'><strong>μετέχει,</strong></span> 
     </span>
    </p>
   </div>
   <div class='ocr_carea' id='block_1_42' title="bbox 224 2757 1808 2837">
    <p class='ocr_par' dir='ltr' id='par_1_42' title="bbox 224 2757 1808 2837">
     <span class='ocr_line' id='line_1_43' title="bbox 224 2757 1808 2837; baseline 0.001 -20"><span class='ocrx_word' id='word_1_299' title='bbox 224 2757 290 2817; x_wconf 77' lang='grc' dir='ltr'><strong>οὖ</strong></span> <span class='ocrx_word' id='word_1_300' title='bbox 308 2764 494 2833; x_wconf 88' lang='grc' dir='ltr'><strong>τυχεῖν</strong></span> <span class='ocrx_word' id='word_1_301' title='bbox 516 2764 615 2817; x_wconf 81' lang='grc' dir='ltr'><strong>οὐκ</strong></span> <span class='ocrx_word' id='word_1_302' title='bbox 649 2764 845 2834; x_wconf 81' lang='grc' dir='ltr'><strong>ἰσχύει,</strong></span> <span class='ocrx_word' id='word_1_303' title='bbox 872 2759 934 2819; x_wconf 75' lang='grc' dir='ltr'><strong>οὗ</strong></span> <span class='ocrx_word' id='word_1_304' title='bbox 959 2765 1264 2819; x_wconf 81' lang='grc' dir='ltr'><strong>ἀπολαῦσαι</strong></span> <span class='ocrx_word' id='word_1_305' title='bbox 1286 2766 1537 2837; x_wconf 85' lang='grc' dir='ltr'><strong>βούλεται</strong></span> <span class='ocrx_word' id='word_1_306' title='bbox 1579 2766 1699 2837; x_wconf 76' lang='grc' dir='ltr'><strong>μὶν,</strong></span> <span class='ocrx_word' id='word_1_307' title='bbox 1732 2766 1808 2828; x_wconf 86' lang='grc' dir='ltr'><strong>ὠς</strong></span> 
     </span>
    </p>
   </div>
   <div class='ocr_carea' id='block_1_43' title="bbox 226 2852 1811 2927">
    <p class='ocr_par' dir='ltr' id='par_1_43' title="bbox 226 2852 1811 2927">
     <span class='ocr_line' id='line_1_44' title="bbox 226 2852 1811 2927; baseline 0.001 -20"><span class='ocrx_word' id='word_1_308' title='bbox 226 2852 403 2919; x_wconf 73' lang='grc' dir='ltr'><strong>είιὼς,</strong></span> <span class='ocrx_word' id='word_1_309' title='bbox 420 2854 481 2906; x_wconf 88' lang='grc' dir='ltr'><strong>ού</strong></span> <span class='ocrx_word' id='word_1_310' title='bbox 504 2854 724 2908; x_wconf 88' lang='grc' dir='ltr'><strong>δύναται</strong></span> <span class='ocrx_word' id='word_1_311' title='bbox 763 2855 819 2908; x_wconf 83' lang='grc' dir='ltr'><strong>δέ</strong></span> <span class='ocrx_word' id='word_1_312' title='bbox 842 2874 856 2922; x_wconf 87' lang='lat'><strong>;</strong></span> <span class='ocrx_word' id='word_1_313' title='bbox 877 2854 941 2909; x_wconf 82' lang='lat' dir='ltr'><strong>Ei</strong></span> <span class='ocrx_word' id='word_1_314' title='bbox 966 2857 1024 2909; x_wconf 82' lang='grc' dir='ltr'><strong>δέ</strong></span> <span class='ocrx_word' id='word_1_315' title='bbox 1049 2856 1372 2927; x_wconf 85' lang='grc' dir='ltr'><strong>μεταδίδωσι</strong></span> <span class='ocrx_word' id='word_1_316' title='bbox 1392 2860 1506 2920; x_wconf 88' lang='grc' dir='ltr'><strong>τοῖς</strong></span> <span class='ocrx_word' id='word_1_317' title='bbox 1528 2856 1811 2911; x_wconf 79' lang='grc' dir='ltr'><strong>πιστεύου-</strong></span> 
     </span>
    </p>
   </div>
   <div class='ocr_carea' id='block_1_44' title="bbox 227 2936 1807 3017">
    <p class='ocr_par' dir='ltr' id='par_1_44' title="bbox 227 2936 1807 3017">
     <span class='ocr_line' id='line_1_45' title="bbox 227 2936 1807 3017; baseline 0.001 -18"><span class='ocrx_word' id='word_1_318' title='bbox 227 2962 317 2999; x_wconf 84' lang='grc' dir='ltr'><strong>σιν</strong></span> <span class='ocrx_word' id='word_1_319' title='bbox 368 2945 716 3017; x_wconf 85' lang='grc' dir='ltr'><strong>ἐλευθερίας,</strong></span> <span class='ocrx_word' id='word_1_320' title='bbox 782 2947 878 2999; x_wconf 74' lang='grc' dir='ltr'><strong>καὶ</strong></span> <span class='ocrx_word' id='word_1_321' title='bbox 943 2936 1219 3017; x_wconf 78' lang='grc' dir='ltr'><strong>ἐλευθεροῖ</strong></span> <span class='ocrx_word' id='word_1_322' title='bbox 1260 2948 1387 3010; x_wconf 80' lang='grc' dir='ltr'><strong>τοὺς</strong></span> <span class='ocrx_word' id='word_1_323' title='bbox 1426 2946 1807 3012; x_wconf 88' lang='grc' dir='ltr'><strong>δουλεύοντας,</strong></span> 
     </span>
    </p>
   </div>
   <div class='ocr_carea' id='block_1_45' title="bbox 224 3036 1811 3108">
    <p class='ocr_par' dir='ltr' id='par_1_45' title="bbox 224 3036 1811 3108">
     <span class='ocr_line' id='line_1_46' title="bbox 224 3036 1811 3108; baseline 0.001 -19"><span class='ocrx_word' id='word_1_324' title='bbox 224 3038 290 3090; x_wconf 84' lang='grc' dir='ltr'><strong>ού</strong></span> <span class='ocrx_word' id='word_1_325' title='bbox 321 3036 564 3091; x_wconf 83' lang='grc' dir='ltr'><strong>δουλεύει</strong></span> <span class='ocrx_word' id='word_1_326' title='bbox 590 3037 856 3108; x_wconf 85' lang='grc' dir='ltr'><strong>δηλονότι,</strong></span> <span class='ocrx_word' id='word_1_327' title='bbox 888 3037 1024 3090; x_wconf 83' lang='grc' dir='ltr'><strong>ἀλλὰ</strong></span> <span class='ocrx_word' id='word_1_328' title='bbox 1049 3036 1322 3103; x_wconf 75' lang='grc' dir='ltr'><strong>δεσπόζει,</strong></span> <span class='ocrx_word' id='word_1_329' title='bbox 1351 3039 1447 3091; x_wconf 77' lang='grc' dir='ltr'><strong>καὶ</strong></span> <span class='ocrx_word' id='word_1_330' title='bbox 1475 3037 1811 3101; x_wconf 80' lang='grc' dir='ltr'><strong>δεσποτικῶς</strong></span> 
     </span>
    </p>
   </div>
   <div class='ocr_carea' id='block_1_46' title="bbox 224 3124 1811 3202">
    <p class='ocr_par' dir='ltr' id='par_1_46' title="bbox 224 3124 1811 3202">
     <span class='ocr_line' id='line_1_47' title="bbox 224 3124 1811 3202; baseline 0.001 -23"><span class='ocrx_word' id='word_1_331' title='bbox 224 3129 329 3198; x_wconf 77' lang='grc' dir='ltr'><strong>τὴν</strong></span> <span class='ocrx_word' id='word_1_332' title='bbox 367 3128 680 3202; x_wconf 77' lang='grc' dir='ltr'><strong>ἐλευθερίαν</strong></span> <span class='ocrx_word' id='word_1_333' title='bbox 712 3124 793 3191; x_wconf 79' lang='grc' dir='ltr'><strong>οἷς</strong></span> <span class='ocrx_word' id='word_1_334' title='bbox 828 3128 1005 3181; x_wconf 82' lang='grc' dir='ltr'><strong>ἐθέλει</strong></span> <span class='ocrx_word' id='word_1_335' title='bbox 1036 3128 1321 3200; x_wconf 78' lang='grc' dir='ltr'><strong>χαρίζεται</strong></span> <span class='ocrx_word' id='word_1_336' title='bbox 1344 3145 1357 3158; x_wconf 90' lang='grc'><strong>·</strong></span> <span class='ocrx_word' id='word_1_337' title='bbox 1386 3127 1468 3181; x_wconf 83' lang='grc' dir='ltr'><strong>διδ</strong></span> <span class='ocrx_word' id='word_1_338' title='bbox 1503 3128 1596 3181; x_wconf 75' lang='grc' dir='ltr'><strong>καὶ</strong></span> <span class='ocrx_word' id='word_1_339' title='bbox 1640 3129 1670 3181; x_wconf 84' lang='grc' dir='ltr'>ὀ</span> <span class='ocrx_word' id='word_1_340' title='bbox 1706 3145 1811 3198; x_wconf 87' lang='grc' dir='ltr'><strong>μα-</strong></span> 
     </span>
    </p>
   </div>
   <div class='ocr_carea' id='block_1_47' title="bbox 226 3217 1809 3291">
    <p class='ocr_par' dir='ltr' id='par_1_47' title="bbox 226 3217 1809 3291">
     <span class='ocr_line' id='line_1_48' title="bbox 226 3217 1809 3291; baseline -0.001 -19"><span class='ocrx_word' id='word_1_341' title='bbox 226 3220 422 3291; x_wconf 82' lang='grc' dir='ltr'><strong>κάριος</strong></span> <span class='ocrx_word' id='word_1_342' title='bbox 461 3218 563 3290; x_wconf 64' lang='grc' dir='ltr'><strong>ἔφη</strong></span> <span class='ocrx_word' id='word_1_343' title='bbox 594 3218 827 3283; x_wconf 86' lang='grc' dir='ltr'><strong>Παῦλος,</strong></span> <span class='ocrx_word' id='word_1_344' title='bbox 859 3220 941 3272; x_wconf 83' lang='grc' dir='ltr'><strong>ὅτι</strong></span> <span class='ocrx_word' id='word_1_345' title='bbox 971 3238 988 3271; x_wconf 84' lang='grc' dir='ltr'><strong>ι</strong></span> <span class='ocrx_word' id='word_1_346' title='bbox 1017 3220 1203 3273; x_wconf 84' lang='grc' dir='ltr'><strong>Πάντα</strong></span> <span class='ocrx_word' id='word_1_347' title='bbox 1224 3219 1399 3272; x_wconf 85' lang='grc' dir='ltr'><strong>ταῦτα</strong></span> <span class='ocrx_word' id='word_1_348' title='bbox 1420 3218 1634 3291; x_wconf 81' lang='grc' dir='ltr'><strong>ἐνεργεῖ</strong></span> <span class='ocrx_word' id='word_1_349' title='bbox 1662 3218 1722 3271; x_wconf 81' lang='grc' dir='ltr'><strong>τὸ</strong></span> <span class='ocrx_word' id='word_1_350' title='bbox 1751 3217 1809 3271; x_wconf 80' lang='grc' dir='ltr'><strong>ἓν</strong></span> 
     </span>
    </p>
   </div>
   <div class='ocr_carea' id='block_1_48' title="bbox 228 3311 1809 3393">
    <p class='ocr_par' dir='ltr' id='par_1_48' title="bbox 228 3311 1809 3393">
     <span class='ocr_line' id='line_1_49' title="bbox 228 3311 1809 3393; baseline -0.001 -28"><span class='ocrx_word' id='word_1_351' title='bbox 228 3313 327 3365; x_wconf 83' lang='grc' dir='ltr'><strong>καὶ</strong></span> <span class='ocrx_word' id='word_1_352' title='bbox 367 3311 431 3363; x_wconf 77' lang='grc' dir='ltr'><strong>τὸ</strong></span> <span class='ocrx_word' id='word_1_353' title='bbox 481 3311 611 3365; x_wconf 81' lang='grc' dir='ltr'><strong>αύτδ</strong></span> <span class='ocrx_word' id='word_1_354' title='bbox 661 3312 906 3383; x_wconf 83' lang='grc' dir='ltr'><strong>Πνεῦμα,</strong></span> <span class='ocrx_word' id='word_1_355' title='bbox 950 3312 1190 3383; x_wconf 85' lang='grc' dir='ltr'><strong>διαιροῦν</strong></span> <span class='ocrx_word' id='word_1_356' title='bbox 1240 3312 1348 3383; x_wconf 83' lang='grc' dir='ltr'><strong>ίδίᾳ</strong></span> <span class='ocrx_word' id='word_1_357' title='bbox 1378 3312 1592 3393; x_wconf 74' lang='grc' dir='ltr'><strong>ἐκάστῳ</strong></span> <span class='ocrx_word' id='word_1_358' title='bbox 1630 3311 1809 3373; x_wconf 86' lang='grc' dir='ltr'><strong>καθὼς</strong></span> 
     </span>
    </p>
   </div>
   <div class='ocr_carea' id='block_1_49' title="bbox 229 3401 1812 3475">
    <p class='ocr_par' dir='ltr' id='par_1_49' title="bbox 229 3401 1812 3475">
     <span class='ocr_line' id='line_1_50' title="bbox 229 3401 1812 3475; baseline 0 -21"><span class='ocrx_word' id='word_1_359' title='bbox 229 3401 502 3471; x_wconf 87' lang='grc' dir='ltr'><strong>βούλεται.</strong></span> <span class='ocrx_word' id='word_1_360' title='bbox 542 3421 561 3454; x_wconf 78' lang='lat' dir='ltr'><strong>s</strong></span> <span class='ocrx_word' id='word_1_361' title='bbox 598 3404 689 3457; x_wconf 83' lang='grc' dir='ltr'><strong>Διὸ</strong></span> <span class='ocrx_word' id='word_1_362' title='bbox 721 3404 815 3457; x_wconf 78' lang='grc' dir='ltr'><strong>καὶ</strong></span> <span class='ocrx_word' id='word_1_363' title='bbox 858 3406 887 3458; x_wconf 85' lang='grc' dir='ltr'>ὁ</span> <span class='ocrx_word' id='word_1_364' title='bbox 936 3405 1223 3475; x_wconf 82' lang='grc' dir='ltr'><strong>προφήτης</strong></span> <span class='ocrx_word' id='word_1_365' title='bbox 1265 3404 1324 3456; x_wconf 89' lang='grc' dir='ltr'><strong>ἐν</strong></span> <span class='ocrx_word' id='word_1_366' title='bbox 1350 3404 1416 3474; x_wconf 75' lang='grc' dir='ltr'><strong>τῇ</strong></span> <span class='ocrx_word' id='word_1_367' title='bbox 1465 3402 1676 3473; x_wconf 74' lang='grc' dir='ltr'><strong>Παλαιᾷ</strong></span> <span class='ocrx_word' id='word_1_368' title='bbox 1713 3402 1812 3473; x_wconf 77' lang='grc' dir='ltr'><strong>τὴν</strong></span> 
     </span>
    </p>
   </div>
   <div class='ocr_carea' id='block_1_50' title="bbox 228 3494 1813 3568">
    <p class='ocr_par' dir='ltr' id='par_1_50' title="bbox 228 3494 1813 3568">
     <span class='ocr_line' id='line_1_51' title="bbox 228 3494 1813 3568; baseline -0.001 -17"><span class='ocrx_word' id='word_1_369' title='bbox 228 3497 482 3565; x_wconf 80' lang='grc' dir='ltr'><strong>ἐξουσίαν</strong></span> <span class='ocrx_word' id='word_1_370' title='bbox 511 3495 674 3550; x_wconf 83' lang='grc' dir='ltr'><strong>αὐτοῦ</strong></span> <span class='ocrx_word' id='word_1_371' title='bbox 722 3496 1005 3568; x_wconf 86' lang='grc' dir='ltr'><strong>κηρύττων</strong></span> <span class='ocrx_word' id='word_1_372' title='bbox 1043 3496 1174 3549; x_wconf 85' lang='grc' dir='ltr'><strong>ἐδόα</strong></span> <span class='ocrx_word' id='word_1_373' title='bbox 1194 3512 1208 3526; x_wconf 93' lang='grc'><strong>·</strong></span> <span class='ocrx_word' id='word_1_374' title='bbox 1246 3515 1265 3547; x_wconf 78' lang='grc' dir='ltr'><strong>ι</strong></span> <span class='ocrx_word' id='word_1_375' title='bbox 1290 3495 1494 3565; x_wconf 76' lang='grc' dir='ltr'><strong>Κύριος</strong></span> <span class='ocrx_word' id='word_1_376' title='bbox 1525 3494 1813 3549; x_wconf 77' lang='grc' dir='ltr'><strong>ἀπέστειλέ</strong></span> 
     </span>
    </p>
   </div>
   <div class='ocr_carea' id='block_1_51' title="bbox 230 3587 1813 3661">
    <p class='ocr_par' dir='ltr' id='par_1_51' title="bbox 230 3587 1813 3661">
     <span class='ocr_line' id='line_1_52' title="bbox 230 3587 1813 3661; baseline -0.003 -18"><span class='ocrx_word' id='word_1_377' title='bbox 230 3607 323 3661; x_wconf 85' lang='grc' dir='ltr'><strong>με,</strong></span> <span class='ocrx_word' id='word_1_378' title='bbox 360 3588 536 3642; x_wconf 80' lang='grc' dir='ltr'><strong>καὶτὸ</strong></span> <span class='ocrx_word' id='word_1_379' title='bbox 568 3589 794 3659; x_wconf 78' lang='grc' dir='ltr'><strong>Πνεῦμα</strong></span> <span class='ocrx_word' id='word_1_380' title='bbox 826 3587 1012 3641; x_wconf 85' lang='grc' dir='ltr'><strong>αὐτοῦ.</strong></span> <span class='ocrx_word' id='word_1_381' title='bbox 1043 3606 1062 3638; x_wconf 75' lang='grc' dir='ltr'><strong>ι</strong></span> <span class='ocrx_word' id='word_1_382' title='bbox 1090 3589 1198 3642; x_wconf 72' lang='grc' dir='ltr'><strong>Καὶ</strong></span> <span class='ocrx_word' id='word_1_383' title='bbox 1221 3590 1250 3641; x_wconf 89' lang='grc' dir='ltr'><strong>ὁ</strong></span> <span class='ocrx_word' id='word_1_384' title='bbox 1274 3587 1407 3652; x_wconf 84' lang='grc' dir='ltr'><strong>Θεὸς</strong></span> <span class='ocrx_word' id='word_1_385' title='bbox 1434 3588 1681 3657; x_wconf 76' lang='grc' dir='ltr'><strong>ἐγκαλῶν</strong></span> <span class='ocrx_word' id='word_1_386' title='bbox 1701 3590 1813 3651; x_wconf 87' lang='grc' dir='ltr'><strong>τοῖς</strong></span> 
     </span>
    </p>
   </div>
   <div class='ocr_carea' id='block_1_52' title="bbox 240 3677 1807 3751">
    <p class='ocr_par' dir='ltr' id='par_1_52' title="bbox 240 3677 1807 3751">
     <span class='ocr_line' id='line_1_53' title="bbox 240 3677 1807 3751; baseline -0.003 -16"><span class='ocrx_word' id='word_1_387' title='bbox 240 3680 536 3744; x_wconf 85' lang='grc' dir='ltr'><strong>Ἰουδαίοις·</strong></span> <span class='ocrx_word' id='word_1_388' title='bbox 552 3698 570 3732; x_wconf 81' lang='grc' dir='ltr'><strong>ι</strong></span> <span class='ocrx_word' id='word_1_389' title='bbox 594 3681 933 3751; x_wconf 84' lang='grc' dir='ltr'><strong>Ἐποιήσατο,</strong></span> <span class='ocrx_word' id='word_1_390' title='bbox 953 3681 1107 3751; x_wconf 64' lang='grc' dir='ltr'><strong>φησι,</strong></span> <span class='ocrx_word' id='word_1_391' title='bbox 1127 3680 1341 3750; x_wconf 82' lang='grc' dir='ltr'><strong>βουλὴν,</strong></span> <span class='ocrx_word' id='word_1_392' title='bbox 1364 3681 1457 3733; x_wconf 73' lang='grc' dir='ltr'><strong>καὶ</strong></span> <span class='ocrx_word' id='word_1_393' title='bbox 1479 3680 1541 3733; x_wconf 82' lang='grc' dir='ltr'><strong>οὐ</strong></span> <span class='ocrx_word' id='word_1_394' title='bbox 1563 3680 1628 3733; x_wconf 90' lang='grc' dir='ltr'><strong>δι’</strong></span> <span class='ocrx_word' id='word_1_395' title='bbox 1651 3677 1807 3750; x_wconf 79' lang='grc' dir='ltr'><strong>ἐμοῦ,</strong></span> 
     </span>
    </p>
   </div>
   <div class='ocr_carea' id='block_1_53' title="bbox 227 3768 1810 3840">
    <p class='ocr_par' dir='ltr' id='par_1_53' title="bbox 227 3768 1810 3840">
     <span class='ocr_line' id='line_1_54' title="bbox 227 3768 1810 3840; baseline -0.002 -15"><span class='ocrx_word' id='word_1_396' title='bbox 227 3775 324 3825; x_wconf 82' lang='grc' dir='ltr'><strong>καὶ</strong></span> <span class='ocrx_word' id='word_1_397' title='bbox 360 3769 629 3839; x_wconf 83' lang='grc' dir='ltr'><strong>συνθήκας</strong></span> <span class='ocrx_word' id='word_1_398' title='bbox 649 3770 709 3823; x_wconf 86' lang='grc' dir='ltr'><strong>οὐ</strong></span> <span class='ocrx_word' id='word_1_399' title='bbox 735 3768 823 3821; x_wconf 72' lang='grc' dir='ltr'><strong>διὰ</strong></span> <span class='ocrx_word' id='word_1_400' title='bbox 853 3768 946 3821; x_wconf 88' lang='grc' dir='ltr'><strong>τοῦ</strong></span> <span class='ocrx_word' id='word_1_401' title='bbox 977 3768 1292 3839; x_wconf 84' lang='grc' dir='ltr'><strong>Πνεύματός</strong></span> <span class='ocrx_word' id='word_1_402' title='bbox 1325 3787 1426 3840; x_wconf 92' lang='grc' dir='ltr'><strong>μου</strong></span> <span class='ocrx_word' id='word_1_403' title='bbox 1446 3788 1459 3799; x_wconf 91' lang='grc'><strong>·</strong></span> <span class='ocrx_word' id='word_1_404' title='bbox 1494 3788 1512 3821; x_wconf 75' lang='grc' dir='ltr'><strong>ι</strong></span> <span class='ocrx_word' id='word_1_405' title='bbox 1555 3770 1810 3822; x_wconf 83' lang='grc' dir='ltr'><strong>κοινωνὸν</strong></span> 
     </span>
    </p>
   </div>
   <div class='ocr_carea' id='block_1_54' title="bbox 224 3858 1805 3931">
    <p class='ocr_par' dir='ltr' id='par_1_54' title="bbox 224 3858 1805 3931">
     <span class='ocr_line' id='line_1_55' title="bbox 224 3858 1805 3931; baseline -0.001 -18"><span class='ocrx_word' id='word_1_406' title='bbox 224 3860 329 3930; x_wconf 77' lang='grc' dir='ltr'><strong>τῆς</strong></span> <span class='ocrx_word' id='word_1_407' title='bbox 369 3858 687 3923; x_wconf 83' lang='grc' dir='ltr'><strong>δεσποτείας</strong></span> <span class='ocrx_word' id='word_1_408' title='bbox 738 3859 953 3922; x_wconf 84' lang='grc' dir='ltr'><strong>δεικνὺς</strong></span> <span class='ocrx_word' id='word_1_409' title='bbox 996 3858 1058 3912; x_wconf 81' lang='grc' dir='ltr'><strong>τὸ</strong></span> <span class='ocrx_word' id='word_1_410' title='bbox 1096 3858 1320 3931; x_wconf 88' lang='grc' dir='ltr'><strong>Πνεῦμα</strong></span> <span class='ocrx_word' id='word_1_411' title='bbox 1357 3860 1417 3913; x_wconf 85' lang='grc' dir='ltr'><strong>τὸ</strong></span> <span class='ocrx_word' id='word_1_412' title='bbox 1465 3862 1637 3929; x_wconf 68' lang='grc' dir='ltr'><strong>ἅγιον.</strong></span> <span class='ocrx_word' id='word_1_413' title='bbox 1692 3860 1805 3915; x_wconf 78' lang='grc' dir='ltr'><strong>Καὶ</strong></span> 
     </span>
    </p>
   </div>
   <div class='ocr_carea' id='block_1_55' title="bbox 229 3951 1810 4025">
    <p class='ocr_par' dir='ltr' id='par_1_55' title="bbox 229 3951 1810 4025">
     <span class='ocr_line' id='line_1_56' title="bbox 229 3951 1810 4025; baseline -0.001 -18"><span class='ocrx_word' id='word_1_414' title='bbox 229 3952 528 4025; x_wconf 77' lang='grc' dir='ltr'><strong>ἑτέρωθεν·</strong></span> <span class='ocrx_word' id='word_1_415' title='bbox 568 3972 585 4003; x_wconf 84' lang='grc' dir='ltr'><strong>ι</strong></span> <span class='ocrx_word' id='word_1_416' title='bbox 609 3951 720 4015; x_wconf 73' lang='grc' dir='ltr'><strong>Διὸ,</strong></span> <span class='ocrx_word' id='word_1_417' title='bbox 758 3951 942 4023; x_wconf 67' lang='grc' dir='ltr'><strong>φησιν,</strong></span> <span class='ocrx_word' id='word_1_418' title='bbox 970 3952 1083 4020; x_wconf 83' lang='grc' dir='ltr'><strong>ἐγὼ</strong></span> <span class='ocrx_word' id='word_1_419' title='bbox 1123 3952 1244 4023; x_wconf 82' lang='grc' dir='ltr'><strong>μεθ’</strong></span> <span class='ocrx_word' id='word_1_420' title='bbox 1270 3951 1426 4023; x_wconf 84' lang='grc' dir='ltr'><strong>ὑμῶν</strong></span> <span class='ocrx_word' id='word_1_421' title='bbox 1454 3954 1590 4024; x_wconf 82' lang='grc' dir='ltr'><strong>είμι,</strong></span> <span class='ocrx_word' id='word_1_422' title='bbox 1624 3952 1718 4006; x_wconf 79' lang='grc' dir='ltr'><strong>καὶ</strong></span> <span class='ocrx_word' id='word_1_423' title='bbox 1750 3952 1810 4007; x_wconf 86' lang='grc' dir='ltr'><strong>τὸ</strong></span> 
     </span>
    </p>
   </div>
   <div class='ocr_carea' id='block_1_56' title="bbox 226 4043 1447 4115">
    <p class='ocr_par' dir='ltr' id='par_1_56' title="bbox 226 4043 1447 4115">
     <span class='ocr_line' id='line_1_57' title="bbox 226 4043 1447 4115; baseline -0.004 -14"><span class='ocrx_word' id='word_1_424' title='bbox 226 4046 458 4115; x_wconf 87' lang='grc' dir='ltr'><strong>Πνεῦμά</strong></span> <span class='ocrx_word' id='word_1_425' title='bbox 490 4062 590 4115; x_wconf 89' lang='grc' dir='ltr'><strong>μου</strong></span> <span class='ocrx_word' id='word_1_426' title='bbox 619 4046 919 4115; x_wconf 81' lang='grc' dir='ltr'><strong>ἐφέστηκεν</strong></span> <span class='ocrx_word' id='word_1_427' title='bbox 947 4046 1006 4098; x_wconf 83' lang='grc' dir='ltr'><strong>ἐν</strong></span> <span class='ocrx_word' id='word_1_428' title='bbox 1039 4044 1189 4115; x_wconf 79' lang='grc' dir='ltr'><strong>μέσῳ</strong></span> <span class='ocrx_word' id='word_1_429' title='bbox 1227 4043 1401 4114; x_wconf 82' lang='grc' dir='ltr'><strong>ὑμῶν.</strong></span> <span class='ocrx_word' id='word_1_430' title='bbox 1428 4062 1447 4095; x_wconf 80' lang='grc' dir='ltr'><strong>ι</strong></span> 
     </span>
    </p>
   </div>
   <div class='ocr_carea' id='block_1_57' title="bbox 424 4151 1608 4223">
    <p class='ocr_par' dir='ltr' id='par_1_57' title="bbox 424 4151 1608 4223">
     <span class='ocr_line' id='line_1_58' title="bbox 424 4151 1608 4223; baseline 0 -16"><span class='ocrx_word' id='word_1_431' title='bbox 424 4154 555 4207; x_wconf 78' lang='lat' dir='ltr'><strong>KB&#39;.</strong></span> <span class='ocrx_word' id='word_1_432' title='bbox 588 4153 716 4207; x_wconf 84' lang='grc' dir='ltr'><strong>Ὀτι</strong></span> <span class='ocrx_word' id='word_1_433' title='bbox 742 4152 1106 4222; x_wconf 75' lang='grc' dir='ltr'><strong>δημιουργὸς</strong></span> <span class='ocrx_word' id='word_1_434' title='bbox 1130 4156 1163 4207; x_wconf 85' lang='lat' dir='ltr'><strong>d</strong></span> <span class='ocrx_word' id='word_1_435' title='bbox 1192 4151 1608 4223; x_wconf 74' lang='grc' dir='ltr'><strong>Παρὰκλητος.</strong></span> 
     </span>
    </p>
   </div>
   <div class='ocr_carea' id='block_1_58' title="bbox 297 4260 1800 4337">
    <p class='ocr_par' dir='ltr' id='par_1_58' title="bbox 297 4260 1800 4337">
     <span class='ocr_line' id='line_1_59' title="bbox 297 4260 1800 4337; baseline 0.001 -17"><span class='ocrx_word' id='word_1_436' title='bbox 297 4265 410 4320; x_wconf 78' lang='grc' dir='ltr'><strong>Καὶ</strong></span> <span class='ocrx_word' id='word_1_437' title='bbox 446 4266 474 4319; x_wconf 84' lang='grc' dir='ltr'><strong>ὀ</strong></span> <span class='ocrx_word' id='word_1_438' title='bbox 505 4263 624 4318; x_wconf 75' lang='grc' dir='ltr'><strong>Ἰὼϐ</strong></span> <span class='ocrx_word' id='word_1_439' title='bbox 658 4264 986 4337; x_wconf 74' lang='grc' dir='ltr'><strong>δημιουργὸν</strong></span> <span class='ocrx_word' id='word_1_440' title='bbox 1021 4264 1150 4319; x_wconf 79' lang='grc' dir='ltr'><strong>αὐτὸ</strong></span> <span class='ocrx_word' id='word_1_441' title='bbox 1177 4266 1272 4319; x_wconf 75' lang='grc' dir='ltr'><strong>καὶ</strong></span> <span class='ocrx_word' id='word_1_442' title='bbox 1309 4266 1629 4321; x_wconf 75' lang='grc' dir='ltr'><strong>δεσποτικὸν</strong></span> <span class='ocrx_word' id='word_1_443' title='bbox 1659 4260 1800 4321; x_wconf 81' lang='grc' dir='ltr'><strong>εἶναι</strong></span> 
     </span>
    </p>
   </div>
   <div class='ocr_carea' id='block_1_59' title="bbox 226 4355 1800 4436">
    <p class='ocr_par' dir='ltr' id='par_1_59' title="bbox 226 4355 1800 4436">
     <span class='ocr_line' id='line_1_60' title="bbox 226 4355 1800 4436; baseline -0.003 -23"><span class='ocrx_word' id='word_1_444' title='bbox 226 4357 539 4420; x_wconf 80' lang='grc' dir='ltr'><strong>πιστεύων,</strong></span> <span class='ocrx_word' id='word_1_445' title='bbox 601 4355 715 4409; x_wconf 81' lang='grc' dir='ltr'><strong>ἀλλ’</strong></span> <span class='ocrx_word' id='word_1_446' title='bbox 777 4356 875 4428; x_wconf 85' lang='grc' dir='ltr'><strong>οὑχ</strong></span> <span class='ocrx_word' id='word_1_447' title='bbox 934 4356 1309 4427; x_wconf 78' lang='grc' dir='ltr'><strong>ὑπουργικδν,</strong></span> <span class='ocrx_word' id='word_1_448' title='bbox 1373 4356 1495 4409; x_wconf 77' lang='grc' dir='ltr'><strong>οὐδὲ</strong></span> <span class='ocrx_word' id='word_1_449' title='bbox 1553 4356 1800 4436; x_wconf 81' lang='grc' dir='ltr'><strong>ποίημα’</strong></span> 
     </span>
    </p>
   </div>
   <div class='ocr_carea' id='block_1_60' title="bbox 231 4446 1803 4522">
    <p class='ocr_par' dir='ltr' id='par_1_60' title="bbox 231 4446 1803 4522">
     <span class='ocr_line' id='line_1_61' title="bbox 231 4446 1803 4522; baseline -0.003 -18"><span class='ocrx_word' id='word_1_450' title='bbox 231 4474 250 4504; x_wconf 87' lang='grc' dir='ltr'><strong>ε</strong></span> <span class='ocrx_word' id='word_1_451' title='bbox 277 4449 501 4522; x_wconf 86' lang='grc' dir='ltr'><strong>Πνεῦμα</strong></span> <span class='ocrx_word' id='word_1_452' title='bbox 528 4449 689 4514; x_wconf 84' lang='grc' dir='ltr'><strong>θεῖον,</strong></span> <span class='ocrx_word' id='word_1_453' title='bbox 715 4449 898 4519; x_wconf 77' lang='grc' dir='ltr'><strong>φησὶν,</strong></span> <span class='ocrx_word' id='word_1_454' title='bbox 924 4446 986 4502; x_wconf 86' lang='grc' dir='ltr'><strong>τδ</strong></span> <span class='ocrx_word' id='word_1_455' title='bbox 1021 4447 1250 4519; x_wconf 64' lang='grc' dir='ltr'><strong>ποιῆσαν</strong></span> <span class='ocrx_word' id='word_1_456' title='bbox 1276 4465 1365 4518; x_wconf 85' lang='grc' dir='ltr'><strong>με,</strong></span> <span class='ocrx_word' id='word_1_457' title='bbox 1399 4447 1534 4518; x_wconf 82' lang='grc' dir='ltr'><strong>πνοὴ</strong></span> <span class='ocrx_word' id='word_1_458' title='bbox 1575 4447 1630 4501; x_wconf 86' lang='grc' dir='ltr'><strong>δὲ</strong></span> <span class='ocrx_word' id='word_1_459' title='bbox 1664 4465 1803 4501; x_wconf 85' lang='grc' dir='ltr'><strong>παν-</strong></span> 
     </span>
    </p>
   </div>
   <div class='ocr_carea' id='block_1_61' title="bbox 1914 2019 3503 2099">
    <p class='ocr_par' dir='ltr' id='par_1_61' title="bbox 1914 2019 3503 2099">
     <span class='ocr_line' id='line_1_62' title="bbox 1914 2019 3503 2099; baseline 0.006 -25"><span class='ocrx_word' id='word_1_460' title='bbox 1914 2019 2008 2074; x_wconf 87' lang='lat' dir='ltr'><strong>sed</strong></span> <span class='ocrx_word' id='word_1_461' title='bbox 2040 2021 2351 2090; x_wconf 90' lang='lat' dir='ltr'><strong>accepimus</strong></span> <span class='ocrx_word' id='word_1_462' title='bbox 2372 2023 2620 2091; x_wconf 89' lang='lat' dir='ltr'><strong>spiritum</strong></span> <span class='ocrx_word' id='word_1_463' title='bbox 2651 2025 2959 2094; x_wconf 87' lang='lat' dir='ltr'><strong>adoptionis</strong></span> <span class='ocrx_word' id='word_1_464' title='bbox 2998 2026 3053 2081; x_wconf 92' lang='lat' dir='ltr'><strong>in</strong></span> <span class='ocrx_word' id='word_1_465' title='bbox 3087 2027 3248 2092; x_wconf 84' lang='lat' dir='ltr'><strong>illius,</strong></span> <span class='ocrx_word' id='word_1_466' title='bbox 3301 2027 3355 2081; x_wconf 91' lang='lat' dir='ltr'><strong>in</strong></span> <span class='ocrx_word' id='word_1_467' title='bbox 3393 2042 3503 2099; x_wconf 88' lang='lat' dir='ltr'><strong>quo</strong></span> 
     </span>
    </p>
   </div>
   <div class='ocr_carea' id='block_1_62' title="bbox 1914 2109 3500 2178">
    <p class='ocr_par' dir='ltr' id='par_1_62' title="bbox 1914 2109 3500 2178">
     <span class='ocr_line' id='line_1_63' title="bbox 1914 2109 3500 2178; baseline 0.006 -13"><span class='ocrx_word' id='word_1_468' title='bbox 1914 2109 2229 2178; x_wconf 80' lang='lat' dir='ltr'><strong>clamamus,</strong></span> <span class='ocrx_word' id='word_1_469' title='bbox 2259 2113 2410 2168; x_wconf 86' lang='lat' dir='ltr'><strong>Abba</strong></span> <span class='ocrx_word' id='word_1_470' title='bbox 2440 2113 2603 2171; x_wconf 88' lang='lat' dir='ltr'><strong>Pater</strong></span> <span class='ocrx_word' id='word_1_471' title='bbox 2628 2116 2694 2169; x_wconf 80' lang='lat'><strong>&quot;.</strong></span> <span class='ocrx_word' id='word_1_472' title='bbox 2728 2135 2746 2168; x_wconf 76' lang='grc' dir='ltr'><strong>ι</strong></span> <span class='ocrx_word' id='word_1_473' title='bbox 2787 2116 2853 2172; x_wconf 82' lang='lat' dir='ltr'><strong>Et</strong></span> <span class='ocrx_word' id='word_1_474' title='bbox 2872 2117 2979 2173; x_wconf 86' lang='lat' dir='ltr'><strong>alio</strong></span> <span class='ocrx_word' id='word_1_475' title='bbox 3012 2117 3167 2174; x_wconf 88' lang='lat' dir='ltr'><strong>loco:</strong></span> <span class='ocrx_word' id='word_1_476' title='bbox 3199 2136 3218 2170; x_wconf 78' lang='grc' dir='ltr'><strong>ι</strong></span> <span class='ocrx_word' id='word_1_477' title='bbox 3247 2117 3385 2173; x_wconf 82' lang='lat' dir='ltr'><strong>Nam</strong></span> <span class='ocrx_word' id='word_1_478' title='bbox 3416 2118 3500 2174; x_wconf 75' lang='lat' dir='ltr'><strong>lex</strong></span> 
     </span>
    </p>
   </div>
   <div class='ocr_carea' id='block_1_63' title="bbox 1914 2201 3500 2280">
    <p class='ocr_par' dir='ltr' id='par_1_63' title="bbox 1914 2201 3500 2280">
     <span class='ocr_line' id='line_1_64' title="bbox 1914 2201 3500 2280; baseline 0.006 -25"><span class='ocrx_word' id='word_1_479' title='bbox 1914 2201 2138 2270; x_wconf 88' lang='lat' dir='ltr'><strong>spiritus</strong></span> <span class='ocrx_word' id='word_1_480' title='bbox 2174 2202 2297 2259; x_wconf 71' lang='lat' dir='ltr'><strong>vita:</strong></span> <span class='ocrx_word' id='word_1_481' title='bbox 2344 2202 2599 2262; x_wconf 78' lang='lat' dir='ltr'><strong>liberavit</strong></span> <span class='ocrx_word' id='word_1_482' title='bbox 2651 2222 2739 2263; x_wconf 92' lang='lat' dir='ltr'><strong>me</strong></span> <span class='ocrx_word' id='word_1_483' title='bbox 2781 2222 2810 2262; x_wconf 89' lang='lat' dir='ltr'><strong>a</strong></span> <span class='ocrx_word' id='word_1_484' title='bbox 2861 2208 2979 2279; x_wconf 89' lang='lat' dir='ltr'><strong>lege</strong></span> <span class='ocrx_word' id='word_1_485' title='bbox 3025 2209 3235 2280; x_wconf 82' lang='lat' dir='ltr'><strong>peccati</strong></span> <span class='ocrx_word' id='word_1_486' title='bbox 3263 2218 3320 2264; x_wconf 90' lang='lat' dir='ltr'><strong>et</strong></span> <span class='ocrx_word' id='word_1_487' title='bbox 3348 2224 3500 2264; x_wconf 87' lang='lat' dir='ltr'><strong>mor-</strong></span> 
     </span>
    </p>
   </div>
   <div class='ocr_carea' id='block_1_64' title="bbox 1917 2292 3495 2370">
    <p class='ocr_par' dir='ltr' id='par_1_64' title="bbox 1917 2292 3495 2370">
     <span class='ocr_line' id='line_1_65' title="bbox 1917 2292 3495 2370; baseline 0.008 -25"><span class='ocrx_word' id='word_1_488' title='bbox 1917 2292 2071 2347; x_wconf 85' lang='lat' dir='ltr'><strong>tis&quot;.</strong></span> <span class='ocrx_word' id='word_1_489' title='bbox 2109 2311 2127 2345; x_wconf 77' lang='grc' dir='ltr'><strong>ι</strong></span> <span class='ocrx_word' id='word_1_490' title='bbox 2168 2293 2234 2349; x_wconf 85' lang='lat' dir='ltr'><strong>Et</strong></span> <span class='ocrx_word' id='word_1_491' title='bbox 2263 2294 2391 2351; x_wconf 88' lang='lat' dir='ltr'><strong>alibi</strong></span> <span class='ocrx_word' id='word_1_492' title='bbox 2435 2314 2450 2352; x_wconf 91' lang='lat'><strong>:</strong></span> <span class='ocrx_word' id='word_1_493' title='bbox 2497 2315 2517 2350; x_wconf 84' lang='grc' dir='ltr'><strong>ι</strong></span> <span class='ocrx_word' id='word_1_494' title='bbox 2557 2297 2818 2355; x_wconf 84' lang='lat' dir='ltr'><strong>Dominus</strong></span> <span class='ocrx_word' id='word_1_495' title='bbox 2862 2310 3042 2355; x_wconf 90' lang='lat' dir='ltr'><strong>autem</strong></span> <span class='ocrx_word' id='word_1_496' title='bbox 3089 2300 3329 2370; x_wconf 86' lang='lat' dir='ltr'><strong>Spiritus</strong></span> <span class='ocrx_word' id='word_1_497' title='bbox 3368 2310 3495 2358; x_wconf 90' lang='lat' dir='ltr'><strong>est:</strong></span> 
     </span>
    </p>
   </div>
   <div class='ocr_carea' id='block_1_65' title="bbox 1918 2383 3499 2460">
    <p class='ocr_par' dir='ltr' id='par_1_65' title="bbox 1918 2383 3499 2460">
     <span class='ocr_line' id='line_1_66' title="bbox 1918 2383 3499 2460; baseline 0.006 -23"><span class='ocrx_word' id='word_1_498' title='bbox 1918 2383 2009 2438; x_wconf 87' lang='lat' dir='ltr'><strong>ubi</strong></span> <span class='ocrx_word' id='word_1_499' title='bbox 2045 2393 2226 2440; x_wconf 83' lang='lat' dir='ltr'><strong>autem</strong></span> <span class='ocrx_word' id='word_1_500' title='bbox 2263 2384 2502 2456; x_wconf 83' lang='lat' dir='ltr'><strong>Spiritus</strong></span> <span class='ocrx_word' id='word_1_501' title='bbox 2542 2387 2780 2457; x_wconf 87' lang='lat' dir='ltr'><strong>Domini,</strong></span> <span class='ocrx_word' id='word_1_502' title='bbox 2833 2390 2904 2444; x_wconf 88' lang='lat' dir='ltr'><strong>ibi</strong></span> <span class='ocrx_word' id='word_1_503' title='bbox 2964 2390 3189 2448; x_wconf 86' lang='lat' dir='ltr'><strong>libertas</strong></span> <span class='ocrx_word' id='word_1_504' title='bbox 3230 2391 3297 2445; x_wconf 82' lang='grc'><strong>⁵³.</strong></span> <span class='ocrx_word' id='word_1_505' title='bbox 3336 2410 3355 2444; x_wconf 75' lang='grc' dir='ltr'><strong>ι</strong></span> <span class='ocrx_word' id='word_1_506' title='bbox 3399 2392 3499 2460; x_wconf 82' lang='lat' dir='ltr'><strong>Qui</strong></span> 
     </span>
    </p>
   </div>
   <div class='ocr_carea' id='block_1_66' title="bbox 1914 2475 3501 2550">
    <p class='ocr_par' dir='ltr' id='par_1_66' title="bbox 1914 2475 3501 2550">
     <span class='ocr_line' id='line_1_67' title="bbox 1914 2475 3501 2550; baseline 0.008 -23"><span class='ocrx_word' id='word_1_507' title='bbox 1914 2482 2095 2530; x_wconf 84' lang='lat' dir='ltr'><strong>autem</strong></span> <span class='ocrx_word' id='word_1_508' title='bbox 2126 2475 2263 2532; x_wconf 83' lang='lat' dir='ltr'><strong>alios</strong></span> <span class='ocrx_word' id='word_1_509' title='bbox 2302 2477 2518 2545; x_wconf 84' lang='lat' dir='ltr'><strong>liberat,</strong></span> <span class='ocrx_word' id='word_1_510' title='bbox 2566 2480 2613 2535; x_wconf 91' lang='lat' dir='ltr'><strong>is</strong></span> <span class='ocrx_word' id='word_1_511' title='bbox 2652 2496 2757 2536; x_wconf 90' lang='lat' dir='ltr'><strong>non</strong></span> <span class='ocrx_word' id='word_1_512' title='bbox 2816 2482 3007 2539; x_wconf 81' lang='lat' dir='ltr'><strong>servit.</strong></span> <span class='ocrx_word' id='word_1_513' title='bbox 3050 2483 3154 2550; x_wconf 81' lang='lat' dir='ltr'><strong>Qui</strong></span> <span class='ocrx_word' id='word_1_514' title='bbox 3196 2484 3343 2540; x_wconf 91' lang='lat' dir='ltr'><strong>enim</strong></span> <span class='ocrx_word' id='word_1_515' title='bbox 3383 2486 3501 2541; x_wconf 72' lang='lat' dir='ltr'><strong>fieri</strong></span> 
     </span>
    </p>
   </div>
   <div class='ocr_carea' id='block_1_67' title="bbox 1913 2570 3497 2647">
    <p class='ocr_par' dir='ltr' id='par_1_67' title="bbox 1913 2570 3497 2647">
     <span class='ocr_line' id='line_1_68' title="bbox 1913 2570 3497 2647; baseline 0.006 -26"><span class='ocrx_word' id='word_1_516' title='bbox 1913 2578 2097 2635; x_wconf 86' lang='lat' dir='ltr'><strong>posset</strong></span> <span class='ocrx_word' id='word_1_517' title='bbox 2126 2577 2187 2621; x_wconf 88' lang='lat' dir='ltr'><strong>ut</strong></span> <span class='ocrx_word' id='word_1_518' title='bbox 2220 2570 2503 2628; x_wconf 78' lang='lat' dir='ltr'><strong>conservis</strong></span> <span class='ocrx_word' id='word_1_519' title='bbox 2529 2571 2682 2628; x_wconf 86' lang='lat' dir='ltr'><strong>daret</strong></span> <span class='ocrx_word' id='word_1_520' title='bbox 2705 2588 2826 2643; x_wconf 66' lang='lat' dir='ltr'><strong>quae</strong></span> <span class='ocrx_word' id='word_1_521' title='bbox 2858 2574 2974 2645; x_wconf 89' lang='lat' dir='ltr'><strong>ipse</strong></span> <span class='ocrx_word' id='word_1_522' title='bbox 2997 2590 3105 2630; x_wconf 89' lang='lat' dir='ltr'><strong>non</strong></span> <span class='ocrx_word' id='word_1_523' title='bbox 3141 2576 3325 2640; x_wconf 87' lang='lat' dir='ltr'><strong>habet,</strong></span> <span class='ocrx_word' id='word_1_524' title='bbox 3348 2578 3497 2647; x_wconf 88' lang='lat' dir='ltr'><strong>quod</strong></span> 
     </span>
    </p>
   </div>
   <div class='ocr_carea' id='block_1_68' title="bbox 1914 2654 3499 2737">
    <p class='ocr_par' dir='ltr' id='par_1_68' title="bbox 1914 2654 3499 2737">
     <span class='ocr_line' id='line_1_69' title="bbox 1914 2654 3499 2737; baseline 0.006 -28"><span class='ocrx_word' id='word_1_525' title='bbox 1914 2654 2029 2724; x_wconf 88' lang='lat' dir='ltr'><strong>ipse</strong></span> <span class='ocrx_word' id='word_1_526' title='bbox 2083 2658 2341 2728; x_wconf 88' lang='lat' dir='ltr'><strong>consequi</strong></span> <span class='ocrx_word' id='word_1_527' title='bbox 2389 2674 2498 2715; x_wconf 86' lang='lat' dir='ltr'><strong>non</strong></span> <span class='ocrx_word' id='word_1_528' title='bbox 2543 2662 2714 2728; x_wconf 82' lang='lat' dir='ltr'><strong>valet,</strong></span> <span class='ocrx_word' id='word_1_529' title='bbox 2750 2678 2859 2733; x_wconf 85' lang='lat' dir='ltr'><strong>quo</strong></span> <span class='ocrx_word' id='word_1_530' title='bbox 2904 2665 3065 2719; x_wconf 89' lang='lat' dir='ltr'><strong>vellet</strong></span> <span class='ocrx_word' id='word_1_531' title='bbox 3099 2667 3317 2737; x_wconf 79' lang='lat' dir='ltr'><strong>quidem</strong></span> <span class='ocrx_word' id='word_1_532' title='bbox 3371 2667 3499 2732; x_wconf 80' lang='lat' dir='ltr'><strong>frui,</strong></span> 
     </span>
    </p>
   </div>
   <div class='ocr_carea' id='block_1_69' title="bbox 1914 2747 3499 2825">
    <p class='ocr_par' dir='ltr' id='par_1_69' title="bbox 1914 2747 3499 2825">
     <span class='ocr_line' id='line_1_70' title="bbox 1914 2747 3499 2825; baseline 0.008 -24"><span class='ocrx_word' id='word_1_533' title='bbox 1914 2747 1989 2801; x_wconf 91' lang='lat' dir='ltr'><strong>uti</strong></span> <span class='ocrx_word' id='word_1_534' title='bbox 2035 2763 2133 2816; x_wconf 85' lang='lat' dir='ltr'><strong>par</strong></span> <span class='ocrx_word' id='word_1_535' title='bbox 2161 2758 2267 2815; x_wconf 87' lang='lat' dir='ltr'><strong>est,</strong></span> <span class='ocrx_word' id='word_1_536' title='bbox 2303 2766 2481 2821; x_wconf 83' lang='lat' dir='ltr'><strong>neque</strong></span> <span class='ocrx_word' id='word_1_537' title='bbox 2519 2762 2699 2809; x_wconf 87' lang='lat' dir='ltr'><strong>tamen</strong></span> <span class='ocrx_word' id='word_1_538' title='bbox 2746 2754 2969 2825; x_wconf 74' lang='lat' dir='ltr'><strong>posset?</strong></span> <span class='ocrx_word' id='word_1_539' title='bbox 3014 2757 3169 2824; x_wconf 82' lang='lat' dir='ltr'><strong>Quod</strong></span> <span class='ocrx_word' id='word_1_540' title='bbox 3218 2759 3263 2813; x_wconf 87' lang='lat' dir='ltr'><strong>si</strong></span> <span class='ocrx_word' id='word_1_541' title='bbox 3311 2773 3499 2814; x_wconf 83' lang='lat' dir='ltr'><strong>revera</strong></span> 
     </span>
    </p>
   </div>
   <div class='ocr_carea' id='block_1_70' title="bbox 1912 2840 3495 2913">
    <p class='ocr_par' dir='ltr' id='par_1_70' title="bbox 1912 2840 3495 2913">
     <span class='ocr_line' id='line_1_71' title="bbox 1912 2840 3495 2913; baseline 0.009 -20"><span class='ocrx_word' id='word_1_542' title='bbox 1912 2840 2264 2895; x_wconf 80' lang='lat' dir='ltr'><strong>credentibus</strong></span> <span class='ocrx_word' id='word_1_543' title='bbox 2291 2841 2601 2899; x_wconf 87' lang='lat' dir='ltr'><strong>libertatem</strong></span> <span class='ocrx_word' id='word_1_544' title='bbox 2633 2847 3022 2913; x_wconf 82' lang='lat' dir='ltr'><strong>communicat,</strong></span> <span class='ocrx_word' id='word_1_545' title='bbox 3050 2856 3105 2903; x_wconf 89' lang='lat' dir='ltr'><strong>et</strong></span> <span class='ocrx_word' id='word_1_546' title='bbox 3138 2864 3324 2905; x_wconf 86' lang='lat' dir='ltr'><strong>servos</strong></span> <span class='ocrx_word' id='word_1_547' title='bbox 3352 2850 3495 2906; x_wconf 85' lang='lat' dir='ltr'><strong>libe-</strong></span> 
     </span>
    </p>
   </div>
   <div class='ocr_carea' id='block_1_71' title="bbox 1912 2933 3502 3009">
    <p class='ocr_par' dir='ltr' id='par_1_71' title="bbox 1912 2933 3502 3009">
     <span class='ocr_line' id='line_1_72' title="bbox 1912 2933 3502 3009; baseline 0.01 -26"><span class='ocrx_word' id='word_1_548' title='bbox 1912 2938 2015 2994; x_wconf 87' lang='lat' dir='ltr'><strong>rat,</strong></span> <span class='ocrx_word' id='word_1_549' title='bbox 2048 2946 2156 2986; x_wconf 90' lang='lat' dir='ltr'><strong>non</strong></span> <span class='ocrx_word' id='word_1_550' title='bbox 2206 2933 2395 3002; x_wconf 84' lang='lat' dir='ltr'><strong>utique</strong></span> <span class='ocrx_word' id='word_1_551' title='bbox 2433 2935 2548 3004; x_wconf 87' lang='lat' dir='ltr'><strong>ipse</strong></span> <span class='ocrx_word' id='word_1_552' title='bbox 2599 2938 2789 3003; x_wconf 87' lang='lat' dir='ltr'><strong>servit,</strong></span> <span class='ocrx_word' id='word_1_553' title='bbox 2832 2940 2926 2995; x_wconf 88' lang='lat' dir='ltr'><strong>sed</strong></span> <span class='ocrx_word' id='word_1_554' title='bbox 2972 2941 3302 3009; x_wconf 86' lang='lat' dir='ltr'><strong>dominatur,</strong></span> <span class='ocrx_word' id='word_1_555' title='bbox 3335 2943 3502 2999; x_wconf 84' lang='lat' dir='ltr'><strong>liber-</strong></span> 
     </span>
    </p>
   </div>
   <div class='ocr_carea' id='block_1_72' title="bbox 1914 3025 3479 3104">
    <p class='ocr_par' dir='ltr' id='par_1_72' title="bbox 1914 3025 3479 3104">
     <span class='ocr_line' id='line_1_73' title="bbox 1914 3025 3479 3104; baseline 0.013 -33"><span class='ocrx_word' id='word_1_556' title='bbox 1914 3025 2184 3089; x_wconf 90' lang='lat' dir='ltr'><strong>tatemque</strong></span> <span class='ocrx_word' id='word_1_557' title='bbox 2232 3036 2329 3092; x_wconf 92' lang='lat' dir='ltr'><strong>pro</strong></span> <span class='ocrx_word' id='word_1_558' title='bbox 2366 3039 2461 3078; x_wconf 88' lang='lat' dir='ltr'><strong>sua</strong></span> <span class='ocrx_word' id='word_1_559' title='bbox 2503 3036 2774 3096; x_wconf 87' lang='lat' dir='ltr'><strong>potestate</strong></span> <span class='ocrx_word' id='word_1_560' title='bbox 2814 3030 3014 3098; x_wconf 84' lang='lat' dir='ltr'><strong>quibus</strong></span> <span class='ocrx_word' id='word_1_561' title='bbox 3067 3032 3182 3085; x_wconf 87' lang='lat' dir='ltr'><strong>vult</strong></span> <span class='ocrx_word' id='word_1_562' title='bbox 3227 3032 3479 3104; x_wconf 73' lang='lat' dir='ltr'><strong>largitur.</strong></span> 
     </span>
    </p>
   </div>
   <div class='ocr_carea' id='block_1_73' title="bbox 1912 3106 3504 3190">
    <p class='ocr_par' dir='ltr' id='par_1_73' title="bbox 1912 3106 3504 3190">
     <span class='ocr_line' id='line_1_74' title="bbox 1912 3106 3504 3190; baseline 0.011 -30"><span class='ocrx_word' id='word_1_563' title='bbox 1912 3106 2095 3173; x_wconf 85' lang='lat' dir='ltr'><strong>Quare</strong></span> <span class='ocrx_word' id='word_1_564' title='bbox 2127 3118 2183 3163; x_wconf 90' lang='lat' dir='ltr'><strong>et</strong></span> <span class='ocrx_word' id='word_1_565' title='bbox 2214 3111 2405 3171; x_wconf 83' lang='lat' dir='ltr'><strong>beatus</strong></span> <span class='ocrx_word' id='word_1_566' title='bbox 2433 3111 2630 3168; x_wconf 80' lang='lat' dir='ltr'><strong>Paulus</strong></span> <span class='ocrx_word' id='word_1_567' title='bbox 2660 3115 2736 3169; x_wconf 85' lang='lat' dir='ltr'><strong>ait</strong></span> <span class='ocrx_word' id='word_1_568' title='bbox 2765 3136 2777 3171; x_wconf 88' lang='lat'>:</span> <span class='ocrx_word' id='word_1_569' title='bbox 2810 3135 2828 3168; x_wconf 81' lang='grc' dir='ltr'><strong>ε</strong></span> <span class='ocrx_word' id='word_1_570' title='bbox 2863 3116 3056 3173; x_wconf 87' lang='lat' dir='ltr'><strong>Omnia</strong></span> <span class='ocrx_word' id='word_1_571' title='bbox 3080 3133 3339 3190; x_wconf 89' lang='lat' dir='ltr'><strong>operatur</strong></span> <span class='ocrx_word' id='word_1_572' title='bbox 3364 3138 3504 3178; x_wconf 89' lang='lat' dir='ltr'><strong>unus</strong></span> 
     </span>
    </p>
   </div>
   <div class='ocr_carea' id='block_1_74' title="bbox 1921 3199 3499 3281">
    <p class='ocr_par' dir='ltr' id='par_1_74' title="bbox 1921 3199 3499 3281">
     <span class='ocr_line' id='line_1_75' title="bbox 1921 3199 3499 3281; baseline 0.011 -30"><span class='ocrx_word' id='word_1_573' title='bbox 1921 3209 2085 3267; x_wconf 89' lang='lat' dir='ltr'><strong>atque</strong></span> <span class='ocrx_word' id='word_1_574' title='bbox 2113 3199 2252 3255; x_wconf 89' lang='lat' dir='ltr'><strong>idem</strong></span> <span class='ocrx_word' id='word_1_575' title='bbox 2284 3200 2541 3273; x_wconf 79' lang='lat' dir='ltr'><strong>Spiritus,</strong></span> <span class='ocrx_word' id='word_1_576' title='bbox 2576 3205 2824 3262; x_wconf 87' lang='lat' dir='ltr'><strong>dividens</strong></span> <span class='ocrx_word' id='word_1_577' title='bbox 2849 3209 3079 3280; x_wconf 77' lang='lat' dir='ltr'><strong>singulis</strong></span> <span class='ocrx_word' id='word_1_578' title='bbox 3110 3222 3270 3281; x_wconf 88' lang='lat' dir='ltr'><strong>prout</strong></span> <span class='ocrx_word' id='word_1_579' title='bbox 3302 3214 3437 3269; x_wconf 91' lang='lat' dir='ltr'><strong>vult.</strong></span> <span class='ocrx_word' id='word_1_580' title='bbox 3478 3234 3499 3269; x_wconf 75' lang='grc' dir='ltr'><strong>ι</strong></span> 
     </span>
    </p>
   </div>
   <div class='ocr_carea' id='block_1_75' title="bbox 1842 3258 3503 3378">
    <p class='ocr_par' dir='ltr' id='par_1_75' title="bbox 1842 3258 3503 3378">
     <span class='ocr_line' id='line_1_76' title="bbox 1842 3258 3503 3378; baseline 0.015 -40"><span class='ocrx_word' id='word_1_581' title='bbox 1842 3258 1886 3315; x_wconf 75' lang='grc' dir='ltr'>ο</span> <span class='ocrx_word' id='word_1_582' title='bbox 1919 3258 2280 3355; x_wconf 77' lang='lat' dir='ltr'><strong>Quamobrem</strong></span> <span class='ocrx_word' id='word_1_583' title='bbox 2315 3258 2379 3349; x_wconf 66' lang='grc' dir='ltr'><strong>ἑι</strong></span> <span class='ocrx_word' id='word_1_584' title='bbox 2413 3258 2678 3367; x_wconf 73' lang='lat' dir='ltr'><strong>propheta</strong></span> <span class='ocrx_word' id='word_1_585' title='bbox 2698 3258 3503 3378; x_wconf 58' lang='grc' dir='ltr'><strong>ἷέι“νέιέῗο’ἷεᾷζὲιῖὲιιὶῖ›ᾝοῖ</strong></span> 
     </span>
    </p>
   </div>
   <div class='ocr_carea' id='block_1_76' title="bbox 1916 3378 3501 3453">
    <p class='ocr_par' dir='ltr' id='par_1_76' title="bbox 1916 3378 3501 3453">
     <span class='ocr_line' id='line_1_77' title="bbox 1916 3378 3501 3453; baseline 0.014 -21"><span class='ocrx_word' id='word_1_586' title='bbox 1916 3378 2145 3435; x_wconf 81' lang='lat' dir='ltr'><strong>tentiam</strong></span> <span class='ocrx_word' id='word_1_587' title='bbox 2183 3381 2327 3437; x_wconf 88' lang='lat' dir='ltr'><strong>illius</strong></span> <span class='ocrx_word' id='word_1_588' title='bbox 2352 3386 2655 3452; x_wconf 66' lang='lat' dir='ltr'><strong>praedicans</strong></span> <span class='ocrx_word' id='word_1_589' title='bbox 2690 3388 2962 3445; x_wconf 85' lang='lat' dir='ltr'><strong>clamabat</strong></span> <span class='ocrx_word' id='word_1_590' title='bbox 2994 3410 3008 3445; x_wconf 89' lang='lat'>:</span> <span class='ocrx_word' id='word_1_591' title='bbox 3043 3410 3063 3444; x_wconf 79' lang='grc' dir='ltr'><strong>ι</strong></span> <span class='ocrx_word' id='word_1_592' title='bbox 3107 3394 3366 3451; x_wconf 85' lang='lat' dir='ltr'><strong>Dominus</strong></span> <span class='ocrx_word' id='word_1_593' title='bbox 3400 3401 3501 3453; x_wconf 84' lang='lat' dir='ltr'><strong>mi-</strong></span> 
     </span>
    </p>
   </div>
   <div class='ocr_carea' id='block_1_77' title="bbox 1919 3470 3500 3557">
    <p class='ocr_par' dir='ltr' id='par_1_77' title="bbox 1919 3470 3500 3557">
     <span class='ocr_line' id='line_1_78' title="bbox 1919 3470 3500 3557; baseline 0.013 -33"><span class='ocrx_word' id='word_1_594' title='bbox 1919 3470 1991 3525; x_wconf 89' lang='lat' dir='ltr'><strong>sit</strong></span> <span class='ocrx_word' id='word_1_595' title='bbox 2020 3486 2105 3527; x_wconf 83' lang='lat' dir='ltr'><strong>nte</strong></span> <span class='ocrx_word' id='word_1_596' title='bbox 2134 3483 2191 3527; x_wconf 90' lang='lat' dir='ltr'><strong>et</strong></span> <span class='ocrx_word' id='word_1_597' title='bbox 2218 3472 2455 3542; x_wconf 86' lang='lat' dir='ltr'><strong>Spiritus</strong></span> <span class='ocrx_word' id='word_1_598' title='bbox 2486 3476 2601 3545; x_wconf 83' lang='lat' dir='ltr'><strong>ejus</strong></span> <span class='ocrx_word' id='word_1_599' title='bbox 2628 3479 2696 3534; x_wconf 79' lang='lat'><strong>”.</strong></span> <span class='ocrx_word' id='word_1_600' title='bbox 2736 3499 2757 3533; x_wconf 72' lang='grc' dir='ltr'><strong>ι</strong></span> <span class='ocrx_word' id='word_1_601' title='bbox 2790 3481 2859 3536; x_wconf 85' lang='grc' dir='ltr'><strong>Ει</strong></span> <span class='ocrx_word' id='word_1_602' title='bbox 2905 3481 3167 3542; x_wconf 79' lang='lat' dir='ltr'><strong>Dominus</strong></span> <span class='ocrx_word' id='word_1_603' title='bbox 3204 3489 3500 3557; x_wconf 79' lang='lat' dir='ltr'><strong>reprelien-</strong></span> 
     </span>
    </p>
   </div>
   <div class='ocr_carea' id='block_1_78' title="bbox 1925 3560 3499 3648">
    <p class='ocr_par' dir='ltr' id='par_1_78' title="bbox 1925 3560 3499 3648">
     <span class='ocr_line' id='line_1_79' title="bbox 1925 3560 3499 3648; baseline 0.014 -33"><span class='ocrx_word' id='word_1_604' title='bbox 1925 3560 2061 3617; x_wconf 88' lang='lat' dir='ltr'><strong>dens</strong></span> <span class='ocrx_word' id='word_1_605' title='bbox 2095 3560 2348 3619; x_wconf 69' lang='lat' dir='ltr'><strong>Judazos:</strong></span> <span class='ocrx_word' id='word_1_606' title='bbox 2386 3586 2404 3619; x_wconf 78' lang='grc' dir='ltr'><strong>ι</strong></span> <span class='ocrx_word' id='word_1_607' title='bbox 2446 3566 2765 3635; x_wconf 87' lang='lat' dir='ltr'><strong>Consilium,</strong></span> <span class='ocrx_word' id='word_1_608' title='bbox 2789 3573 2982 3643; x_wconf 89' lang='lat' dir='ltr'><strong>inquit,</strong></span> <span class='ocrx_word' id='word_1_609' title='bbox 3012 3577 3153 3640; x_wconf 88' lang='lat' dir='ltr'><strong>iniit,</strong></span> <span class='ocrx_word' id='word_1_610' title='bbox 3180 3586 3233 3635; x_wconf 89' lang='lat' dir='ltr'><strong>et</strong></span> <span class='ocrx_word' id='word_1_611' title='bbox 3272 3594 3377 3634; x_wconf 88' lang='lat' dir='ltr'><strong>non</strong></span> <span class='ocrx_word' id='word_1_612' title='bbox 3403 3597 3499 3648; x_wconf 91' lang='lat' dir='ltr'><strong>per</strong></span> 
     </span>
    </p>
   </div>
   <div class='ocr_carea' id='block_1_79' title="bbox 1912 3660 3495 3739">
    <p class='ocr_par' dir='ltr' id='par_1_79' title="bbox 1912 3660 3495 3739">
     <span class='ocr_line' id='line_1_80' title="bbox 1912 3660 3495 3739; baseline 0.011 -32"><span class='ocrx_word' id='word_1_613' title='bbox 1912 3667 2037 3718; x_wconf 80' lang='lat' dir='ltr'><strong>tne;</strong></span> <span class='ocrx_word' id='word_1_614' title='bbox 2097 3664 2152 3709; x_wconf 87' lang='lat' dir='ltr'><strong>et</strong></span> <span class='ocrx_word' id='word_1_615' title='bbox 2225 3660 2659 3726; x_wconf 88' lang='lat' dir='ltr'><strong>conventiones,</strong></span> <span class='ocrx_word' id='word_1_616' title='bbox 2720 3664 2814 3718; x_wconf 90' lang='lat' dir='ltr'><strong>sed</strong></span> <span class='ocrx_word' id='word_1_617' title='bbox 2889 3681 2993 3721; x_wconf 91' lang='lat' dir='ltr'><strong>non</strong></span> <span class='ocrx_word' id='word_1_618' title='bbox 3063 3682 3161 3736; x_wconf 87' lang='lat' dir='ltr'><strong>per</strong></span> <span class='ocrx_word' id='word_1_619' title='bbox 3235 3669 3495 3739; x_wconf 78' lang='lat' dir='ltr'><strong>Spiritum</strong></span> 
     </span>
    </p>
   </div>
   <div class='ocr_carea' id='block_1_80' title="bbox 1926 3749 3497 3832">
    <p class='ocr_par' dir='ltr' id='par_1_80' title="bbox 1926 3749 3497 3832">
     <span class='ocr_line' id='line_1_81' title="bbox 1926 3749 3497 3832; baseline 0.013 -31"><span class='ocrx_word' id='word_1_620' title='bbox 1926 3762 2106 3801; x_wconf 85' lang='lat' dir='ltr'><strong>meum</strong></span> <span class='ocrx_word' id='word_1_621' title='bbox 2135 3749 2223 3816; x_wconf 84' lang='grc'><strong>⁸⁸;</strong></span> <span class='ocrx_word' id='word_1_622' title='bbox 2257 3767 2275 3801; x_wconf 75' lang='grc' dir='ltr'><strong>ι</strong></span> <span class='ocrx_word' id='word_1_623' title='bbox 2311 3753 2627 3824; x_wconf 85' lang='lat' dir='ltr'><strong>participem</strong></span> <span class='ocrx_word' id='word_1_624' title='bbox 2669 3755 2743 3809; x_wconf 86' lang='lat' dir='ltr'><strong>ita</strong></span> <span class='ocrx_word' id='word_1_625' title='bbox 2794 3758 3175 3816; x_wconf 88' lang='lat' dir='ltr'><strong>demonstrans</strong></span> <span class='ocrx_word' id='word_1_626' title='bbox 3214 3766 3497 3832; x_wconf 84' lang='lat' dir='ltr'><strong>potestatis</strong></span> 
     </span>
    </p>
   </div>
   <div class='ocr_carea' id='block_1_81' title="bbox 1901 3841 3495 3921">
    <p class='ocr_par' dir='ltr' id='par_1_81' title="bbox 1901 3841 3495 3921">
     <span class='ocr_line' id='line_1_82' title="bbox 1901 3841 3495 3921; baseline 0.009 -24"><span class='ocrx_word' id='word_1_627' title='bbox 1901 3849 2164 3897; x_wconf 65' lang='lat' dir='ltr'><strong>unctum</strong></span> <span class='ocrx_word' id='word_1_628' title='bbox 2205 3841 2491 3912; x_wconf 87' lang='lat' dir='ltr'><strong>Spiritttm.</strong></span> <span class='ocrx_word' id='word_1_629' title='bbox 2540 3846 2607 3901; x_wconf 85' lang='lat' dir='ltr'><strong>Et</strong></span> <span class='ocrx_word' id='word_1_630' title='bbox 2658 3849 2893 3919; x_wconf 84' lang='lat' dir='ltr'><strong>denique</strong></span> <span class='ocrx_word' id='word_1_631' title='bbox 2931 3852 3105 3908; x_wconf 82' lang='lat' dir='ltr'><strong>alibi:</strong></span> <span class='ocrx_word' id='word_1_632' title='bbox 3154 3873 3172 3906; x_wconf 83' lang='grc' dir='ltr'><strong>ι</strong></span> <span class='ocrx_word' id='word_1_633' title='bbox 3231 3855 3373 3921; x_wconf 86' lang='lat' dir='ltr'><strong>Ideo,</strong></span> <span class='ocrx_word' id='word_1_634' title='bbox 3412 3859 3495 3911; x_wconf 85' lang='lat' dir='ltr'><strong>in-</strong></span> 
     </span>
    </p>
   </div>
   <div class='ocr_carea' id='block_1_82' title="bbox 1910 3932 3494 4012">
    <p class='ocr_par' dir='ltr' id='par_1_82' title="bbox 1910 3932 3494 4012">
     <span class='ocr_line' id='line_1_83' title="bbox 1910 3932 3494 4012; baseline 0.015 -29"><span class='ocrx_word' id='word_1_635' title='bbox 1910 3932 2049 4000; x_wconf 88' lang='lat' dir='ltr'><strong>quit,</strong></span> <span class='ocrx_word' id='word_1_636' title='bbox 2075 3948 2177 4004; x_wconf 86' lang='lat' dir='ltr'><strong>ego</strong></span> <span class='ocrx_word' id='word_1_637' title='bbox 2212 3936 2494 3991; x_wconf 81' lang='lat' dir='ltr'><strong>vobiscum</strong></span> <span class='ocrx_word' id='word_1_638' title='bbox 2531 3956 2673 4004; x_wconf 81' lang='lat' dir='ltr'><strong>sum,</strong></span> <span class='ocrx_word' id='word_1_639' title='bbox 2709 3952 2760 3997; x_wconf 89' lang='lat' dir='ltr'><strong>et</strong></span> <span class='ocrx_word' id='word_1_640' title='bbox 2798 3944 3035 4012; x_wconf 87' lang='lat' dir='ltr'><strong>Spiritus</strong></span> <span class='ocrx_word' id='word_1_641' title='bbox 3086 3963 3238 4005; x_wconf 88' lang='lat' dir='ltr'><strong>meus</strong></span> <span class='ocrx_word' id='word_1_642' title='bbox 3286 3949 3339 4005; x_wconf 91' lang='lat' dir='ltr'><strong>in</strong></span> <span class='ocrx_word' id='word_1_643' title='bbox 3383 3966 3494 4006; x_wconf 88' lang='lat' dir='ltr'><strong>me-</strong></span> 
     </span>
    </p>
   </div>
   <div class='ocr_carea' id='block_1_83' title="bbox 1909 4023 2623 4085">
    <p class='ocr_par' dir='ltr' id='par_1_83' title="bbox 1909 4023 2623 4085">
     <span class='ocr_line' id='line_1_84' title="bbox 1909 4023 2623 4085; baseline 0.008 -8"><span class='ocrx_word' id='word_1_644' title='bbox 1909 4023 1998 4080; x_wconf 90' lang='lat' dir='ltr'><strong>dio</strong></span> <span class='ocrx_word' id='word_1_645' title='bbox 2035 4034 2276 4081; x_wconf 85' lang='lat' dir='ltr'><strong>vestrum</strong></span> <span class='ocrx_word' id='word_1_646' title='bbox 2310 4030 2464 4084; x_wconf 89' lang='lat' dir='ltr'><strong>stetit</strong></span> <span class='ocrx_word' id='word_1_647' title='bbox 2498 4030 2566 4085; x_wconf 82' lang='grc'><strong>⁵⁶.</strong></span> <span class='ocrx_word' id='word_1_648' title='bbox 2605 4051 2623 4083; x_wconf 75' lang='grc' dir='ltr'><strong>ι</strong></span> 
     </span>
    </p>
   </div>
   <div class='ocr_carea' id='block_1_84' title="bbox 2161 4133 3241 4207">
    <p class='ocr_par' dir='ltr' id='par_1_84' title="bbox 2161 4133 3241 4207">
     <span class='ocr_line' id='line_1_85' title="bbox 2161 4133 3241 4207; baseline 0.018 -20"><span class='ocrx_word' id='word_1_649' title='bbox 2161 4133 2325 4191; x_wconf 76' lang='lat' dir='ltr'><strong>XXII.</strong></span> <span class='ocrx_word' id='word_1_650' title='bbox 2363 4136 2519 4203; x_wconf 83' lang='lat' dir='ltr'><strong>Quod</strong></span> <span class='ocrx_word' id='word_1_651' title='bbox 2550 4140 2874 4199; x_wconf 83' lang='lat' dir='ltr'><strong>Paraclctus</strong></span> <span class='ocrx_word' id='word_1_652' title='bbox 2909 4148 2979 4201; x_wconf 83' lang='lat' dir='ltr'><strong>sit</strong></span> <span class='ocrx_word' id='word_1_653' title='bbox 3017 4160 3241 4207; x_wconf 86' lang='lat' dir='ltr'><strong>creator.</strong></span> 
     </span>
    </p>
   </div>
   <div class='ocr_carea' id='block_1_85' title="bbox 1975 4247 3496 4338">
    <p class='ocr_par' dir='ltr' id='par_1_85' title="bbox 1975 4247 3496 4338">
     <span class='ocr_line' id='line_1_86' title="bbox 1975 4247 3496 4338; baseline 0.014 -35"><span class='ocrx_word' id='word_1_654' title='bbox 1975 4247 2144 4305; x_wconf 84' lang='lat' dir='ltr'><strong>Jobus</strong></span> <span class='ocrx_word' id='word_1_655' title='bbox 2174 4266 2390 4323; x_wconf 89' lang='lat' dir='ltr'><strong>quoque</strong></span> <span class='ocrx_word' id='word_1_656' title='bbox 2414 4264 2720 4310; x_wconf 89' lang='lat' dir='ltr'><strong>creatorem</strong></span> <span class='ocrx_word' id='word_1_657' title='bbox 2753 4259 3150 4333; x_wconf 87' lang='lat' dir='ltr'><strong>Dominumque</strong></span> <span class='ocrx_word' id='word_1_658' title='bbox 3174 4267 3346 4334; x_wconf 89' lang='lat' dir='ltr'><strong>ipsum</strong></span> <span class='ocrx_word' id='word_1_659' title='bbox 3377 4269 3496 4338; x_wconf 84' lang='lat' dir='ltr'><strong>Spi-</strong></span> 
     </span>
    </p>
   </div>
   <div class='ocr_carea' id='block_1_86' title="bbox 1906 4342 3485 4426">
    <p class='ocr_par' dir='ltr' id='par_1_86' title="bbox 1906 4342 3485 4426">
     <span class='ocr_line' id='line_1_87' title="bbox 1906 4342 3485 4426; baseline 0.013 -32"><span class='ocrx_word' id='word_1_660' title='bbox 1906 4342 2069 4397; x_wconf 88' lang='lat' dir='ltr'><strong>ritum</strong></span> <span class='ocrx_word' id='word_1_661' title='bbox 2130 4346 2381 4410; x_wconf 88' lang='lat' dir='ltr'><strong>credens,</strong></span> <span class='ocrx_word' id='word_1_662' title='bbox 2428 4363 2535 4403; x_wconf 92' lang='lat' dir='ltr'><strong>non</strong></span> <span class='ocrx_word' id='word_1_663' title='bbox 2588 4351 2895 4406; x_wconf 91' lang='lat' dir='ltr'><strong>ministrum</strong></span> <span class='ocrx_word' id='word_1_664' title='bbox 2944 4370 3119 4424; x_wconf 90' lang='lat' dir='ltr'><strong>neque</strong></span> <span class='ocrx_word' id='word_1_665' title='bbox 3160 4371 3485 4426; x_wconf 83' lang='lat' dir='ltr'><strong>creaturam,</strong></span> 
     </span>
    </p>
   </div>
   <div class='ocr_carea' id='block_1_87' title="bbox 1913 4433 3489 4519">
    <p class='ocr_par' dir='ltr' id='par_1_87' title="bbox 1913 4433 3489 4519">
     <span class='ocr_line' id='line_1_88' title="bbox 1913 4433 3489 4519; baseline 0.013 -34"><span class='ocrx_word' id='word_1_666' title='bbox 1913 4451 1932 4484; x_wconf 82' lang='grc' dir='ltr'><strong>ι</strong></span> <span class='ocrx_word' id='word_1_667' title='bbox 1966 4433 2204 4505; x_wconf 86' lang='lat' dir='ltr'><strong>Spiritus</strong></span> <span class='ocrx_word' id='word_1_668' title='bbox 2237 4437 2477 4503; x_wconf 87' lang='lat' dir='ltr'><strong>divinus,</strong></span> <span class='ocrx_word' id='word_1_669' title='bbox 2528 4440 2724 4511; x_wconf 88' lang='lat' dir='ltr'><strong>inquit,</strong></span> <span class='ocrx_word' id='word_1_670' title='bbox 2756 4444 2850 4512; x_wconf 92' lang='lat' dir='ltr'><strong>qui</strong></span> <span class='ocrx_word' id='word_1_671' title='bbox 2900 4444 3028 4500; x_wconf 78' lang='lat' dir='ltr'><strong>fecit</strong></span> <span class='ocrx_word' id='word_1_672' title='bbox 3079 4463 3186 4510; x_wconf 90' lang='lat' dir='ltr'><strong>mc,</strong></span> <span class='ocrx_word' id='word_1_673' title='bbox 3224 4460 3279 4503; x_wconf 88' lang='lat' dir='ltr'><strong>et</strong></span> <span class='ocrx_word' id='word_1_674' title='bbox 3315 4452 3489 4519; x_wconf 83' lang='lat' dir='ltr'><strong>spira-</strong></span> 
     </span>
    </p>
   </div>
   <div class='ocr_carea' id='block_1_88' title="bbox 223 4528 1807 4625">
    <p class='ocr_par' dir='ltr' id='par_1_88' title="bbox 223 4537 1801 4612">
     <span class='ocr_line' id='line_1_89' title="bbox 223 4537 1801 4612; baseline -0.003 -17"><span class='ocrx_word' id='word_1_675' title='bbox 223 4542 556 4612; x_wconf 86' lang='grc' dir='ltr'><strong>τοκράτορος</strong></span> <span class='ocrx_word' id='word_1_676' title='bbox 583 4540 617 4610; x_wconf 77' lang='grc' dir='ltr'><strong>ἡ</strong></span> <span class='ocrx_word' id='word_1_677' title='bbox 635 4538 959 4595; x_wconf 84' lang='grc' dir='ltr'><strong>διδάσκουσά</strong></span> <span class='ocrx_word' id='word_1_678' title='bbox 986 4556 1074 4609; x_wconf 89' lang='grc' dir='ltr'><strong>με.</strong></span> <span class='ocrx_word' id='word_1_679' title='bbox 1116 4557 1134 4589; x_wconf 73' lang='grc' dir='ltr'><strong>ι</strong></span> <span class='ocrx_word' id='word_1_680' title='bbox 1166 4539 1227 4592; x_wconf 85' lang='lat' dir='ltr'><strong>El</strong></span> <span class='ocrx_word' id='word_1_681' title='bbox 1250 4538 1306 4591; x_wconf 86' lang='grc' dir='ltr'><strong>δὲ</strong></span> <span class='ocrx_word' id='word_1_682' title='bbox 1328 4538 1429 4608; x_wconf 78' lang='grc' dir='ltr'><strong>τὴν</strong></span> <span class='ocrx_word' id='word_1_683' title='bbox 1454 4537 1801 4609; x_wconf 83' lang='grc' dir='ltr'><strong>ἀνθρωπίνην</strong></span> 
     </span>
    </p>
   </div>
   <div class='ocr_carea' id='block_1_89' title="bbox 1918 4528 3489 4625">
    <p class='ocr_par' dir='ltr' id='par_1_89' title="bbox 1918 4528 3489 4625">
     <span class='ocr_line' id='line_1_90' title="bbox 1918 4528 3489 4625; baseline 0.012 -45"><span class='ocrx_word' id='word_1_684' title='bbox 1918 4541 2030 4582; x_wconf 88' lang='lat' dir='ltr'><strong>men</strong></span> <span class='ocrx_word' id='word_1_685' title='bbox 2062 4528 2457 4599; x_wconf 89' lang='lat' dir='ltr'><strong>omnipotentis</strong></span> <span class='ocrx_word' id='word_1_686' title='bbox 2499 4532 2643 4603; x_wconf 91' lang='lat' dir='ltr'><strong>quod</strong></span> <span class='ocrx_word' id='word_1_687' title='bbox 2675 4534 2856 4625; x_wconf 72' lang='lat' dir='ltr'><strong>erudit</strong></span> <span class='ocrx_word' id='word_1_688' title='bbox 2887 4552 2974 4592; x_wconf 91' lang='lat' dir='ltr'><strong>me</strong></span> <span class='ocrx_word' id='word_1_689' title='bbox 3000 4538 3069 4594; x_wconf 85' lang='grc'><strong>⁸⁷.</strong></span> <span class='ocrx_word' id='word_1_690' title='bbox 3108 4559 3127 4592; x_wconf 81' lang='lat' dir='ltr'><strong>s</strong></span> <span class='ocrx_word' id='word_1_691' title='bbox 3167 4540 3286 4595; x_wconf 66' lang='lat' dir='ltr'><strong>iam</strong></span> <span class='ocrx_word' id='word_1_692' title='bbox 3322 4546 3365 4598; x_wconf 86' lang='lat' dir='ltr'><strong>si</strong></span> <span class='ocrx_word' id='word_1_693' title='bbox 3392 4546 3489 4599; x_wconf 82' lang='lat' dir='ltr'><strong>liu-</strong></span> 
     </span>
    </p>
   </div>
   <div class='ocr_carea' id='block_1_90' title="bbox 225 4600 1807 4703">
    <p class='ocr_par' dir='ltr' id='par_1_90' title="bbox 225 4600 1804 4703">
     <span class='ocr_line' id='line_1_91' title="bbox 225 4600 1804 4703; baseline -0.001 -18"><span class='ocrx_word' id='word_1_694' title='bbox 225 4600 391 4703; x_wconf 65' lang='grc' dir='ltr'><strong>φύαιν</strong></span> <span class='ocrx_word' id='word_1_695' title='bbox 441 4600 858 4702; x_wconf 68' lang='grc' dir='ltr'><strong>ἐδημιδύργησε,</strong></span> <span class='ocrx_word' id='word_1_696' title='bbox 898 4600 998 4701; x_wconf 72' lang='grc' dir='ltr'><strong>τὴν</strong></span> <span class='ocrx_word' id='word_1_697' title='bbox 1035 4630 1204 4701; x_wconf 78' lang='grc' dir='ltr'><strong>αὐτὴν</strong></span> <span class='ocrx_word' id='word_1_698' title='bbox 1238 4600 1428 4683; x_wconf 77' lang='grc' dir='ltr'><strong>οὐσίαν</strong></span> <span class='ocrx_word' id='word_1_699' title='bbox 1468 4600 1581 4700; x_wconf 71' lang='grc' dir='ltr'><strong>ἔχει</strong></span> <span class='ocrx_word' id='word_1_700' title='bbox 1629 4600 1804 4701; x_wconf 76' lang='grc' dir='ltr'><strong>Πατρὶ</strong></span> 
     </span>
    </p>
   </div>
   <div class='ocr_carea' id='block_1_91' title="bbox 1918 4600 3491 4703">
    <p class='ocr_par' dir='ltr' id='par_1_91' title="bbox 1918 4609 3491 4701">
     <span class='ocr_line' id='line_1_92' title="bbox 1918 4609 3491 4701; baseline 0.011 -29"><span class='ocrx_word' id='word_1_701' title='bbox 1918 4634 2128 4675; x_wconf 88' lang='lat' dir='ltr'><strong>manam</strong></span> <span class='ocrx_word' id='word_1_702' title='bbox 2162 4633 2415 4679; x_wconf 87' lang='lat' dir='ltr'><strong>naturam</strong></span> <span class='ocrx_word' id='word_1_703' title='bbox 2446 4626 2677 4692; x_wconf 89' lang='lat' dir='ltr'><strong>creavit,</strong></span> <span class='ocrx_word' id='word_1_704' title='bbox 2710 4609 2960 4698; x_wconf 77' lang='lat' dir='ltr'><strong>sequitur</strong></span> <span class='ocrx_word' id='word_1_705' title='bbox 3000 4641 3058 4686; x_wconf 91' lang='lat' dir='ltr'><strong>ut</strong></span> <span class='ocrx_word' id='word_1_706' title='bbox 3088 4632 3328 4701; x_wconf 84' lang='lat' dir='ltr'><strong>ejusdem</strong></span> <span class='ocrx_word' id='word_1_707' title='bbox 3368 4653 3491 4691; x_wconf 89' lang='lat' dir='ltr'><strong>cum</strong></span> 
     </span>
    </p>
   </div>
   <div class='ocr_carea' id='block_1_92' title="bbox 225 4717 1801 4793">
    <p class='ocr_par' dir='ltr' id='par_1_92' title="bbox 225 4717 1801 4793">
     <span class='ocr_line' id='line_1_93' title="bbox 225 4717 1801 4793; baseline -0.001 -17"><span class='ocrx_word' id='word_1_708' title='bbox 225 4724 321 4776; x_wconf 81' lang='grc' dir='ltr'><strong>καὶ</strong></span> <span class='ocrx_word' id='word_1_709' title='bbox 354 4721 471 4792; x_wconf 82' lang='grc' dir='ltr'><strong>Υίῷ</strong></span> <span class='ocrx_word' id='word_1_710' title='bbox 493 4736 507 4752; x_wconf 89' lang='grc'><strong>·</strong></span> <span class='ocrx_word' id='word_1_711' title='bbox 542 4723 601 4773; x_wconf 79' lang='grc' dir='ltr'><strong>ἐν</strong></span> <span class='ocrx_word' id='word_1_712' title='bbox 626 4721 731 4792; x_wconf 82' lang='grc' dir='ltr'><strong>γὰρ</strong></span> <span class='ocrx_word' id='word_1_713' title='bbox 763 4724 829 4792; x_wconf 81' lang='grc' dir='ltr'><strong>τῇ</strong></span> <span class='ocrx_word' id='word_1_714' title='bbox 869 4720 963 4774; x_wconf 91' lang='grc' dir='ltr'><strong>τοῦ</strong></span> <span class='ocrx_word' id='word_1_715' title='bbox 993 4720 1282 4792; x_wconf 82' lang='grc' dir='ltr'><strong>ἀνθρώπου</strong></span> <span class='ocrx_word' id='word_1_716' title='bbox 1329 4723 1546 4793; x_wconf 82' lang='grc' dir='ltr'><strong>ποιήσει</strong></span> <span class='ocrx_word' id='word_1_717' title='bbox 1592 4717 1743 4775; x_wconf 82' lang='grc' dir='ltr'><strong>εἶπεν</strong></span> <span class='ocrx_word' id='word_1_718' title='bbox 1773 4723 1801 4775; x_wconf 85' lang='grc' dir='ltr'><strong>ὀ</strong></span> 
     </span>
    </p>
   </div>
   <div class='ocr_carea' id='block_1_93' title="bbox 224 4813 1797 4887">
    <p class='ocr_par' dir='ltr' id='par_1_93' title="bbox 224 4813 1797 4887">
     <span class='ocr_line' id='line_1_94' title="bbox 224 4813 1797 4887; baseline -0.001 -18"><span class='ocrx_word' id='word_1_719' title='bbox 224 4815 360 4878; x_wconf 70' lang='lat' dir='ltr'><strong>Sed;</strong></span> <span class='ocrx_word' id='word_1_720' title='bbox 377 4831 393 4846; x_wconf 92' lang='grc'><strong>·</strong></span> <span class='ocrx_word' id='word_1_721' title='bbox 432 4833 451 4865; x_wconf 80' lang='grc' dir='ltr'><strong>ε</strong></span> <span class='ocrx_word' id='word_1_722' title='bbox 482 4814 805 4885; x_wconf 83' lang='grc' dir='ltr'><strong>Ποιήσωμεν</strong></span> <span class='ocrx_word' id='word_1_723' title='bbox 827 4813 1112 4885; x_wconf 76' lang='grc' dir='ltr'><strong>ἄνθρωπον</strong></span> <span class='ocrx_word' id='word_1_724' title='bbox 1135 4816 1253 4868; x_wconf 76' lang='grc' dir='ltr'><strong>κατ’</strong></span> <span class='ocrx_word' id='word_1_725' title='bbox 1288 4815 1473 4868; x_wconf 82' lang='grc' dir='ltr'><strong>εἰκόνα</strong></span> <span class='ocrx_word' id='word_1_726' title='bbox 1497 4815 1797 4887; x_wconf 80' lang='grc' dir='ltr'><strong>ἡμετέραν,</strong></span> 
     </span>
    </p>
   </div>
   <div class='ocr_carea' id='block_1_94' title="bbox 226 4898 1798 4978">
    <p class='ocr_par' dir='ltr' id='par_1_94' title="bbox 226 4898 1798 4978">
     <span class='ocr_line' id='line_1_95' title="bbox 226 4898 1798 4978; baseline 0.001 -20"><span class='ocrx_word' id='word_1_727' title='bbox 226 4905 321 4958; x_wconf 79' lang='grc' dir='ltr'><strong>καὶ</strong></span> <span class='ocrx_word' id='word_1_728' title='bbox 349 4902 470 4958; x_wconf 85' lang='grc' dir='ltr'><strong>καθ’</strong></span> <span class='ocrx_word' id='word_1_729' title='bbox 493 4903 769 4975; x_wconf 83' lang='grc' dir='ltr'><strong>ὁμοίωσιν.</strong></span> <span class='ocrx_word' id='word_1_730' title='bbox 808 4898 942 4956; x_wconf 73' lang='grc' dir='ltr'><strong>»Ὧν</strong></span> <span class='ocrx_word' id='word_1_731' title='bbox 963 4904 1070 4976; x_wconf 73' lang='grc' dir='ltr'><strong>δέή</strong></span> <span class='ocrx_word' id='word_1_732' title='bbox 1106 4904 1269 4960; x_wconf 73' lang='grc' dir='ltr'><strong>εἰκὼν</strong></span> <span class='ocrx_word' id='word_1_733' title='bbox 1308 4906 1426 4978; x_wconf 89' lang='grc' dir='ltr'><strong>μία,</strong></span> <span class='ocrx_word' id='word_1_734' title='bbox 1451 4906 1654 4960; x_wconf 85' lang='grc' dir='ltr'><strong>τούτων</strong></span> <span class='ocrx_word' id='word_1_735' title='bbox 1700 4905 1798 4975; x_wconf 87' lang='grc' dir='ltr'><strong>δη-</strong></span> 
     </span>
    </p>
   </div>
   <div class='ocr_carea' id='block_1_95' title="bbox 230 4995 942 5067">
    <p class='ocr_par' dir='ltr' id='par_1_95' title="bbox 230 4995 942 5067">
     <span class='ocr_line' id='line_1_96' title="bbox 230 4995 942 5067; baseline 0.003 -18"><span class='ocrx_word' id='word_1_736' title='bbox 230 4995 408 5051; x_wconf 82' lang='grc' dir='ltr'><strong>λονότι</strong></span> <span class='ocrx_word' id='word_1_737' title='bbox 444 4995 541 5049; x_wconf 75' lang='grc' dir='ltr'><strong>καὶ</strong></span> <span class='ocrx_word' id='word_1_738' title='bbox 571 4996 603 5066; x_wconf 76' lang='grc' dir='ltr'><strong>ἡ</strong></span> <span class='ocrx_word' id='word_1_739' title='bbox 632 4995 788 5048; x_wconf 82' lang='grc' dir='ltr'><strong>οὐσία</strong></span> <span class='ocrx_word' id='word_1_740' title='bbox 825 4995 942 5067; x_wconf 86' lang='grc' dir='ltr'><strong>μία.</strong></span> 
     </span>
    </p>
   </div>
   <div class='ocr_carea' id='block_1_96' title="bbox 393 5196 1656 5267">
    <p class='ocr_par' dir='ltr' id='par_1_96' title="bbox 393 5196 1656 5267">
     <span class='ocr_line' id='line_1_97' title="bbox 393 5196 1656 5267; baseline 0.001 -16"><span class='ocrx_word' id='word_1_741' title='bbox 393 5197 521 5252; x_wconf 80' lang='lat' dir='ltr'><strong>Kl&quot;.</strong></span> <span class='ocrx_word' id='word_1_742' title='bbox 561 5196 691 5250; x_wconf 80' lang='grc' dir='ltr'><strong>Ὀτι</strong></span> <span class='ocrx_word' id='word_1_743' title='bbox 719 5196 788 5250; x_wconf 84' lang='grc' dir='ltr'><strong>ἐκ</strong></span> <span class='ocrx_word' id='word_1_744' title='bbox 822 5196 971 5251; x_wconf 84' lang='grc' dir='ltr'><strong>Θεοῦ</strong></span> <span class='ocrx_word' id='word_1_745' title='bbox 1003 5196 1069 5250; x_wconf 83' lang='grc' dir='ltr'><strong>τὸ</strong></span> <span class='ocrx_word' id='word_1_746' title='bbox 1104 5196 1345 5266; x_wconf 78' lang='grc' dir='ltr'><strong>Πνεῦμα</strong></span> <span class='ocrx_word' id='word_1_747' title='bbox 1372 5197 1438 5251; x_wconf 83' lang='grc' dir='ltr'><strong>τὸ</strong></span> <span class='ocrx_word' id='word_1_748' title='bbox 1469 5198 1656 5267; x_wconf 73' lang='grc' dir='ltr'><strong>ἄτιον.</strong></span> 
     </span>
    </p>
   </div>
   <div class='ocr_carea' id='block_1_97' title="bbox 298 5271 1798 5381">
    <p class='ocr_par' dir='ltr' id='par_1_97' title="bbox 298 5271 1798 5381">
     <span class='ocr_line' id='line_1_98' title="bbox 298 5271 1798 5381; baseline 0.001 -17"><span class='ocrx_word' id='word_1_749' title='bbox 298 5310 420 5364; x_wconf 82' lang='grc' dir='ltr'><strong>Ὅτι</strong></span> <span class='ocrx_word' id='word_1_750' title='bbox 453 5309 510 5363; x_wconf 80' lang='grc' dir='ltr'><strong>δέ</strong></span> <span class='ocrx_word' id='word_1_751' title='bbox 547 5309 734 5373; x_wconf 81' lang='grc' dir='ltr'><strong>οὐσίας</strong></span> <span class='ocrx_word' id='word_1_752' title='bbox 764 5307 914 5373; x_wconf 78' lang='grc' dir='ltr'><strong>θείας</strong></span> <span class='ocrx_word' id='word_1_753' title='bbox 944 5271 1179 5381; x_wconf 67' lang='grc' dir='ltr'><strong>ύπάρχέι</strong></span> <span class='ocrx_word' id='word_1_754' title='bbox 1207 5311 1267 5365; x_wconf 86' lang='grc' dir='ltr'><strong>τὸ</strong></span> <span class='ocrx_word' id='word_1_755' title='bbox 1294 5310 1519 5380; x_wconf 88' lang='grc' dir='ltr'><strong>Πνεῦμα</strong></span> <span class='ocrx_word' id='word_1_756' title='bbox 1542 5312 1600 5365; x_wconf 85' lang='grc' dir='ltr'><strong>τὸ</strong></span> <span class='ocrx_word' id='word_1_757' title='bbox 1623 5312 1798 5380; x_wconf 73' lang='grc' dir='ltr'><strong>ἅγιον,</strong></span> 
     </span>
    </p>
   </div>
   <div class='ocr_carea' id='block_1_98' title="bbox 296 5483 1457 5548">
    <p class='ocr_par' dir='ltr' id='par_1_98' title="bbox 296 5483 1457 5548">
     <span class='ocr_line' id='line_1_99' title="bbox 296 5483 1457 5548; baseline 0.001 -8"><span class='ocrx_word' id='word_1_758' title='bbox 296 5486 343 5519; x_wconf 74' lang='grc'><strong>⁸³</strong></span> <span class='ocrx_word' id='word_1_759' title='bbox 368 5484 407 5540; x_wconf 95' lang='grc' dir='ltr'><strong>ΙΙ</strong></span> <span class='ocrx_word' id='word_1_760' title='bbox 430 5484 555 5540; x_wconf 89' lang='lat' dir='ltr'><strong>Cor.</strong></span> <span class='ocrx_word' id='word_1_761' title='bbox 583 5499 702 5548; x_wconf 77' lang='lat' dir='ltr'><strong>xm,</strong></span> <span class='ocrx_word' id='word_1_762' title='bbox 741 5486 825 5541; x_wconf 78' lang='lat' dir='ltr'><strong>i3.</strong></span> <span class='ocrx_word' id='word_1_763' title='bbox 928 5484 973 5517; x_wconf 73' lang='grc' dir='ltr'><strong>δ’</strong></span> <span class='ocrx_word' id='word_1_764' title='bbox 999 5483 1016 5537; x_wconf 90' lang='lat' dir='ltr'><strong>l</strong></span> <span class='ocrx_word' id='word_1_765' title='bbox 1047 5484 1170 5540; x_wconf 85' lang='lat' dir='ltr'><strong>Cor.</strong></span> <span class='ocrx_word' id='word_1_766' title='bbox 1216 5502 1311 5547; x_wconf 70' lang='grc' dir='ltr'><strong>χιι,</strong></span> <span class='ocrx_word' id='word_1_767' title='bbox 1342 5486 1457 5541; x_wconf 70' lang='grc' dir='ltr'><strong>ιο6.</strong></span> 
     </span>
    </p>
   </div>
   <div class='ocr_carea' id='block_1_99' title="bbox 329 5710 1793 5782">
    <p class='ocr_par' dir='ltr' id='par_1_99' title="bbox 329 5710 1793 5782">
     <span class='ocr_line' id='line_1_100' title="bbox 329 5710 1793 5782; baseline 0.001 -17"><span class='ocrx_word' id='word_1_768' title='bbox 329 5711 379 5782; x_wconf 91' lang='grc'>1)</span> <span class='ocrx_word' id='word_1_769' title='bbox 421 5711 581 5765; x_wconf 75' lang='lat' dir='ltr'><strong>Vides</strong></span> <span class='ocrx_word' id='word_1_770' title='bbox 614 5710 753 5780; x_wconf 87' lang='lat' dir='ltr'><strong>apud</strong></span> <span class='ocrx_word' id='word_1_771' title='bbox 784 5710 1040 5782; x_wconf 74' lang='lat' dir='ltr'><strong>Cyrillum</strong></span> <span class='ocrx_word' id='word_1_772' title='bbox 1081 5719 1226 5782; x_wconf 77' lang='lat' dir='ltr'><strong>recte</strong></span> <span class='ocrx_word' id='word_1_773' title='bbox 1265 5710 1505 5782; x_wconf 74' lang='lat' dir='ltr'><strong>additum</strong></span> <span class='ocrx_word' id='word_1_774' title='bbox 1542 5713 1634 5765; x_wconf 74' lang='grc' dir='ltr'><strong>καὶ</strong></span> <span class='ocrx_word' id='word_1_775' title='bbox 1682 5714 1793 5766; x_wconf 89' lang='grc' dir='ltr'><strong>Πα-</strong></span> 
     </span>
    </p>
   </div>
   <div class='ocr_carea' id='block_1_100' title="bbox 233 5712 1793 5851">
    <p class='ocr_par' dir='ltr' id='par_1_100' title="bbox 233 5712 1793 5851">
     <span class='ocr_line' id='line_1_101' title="bbox 329 5712 1793 5782; baseline 0.001 -17"><span class='ocrx_word' id='word_1_776' title='bbox 329 5712 379 5782; x_wconf 92' lang='grc'>1)</span> <span class='ocrx_word' id='word_1_777' title='bbox 421 5712 581 5765; x_wconf 75' lang='lat' dir='ltr'><strong>Vides</strong></span> <span class='ocrx_word' id='word_1_778' title='bbox 614 5712 753 5780; x_wconf 88' lang='lat' dir='ltr'><strong>apud</strong></span> <span class='ocrx_word' id='word_1_779' title='bbox 784 5712 1040 5781; x_wconf 82' lang='lat' dir='ltr'><strong>Cyrillum</strong></span> <span class='ocrx_word' id='word_1_780' title='bbox 1081 5719 1226 5765; x_wconf 77' lang='lat' dir='ltr'><strong>recte</strong></span> <span class='ocrx_word' id='word_1_781' title='bbox 1265 5712 1505 5765; x_wconf 85' lang='lat' dir='ltr'><strong>additum</strong></span> <span class='ocrx_word' id='word_1_782' title='bbox 1542 5713 1634 5765; x_wconf 74' lang='grc' dir='ltr'><strong>καὶ</strong></span> <span class='ocrx_word' id='word_1_783' title='bbox 1682 5714 1793 5766; x_wconf 89' lang='grc' dir='ltr'><strong>Πα-</strong></span> 
     </span>
     <span class='ocr_line' id='line_1_102' title="bbox 233 5712 1793 5851; baseline 0.002 -18"><span class='ocrx_word' id='word_1_784' title='bbox 233 5712 381 5851; x_wconf 48' lang='grc' dir='ltr'><strong>ηᾸς,</strong></span> <span class='ocrx_word' id='word_1_785' title='bbox 411 5797 532 5850; x_wconf 79' lang='lat' dir='ltr'><strong>qua:</strong></span> <span class='ocrx_word' id='word_1_786' title='bbox 566 5783 729 5835; x_wconf 73' lang='lat' dir='ltr'><strong>dictio</strong></span> <span class='ocrx_word' id='word_1_787' title='bbox 780 5780 934 5838; x_wconf 82' lang='lat' dir='ltr'><strong>deest</strong></span> <span class='ocrx_word' id='word_1_788' title='bbox 989 5782 1041 5833; x_wconf 92' lang='lat' dir='ltr'><strong>in</strong></span> <span class='ocrx_word' id='word_1_789' title='bbox 1090 5781 1274 5851; x_wconf 83' lang='lat' dir='ltr'><strong>multis</strong></span> <span class='ocrx_word' id='word_1_790' title='bbox 1302 5779 1430 5834; x_wconf 83' lang='lat' dir='ltr'><strong>Novi</strong></span> <span class='ocrx_word' id='word_1_791' title='bbox 1465 5781 1793 5836; x_wconf 80' lang='lat' dir='ltr'><strong>Testamenti</strong></span> 
     </span>
    </p>
   </div>
   <div class='ocr_carea' id='block_1_101' title="bbox 231 5850 1796 5919">
    <p class='ocr_par' dir='ltr' id='par_1_101' title="bbox 231 5850 1796 5919">
     <span class='ocr_line' id='line_1_103' title="bbox 231 5850 1796 5919; baseline 0.003 -13"><span class='ocrx_word' id='word_1_792' title='bbox 231 5850 526 5919; x_wconf 69' lang='lat' dir='ltr'><strong>radicibus,</strong></span> <span class='ocrx_word' id='word_1_793' title='bbox 566 5862 620 5909; x_wconf 88' lang='lat' dir='ltr'><strong>ct</strong></span> <span class='ocrx_word' id='word_1_794' title='bbox 653 5861 827 5907; x_wconf 82' lang='lat' dir='ltr'><strong>tamen</strong></span> <span class='ocrx_word' id='word_1_795' title='bbox 858 5850 1166 5907; x_wconf 75' lang='lat' dir='ltr'><strong>necessaria</strong></span> <span class='ocrx_word' id='word_1_796' title='bbox 1194 5852 1278 5906; x_wconf 83' lang='lat' dir='ltr'><strong>hic</strong></span> <span class='ocrx_word' id='word_1_797' title='bbox 1310 5861 1390 5907; x_wconf 86' lang='lat' dir='ltr'><strong>cst</strong></span> <span class='ocrx_word' id='word_1_798' title='bbox 1416 5853 1480 5906; x_wconf 84' lang='lat' dir='ltr'><strong>ad</strong></span> <span class='ocrx_word' id='word_1_799' title='bbox 1517 5851 1796 5910; x_wconf 81' lang='lat' dir='ltr'><strong>Trinitatis</strong></span> 
     </span>
    </p>
   </div>
   <div class='ocr_carea' id='block_1_102' title="bbox 1555 5488 1697 5519">
    <p class='ocr_par' dir='ltr' id='par_1_102' title="bbox 1555 5488 1697 5519">
     <span class='ocr_line' id='line_1_104' title="bbox 1555 5488 1697 5519; baseline 0.014 -2"><span class='ocrx_word' id='word_1_800' title='bbox 1555 5488 1601 5519; x_wconf 78' lang='grc' dir='ltr'><strong>Ιθ</strong></span> <span class='ocrx_word' id='word_1_801' title='bbox 1629 5488 1697 5519; x_wconf 58' lang='grc' dir='ltr'><strong>ιιά</strong></span> 
     </span>
    </p>
   </div>
   <div class='ocr_carea' id='block_1_103' title="bbox 230 5488 1807 5628">
    <p class='ocr_par' dir='ltr' id='par_1_103' title="bbox 230 5488 1807 5628">
     <span class='ocr_line' id='line_1_105' title="bbox 296 5488 1807 5548; baseline 0.001 -8"><span class='ocrx_word' id='word_1_802' title='bbox 296 5488 343 5519; x_wconf 75' lang='grc'><strong>⁸⁸</strong></span> <span class='ocrx_word' id='word_1_803' title='bbox 368 5488 407 5540; x_wconf 94' lang='lat' dir='ltr'><strong>Il</strong></span> <span class='ocrx_word' id='word_1_804' title='bbox 430 5488 555 5540; x_wconf 87' lang='lat' dir='ltr'><strong>Cor.</strong></span> <span class='ocrx_word' id='word_1_805' title='bbox 583 5499 702 5548; x_wconf 75' lang='lat' dir='ltr'><strong>xm,</strong></span> <span class='ocrx_word' id='word_1_806' title='bbox 741 5488 825 5541; x_wconf 77' lang='lat' dir='ltr'><strong>l3.</strong></span> <span class='ocrx_word' id='word_1_807' title='bbox 928 5488 973 5517; x_wconf 78' lang='lat'><em>“</em></span> <span class='ocrx_word' id='word_1_808' title='bbox 999 5488 1016 5537; x_wconf 92' lang='lat' dir='ltr'><strong>l</strong></span> <span class='ocrx_word' id='word_1_809' title='bbox 1047 5488 1170 5540; x_wconf 83' lang='lat' dir='ltr'><strong>Cor.</strong></span> <span class='ocrx_word' id='word_1_810' title='bbox 1216 5502 1311 5547; x_wconf 77' lang='lat' dir='ltr'><strong>xit,</strong></span> <span class='ocrx_word' id='word_1_811' title='bbox 1342 5488 1457 5541; x_wconf 61' lang='lat'><strong>5-6.</strong></span> <span class='ocrx_word' id='word_1_812' title='bbox 1555 5488 1601 5519; x_wconf 82' lang='lat'><strong>‘°</strong></span> <span class='ocrx_word' id='word_1_813' title='bbox 1629 5488 1757 5542; x_wconf 88' lang='lat' dir='ltr'><strong>ibid.</strong></span> <span class='ocrx_word' id='word_1_814' title='bbox 1788 5488 1807 5541; x_wconf 98' lang='grc'><strong>1</strong></span> 
     </span>
     <span class='ocr_line' id='line_1_106' title="bbox 230 5555 1781 5628; baseline -0.002 -14"><span class='ocrx_word' id='word_1_815' title='bbox 230 5559 275 5590; x_wconf 78' lang='grc'><strong><em>⁸⁵</em></strong></span> <span class='ocrx_word' id='word_1_816' title='bbox 308 5557 408 5613; x_wconf 83' lang='lat' dir='ltr'><strong>lsa.</strong></span> <span class='ocrx_word' id='word_1_817' title='bbox 440 5571 627 5623; x_wconf 76' lang='grc' dir='ltr'><strong>ιινιιι,</strong></span> <span class='ocrx_word' id='word_1_818' title='bbox 659 5555 743 5610; x_wconf 87' lang='grc'><strong>16.</strong></span> <span class='ocrx_word' id='word_1_819' title='bbox 814 5557 858 5589; x_wconf 82' lang='grc'><strong>³⁸</strong></span> <span class='ocrx_word' id='word_1_820' title='bbox 884 5556 984 5611; x_wconf 85' lang='lat' dir='ltr'><strong>lsa.</strong></span> <span class='ocrx_word' id='word_1_821' title='bbox 1011 5572 1140 5621; x_wconf 77' lang='lat' dir='ltr'><strong>xxx,</strong></span> <span class='ocrx_word' id='word_1_822' title='bbox 1167 5555 1215 5610; x_wconf 90' lang='grc'>1.</span> <span class='ocrx_word' id='word_1_823' title='bbox 1295 5558 1341 5589; x_wconf 79' lang='grc'><strong><em>⁵⁵</em></strong></span> <span class='ocrx_word' id='word_1_824' title='bbox 1365 5559 1498 5628; x_wconf 80' lang='lat' dir='ltr'><strong>Agg.</strong></span> <span class='ocrx_word' id='word_1_825' title='bbox 1521 5573 1579 5624; x_wconf 84' lang='lat' dir='ltr'><strong>ll,</strong></span> <span class='ocrx_word' id='word_1_826' title='bbox 1611 5559 1662 5613; x_wconf 89' lang='grc'><strong>6.</strong></span> <span class='ocrx_word' id='word_1_827' title='bbox 1737 5559 1781 5591; x_wconf 83' lang='grc'><strong>⁸⁷</strong></span> 
     </span>
    </p>
   </div>
   <div class='ocr_carea' id='block_1_104' title="bbox 1918 5488 2206 5628">
    <p class='ocr_par' dir='ltr' id='par_1_104' title="bbox 1948 5488 2206 5619">
     <span class='ocr_line' id='line_1_107' title="bbox 1975 5488 2206 5542; baseline -0.004 -2"><span class='ocrx_word' id='word_1_828' title='bbox 1975 5489 2016 5519; x_wconf 83' lang='grc'><strong>⁸¹</strong></span> <span class='ocrx_word' id='word_1_829' title='bbox 2060 5488 2206 5542; x_wconf 47' lang='grc' dir='ltr'><strong>Βοιιιη</strong></span> 
     </span>
     <span class='ocr_line' id='line_1_108' title="bbox 1948 5558 2206 5619; baseline 0.004 -7"><span class='ocrx_word' id='word_1_830' title='bbox 1948 5567 2120 5619; x_wconf 72' lang='lat' dir='ltr'><strong>xx’xtt.</strong></span> <span class='ocrx_word' id='word_1_831' title='bbox 2152 5558 2206 5613; x_wconf 88' lang='lat'><strong>8.</strong></span> 
     </span>
    </p>
   </div>
   <div class='ocr_carea' id='block_1_105' title="bbox 1910 4709 3491 4791">
    <p class='ocr_par' dir='ltr' id='par_1_105' title="bbox 1910 4709 3491 4791">
     <span class='ocr_line' id='line_1_109' title="bbox 1910 4709 3491 4791; baseline 0.012 -27"><span class='ocrx_word' id='word_1_832' title='bbox 1910 4709 2073 4768; x_wconf 87' lang='lat' dir='ltr'><strong>Patre</strong></span> <span class='ocrx_word' id='word_1_833' title='bbox 2104 4729 2165 4769; x_wconf 89' lang='lat' dir='ltr'><strong>ac</strong></span> <span class='ocrx_word' id='word_1_834' title='bbox 2189 4713 2329 4771; x_wconf 84' lang='lat' dir='ltr'><strong>Filio</strong></span> <span class='ocrx_word' id='word_1_835' title='bbox 2356 4716 2679 4773; x_wconf 68' lang='lat' dir='ltr'><strong>substantia:</strong></span> <span class='ocrx_word' id='word_1_836' title='bbox 2732 4719 2827 4775; x_wconf 90' lang='lat' dir='ltr'><strong>sit.</strong></span> <span class='ocrx_word' id='word_1_837' title='bbox 2865 4719 3110 4791; x_wconf 82' lang='lat' dir='ltr'><strong>Namque</strong></span> <span class='ocrx_word' id='word_1_838' title='bbox 3153 4725 3207 4779; x_wconf 91' lang='lat' dir='ltr'><strong>in</strong></span> <span class='ocrx_word' id='word_1_839' title='bbox 3255 4725 3491 4783; x_wconf 81' lang='lat' dir='ltr'><strong>hominis</strong></span> 
     </span>
    </p>
   </div>
   <div class='ocr_carea' id='block_1_106' title="bbox 1910 4808 3487 4885">
    <p class='ocr_par' dir='ltr' id='par_1_106' title="bbox 1910 4808 3487 4885">
     <span class='ocr_line' id='line_1_110' title="bbox 1910 4808 3487 4885; baseline 0.01 -25"><span class='ocrx_word' id='word_1_840' title='bbox 1910 4808 2197 4862; x_wconf 89' lang='lat' dir='ltr'><strong>creatione</strong></span> <span class='ocrx_word' id='word_1_841' title='bbox 2221 4809 2360 4863; x_wconf 82' lang='lat' dir='ltr'><strong>dixit</strong></span> <span class='ocrx_word' id='word_1_842' title='bbox 2388 4809 2530 4865; x_wconf 89' lang='lat' dir='ltr'><strong>Deus</strong></span> <span class='ocrx_word' id='word_1_843' title='bbox 2557 4828 2571 4865; x_wconf 90' lang='lat'><strong>:</strong></span> <span class='ocrx_word' id='word_1_844' title='bbox 2608 4830 2626 4862; x_wconf 77' lang='grc' dir='ltr'><strong>ι</strong></span> <span class='ocrx_word' id='word_1_845' title='bbox 2651 4810 2941 4867; x_wconf 85' lang='lat' dir='ltr'><strong>Faciamus</strong></span> <span class='ocrx_word' id='word_1_846' title='bbox 2963 4815 3179 4885; x_wconf 74' lang='lat' dir='ltr'><strong>701m</strong></span> <span class='ocrx_word' id='word_1_847' title='bbox 3212 4816 3487 4875; x_wconf 82' lang='lat' dir='ltr'><strong>hominem</strong></span> 
     </span>
    </p>
   </div>
   <div class='ocr_carea' id='block_1_107' title="bbox 1906 4898 3495 4978">
    <p class='ocr_par' dir='ltr' id='par_1_107' title="bbox 1906 4898 3495 4978">
     <span class='ocr_line' id='line_1_111' title="bbox 1906 4898 3495 4978; baseline 0.008 -26"><span class='ocrx_word' id='word_1_848' title='bbox 1906 4898 1974 4953; x_wconf 85' lang='lat' dir='ltr'><strong>ad</strong></span> <span class='ocrx_word' id='word_1_849' title='bbox 2000 4900 2288 4971; x_wconf 79' lang='lat' dir='ltr'><strong>imaginem</strong></span> <span class='ocrx_word' id='word_1_850' title='bbox 2318 4911 2556 4957; x_wconf 86' lang='lat' dir='ltr'><strong>nostram</strong></span> <span class='ocrx_word' id='word_1_851' title='bbox 2576 4918 2643 4958; x_wconf 89' lang='lat' dir='ltr'><strong>ac</strong></span> <span class='ocrx_word' id='word_1_852' title='bbox 2666 4904 3073 4960; x_wconf 86' lang='lat' dir='ltr'><strong>similitudinem</strong></span> <span class='ocrx_word' id='word_1_853' title='bbox 3105 4907 3174 4963; x_wconf 82' lang='grc'><strong>⁸⁸.</strong></span> <span class='ocrx_word' id='word_1_854' title='bbox 3203 4928 3220 4960; x_wconf 74' lang='grc' dir='ltr'><strong>ι</strong></span> <span class='ocrx_word' id='word_1_855' title='bbox 3256 4909 3495 4978; x_wconf 88' lang='lat' dir='ltr'><strong>Quorum</strong></span> 
     </span>
    </p>
   </div>
   <div class='ocr_carea' id='block_1_108' title="bbox 1910 4996 3499 5074">
    <p class='ocr_par' dir='ltr' id='par_1_108' title="bbox 1910 4996 3499 5074">
     <span class='ocr_line' id='line_1_112' title="bbox 1910 4996 3499 5074; baseline 0.008 -28"><span class='ocrx_word' id='word_1_856' title='bbox 1910 5000 2093 5047; x_wconf 88' lang='lat' dir='ltr'><strong>autem</strong></span> <span class='ocrx_word' id='word_1_857' title='bbox 2122 5009 2225 5048; x_wconf 90' lang='lat' dir='ltr'><strong>una</strong></span> <span class='ocrx_word' id='word_1_858' title='bbox 2269 5004 2352 5049; x_wconf 88' lang='lat' dir='ltr'><strong>est</strong></span> <span class='ocrx_word' id='word_1_859' title='bbox 2383 4996 2585 5067; x_wconf 80' lang='lat' dir='ltr'><strong>imago,</strong></span> <span class='ocrx_word' id='word_1_860' title='bbox 2620 5011 2806 5052; x_wconf 81' lang='lat' dir='ltr'><strong>eorum</strong></span> <span class='ocrx_word' id='word_1_861' title='bbox 2842 4998 3092 5055; x_wconf 88' lang='lat' dir='ltr'><strong>videlicet</strong></span> <span class='ocrx_word' id='word_1_862' title='bbox 3132 5015 3236 5055; x_wconf 88' lang='lat' dir='ltr'><strong>una</strong></span> <span class='ocrx_word' id='word_1_863' title='bbox 3284 5017 3499 5074; x_wconf 84' lang='lat' dir='ltr'><strong>quoque</strong></span> 
     </span>
    </p>
   </div>
   <div class='ocr_carea' id='block_1_109' title="bbox 1910 5084 2347 5141">
    <p class='ocr_par' dir='ltr' id='par_1_109' title="bbox 1910 5084 2347 5141">
     <span class='ocr_line' id='line_1_113' title="bbox 1910 5084 2347 5141; baseline 0 -2"><span class='ocrx_word' id='word_1_864' title='bbox 1910 5084 2210 5140; x_wconf 85' lang='lat' dir='ltr'><strong>substantia</strong></span> <span class='ocrx_word' id='word_1_865' title='bbox 2245 5095 2347 5141; x_wconf 91' lang='lat' dir='ltr'><strong>est.</strong></span> 
     </span>
    </p>
   </div>
   <div class='ocr_carea' id='block_1_110' title="bbox 2088 5196 3349 5268">
    <p class='ocr_par' dir='ltr' id='par_1_110' title="bbox 2088 5196 3349 5268">
     <span class='ocr_line' id='line_1_114' title="bbox 2088 5196 3349 5268; baseline 0.006 -17"><span class='ocrx_word' id='word_1_866' title='bbox 2088 5196 2275 5253; x_wconf 79' lang='lat' dir='ltr'><strong>XXIII.</strong></span> <span class='ocrx_word' id='word_1_867' title='bbox 2312 5197 2463 5264; x_wconf 83' lang='lat' dir='ltr'><strong>Quod</strong></span> <span class='ocrx_word' id='word_1_868' title='bbox 2503 5214 2568 5253; x_wconf 72' lang='lat' dir='ltr'><strong>ex</strong></span> <span class='ocrx_word' id='word_1_869' title='bbox 2609 5198 2714 5254; x_wconf 84' lang='lat' dir='ltr'><strong>Deo</strong></span> <span class='ocrx_word' id='word_1_870' title='bbox 2742 5202 2810 5255; x_wconf 85' lang='lat' dir='ltr'><strong>sit</strong></span> <span class='ocrx_word' id='word_1_871' title='bbox 2847 5198 3077 5268; x_wconf 85' lang='lat' dir='ltr'><strong>Spiritus</strong></span> <span class='ocrx_word' id='word_1_872' title='bbox 3113 5215 3349 5259; x_wconf 82' lang='lat' dir='ltr'><strong>sanctus.</strong></span> 
     </span>
    </p>
   </div>
   <div class='ocr_carea' id='block_1_111' title="bbox 1984 5311 3492 5385">
    <p class='ocr_par' dir='ltr' id='par_1_111' title="bbox 1984 5311 3492 5385">
     <span class='ocr_line' id='line_1_115' title="bbox 1984 5311 3492 5385; baseline 0.005 -23"><span class='ocrx_word' id='word_1_873' title='bbox 1984 5311 2139 5385; x_wconf 79' lang='lat' dir='ltr'><strong>Quod</strong></span> <span class='ocrx_word' id='word_1_874' title='bbox 2190 5322 2372 5366; x_wconf 89' lang='lat' dir='ltr'><strong>autem</strong></span> <span class='ocrx_word' id='word_1_875' title='bbox 2419 5311 2601 5366; x_wconf 86' lang='lat' dir='ltr'><strong>divina</strong></span> <span class='ocrx_word' id='word_1_876' title='bbox 2647 5322 2860 5367; x_wconf 88' lang='lat' dir='ltr'><strong>constet</strong></span> <span class='ocrx_word' id='word_1_877' title='bbox 2905 5314 3213 5369; x_wconf 80' lang='lat' dir='ltr'><strong>substantia</strong></span> <span class='ocrx_word' id='word_1_878' title='bbox 3250 5314 3492 5385; x_wconf 87' lang='lat' dir='ltr'><strong>Spiritus</strong></span> 
     </span>
    </p>
   </div>
   <div class='ocr_carea' id='block_1_112' title="bbox 1975 5488 2878 5625">
    <p class='ocr_par' dir='ltr' id='par_1_112' title="bbox 1975 5488 2878 5625">
     <span class='ocr_line' id='line_1_116' title="bbox 1975 5488 2878 5549; baseline 0.009 -10"><span class='ocrx_word' id='word_1_879' title='bbox 1975 5489 2016 5519; x_wconf 83' lang='grc'><strong>⁸¹</strong></span> <span class='ocrx_word' id='word_1_880' title='bbox 2060 5488 2218 5542; x_wconf 83' lang='lat' dir='ltr'><strong>Rom.</strong></span> <span class='ocrx_word' id='word_1_881' title='bbox 2246 5505 2361 5549; x_wconf 81' lang='lat' dir='ltr'><strong>vm.</strong></span> <span class='ocrx_word' id='word_1_882' title='bbox 2396 5490 2481 5545; x_wconf 82' lang='grc'><strong>15.</strong></span> <span class='ocrx_word' id='word_1_883' title='bbox 2584 5491 2628 5522; x_wconf 85' lang='grc'><strong>⁸¹</strong></span> <span class='ocrx_word' id='word_1_884' title='bbox 2666 5490 2792 5546; x_wconf 74' lang='grc' dir='ltr'><strong>ἱΙιίιΙ.</strong></span> <span class='ocrx_word' id='word_1_885' title='bbox 2826 5491 2878 5548; x_wconf 74' lang='lat'><strong>2.</strong></span> 
     </span>
     <span class='ocr_line' id='line_1_117' title="bbox 1975 5558 2717 5625; baseline 0.004 -13"><span class='ocrx_word' id='word_1_886' title='bbox 1975 5567 2120 5619; x_wconf 70' lang='lat' dir='ltr'><strong>LXXII.</strong></span> <span class='ocrx_word' id='word_1_887' title='bbox 2152 5558 2206 5613; x_wconf 88' lang='lat'><strong>8.</strong></span> <span class='ocrx_word' id='word_1_888' title='bbox 2313 5559 2359 5592; x_wconf 85' lang='grc'><strong>⁸⁸</strong></span> <span class='ocrx_word' id='word_1_889' title='bbox 2384 5559 2519 5614; x_wconf 89' lang='lat' dir='ltr'><strong>Gen.</strong></span> <span class='ocrx_word' id='word_1_890' title='bbox 2549 5577 2587 5625; x_wconf 95' lang='grc' dir='ltr'><strong>ι,</strong></span> <span class='ocrx_word' id='word_1_891' title='bbox 2628 5560 2717 5615; x_wconf 75' lang='grc'><strong>26.</strong></span> 
     </span>
    </p>
   </div>
   <div class='ocr_carea' id='block_1_113' title="bbox 2979 5491 3487 5552">
    <p class='ocr_par' dir='ltr' id='par_1_113' title="bbox 2979 5491 3487 5552">
     <span class='ocr_line' id='line_1_118' title="bbox 2979 5491 3487 5552; baseline 0.01 -5"><span class='ocrx_word' id='word_1_892' title='bbox 2979 5493 3024 5525; x_wconf 83' lang='grc'>⁸³</span> <span class='ocrx_word' id='word_1_893' title='bbox 3050 5491 3092 5548; x_wconf 89' lang='lat' dir='ltr'><strong>ll</strong></span> <span class='ocrx_word' id='word_1_894' title='bbox 3121 5494 3245 5551; x_wconf 88' lang='lat' dir='ltr'><strong>Cor.</strong></span> <span class='ocrx_word' id='word_1_895' title='bbox 3279 5511 3360 5551; x_wconf 90' lang='grc' dir='ltr'><strong>ιιι.</strong></span> <span class='ocrx_word' id='word_1_896' title='bbox 3399 5495 3487 5552; x_wconf 80' lang='grc'><strong>17.</strong></span> 
     </span>
    </p>
   </div>
   <div class='ocr_carea' id='block_1_114' title="bbox 1904 5713 2646 5784">
    <p class='ocr_par' dir='ltr' id='par_1_114' title="bbox 1904 5713 2646 5784">
     <span class='ocr_line' id='line_1_119' title="bbox 1904 5713 2646 5784; baseline 0.008 -17"><span class='ocrx_word' id='word_1_897' title='bbox 1904 5713 2117 5784; x_wconf 84' lang='lat' dir='ltr'><strong>plenam</strong></span> <span class='ocrx_word' id='word_1_898' title='bbox 2159 5716 2646 5773; x_wconf 84' lang='lat' dir='ltr'><strong>enumerationem.</strong></span> 
     </span>
    </p>
   </div>
   <div class='ocr_carea' id='block_1_115' title="bbox 1906 5783 3489 5868">
    <p class='ocr_par' dir='ltr' id='par_1_115' title="bbox 1906 5783 3489 5868">
     <span class='ocr_line' id='line_1_120' title="bbox 1906 5783 3489 5868; baseline 0.011 -33"><span class='ocrx_word' id='word_1_899' title='bbox 1906 5783 1917 5865; x_wconf 23' lang='grc' dir='ltr'>ὲ</span> <span class='ocrx_word' id='word_1_900' title='bbox 1965 5784 2049 5868; x_wconf 68' lang='grc' dir='ltr'><strong>Δ(2)</strong></span> <span class='ocrx_word' id='word_1_901' title='bbox 2091 5783 2166 5836; x_wconf 88' lang='lat' dir='ltr'><strong>Ita</strong></span> <span class='ocrx_word' id='word_1_902' title='bbox 2195 5787 2374 5868; x_wconf 53' lang='lat' dir='ltr'><strong>codex</strong></span> <span class='ocrx_word' id='word_1_903' title='bbox 2406 5787 2672 5859; x_wconf 81' lang='grc' dir='ltr'><strong>διανέμει,</strong></span> <span class='ocrx_word' id='word_1_904' title='bbox 2705 5791 2821 5847; x_wconf 85' lang='lat' dir='ltr'><strong>sine</strong></span> <span class='ocrx_word' id='word_1_905' title='bbox 2852 5792 2961 5849; x_wconf 85' lang='lat' dir='ltr'><strong>ulla</strong></span> <span class='ocrx_word' id='word_1_906' title='bbox 2990 5801 3149 5851; x_wconf 85' lang='lat' dir='ltr'><strong>antea</strong></span> <span class='ocrx_word' id='word_1_907' title='bbox 3182 5796 3264 5853; x_wconf 81' lang='lat' dir='ltr'><strong>vel</strong></span> <span class='ocrx_word' id='word_1_908' title='bbox 3304 5807 3489 5868; x_wconf 80' lang='lat' dir='ltr'><strong>postea</strong></span> 
     </span>
    </p>
   </div>
   <div class='ocr_carea' id='block_1_116' title="bbox 1906 5862 2357 5929">
    <p class='ocr_par' dir='ltr' id='par_1_116' title="bbox 1906 5862 2357 5929">
     <span class='ocr_line' id='line_1_121' title="bbox 1906 5862 2357 5929; baseline 0.007 -21"><span class='ocrx_word' id='word_1_909' title='bbox 1906 5862 2357 5929; x_wconf 79' lang='lat' dir='ltr'><strong>interpnnclionc.</strong></span> 
     </span>
    </p>
   </div>
  </div>
