4006 6462
293 418 421 473 “8|

1625 414 1709 468 DE
1750 410 2144 467 TRINITATE.

3420 404 3559 461 uss

289 535 597 607 Κυρίου,ὂς
623 535 947 605 σομδιϐάσει
975 534 1443 605 αὑτόν;Ἦμεῖςδὲ
1471 532 1594 586 νοῦν
1622 531 1856 604 Χριστοῦ

1973 530 2225 586 habemus
2266 529 2331 583 “.
2387 548 2404 580 ι
2466 528 2601 582 Dum
2650 526 2727 581 ait
2786 526 3007 593 itaque:
3063 543 3080 574 ι
3145 522 3253 578 Nos
3304 523 3555 592 spiritum

285 628 508 695 ἔχομεν.
555 646 571 677 t
610 624 816 678 Οὑκοῦν
841 624 917 693 τῷ
939 627 1113 677 εἰπεῖν
1146 626 1227 677 ὄτι
1261 645 1278 677 ι
1312 626 1387 677 Οῦ
1416 624 1476 676 τὸ
1516 623 1735 692 πνεῦμα
1762 623 1857 675 τοῦ

285 726 497 793 κόσμου
532 723 815 791 ἐλάσομεν,
840 722 974 775 ἀλλὰ
1004 722 1065 773 τὸ
1101 720 1324 789 Πνεῦμα
1353 719 1413 773 τὸ
1435 720 1497 771 ὲκ
1520 719 1613 772 τοῦ
1646 719 1805 782 Θεοῦ,
1836 739 1853 769 ι

284 817 528 880 ἐδίδαξεν
572 817 667 884 οὑχ
699 815 957 883 ὁμογενὲς
982 816 1055 883 (Ι)
1079 814 1153 883 τῷ
1185 814 1392 882 κόσμῳ,
1429 813 1563 866 ἀλλὰ
1582 812 1681 882 τῆς
1712 812 1861 874 θείας

285 909 533 976 ὑπάρχον
597 907 783 969 οὑσίας
830 906 891 958 τὸ
939 905 1163 976 [1νεῦμά
1227 904 1287 957 τὸ
1336 904 1509 973 ᾰγιον-
1563 905 1673 958 Καὶ
1714 903 1859 973 πρὸς

283 1000 462 1067 τούτῳ
509 996 763 1060 ἐδίδαξεν,
802 997 877 1058 ὡς
922 998 981 1049 οὑ
1018 996 1268 1065 περὶτοῦ
1314 994 1450 1048 Θεοῦ
1500 996 1592 1048 καὶ¹
1644 995 1859 1064 Πατρὺς

286 1090 401 1159 ἔχει
435 1090 527 1141 τὸν
561 1091 761 1156 Λόγον,
782 1090 916 1145 ἀλλὰ
944 1090 1068 1158 περὶ
1097 1090 1187 1141 τοῦ
1223 1091 1377 1158 ἁγίου
1426 1091 1761 1159 Πνεὺματος,
1800 1084 1860 1143 οῦ

283 1184 385 1249 τὴν
424 1182 580 1250 χάριν
611 1181 976 1251 λαμϐάνουσιν
998 1182 1046 1232 οἱ
1076 1182 1442 1244 πιστεύοντες.
1485 1184 1575 1234 Διὸ
1604 1184 1664 1235 τὸ
1693 1183 1863 1235 Πνεῦο

286 1288 364 1337 μα
392 1266 513 1322 εἷπε
546 1270 605 1322 τὸ
625 1274 689 1323 ὲκ
710 1270 804 1323 τοῦ
839 1270 993 1335 Θεοῦ,
1029 1271 1294 1323 διδάσκων
1330 1271 1405 1333 ὡς
1442 1273 1505 1323 ἐκ
1526 1272 1618 1324 τοῦ
1651 1273 1861 1343 Πατρὸς

283 1360 397 1428 ἔχει
438 1360 693 1432 ὓπαρξιν,
726 1362 982 1431 κάκείνης
1017 1363 1253 1431 ὑπάρχει
1296 1365 1395 1431 τῆς
1430 1362 1667 1429 φύσεως,
1701 1363 1761 1416 οὐ
1805 1365 1861 1416 δὲ

280 1452 641 1519 γεννητικῶς,
677 1453 789 1505 ἀλλ’
829 1454 907 1516 ὡς
938 1450 1043 1506 οἶδε
1088 1454 1247 1521 μόνος
1287 1454 1315 1505 6
1349 1457 1439 1507 τὸν
1476 1455 1602 1507 Υίὸν
1636 1454 1859 1508 ἐπιστά-

287 1557 469 1608 μενος,
508 1544 601 1593 καὶ
645 1545 673 1594 6
705 1542 861 1612 μόνος
906 1544 995 1595 τὸν
1041 1544 1257 1613 Πατέρα
1300 1544 1604 1612 γινώσκων,
1662 1546 1754 1597 καὶ
1799 1546 1862 1599 τὸ

287 1632 452 1699 μόνον
475 1634 693 1702 Πατέρα
741 1633 815 1703 (Ξ)
860 1635 949 1686 καὶ
988 1634 1116 1686 Υίὸν
1146 1636 1509 1705 ἐπιστάμενον
1530 1654 1543 1666 ·
1578 1637 1605 1689 ὃ
1632 1639 1694 1688 ἐκ
1724 1635 1860 1688 Θεοῦ

288 1723 712 1792 μεμαθήκαμεν,
746 1724 836 1775 τὸν
871 1724 1145 1795 δὲτρόπον
1176 1726 1276 1779 οὐκ
1316 1726 1697 1797 ἐδιδάχθημεν.
1739 1728 1863 1798 ’Δρ-

1961 624 2143 677 mundi
2176 639 2277 675 non
2301 622 2631 689 accepimus,
2658 621 2749 674 sed
2776 621 2865 688 qui
2894 635 2957 674 ex
2993 618 3102 675 Deo
3122 617 3503 687 estSpiritum,
3534 636 3551 671 ι

1963 713 2353 768 demonstravit
2384 728 2488 766 non
2535 726 2655 766 esse
2688 711 2890 783 mundo
2938 711 3332 781 homogeneum
3381 707 3556 777 Spiri-

1964 813 2072 857 tum
2116 811 2384 865 sanctum,
2414 801 2507 855 sed
2540 801 2722 855 divina
2753 808 2949 854 natura
2987 798 3295 868 praeditum.
3334 798 3558 864 insuper

1963 896 2360 950 demonstravit
2402 908 2741 963 nequaquam
2782 905 2843 947 se
2897 893 2963 945 de
3014 893 3121 945 Deo
3166 889 3329 944 Patre
3387 886 3554 956 loqui,

1962 990 2055 1044 sed
2111 990 2175 1041 de
2226 997 2414 1041 sancto
2480 988 2722 1057 Spiritu,
2782 982 2938 1052 cujus
2985 985 3217 1055 gratiam
3269 982 3555 1035 credentes

1964 1080 2253 1148 accipiunt.
2316 1079 2438 1132 ideo
2472 1089 2527 1132 et
2571 1078 2706 1132 dixit
2739 1076 3001 1147 Spiritum
3041 1076 3132 1146 qui
3183 1089 3249 1129 ex
3283 1074 3392 1128 Deo
3446 1082 3554 1138 est,

1964 1170 2163 1224 docens
2210 1184 2332 1223 eum
2363 1187 2394 1223 a
2422 1168 2581 1224 Patre
2633 1170 2837 1224 habere
2881 1166 3289 1231 exsistentiam,
3318 1173 3373 1219 et
3412 1163 3557 1219 illius

1962 1275 2083 1315 esse
2126 1272 2364 1321 naturae,
2404 1276 2508 1314 non
2566 1260 2811 1329 profecto
2868 1258 3133 1330 genitum.
3164 1258 3259 1312 sed
3299 1249 3380 1309 eo'
3398 1254 3555 1307 modo

1962 1366 2122 1423 quem
2154 1351 2300 1406 solus
2332 1351 2419 1406 ille
2442 1352 2546 1406 scit
2575 1355 2663 1421 qui
2696 1352 2892 1406 Filium
2923 1350 3092 1412 novit,
3125 1358 3179 1403 et
3207 1348 3299 1417 qui
3334 1346 3549 1400 Patrem

1965 1445 2111 1499 novit
2146 1443 2333 1508 Filius,
2363 1455 2416 1498 et
2448 1446 2492 1499 is
2531 1445 2762 1513 denique
2788 1444 2878 1513 qui
2908 1441 3056 1498 solus
3084 1440 3300 1495 Patrem
3329 1438 3554 1493 Filium-

1962 1550 2067 1605 que
2123 1536 2271 1591 novit
2307 1554 2322 1602 ;
2356 1552 2515 1605 quam
2570 1538 2786 1604 quidem
2844 1550 2958 1590 rem
3007 1551 3037 1588 a
3084 1534 3196 1587 Deo
3245 1530 3552 1592 didicimus,

1963 1631 2056 1686 sed
2114 1631 2332 1685 modum
2394 1632 2569 1685 edocti
2626 1646 2729 1683 non
2782 1629 3001 1683 fuimus.
3063 1625 3315 1682 Contenti
3369 1623 3556 1691 itaque

1964 1722 2135 1777 simus
2165 1723 2291 1776 data
2318 1722 2520 1777 notitiae
2558 1736 2828 1784 mensura,
2868 1734 3046 1788 neque
3082 1718 3329 1789 imperite
3351 1722 3558 1771 scrute-

284 1787 533 1880 κούμεθα
564 1787 619 1866 δὲ
649 1816 759 1875 τοίς
807 1787 1006 1866 δοθείσί
1053 1815 1271 1885 μέτροις
1305 1819 1403 1885 τῆς
1436 1787 1719 1883 fingam,
1766 1787 1860 1872 καὶ

1973 1827 2086 1867 ιιιιιι·
2114 1828 2234 1882 qua
2264 1813 2645 1881 comprehendi
2672 1828 2778 1867 non
2812 1820 3035 1881 queunt.

280 1906 343 1955 οὑ
383 1904 947 1976 πολυπραγμονοῦμεν
968 1908 1246 1975 αγνοήτως
1276 1908 1341 1961 τὰ
1371 1910 1658 1977 ἀνέφικτα.

318 2057 445 2111 KA'.
500 2059 623 2111 Ὀτι
671 2062 704 2113 ό
744 2061 933 2128 μέγας
995 2062 1353 2127 ’λπόστολος
1402 2063 1550 2117 Θεὸν
1592 2058 1717 2117 οἶδε
1760 2063 1825 2115 τὸ

769 2131 1014 2197 Πνεῦμα
1064 2134 1131 2183 τὸ
1180 2131 1372 2198 ἅγιον.

354 2242 478 2293 Ὀτι
512 2241 569 2293 δὲ
620 2241 712 2294 τοῦ
768 2243 903 2296 Θεοῦ
931 2244 992 2295 τὸ
1054 2244 1277 2313 Πνεῦμα
1319 2244 1381 2295 τὸ
1423 2246 1597 2313 ἆγιον,
1642 2245 1805 2298 πάλιν
1836 2247 1865 2298 6

282 2334 498 2397 Παῦλος
527 2336 674 2405 ἡμᾶς
716 2337 984 2389 διδάσκει·
1018 2356 1036 2387 ι
1077 2337 1498 2402 Ἀπελούσασθε,
1539 2338 1733 2406 λέγων,
1769 2341 1865 2392 καὶ

280 2424 588 2495 ἡγιάσθητε
624 2426 718 2478 καὶ
756 2426 1110 2496 ἐδικαιώθητε
1144 2431 1202 2480 ἐν
1234 2428 1312 2497 τῷ
1348 2429 1571 2497 ὀνόματι
1608 2428 1703 2481 τοῦ
1750 2430 1862 2481 Κυ-

285 2520 403 2590 ρίου
439 2518 597 2588 ἡμῶν
631 2519 802 2588 Ἰησοῦ
831 2520 1090 2588 Χριστοῦ,
1127 2521 1219 2573 καὶ
1265 2523 1323 2573 ὲν
1351 2520 1428 2593 τῷ
1456 2521 1733 2591 Πνεύματι
1767 2519 1861 2573 τοῦ

280 2607 418 2660 Θεοῦ
450 2608 629 2676 ἡμῶν.
660 2627 678 2659 t
735 2608 893 2673 Τίνος
923 2610 1031 2680 γὰρ
1080 2611 1265 2663 ἕνεκεν
1295 2612 1415 2663 ναοὶ
1465 2612 1866 2683 προσαγορευό-

284 2698 427 2768 μεθα
462 2698 594 2751 Θεοῦ
619 2700 708 2751 διὰ
750 2699 842 2751 τοῦ
876 2700 1253 2770 βαπτίσματος
1284 2703 1382 2773 τὴν
1415 2704 1510 2754 τοῦ
1546 2704 1862 2773 Πνεύματος

277 2786 566 2857 δεχόμενοι
598 2787 780 2858 χάριν,
815 2789 861 2838 εί
898 2788 971 2857 μὴ
1000 2788 1133 2851 Θεὸς
1173 2789 1408 2859 ὑπάρχει
1441 2791 1503 2843 τὸ
1547 2790 1771 2861 Πνεῦμα
1802 2793 1864 2845 τὸ

279 2876 475 2942 ἃγιον;
521 2878 603 2929 ὅτι
635 2877 691 2929 δὲ
723 2878 839 2929 ναοὶ
872 2875 967 2929 τοῦ
1012 2879 1328 2947 Πνεύματος
1361 2882 1410 2931 οἱ
1462 2882 1641 2933 πιστοὶ
1695 2898 1865 2952 προσο

279 2966 660 3036 αγορεύονται,
688 2969 716 3021 6
755 2969 916 3031 αὐτὸς
955 2972 1102 3041 ἡμᾶς
1150 2971 1467 3033 ’Δπόστολος
1488 2972 1729 3025 διδάσκει
1774 2970 1863 3027 λέ-

280 3075 396 3127 γων
422 3074 434 3087 ο
469 3077 484 3108 ι
514 3059 629 3110 Οὐκ
656 3057 833 3110 οῑδατε
858 3060 939 3111 ὅτι
966 3060 1035 3111 τά
1076 3059 1304 3129 σώματα
1337 3061 1490 3130 ὑμῶν
1518 3063 1641 3124 ναὸς
1677 3062 1771 3115 τοῦ
1807 3066 1863 3116 ἐν

280 3151 413 3219 ὑμῖν
442 3150 598 3216 ἁγίου
636 3148 952 3219 Πνεύματός
983 3151 1119 3214 ὲστι,
1151 3145 1211 3204 οῦ
1241 3151 1392 3220 ἔχετε
1417 3152 1525 3204 ἀπὸ
1577 3151 1670 3205 τοῦ
1704 3152 1860 3217 Θεοῦ,

280 3242 376 3292 καὶ
399 3241 500 3293 οὑκ
526 3240 647 3293 ἐστὲ
676 3240 918 3307 ἐαυτῶν;
951 3241 1291 3311 ἠγοράσθητε
1321 3242 1428 3312 γάρ
1454 3243 1638 3313 τιμῆς.
1664 3262 1683 3294 ι
1718 3244 1776 3295 ’0
1808 3244 1864 3297 δὲ

278 3331 411 3394 ναὸς
439 3330 532 3384 τὸν
550 3331 865 3385 ἐνοικοῦντα
893 3332 1153 3403 κηρύττει
1184 3332 1315 3385 Θεόν
1336 3351 1349 3363 ο
1381 3332 1463 3385 διὸ
1494 3335 1584 3385 καὶ
1610 3333 1867 3402 ἀνωτέρω

281 3424 470 3491 ἔλεγεν
491 3440 503 3451 ·
530 3442 548 3472 ι
578 3424 690 3476 Οὐκ
718 3424 892 3477 οἴδατε
924 3426 1004 3477 ὅτι
1040 3425 1165 3487 ναὸς
1193 3424 1286 3477 τοῦ
1318 3424 1453 3478 Θεοῦ
1495 3428 1640 3489 ὲστε,
1682 3427 1775 3479 καὶ
1807 3425 1868 3479 τὸ

280 3515 509 3582 Πνεῦμα
541 3514 634 3567 τοῦ
663 3515 797 3567 Θεοῦ
823 3517 964 3568 οἰκεῖ
994 3519 1050 3568 ὲν
1075 3518 1201 3585 ὑμῖν
1226 3534 1239 3581 ;
1289 3517 1355 3568 Ei’
1375 3534 1457 3576 τις
1492 3516 1580 3567 τὸν
1616 3518 1741 3569 ναὸν
1773 3517 1867 3570 τοῦ

278 3607 419 3659 Θεοῦ
457 3606 690 3674 φθείρει,
721 3606 911 3675 φθερεῖ
943 3606 1134 3659 τοῦτον
1166 3610 1194 3660 ὁ
1220 3607 1351 3670 Θεός
1372 3626 1384 3640 ·
1422 3611 1449 3661 6
1477 3610 1583 3682 γὰρ
1614 3609 1704 3663 τοῦ
1731 3610 1867 3664 Θεοῦ

280 3700 410 3759 ναὸς
436 3696 592 3763 ἅγιός
626 3697 793 3758 ἐστιν,
820 3698 1016 3759 οἵτινές
1046 3700 1168 3750 ἐστε
1206 3700 1381 3766 ὑμεῖς.
1418 3720 1435 3749 ›
1465 3701 1527 3752 El
1560 3700 1739 3753 τοίνυν
1771 3702 1869 3771 τὴν

281 3789 445 3859 χάριν
485 3786 578 3838 τοῦ
625 3787 943 3858 Πνεύματος
976 3789 1065 3841 διὰ
1092 3789 1186 3841 τοῦ
1240 3790 1613 3861 βαπτίσματος
1655 3793 1869 3863 λαμϐά-

281 3895 468 3935 νουσιν
498 3879 547 3931 oi
585 3879 952 3943 πιστεύοντες,
985 3879 1186 3949 ταύτης
1229 3880 1285 3933 δὲ
1322 3884 1426 3953 τῆς
1452 3883 1659 3953 δωρεᾶς
1693 3882 1873 3947 ἀξιού-

287 3985 461 4038 μενοι,
492 3968 618 4029 ναὸς
642 3968 777 4021 Θεοῦ
810 3970 1241 4040 χρηματίζομεν,
1266 3971 1398 4033 Θεὸς
1431 3972 1537 4043 ἄρα
1564 3973 1625 4026 τὸ
1648 3973 1872 4043 Πνεῦμα

284 4061 345 4111 τὸ
368 4060 542 4126 Ξιγιον.
566 4059 769 4113 Τούτου
794 4061 975 4129 χάριν,
995 4062 1043 4113 εί
1070 4062 1347 4131 ὲνοίκησις
1370 4064 1464 4116 καὶ
1485 4065 1611 4128 ναὸς
1640 4064 1779 4119 Θεοῦ
1818 4068 1867 4120 οἱ

285 4152 384 4219 τῆς
403 4150 497 4203 τοῦ
529 4151 850 4221 Πνεύματος
878 4151 1098 4223 χάριτος
1127 4153 1492 4218 ἀπολαύοντες
1514 4157 1619 4209 εἰσὶ
1652 4159 1744 4210 καὶ
1773 4175 1873 4210 κα-

286 4243 529 4307 λοῦνται,
575 4243 676 4312 τῆς
714 4242 862 4306 θείας
899 4244 1114 4313 φύσεως
1144 4244 1301 4314 δῆλον
1341 4246 1423 4299 ὅτι
1454 4246 1515 4299 τὸ
1546 4246 1770 4318 Πνεῦμα
1812 4250 1874 4303 τὸ

287 4334 466 4402 ἅγιον,
498 4333 590 4388 καὶ
617 4335 794 4404 Πατρὶ
825 4338 920 4388 καὶ
955 4335 1070 4406 Υίῷ
1102 4338 1408 4407 ὀμοούσιον.
1450 4340 1513 4392 Ei
1545 4340 1602 4392 δὲ
1638 4342 1870 4411 κτίσμα,

2037 2073 2250 2145 ’103ηι
2272 2074 2465 2129 XXIV.
2491 2074 2644 2139 Quod
2672 2090 2895 2145 magnus
2918 2073 3195 2145 Apostolus
3221 2071 3483 2143 Spiritum

2416 2155 2659 2198 sanciunt
2690 2142 2855 2197 Deum
2888 2159 2998 2197 esse
3028 2144 3201 2198 scivit.

2037 2258 2191 2324 Quod
2245 2266 2423 2310 autem
2492 2257 2583 2311 Dei
2629 2257 2698 2311 sit
2757 2256 2993 2324 Spiritus
3047 2265 3307 2319 sanctus,
3374 2255 3560 2310 denuo

1966 2350 2161 2405 Paulus
2194 2364 2291 2404 nos
2322 2350 2477 2403 docet
2508 2367 2521 2402 :
2556 2366 2573 2398 ι
2613 2348 2792 2402 Abluti
2831 2349 2991 2414 estis,
3020 2348 3232 2412 dicens,
3264 2354 3322 2402 et
3342 2345 3550 2401 sancti-

1969 2440 2109 2494 ﬁcati
2154 2450 2316 2508 atque
2344 2438 2623 2509 iustificati
2661 2439 2713 2493 in
2741 2438 2961 2493 nomine
2995 2437 3206 2493 Domini
3236 2438 3405 2492 nostri
3429 2434 3558 2493 Iesu

1968 2529 2185 2590 Christi,
2212 2538 2261 2582 et
2296 2528 2349 2582 in
2374 2528 2577 2597 Spiritu
2605 2528 2697 2583 Dei
2725 2530 2893 2583 nostri
2910 2528 2977 2583 ".
3001 2547 3020 2579 i
3046 2528 3157 2584 Cur
3183 2531 3329 2584 enim
3362 2528 3562 2600 templa

1968 2622 2059 2675 Dei
2090 2622 2440 2690 appellamur,
2467 2622 2556 2690 qui
2587 2637 2683 2689 per
2704 2622 3031 2691 baptismum
3078 2621 3313 2690 Spiritus
3335 2623 3561 2692 gratiam

1968 2714 2304 2781 recepimus,
2353 2712 2453 2767 nisi
2510 2713 2623 2780 ipse
2668 2723 2891 2768 sanctus
2929 2712 3166 2781 Spiritus
3227 2713 3368 2768 Deus
3415 2714 3560 2770 est?

1966 2803 2119 2870 Quod
2166 2815 2345 2857 autem
2393 2804 2630 2873 Spiritus
2686 2806 2885 2873 templa
2943 2803 3133 2860 ﬁdeles
3195 2804 3560 2876 appellentur,

1967 2897 2079 2964 ipse
2110 2911 2207 2951 nos
2242 2897 2400 2951 docet
2452 2895 2745 2965 Apostolus
2792 2898 2979 2952 dicens
3021 2918 3033 2952 :
3086 2915 3104 2948 ι
3147 2894 3384 2952 Nescitis
3421 2910 3564 2969 quo.

1967 2989 2108 3041 nism
2140 3002 2369 3056 corpora
2400 2999 2579 3043 vestra
2604 2990 2858 3056 templum
2894 3001 3020 3044 sunt
3047 2988 3165 3055 ejus
3190 2990 3279 3059 qui
3314 2988 3366 3041 in
3412 2987 3567 3041 vobis

1976 3087 2086 3143 est,
2117 3078 2286 3131 sancti
2329 3077 2589 3146 Spiritus,
2622 3092 2781 3145 quem
2813 3092 2841 3131 a
2878 3078 2987 3132 Deo
3015 3078 3228 3132 habetis
3249 3119 3265 3140 ,
3297 3092 3396 3133 nec
3431 3076 3565 3131 estis

1966 3171 2132 3223 vestri
2158 3168 2379 3237 ?Empti
2421 3168 2565 3222 enim
2591 3169 2726 3224 estis
2757 3169 2930 3237 pretio
2948 3171 3045 3223 ⁸⁸.»
3073 3167 3349 3239 Templum
3381 3180 3562 3225 autem

1969 3259 2359 3313 inhabitantem
2433 3259 2687 3327 praedicat
2738 3256 2929 3314 Deum.
2982 3259 3163 3326 Quare
3205 3270 3260 3313 et
3316 3257 3567 3328 superius

1969 3350 2146 3402 aiebat
2176 3368 2188 3402 :
2232 3369 2250 3400 ι
2283 3347 2516 3403 Nescitis
2543 3364 2635 3404 vos
2660 3348 2916 3416 templum
2950 3347 3041 3402 Dei
3074 3362 3219 3411 esse,
3251 3358 3305 3403 et
3333 3348 3384 3399 in
3413 3345 3568 3401 vobis

1970 3440 2215 3496 habitare
2252 3441 2513 3511 Spiritum
2551 3441 2687 3496 Dei?
2716 3440 2773 3496 Si
2798 3442 2921 3511 quis
2966 3439 3221 3510 templum
3264 3438 3355 3493 Dci
3396 3437 3569 3494 viola-

1970 3534 2141 3595 verit,
2195 3531 2469 3599 disperdet
2521 3531 2668 3586 illum
2722 3532 2884 3587 Deus.
2941 3524 3222 3599 Templum
3269 3530 3414 3583 enim
3469 3526 3565 3584 Dei

1970 3634 2217 3678 sanctum
2248 3633 2350 3689 esl,
2389 3624 2537 3693 quod
2585 3624 2719 3679 cstis
2752 3638 2848 3680 vos
2886 3623 2955 3679 ".
2996 3642 3015 3675 ι
3068 3621 3123 3677 Si
3169 3637 3299 3692 ergo
3331 3619 3567 3692 Spiritus

1972 3715 2197 3784 gratiam
2246 3729 2340 3784 per
2408 3716 2736 3783 baptismum
2801 3716 3071 3784 recipiunt
3113 3713 3431 3778 credentes,
3473 3712 3565 3781 qui

1972 3815 2099 3855 vero
2130 3802 2230 3855 hoc
2253 3802 2395 3857 dono
2437 3803 2582 3871 digni
2622 3803 2840 3869 fuimus,
2877 3805 3135 3873 templum
3170 3805 3259 3858 Dei
3282 3803 3566 3866 efﬁcimur,

1972 3893 2219 3959 sequitur
2256 3903 2313 3949 ut
2344 3894 2492 3949 Deus.
2512 3895 2585 3949 sit
2627 3893 2863 3964 Spiritus
2904 3905 3148 3949 sanctus.
3178 3893 3469 3963 Propterea
3518 3896 3566 3950 si

1975 3983 2340 4038 habitaculum
2367 3986 2732 4055 templumque
2768 3984 2885 4051 Dei,
2917 3985 2952 4039 ii
2984 3986 3075 4055 qui
3103 3986 3276 4055 gratis
3332 3981 3569 4051 Spiritus

1974 4072 2248 4139 fruuntur,
2281 4084 2407 4129 sunt
2436 4084 2488 4129 et
2515 4076 2881 4145 appellantur,
2907 4074 3246 4144 exploratum
3272 4082 3356 4127 est
3382 4071 3563 4126 divina

1974 4178 2165 4227 natura
2198 4181 2322 4222 esse
2374 4169 2657 4237 praeditum
2692 4168 2953 4237 Spiritum
2994 4175 3247 4223 sanctum
3274 4205 3289 4228 .
3320 4174 3376 4220 et
3416 4162 3565 4219 Patri

1974 4258 2218 4329 Filioque
2248 4261 2787 4316 consubstantialem.
2840 4258 2977 4314 Nam
3003 4260 3049 4315 si
3090 4268 3338 4315 creatura
3389 4257 3569 4312 diver-

1977 4364 2159 4420 saeque
2210 4351 2530 4407 substantiae
2580 4351 2752 4415 foret,
2814 4351 2955 4406 haud
3010 4361 3158 4407 recte
3215 4347 3411 4417 templa
3469 4345 3565 4401 Dei

290 4426 381 4477 καὶ
407 4424 466 4491 ἐξ
512 4425 704 4497 ἑτέρας
736 4426 925 4490 οὐσίας
963 4429 1242 4498 τυγχάνει,
1275 4432 1374 4482 οὑκ
1401 4431 1627 4495 είκῦτως
1658 4431 1725 4485 ἂν
1750 4432 1865 4486 ναοὶ

1974 4438 2378 4509 appellarentur
2402 4440 2435 4494 ii
2483 4440 2575 4509 qui
2601 4440 2759 4509 hujus
2792 4440 2993 4495 donum
3026 4448 3153 4493 sunt
3179 4438 3378 4507 adepti.
3413 4432 3569 4504 Quod

290 4515 783 4587 προσαγορευθείεν
839 4516 975 4572 Θεοῦ
1021 4520 1071 4571 οἱ
1118 4520 1217 4589 τῆς
1266 4520 1456 4574 τούτου
1510 4522 1873 4593 τυγχάνοντες

284 4604 495 4675 δωρεᾶς
521 4622 534 4636 ’
580 4609 628 4660 εί
674 4607 731 4660 δὲ
770 4609 889 4661 ναοὶ
934 4609 1070 4663 Θεοῦ
1116 4609 1493 4681 ὀνομάζονται,
1535 4617 1583 4667 οἱ
1639 4615 1872 4687 μερικῆς

286 4695 432 4757 τινὸς
472 4694 566 4748 καὶ
608 4695 867 4766 βραχείας
912 4700 1068 4769 παρὰ
1094 4703 1285 4754 τούτου
1324 4703 1546 4773 χάριτος
1572 4706 1873 4759 ἀπολαύον-

286 4802 399 4849 τες,
434 4787 498 4839 ix
532 4786 629 4859 τῆς
662 4791 1035 4861 προσηγορίας
1068 4794 1333 4863 νοήσομεν
1378 4795 1477 4866 τὴν
1523 4797 1869 4864 συγγένειαν.

290 4877 462 4929 Τοῦτο
493 4876 588 4929 κα)⁴
614 4877 722 4931 τῶν
747 4880 1060 4935 ἀποστόλων
1091 4886 1119 4936 6
1144 4886 1382 4953 κολοφὼν
1405 4889 1463 4941 ὲν
1484 4891 1603 4949 ταῖς
1632 4889 1675 4941 Π
1682 4889 1873 4961 ράξεσι

288 4966 552 5031 διδάσκει,
586 4968 680 5023 τοῦ
718 4970 959 5027 ’Δνανίου
980 4975 1080 5045 τὴν
1111 4976 1320 5049 κλοπὴν
1348 4978 1659 5051 διελέγχων.

426 5052 455 5082 ἓ·

292 5119 423 5173 KE’.
463 5120 594 5175 Ὀτι
636 5122 733 5176 καί
772 5127 807 5204 εξ
855 5126 1180 5204 ρεστιτέσιος
1221 5128 1442 5204 Πέτρος
1464 5131 1710 5198 συνῳὄά
1739 5136 1876 5204 περὶ

703 5194 810 5247 τοῦ
846 5198 1191 5265 Πνεύματος
1215 5199 1282 5251 δέ
1284 5194 1471 5269 lerat.

372 5320 390 5354 ι
437 5305 676 5371 Ἀνανία,
701 5308 834 5379 γάρ,
869 5313 1053 5380 φησὶν,
1086 5312 1169 5365 ἵνα
1206 5314 1258 5365 τί
1286 5317 1567 5384 ἠπάτησεν
1590 5318 1615 5368 ὁ
1635 5318 1876 5383 Σατανᾶς

1977 4530 2021 4585 si
2058 4530 2253 4599 templa
2288 4530 2379 4585 Dei
2420 4532 2759 4600 appellantur
2797 4532 2887 4601 qui
2926 4539 3081 4601 parte
3111 4530 3317 4600 aliqua,
3360 4538 3415 4582 et
3443 4527 3565 4597 qui-

1986 4620 2108 4675 dem
2135 4622 2352 4691 exigua,
2407 4623 2592 4693 gratia“:
2633 4625 2750 4692 ejus
2802 4631 3047 4687 utuntur,
3100 4622 3167 4677 de
3218 4618 3571 4690 appellatione

1977 4712 2367 4768 aestimabimus
2399 4717 2731 4769 consortium
2763 4714 2900 4782 ejus.
2945 4714 3080 4770 Rem
3124 4715 3264 4768 hanc
3290 4710 3566 4782 apostolo-

1982 4817 2099 4857 rum
2134 4818 2348 4873 qnoque
2409 4819 2545 4873 apex
2598 4806 2652 4860 in
2701 4804 2929 4861 Actibus
2979 4805 3161 4869 docet,
3194 4803 3319 4861 dum
3345 4802 3569 4856 Ananiae

1981 4891 2179 4949 furtum
2213 4898 2481 4967 coarguit.

1989 5135 2154 5193 XXV.
2183 5137 2337 5203 Quod
2364 5142 2521 5196 etiam
2552 5144 2706 5197 ditius
2733 5140 2920 5197 Petrus
2952 5154 3236 5197 consonam
3268 5140 3333 5194 de
3366 5130 3567 5209 Spiritu

2431 5224 2611 5267 sancto
2641 5215 2777 5284 gerit
2804 5214 3140 5268 sententiam.

2056 5338 2075 5371 ι
2114 5322 2349 5386 Anzmia,
2387 5324 2560 5393 inquit
2586 5325 2769 5391 enim,
2816 5338 2917 5380 cur
2941 5323 3155 5379 seduxit
3191 5321 3423 5377 Satanas
3471 5332 3566 5376 cor

369 5460 452 5516 “l
482 5464 591 5519 Cor
616 5478 673 5528 ιι,
703 5464 881 5520 Ιὲ-ιϐ.
956 5467 1169 5523 ⁵⁷1001·
1197 5484 1270 5535 νι,
1310 5472 1388 5525 ll.
1468 5472 1512 5502 "
1550 5472 1676 5527 ibid.
1720 5476 1803 5539 l9,
1836 5474 1865 5526 2

2012 5476 2055 5507 ⁸⁸
2094 5476 2109 5529 Ι
2140 5478 2373 5543 Cor.m,
2401 5477 2599 5545 16,17.

374 5640 449 5711 (Ι)
489 5642 621 5698 Cod.
650 5646 905 5701 mendose
935 5648 960 5698 ὁ
1001 5650 1316 5719 μονογενής,
1347 5649 1424 5703 τοι
1457 5660 1601 5703 certe
1622 5654 1876 5720 ὀμονογε-

299 5717 366 5778 νή

372 5751 449 5853 ἃ)
496 5782 593 5842 llic
629 5786 680 5841 iu
710 5786 829 5842 cod.
866 5787 1057 5845 iterum
1088 5789 1339 5846 inseritur
1373 5789 1468 5844 καὶ
1498 5791 1555 5843 τὸ
1583 5792 1740 5866 μόνον
1768 5793 1874 5846 Πα-

1972 5658 2103 5733 τερα
2132 5658 2439 5733 γινώσκων,
2480 5664 2622 5733 quod
2659 5662 2974 5720 mendosum
3008 5662 3179 5719 visum
3228 5668 3312 5716 cst
3371 5666 3428 5716 et
3458 5672 3563 5714 cx-

1975 5727 2317 5785 cludcudum.
