  <div class='ocr_page' id='page_1' title='image "/cluster/home/n/w/nwhite01/storage/ocr_20150623/75/ien.35556001661032/603.png"; bbox 0 0 4006 6448; ppageno 0'>
   <div class='ocr_carea' id='block_1_1' title="bbox 510 390 648 449">
    <p class='ocr_par' dir='ltr' id='par_1_1' title="bbox 510 390 648 449">
     <span class='ocr_line' id='line_1_1' title="bbox 510 390 648 449; baseline 0.007 -1"><span class='ocrx_word' id='word_1_1' title='bbox 510 390 648 449; x_wconf 75' lang='lat' dir='ltr'><strong>H83</strong></span> 
     </span>
    </p>
   </div>
   <div class='ocr_carea' id='block_1_2' title="bbox 1499 382 2739 471">
    <p class='ocr_par' dir='ltr' id='par_1_2' title="bbox 1499 382 2739 471">
     <span class='ocr_line' id='line_1_2' title="bbox 1499 382 2739 471; baseline -0.005 -26"><span class='ocrx_word' id='word_1_2' title='bbox 1499 388 1561 447; x_wconf 77' lang='grc' dir='ltr'><strong>Β.</strong></span> <span class='ocrx_word' id='word_1_3' title='bbox 1602 387 1876 445; x_wconf 69' lang='lat' dir='ltr'><strong>CYBILLI</strong></span> <span class='ocrx_word' id='word_1_4' title='bbox 1913 383 2382 444; x_wconf 72' lang='lat' dir='ltr'><strong>ALEXANDRINI</strong></span> <span class='ocrx_word' id='word_1_5' title='bbox 2422 382 2739 471; x_wconf 67' lang='lat' dir='ltr'><strong>ABCHIEP.</strong></span> 
     </span>
    </p>
   </div>
   <div class='ocr_carea' id='block_1_3' title="bbox 3609 382 3743 439">
    <p class='ocr_par' dir='ltr' id='par_1_3' title="bbox 3609 382 3743 439">
     <span class='ocr_line' id='line_1_3' title="bbox 3609 382 3743 439; baseline -0.007 0"><span class='ocrx_word' id='word_1_6' title='bbox 3609 382 3743 439; x_wconf 66' lang='lat'><strong>&quot;86</strong></span> 
     </span>
    </p>
   </div>
   <div class='ocr_carea' id='block_1_4' title="bbox 508 500 2047 582">
    <p class='ocr_par' dir='ltr' id='par_1_4' title="bbox 508 509 2047 582">
     <span class='ocr_line' id='line_1_4' title="bbox 508 509 2047 582; baseline 0.001 -18"><span class='ocrx_word' id='word_1_7' title='bbox 508 522 656 564; x_wconf 87' lang='lat' dir='ltr'><strong>tuum</strong></span> <span class='ocrx_word' id='word_1_8' title='bbox 689 519 747 565; x_wconf 91' lang='lat' dir='ltr'><strong>ut</strong></span> <span class='ocrx_word' id='word_1_9' title='bbox 772 509 974 577; x_wconf 98' lang='lat' dir='ltr'><strong>Spiritu</strong></span> <span class='ocrx_word' id='word_1_10' title='bbox 999 520 1190 566; x_wconf 85' lang='lat' dir='ltr'><strong>sancto</strong></span> <span class='ocrx_word' id='word_1_11' title='bbox 1214 511 1540 577; x_wconf 87' lang='lat' dir='ltr'><strong>mentireris,</strong></span> <span class='ocrx_word' id='word_1_12' title='bbox 1567 520 1623 566; x_wconf 91' lang='lat' dir='ltr'><strong>et</strong></span> <span class='ocrx_word' id='word_1_13' title='bbox 1659 514 1725 566; x_wconf 88' lang='lat' dir='ltr'><strong>de</strong></span> <span class='ocrx_word' id='word_1_14' title='bbox 1751 511 1862 582; x_wconf 83' lang='lat' dir='ltr'><strong>agri</strong></span> <span class='ocrx_word' id='word_1_15' title='bbox 1894 510 2047 579; x_wconf 77' lang='lat' dir='ltr'><strong>pretit</strong></span> 
     </span>
    </p>
   </div>
   <div class='ocr_carea' id='block_1_5' title="bbox 2150 500 3741 582">
    <p class='ocr_par' dir='ltr' id='par_1_5' title="bbox 2162 500 3741 577">
     <span class='ocr_line' id='line_1_5' title="bbox 2162 500 3741 577; baseline -0.003 -18"><span class='ocrx_word' id='word_1_16' title='bbox 2162 506 2261 577; x_wconf 75' lang='grc' dir='ltr'><strong>τὴν</strong></span> <span class='ocrx_word' id='word_1_17' title='bbox 2294 505 2521 577; x_wconf 76' lang='grc' dir='ltr'><strong>καρδίαν</strong></span> <span class='ocrx_word' id='word_1_18' title='bbox 2570 523 2664 559; x_wconf 85' lang='grc' dir='ltr'>σου</span> <span class='ocrx_word' id='word_1_19' title='bbox 2706 504 3016 576; x_wconf 79' lang='grc' dir='ltr'>ψεύσασθαι</span> <span class='ocrx_word' id='word_1_20' title='bbox 3052 506 3115 561; x_wconf 79' lang='grc' dir='ltr'>τὸ</span> <span class='ocrx_word' id='word_1_21' title='bbox 3160 508 3317 575; x_wconf 81' lang='grc' dir='ltr'>ἆγιον</span> <span class='ocrx_word' id='word_1_22' title='bbox 3355 500 3603 575; x_wconf 87' lang='grc' dir='ltr'>Πνεῦμα,</span> <span class='ocrx_word' id='word_1_23' title='bbox 3652 504 3741 557; x_wconf 76' lang='grc' dir='ltr'>καὶ</span> 
     </span>
    </p>
   </div>
   <div class='ocr_carea' id='block_1_6' title="bbox 508 600 2071 673">
    <p class='ocr_par' dir='ltr' id='par_1_6' title="bbox 508 600 2071 673">
     <span class='ocr_line' id='line_1_6' title="bbox 508 600 2071 673; baseline 0.002 -19"><span class='ocrx_word' id='word_1_24' title='bbox 508 602 784 656; x_wconf 78' lang='lat' dir='ltr'><strong>fraudares</strong></span> <span class='ocrx_word' id='word_1_25' title='bbox 804 602 850 633; x_wconf 87' lang='lat'>&quot;</span> <span class='ocrx_word' id='word_1_26' title='bbox 874 602 898 655; x_wconf 69' lang='grc' dir='ltr'>τ</span> <span class='ocrx_word' id='word_1_27' title='bbox 944 620 964 654; x_wconf 79' lang='lat' dir='ltr'><strong>r</strong></span> <span class='ocrx_word' id='word_1_28' title='bbox 996 600 1061 656; x_wconf 83' lang='lat' dir='ltr'><strong>Et</strong></span> <span class='ocrx_word' id='word_1_29' title='bbox 1086 618 1207 657; x_wconf 78' lang='lat' dir='ltr'><strong>mox</strong></span> <span class='ocrx_word' id='word_1_30' title='bbox 1240 623 1255 657; x_wconf 87' lang='lat'><strong>:</strong></span> <span class='ocrx_word' id='word_1_31' title='bbox 1284 602 1559 673; x_wconf 66' lang='lat' dir='ltr'><strong>7o‘m.r</strong></span> <span class='ocrx_word' id='word_1_32' title='bbox 1585 602 1700 657; x_wconf 85' lang='lat' dir='ltr'><strong>Non</strong></span> <span class='ocrx_word' id='word_1_33' title='bbox 1727 619 1786 658; x_wconf 84' lang='lat' dir='ltr'><strong>es</strong></span> <span class='ocrx_word' id='word_1_34' title='bbox 1817 603 2071 658; x_wconf 85' lang='lat' dir='ltr'><strong>mentitus</strong></span> 
     </span>
    </p>
   </div>
   <div class='ocr_carea' id='block_1_7' title="bbox 506 692 2073 764">
    <p class='ocr_par' dir='ltr' id='par_1_7' title="bbox 506 692 2073 764">
     <span class='ocr_line' id='line_1_7' title="bbox 506 692 2073 764; baseline 0 -18"><span class='ocrx_word' id='word_1_35' title='bbox 506 692 835 756; x_wconf 84' lang='lat' dir='ltr'><strong>hominibus,</strong></span> <span class='ocrx_word' id='word_1_36' title='bbox 865 693 958 747; x_wconf 87' lang='lat' dir='ltr'><strong>sed</strong></span> <span class='ocrx_word' id='word_1_37' title='bbox 991 692 1104 748; x_wconf 89' lang='lat' dir='ltr'><strong>Deo</strong></span> <span class='ocrx_word' id='word_1_38' title='bbox 1139 695 1205 747; x_wconf 90' lang='lat'><strong>&quot;&#39;.</strong></span> <span class='ocrx_word' id='word_1_39' title='bbox 1248 713 1267 747; x_wconf 74' lang='grc' dir='ltr'><strong>ι</strong></span> <span class='ocrx_word' id='word_1_40' title='bbox 1313 695 1445 747; x_wconf 84' lang='lat' dir='ltr'><strong>Nam</strong></span> <span class='ocrx_word' id='word_1_41' title='bbox 1482 695 1607 763; x_wconf 82' lang='lat' dir='ltr'><strong>quia</strong></span> <span class='ocrx_word' id='word_1_42' title='bbox 1659 694 1747 749; x_wconf 88' lang='lat' dir='ltr'><strong>ille</strong></span> <span class='ocrx_word' id='word_1_43' title='bbox 1790 704 2073 764; x_wconf 76' lang='lat' dir='ltr'><strong>potaverat</strong></span> 
     </span>
    </p>
   </div>
   <div class='ocr_carea' id='block_1_8' title="bbox 505 780 2069 852">
    <p class='ocr_par' dir='ltr' id='par_1_8' title="bbox 505 780 2069 852">
     <span class='ocr_line' id='line_1_8' title="bbox 505 780 2069 852; baseline 0.003 -20"><span class='ocrx_word' id='word_1_44' title='bbox 505 780 670 834; x_wconf 88' lang='lat' dir='ltr'><strong>latere</strong></span> <span class='ocrx_word' id='word_1_45' title='bbox 718 781 1025 848; x_wconf 70' lang='lat' dir='ltr'><strong>apostolos,</strong></span> <span class='ocrx_word' id='word_1_46' title='bbox 1071 791 1250 852; x_wconf 90' lang='lat' dir='ltr'><strong>utpote</strong></span> <span class='ocrx_word' id='word_1_47' title='bbox 1293 782 1566 847; x_wconf 85' lang='lat' dir='ltr'><strong>homines,</strong></span> <span class='ocrx_word' id='word_1_48' title='bbox 1606 783 1734 838; x_wconf 90' lang='lat' dir='ltr'><strong>dum</strong></span> <span class='ocrx_word' id='word_1_49' title='bbox 1782 784 1849 837; x_wconf 92' lang='lat' dir='ltr'><strong>de</strong></span> <span class='ocrx_word' id='word_1_50' title='bbox 1885 782 2069 852; x_wconf 74' lang='lat' dir='ltr'><strong>pra-dii</strong></span> 
     </span>
    </p>
   </div>
   <div class='ocr_carea' id='block_1_9' title="bbox 504 868 2067 942">
    <p class='ocr_par' dir='ltr' id='par_1_9' title="bbox 504 868 2067 942">
     <span class='ocr_line' id='line_1_9' title="bbox 504 868 2067 942; baseline 0.004 -23"><span class='ocrx_word' id='word_1_51' title='bbox 504 868 675 935; x_wconf 85' lang='lat' dir='ltr'><strong>pretio</strong></span> <span class='ocrx_word' id='word_1_52' title='bbox 699 883 859 936; x_wconf 89' lang='lat' dir='ltr'><strong>quam</strong></span> <span class='ocrx_word' id='word_1_53' title='bbox 883 870 1039 925; x_wconf 86' lang='lat' dir='ltr'><strong>libuit</strong></span> <span class='ocrx_word' id='word_1_54' title='bbox 1076 880 1281 941; x_wconf 86' lang='lat' dir='ltr'><strong>partem</strong></span> <span class='ocrx_word' id='word_1_55' title='bbox 1314 872 1675 937; x_wconf 79' lang='lat' dir='ltr'><strong>subtraheret,</strong></span> <span class='ocrx_word' id='word_1_56' title='bbox 1701 872 2067 942; x_wconf 74' lang='lat' dir='ltr'><strong>apostolorum</strong></span> 
     </span>
    </p>
   </div>
   <div class='ocr_carea' id='block_1_10' title="bbox 504 946 2067 1033">
    <p class='ocr_par' dir='ltr' id='par_1_10' title="bbox 504 946 2067 1033">
     <span class='ocr_line' id='line_1_10' title="bbox 504 946 2067 1033; baseline 0.004 -22"><span class='ocrx_word' id='word_1_57' title='bbox 504 946 749 1029; x_wconf 82' lang='lat' dir='ltr'><strong>princeps</strong></span> <span class='ocrx_word' id='word_1_58' title='bbox 780 975 903 1015; x_wconf 89' lang='lat' dir='ltr'><strong>eum</strong></span> <span class='ocrx_word' id='word_1_59' title='bbox 928 962 1118 1027; x_wconf 87' lang='lat' dir='ltr'><strong>docet,</strong></span> <span class='ocrx_word' id='word_1_60' title='bbox 1151 977 1245 1018; x_wconf 89' lang='lat' dir='ltr'><strong>eos</strong></span> <span class='ocrx_word' id='word_1_61' title='bbox 1292 962 1384 1032; x_wconf 85' lang='lat' dir='ltr'><strong>qui</strong></span> <span class='ocrx_word' id='word_1_62' title='bbox 1425 962 1659 1031; x_wconf 86' lang='lat' dir='ltr'><strong>Spiritus</strong></span> <span class='ocrx_word' id='word_1_63' title='bbox 1686 964 1856 1033; x_wconf 87' lang='lat' dir='ltr'><strong>gratia</strong></span> <span class='ocrx_word' id='word_1_64' title='bbox 1900 962 2067 1032; x_wconf 87' lang='lat' dir='ltr'><strong>polle-</strong></span> 
     </span>
    </p>
   </div>
   <div class='ocr_carea' id='block_1_11' title="bbox 502 1052 2063 1123">
    <p class='ocr_par' dir='ltr' id='par_1_11' title="bbox 502 1052 2063 1123">
     <span class='ocr_line' id='line_1_11' title="bbox 502 1052 2063 1123; baseline 0.003 -20"><span class='ocrx_word' id='word_1_65' title='bbox 502 1058 643 1116; x_wconf 85' lang='lat' dir='ltr'><strong>rent,</strong></span> <span class='ocrx_word' id='word_1_66' title='bbox 666 1062 855 1106; x_wconf 90' lang='lat' dir='ltr'><strong>cuncta</strong></span> <span class='ocrx_word' id='word_1_67' title='bbox 879 1063 1062 1120; x_wconf 86' lang='lat' dir='ltr'><strong>aperte</strong></span> <span class='ocrx_word' id='word_1_68' title='bbox 1085 1067 1408 1121; x_wconf 80' lang='lat' dir='ltr'><strong>cognoscere</strong></span> <span class='ocrx_word' id='word_1_69' title='bbox 1422 1067 1541 1123; x_wconf 68' lang='lat' dir='ltr'><strong>qua:</strong></span> <span class='ocrx_word' id='word_1_70' title='bbox 1563 1052 1701 1110; x_wconf 91' lang='lat' dir='ltr'><strong>clam</strong></span> <span class='ocrx_word' id='word_1_71' title='bbox 1732 1062 1849 1109; x_wconf 89' lang='lat' dir='ltr'><strong>acta</strong></span> <span class='ocrx_word' id='word_1_72' title='bbox 1866 1060 2063 1108; x_wconf 87' lang='lat' dir='ltr'><strong>essent.</strong></span> 
     </span>
    </p>
   </div>
   <div class='ocr_carea' id='block_1_12' title="bbox 502 1140 2060 1214">
    <p class='ocr_par' dir='ltr' id='par_1_12' title="bbox 502 1140 2060 1214">
     <span class='ocr_line' id='line_1_12' title="bbox 502 1140 2060 1214; baseline 0.003 -19"><span class='ocrx_word' id='word_1_73' title='bbox 502 1140 617 1195; x_wconf 78' lang='lat' dir='ltr'><strong>Non</strong></span> <span class='ocrx_word' id='word_1_74' title='bbox 639 1140 791 1197; x_wconf 89' lang='lat' dir='ltr'><strong>nobis</strong></span> <span class='ocrx_word' id='word_1_75' title='bbox 822 1142 1073 1198; x_wconf 88' lang='lat' dir='ltr'><strong>mentitus</strong></span> <span class='ocrx_word' id='word_1_76' title='bbox 1110 1157 1190 1209; x_wconf 84' lang='lat' dir='ltr'><strong>es,</strong></span> <span class='ocrx_word' id='word_1_77' title='bbox 1226 1144 1434 1214; x_wconf 88' lang='lat' dir='ltr'><strong>inquit,</strong></span> <span class='ocrx_word' id='word_1_78' title='bbox 1469 1143 1562 1201; x_wconf 84' lang='lat' dir='ltr'><strong>sed</strong></span> <span class='ocrx_word' id='word_1_79' title='bbox 1597 1142 1821 1214; x_wconf 89' lang='lat' dir='ltr'><strong>Spiritui</strong></span> <span class='ocrx_word' id='word_1_80' title='bbox 1854 1152 2060 1199; x_wconf 88' lang='lat' dir='ltr'><strong>sancto.</strong></span> 
     </span>
    </p>
   </div>
   <div class='ocr_carea' id='block_1_13' title="bbox 502 1230 2065 1307">
    <p class='ocr_par' dir='ltr' id='par_1_13' title="bbox 502 1230 2065 1307">
     <span class='ocr_line' id='line_1_13' title="bbox 502 1230 2065 1307; baseline 0.003 -23"><span class='ocrx_word' id='word_1_81' title='bbox 502 1230 579 1286; x_wconf 81' lang='lat' dir='ltr'><strong>Ne</strong></span> <span class='ocrx_word' id='word_1_82' title='bbox 629 1232 794 1302; x_wconf 92' lang='lat' dir='ltr'><strong>igitur</strong></span> <span class='ocrx_word' id='word_1_83' title='bbox 831 1233 1075 1289; x_wconf 88' lang='lat' dir='ltr'><strong>homines</strong></span> <span class='ocrx_word' id='word_1_84' title='bbox 1121 1243 1173 1288; x_wconf 91' lang='lat' dir='ltr'><strong>te</strong></span> <span class='ocrx_word' id='word_1_85' title='bbox 1213 1232 1469 1292; x_wconf 74' lang='lat' dir='ltr'><strong>fefellisse</strong></span> <span class='ocrx_word' id='word_1_86' title='bbox 1521 1245 1725 1307; x_wconf 86' lang='lat' dir='ltr'><strong>putes:</strong></span> <span class='ocrx_word' id='word_1_87' title='bbox 1767 1234 1877 1291; x_wconf 87' lang='lat' dir='ltr'><strong>Deo</strong></span> <span class='ocrx_word' id='word_1_88' title='bbox 1920 1235 2065 1291; x_wconf 86' lang='lat' dir='ltr'><strong>enim</strong></span> 
     </span>
    </p>
   </div>
   <div class='ocr_carea' id='block_1_14' title="bbox 501 1322 2066 1397">
    <p class='ocr_par' dir='ltr' id='par_1_14' title="bbox 501 1322 2066 1397">
     <span class='ocr_line' id='line_1_14' title="bbox 501 1322 2066 1397; baseline 0.006 -23"><span class='ocrx_word' id='word_1_89' title='bbox 501 1331 555 1374; x_wconf 93' lang='lat' dir='ltr'><strong>tu</strong></span> <span class='ocrx_word' id='word_1_90' title='bbox 589 1336 703 1376; x_wconf 88' lang='lat' dir='ltr'><strong>rem</strong></span> <span class='ocrx_word' id='word_1_91' title='bbox 741 1322 930 1378; x_wconf 86' lang='lat' dir='ltr'><strong>falsam</strong></span> <span class='ocrx_word' id='word_1_92' title='bbox 976 1325 1158 1381; x_wconf 81' lang='lat' dir='ltr'><strong>dixisti</strong></span> <span class='ocrx_word' id='word_1_93' title='bbox 1200 1342 1219 1393; x_wconf 88' lang='lat'><strong>;</strong></span> <span class='ocrx_word' id='word_1_94' title='bbox 1262 1342 1494 1397; x_wconf 84' lang='lat' dir='ltr'><strong>namque</strong></span> <span class='ocrx_word' id='word_1_95' title='bbox 1539 1326 1845 1383; x_wconf 87' lang='lat' dir='ltr'><strong>hominibus</strong></span> <span class='ocrx_word' id='word_1_96' title='bbox 1877 1343 1981 1382; x_wconf 91' lang='lat' dir='ltr'><strong>non</strong></span> <span class='ocrx_word' id='word_1_97' title='bbox 2007 1342 2066 1383; x_wconf 85' lang='lat' dir='ltr'><strong>es</strong></span> 
     </span>
    </p>
   </div>
   <div class='ocr_carea' id='block_1_15' title="bbox 499 1411 2062 1485">
    <p class='ocr_par' dir='ltr' id='par_1_15' title="bbox 499 1411 2062 1485">
     <span class='ocr_line' id='line_1_15' title="bbox 499 1411 2062 1485; baseline 0.004 -22"><span class='ocrx_word' id='word_1_98' title='bbox 499 1411 787 1475; x_wconf 85' lang='lat' dir='ltr'><strong>mentitus,</strong></span> <span class='ocrx_word' id='word_1_99' title='bbox 832 1414 926 1468; x_wconf 87' lang='lat' dir='ltr'><strong>sed</strong></span> <span class='ocrx_word' id='word_1_100' title='bbox 969 1413 1100 1469; x_wconf 86' lang='lat' dir='ltr'><strong>Deo.</strong></span> <span class='ocrx_word' id='word_1_101' title='bbox 1149 1413 1302 1470; x_wconf 81' lang='lat' dir='ltr'><strong>Haud</strong></span> <span class='ocrx_word' id='word_1_102' title='bbox 1332 1416 1529 1485; x_wconf 82' lang='lat' dir='ltr'><strong>quippe</strong></span> <span class='ocrx_word' id='word_1_103' title='bbox 1561 1416 1716 1471; x_wconf 89' lang='lat' dir='ltr'><strong>nobis</strong></span> <span class='ocrx_word' id='word_1_104' title='bbox 1741 1426 1795 1471; x_wconf 88' lang='lat' dir='ltr'><strong>tu</strong></span> <span class='ocrx_word' id='word_1_105' title='bbox 1827 1415 2062 1481; x_wconf 85' lang='lat' dir='ltr'><strong>illusistl,</strong></span> 
     </span>
    </p>
   </div>
   <div class='ocr_carea' id='block_1_16' title="bbox 497 1500 2062 1575">
    <p class='ocr_par' dir='ltr' id='par_1_16' title="bbox 497 1500 2062 1575">
     <span class='ocr_line' id='line_1_16' title="bbox 497 1500 2062 1575; baseline 0.004 -22"><span class='ocrx_word' id='word_1_106' title='bbox 497 1500 593 1553; x_wconf 90' lang='lat' dir='ltr'><strong>sed</strong></span> <span class='ocrx_word' id='word_1_107' title='bbox 624 1500 847 1569; x_wconf 88' lang='lat' dir='ltr'><strong>Spiritui</strong></span> <span class='ocrx_word' id='word_1_108' title='bbox 873 1513 1083 1571; x_wconf 88' lang='lat' dir='ltr'><strong>sancto,</strong></span> <span class='ocrx_word' id='word_1_109' title='bbox 1113 1507 1203 1575; x_wconf 89' lang='lat' dir='ltr'><strong>qui</strong></span> <span class='ocrx_word' id='word_1_110' title='bbox 1242 1507 1383 1561; x_wconf 89' lang='lat' dir='ltr'><strong>Deus</strong></span> <span class='ocrx_word' id='word_1_111' title='bbox 1418 1515 1523 1571; x_wconf 89' lang='lat' dir='ltr'><strong>est,</strong></span> <span class='ocrx_word' id='word_1_112' title='bbox 1552 1521 1620 1561; x_wconf 78' lang='lat' dir='ltr'><strong>es</strong></span> <span class='ocrx_word' id='word_1_113' title='bbox 1660 1505 1769 1562; x_wconf 89' lang='lat' dir='ltr'><strong>Deo</strong></span> <span class='ocrx_word' id='word_1_114' title='bbox 1793 1506 2062 1561; x_wconf 80' lang='lat' dir='ltr'><strong>exsisten-</strong></span> 
     </span>
    </p>
   </div>
   <div class='ocr_carea' id='block_1_17' title="bbox 500 1592 2061 1663">
    <p class='ocr_par' dir='ltr' id='par_1_17' title="bbox 500 1592 2061 1663">
     <span class='ocr_line' id='line_1_17' title="bbox 500 1592 2061 1663; baseline 0.006 -20"><span class='ocrx_word' id='word_1_115' title='bbox 500 1592 627 1644; x_wconf 88' lang='lat' dir='ltr'><strong>tiam</strong></span> <span class='ocrx_word' id='word_1_116' title='bbox 663 1593 900 1661; x_wconf 77' lang='lat' dir='ltr'><strong>habens,</strong></span> <span class='ocrx_word' id='word_1_117' title='bbox 927 1604 982 1649; x_wconf 87' lang='lat' dir='ltr'><strong>et</strong></span> <span class='ocrx_word' id='word_1_118' title='bbox 1014 1595 1250 1663; x_wconf 79' lang='lat' dir='ltr'><strong>ejusdem</strong></span> <span class='ocrx_word' id='word_1_119' title='bbox 1278 1604 1482 1653; x_wconf 65' lang='lat' dir='ltr'><strong>natura</strong></span> <span class='ocrx_word' id='word_1_120' title='bbox 1523 1599 1720 1654; x_wconf 89' lang='lat' dir='ltr'><strong>socius.</strong></span> <span class='ocrx_word' id='word_1_121' title='bbox 1759 1596 1873 1654; x_wconf 82' lang='lat' dir='ltr'><strong>Hoc</strong></span> <span class='ocrx_word' id='word_1_122' title='bbox 1900 1599 2061 1653; x_wconf 87' lang='lat' dir='ltr'><strong>etiam</strong></span> 
     </span>
    </p>
   </div>
   <div class='ocr_carea' id='block_1_18' title="bbox 498 1681 2061 1758">
    <p class='ocr_par' dir='ltr' id='par_1_18' title="bbox 498 1681 2061 1758">
     <span class='ocr_line' id='line_1_18' title="bbox 498 1681 2061 1758; baseline 0.005 -22"><span class='ocrx_word' id='word_1_123' title='bbox 498 1681 672 1738; x_wconf 82' lang='lat' dir='ltr'><strong>Lucas</strong></span> <span class='ocrx_word' id='word_1_124' title='bbox 702 1684 754 1739; x_wconf 88' lang='lat' dir='ltr'><strong>in</strong></span> <span class='ocrx_word' id='word_1_125' title='bbox 788 1684 1012 1742; x_wconf 78' lang='lat' dir='ltr'><strong>Actibus</strong></span> <span class='ocrx_word' id='word_1_126' title='bbox 1043 1690 1312 1753; x_wconf 90' lang='lat' dir='ltr'><strong>ostendit,</strong></span> <span class='ocrx_word' id='word_1_127' title='bbox 1341 1689 1464 1743; x_wconf 91' lang='lat' dir='ltr'><strong>dum</strong></span> <span class='ocrx_word' id='word_1_128' title='bbox 1493 1700 1674 1743; x_wconf 82' lang='lat' dir='ltr'><strong>narrat</strong></span> <span class='ocrx_word' id='word_1_129' title='bbox 1704 1689 1878 1758; x_wconf 88' lang='lat' dir='ltr'><strong>quod,</strong></span> <span class='ocrx_word' id='word_1_130' title='bbox 1905 1699 2061 1744; x_wconf 83' lang='lat' dir='ltr'><strong>antea</strong></span> 
     </span>
    </p>
   </div>
   <div class='ocr_carea' id='block_1_19' title="bbox 498 1775 2060 1849">
    <p class='ocr_par' dir='ltr' id='par_1_19' title="bbox 498 1775 2060 1849">
     <span class='ocr_line' id='line_1_19' title="bbox 498 1775 2060 1849; baseline 0.008 -22"><span class='ocrx_word' id='word_1_131' title='bbox 498 1775 930 1831; x_wconf 79' lang='lat' dir='ltr'><strong>ministrantibus</strong></span> <span class='ocrx_word' id='word_1_132' title='bbox 986 1777 1215 1833; x_wconf 86' lang='lat' dir='ltr'><strong>Domino</strong></span> <span class='ocrx_word' id='word_1_133' title='bbox 1277 1788 1333 1834; x_wconf 92' lang='lat' dir='ltr'><strong>et</strong></span> <span class='ocrx_word' id='word_1_134' title='bbox 1379 1779 1743 1849; x_wconf 77' lang='lat' dir='ltr'><strong>jejuuantibus</strong></span> <span class='ocrx_word' id='word_1_135' title='bbox 1800 1781 2060 1839; x_wconf 82' lang='lat' dir='ltr'><strong>fratribus</strong></span> 
     </span>
    </p>
   </div>
   <div class='ocr_carea' id='block_1_20' title="bbox 493 1864 1548 1937">
    <p class='ocr_par' dir='ltr' id='par_1_20' title="bbox 493 1864 1548 1937">
     <span class='ocr_line' id='line_1_20' title="bbox 493 1864 1548 1937; baseline 0.004 -16"><span class='ocrx_word' id='word_1_136' title='bbox 493 1865 817 1930; x_wconf 65' lang='lat' dir='ltr'><strong>Antiochiae,</strong></span> <span class='ocrx_word' id='word_1_137' title='bbox 847 1864 984 1922; x_wconf 78' lang='lat' dir='ltr'><strong>dixit</strong></span> <span class='ocrx_word' id='word_1_138' title='bbox 1021 1864 1253 1937; x_wconf 84' lang='lat' dir='ltr'><strong>Spiritus</strong></span> <span class='ocrx_word' id='word_1_139' title='bbox 1284 1878 1502 1927; x_wconf 85' lang='lat' dir='ltr'><strong>sanctus</strong></span> <span class='ocrx_word' id='word_1_140' title='bbox 1533 1887 1548 1925; x_wconf 92' lang='lat'><strong>:</strong></span> 
     </span>
    </p>
   </div>
   <div class='ocr_carea' id='block_1_21' title="bbox 564 2149 1983 2223">
    <p class='ocr_par' dir='ltr' id='par_1_21' title="bbox 564 2149 1983 2223">
     <span class='ocr_line' id='line_1_21' title="bbox 564 2149 1983 2223; baseline 0.006 -18"><span class='ocrx_word' id='word_1_141' title='bbox 564 2149 751 2207; x_wconf 79' lang='lat' dir='ltr'><strong>XXVI.</strong></span> <span class='ocrx_word' id='word_1_142' title='bbox 804 2152 1162 2223; x_wconf 70' lang='lat' dir='ltr'><strong>Hultifqriuns</strong></span> <span class='ocrx_word' id='word_1_143' title='bbox 1214 2164 1608 2210; x_wconf 71' lang='lat' dir='ltr'><strong>demonstratur</strong></span> <span class='ocrx_word' id='word_1_144' title='bbox 1656 2154 1819 2211; x_wconf 68' lang='lat' dir='ltr'><strong>Delus</strong></span> <span class='ocrx_word' id='word_1_145' title='bbox 1867 2173 1983 2214; x_wconf 73' lang='lat' dir='ltr'><strong>esse</strong></span> 
     </span>
    </p>
   </div>
   <div class='ocr_carea' id='block_1_22' title="bbox 978 2222 1527 2291">
    <p class='ocr_par' dir='ltr' id='par_1_22' title="bbox 978 2222 1527 2291">
     <span class='ocr_line' id='line_1_22' title="bbox 978 2222 1527 2291; baseline 0.004 -14"><span class='ocrx_word' id='word_1_146' title='bbox 978 2222 1236 2291; x_wconf 73' lang='lat' dir='ltr'><strong>Spiritum</strong></span> <span class='ocrx_word' id='word_1_147' title='bbox 1265 2232 1527 2279; x_wconf 74' lang='lat' dir='ltr'><strong>sanctum.</strong></span> 
     </span>
    </p>
   </div>
   <div class='ocr_carea' id='block_1_23' title="bbox 567 2329 2054 2410">
    <p class='ocr_par' dir='ltr' id='par_1_23' title="bbox 567 2329 2054 2410">
     <span class='ocr_line' id='line_1_23' title="bbox 567 2329 2054 2410; baseline 0.009 -28"><span class='ocrx_word' id='word_1_148' title='bbox 567 2346 589 2382; x_wconf 77' lang='lat' dir='ltr'><strong>r</strong></span> <span class='ocrx_word' id='word_1_149' title='bbox 618 2329 912 2401; x_wconf 84' lang='lat' dir='ltr'><strong>Segregate</strong></span> <span class='ocrx_word' id='word_1_150' title='bbox 944 2330 1073 2387; x_wconf 84' lang='lat' dir='ltr'><strong>mihi</strong></span> <span class='ocrx_word' id='word_1_151' title='bbox 1118 2331 1341 2389; x_wconf 85' lang='lat' dir='ltr'><strong>Paulum</strong></span> <span class='ocrx_word' id='word_1_152' title='bbox 1380 2342 1435 2389; x_wconf 89' lang='lat' dir='ltr'><strong>et</strong></span> <span class='ocrx_word' id='word_1_153' title='bbox 1473 2334 1778 2393; x_wconf 89' lang='lat' dir='ltr'><strong>Barnabam</strong></span> <span class='ocrx_word' id='word_1_154' title='bbox 1820 2338 1874 2394; x_wconf 92' lang='lat' dir='ltr'><strong>in</strong></span> <span class='ocrx_word' id='word_1_155' title='bbox 1916 2354 2054 2410; x_wconf 90' lang='lat' dir='ltr'><strong>opus</strong></span> 
     </span>
    </p>
   </div>
   <div class='ocr_carea' id='block_1_24' title="bbox 489 2422 2053 2502">
    <p class='ocr_par' dir='ltr' id='par_1_24' title="bbox 489 2422 2053 2502">
     <span class='ocr_line' id='line_1_24' title="bbox 489 2422 2053 2502; baseline 0.007 -25"><span class='ocrx_word' id='word_1_156' title='bbox 489 2422 557 2477; x_wconf 88' lang='lat' dir='ltr'><strong>ad</strong></span> <span class='ocrx_word' id='word_1_157' title='bbox 578 2422 830 2491; x_wconf 84' lang='lat' dir='ltr'><strong>quodeos</strong></span> <span class='ocrx_word' id='word_1_158' title='bbox 858 2422 1112 2478; x_wconf 86' lang='lat' dir='ltr'><strong>advocavi</strong></span> <span class='ocrx_word' id='word_1_159' title='bbox 1140 2424 1240 2481; x_wconf 68' lang='lat' dir='ltr'><strong>&quot;.i</strong></span> <span class='ocrx_word' id='word_1_160' title='bbox 1272 2423 1455 2495; x_wconf 92' lang='lat' dir='ltr'><strong>Pergit</strong></span> <span class='ocrx_word' id='word_1_161' title='bbox 1477 2436 1655 2483; x_wconf 87' lang='lat' dir='ltr'><strong>autem</strong></span> <span class='ocrx_word' id='word_1_162' title='bbox 1684 2429 1866 2486; x_wconf 87' lang='lat' dir='ltr'><strong>dicere</strong></span> <span class='ocrx_word' id='word_1_163' title='bbox 1907 2431 2053 2502; x_wconf 84' lang='lat' dir='ltr'><strong>ipsos</strong></span> 
     </span>
    </p>
   </div>
   <div class='ocr_carea' id='block_1_25' title="bbox 489 2512 2054 2592">
    <p class='ocr_par' dir='ltr' id='par_1_25' title="bbox 489 2512 2054 2592">
     <span class='ocr_line' id='line_1_25' title="bbox 489 2512 2054 2592; baseline 0.009 -27"><span class='ocrx_word' id='word_1_164' title='bbox 489 2528 519 2565; x_wconf 85' lang='lat' dir='ltr'><strong>a</strong></span> <span class='ocrx_word' id='word_1_165' title='bbox 548 2520 737 2567; x_wconf 90' lang='lat' dir='ltr'><strong>sancto</strong></span> <span class='ocrx_word' id='word_1_166' title='bbox 779 2512 985 2583; x_wconf 87' lang='lat' dir='ltr'><strong>Spiritu</strong></span> <span class='ocrx_word' id='word_1_167' title='bbox 1029 2516 1223 2573; x_wconf 78' lang='lat' dir='ltr'><strong>missos</strong></span> <span class='ocrx_word' id='word_1_168' title='bbox 1257 2516 1456 2573; x_wconf 78' lang='lat' dir='ltr'><strong>abiisse</strong></span> <span class='ocrx_word' id='word_1_169' title='bbox 1499 2518 1826 2577; x_wconf 81' lang='lat' dir='ltr'><strong>Seleuciam.</strong></span> <span class='ocrx_word' id='word_1_170' title='bbox 1877 2524 2054 2592; x_wconf 78' lang='lat' dir='ltr'><strong>Atque</strong></span> 
     </span>
    </p>
   </div>
   <div class='ocr_carea' id='block_1_26' title="bbox 490 2603 2053 2684">
    <p class='ocr_par' dir='ltr' id='par_1_26' title="bbox 490 2603 2053 2684">
     <span class='ocr_line' id='line_1_26' title="bbox 490 2603 2053 2684; baseline 0.008 -29"><span class='ocrx_word' id='word_1_171' title='bbox 490 2603 581 2657; x_wconf 87' lang='lat' dir='ltr'><strong>ubi</strong></span> <span class='ocrx_word' id='word_1_172' title='bbox 621 2605 863 2659; x_wconf 83' lang='lat' dir='ltr'><strong>narravit</strong></span> <span class='ocrx_word' id='word_1_173' title='bbox 896 2606 1165 2675; x_wconf 89' lang='lat' dir='ltr'><strong>quomodo</strong></span> <span class='ocrx_word' id='word_1_174' title='bbox 1216 2617 1566 2679; x_wconf 68' lang='lat' dir='ltr'><strong>peragrantes</strong></span> <span class='ocrx_word' id='word_1_175' title='bbox 1611 2609 1848 2681; x_wconf 84' lang='lat' dir='ltr'><strong>Cyprum</strong></span> <span class='ocrx_word' id='word_1_176' title='bbox 1882 2652 1899 2679; x_wconf 95' lang='lat'><strong>,</strong></span> <span class='ocrx_word' id='word_1_177' title='bbox 1946 2611 2053 2684; x_wconf 85' lang='lat' dir='ltr'><strong>Ly-</strong></span> 
     </span>
    </p>
   </div>
   <div class='ocr_carea' id='block_1_27' title="bbox 487 2693 2046 2773">
    <p class='ocr_par' dir='ltr' id='par_1_27' title="bbox 487 2693 2046 2773">
     <span class='ocr_line' id='line_1_27' title="bbox 487 2693 2046 2773; baseline 0.008 -26"><span class='ocrx_word' id='word_1_178' title='bbox 487 2693 648 2758; x_wconf 84' lang='lat' dir='ltr'><strong>ciam,</strong></span> <span class='ocrx_word' id='word_1_179' title='bbox 677 2693 1023 2766; x_wconf 81' lang='lat' dir='ltr'><strong>Lycaoniam,</strong></span> <span class='ocrx_word' id='word_1_180' title='bbox 1058 2695 1430 2769; x_wconf 85' lang='lat' dir='ltr'><strong>Pamphyliam</strong></span> <span class='ocrx_word' id='word_1_181' title='bbox 1479 2709 1644 2769; x_wconf 88' lang='lat' dir='ltr'><strong>atque</strong></span> <span class='ocrx_word' id='word_1_182' title='bbox 1683 2701 1989 2773; x_wconf 87' lang='lat' dir='ltr'><strong>Bithyniam</strong></span> <span class='ocrx_word' id='word_1_183' title='bbox 2029 2742 2046 2770; x_wconf 91' lang='lat'><strong>,</strong></span> 
     </span>
    </p>
   </div>
   <div class='ocr_carea' id='block_1_28' title="bbox 485 2786 2051 2863">
    <p class='ocr_par' dir='ltr' id='par_1_28' title="bbox 485 2786 2051 2863">
     <span class='ocr_line' id='line_1_28' title="bbox 485 2786 2051 2863; baseline 0.01 -26"><span class='ocrx_word' id='word_1_184' title='bbox 485 2786 816 2853; x_wconf 72' lang='lat' dir='ltr'><strong>evangelium</strong></span> <span class='ocrx_word' id='word_1_185' title='bbox 838 2788 1271 2856; x_wconf 68' lang='lat' dir='ltr'><strong>praedicaverint,</strong></span> <span class='ocrx_word' id='word_1_186' title='bbox 1296 2791 1573 2863; x_wconf 75' lang='lat' dir='ltr'><strong>subiungit</strong></span> <span class='ocrx_word' id='word_1_187' title='bbox 1598 2810 1613 2845; x_wconf 89' lang='lat'><strong>:</strong></span> <span class='ocrx_word' id='word_1_188' title='bbox 1654 2812 1673 2845; x_wconf 76' lang='grc' dir='ltr'><strong>ι</strong></span> <span class='ocrx_word' id='word_1_189' title='bbox 1711 2794 1778 2849; x_wconf 84' lang='lat' dir='ltr'><strong>Et</strong></span> <span class='ocrx_word' id='word_1_190' title='bbox 1803 2795 1929 2851; x_wconf 89' lang='lat' dir='ltr'><strong>inde</strong></span> <span class='ocrx_word' id='word_1_191' title='bbox 1952 2811 2051 2852; x_wconf 85' lang='lat' dir='ltr'><strong>na-</strong></span> 
     </span>
    </p>
   </div>
   <div class='ocr_carea' id='block_1_29' title="bbox 484 2874 2049 2950">
    <p class='ocr_par' dir='ltr' id='par_1_29' title="bbox 484 2874 2049 2950">
     <span class='ocr_line' id='line_1_29' title="bbox 484 2874 2049 2950; baseline 0.011 -25"><span class='ocrx_word' id='word_1_192' title='bbox 484 2874 733 2943; x_wconf 79' lang='lat' dir='ltr'><strong>vigantes</strong></span> <span class='ocrx_word' id='word_1_193' title='bbox 777 2877 1116 2934; x_wconf 83' lang='lat' dir='ltr'><strong>Antiochiam</strong></span> <span class='ocrx_word' id='word_1_194' title='bbox 1176 2880 1449 2937; x_wconf 85' lang='lat' dir='ltr'><strong>Barnabas</strong></span> <span class='ocrx_word' id='word_1_195' title='bbox 1510 2898 1574 2938; x_wconf 89' lang='lat' dir='ltr'><strong>ac</strong></span> <span class='ocrx_word' id='word_1_196' title='bbox 1622 2883 1855 2950; x_wconf 84' lang='lat' dir='ltr'><strong>Saulus,</strong></span> <span class='ocrx_word' id='word_1_197' title='bbox 1905 2887 2049 2943; x_wconf 86' lang='lat' dir='ltr'><strong>unde</strong></span> 
     </span>
    </p>
   </div>
   <div class='ocr_carea' id='block_1_30' title="bbox 488 2961 2045 3044">
    <p class='ocr_par' dir='ltr' id='par_1_30' title="bbox 488 2961 2045 3044">
     <span class='ocr_line' id='line_1_30' title="bbox 488 2961 2045 3044; baseline 0.012 -30"><span class='ocrx_word' id='word_1_198' title='bbox 488 2961 703 3018; x_wconf 82' lang='lat' dir='ltr'><strong>fuerant</strong></span> <span class='ocrx_word' id='word_1_199' title='bbox 736 2966 916 3019; x_wconf 82' lang='lat' dir='ltr'><strong>traditi</strong></span> <span class='ocrx_word' id='word_1_200' title='bbox 942 2969 1131 3034; x_wconf 65' lang='lat' dir='ltr'><strong>gratiae</strong></span> <span class='ocrx_word' id='word_1_201' title='bbox 1163 2970 1254 3023; x_wconf 85' lang='lat' dir='ltr'><strong>Dei</strong></span> <span class='ocrx_word' id='word_1_202' title='bbox 1288 2971 1341 3024; x_wconf 92' lang='lat' dir='ltr'><strong>in</strong></span> <span class='ocrx_word' id='word_1_203' title='bbox 1373 2986 1507 3039; x_wconf 89' lang='lat' dir='ltr'><strong>opus</strong></span> <span class='ocrx_word' id='word_1_204' title='bbox 1552 2974 1691 3042; x_wconf 86' lang='lat' dir='ltr'><strong>quod</strong></span> <span class='ocrx_word' id='word_1_205' title='bbox 1735 2975 2045 3044; x_wconf 86' lang='lat' dir='ltr'><strong>compleve-</strong></span> 
     </span>
    </p>
   </div>
   <div class='ocr_carea' id='block_1_31' title="bbox 485 3059 2045 3127">
    <p class='ocr_par' dir='ltr' id='par_1_31' title="bbox 485 3059 2045 3127">
     <span class='ocr_line' id='line_1_31' title="bbox 485 3059 2045 3127; baseline 0.009 -19"><span class='ocrx_word' id='word_1_206' title='bbox 485 3065 640 3122; x_wconf 89' lang='lat' dir='ltr'><strong>rant;</strong></span> <span class='ocrx_word' id='word_1_207' title='bbox 694 3070 815 3111; x_wconf 92' lang='lat' dir='ltr'><strong>cum</strong></span> <span class='ocrx_word' id='word_1_208' title='bbox 880 3059 1006 3115; x_wconf 91' lang='lat' dir='ltr'><strong>illuc</strong></span> <span class='ocrx_word' id='word_1_209' title='bbox 1066 3061 1380 3127; x_wconf 78' lang='lat' dir='ltr'><strong>venissent,</strong></span> <span class='ocrx_word' id='word_1_210' title='bbox 1447 3072 1503 3118; x_wconf 90' lang='lat' dir='ltr'><strong>et</strong></span> <span class='ocrx_word' id='word_1_211' title='bbox 1562 3063 1854 3120; x_wconf 87' lang='lat' dir='ltr'><strong>Ecclesiam</strong></span> <span class='ocrx_word' id='word_1_212' title='bbox 1918 3081 2045 3121; x_wconf 86' lang='lat' dir='ltr'><strong>con-</strong></span> 
     </span>
    </p>
   </div>
   <div class='ocr_carea' id='block_1_32' title="bbox 2174 594 3744 667">
    <p class='ocr_par' dir='ltr' id='par_1_32' title="bbox 2174 594 3744 667">
     <span class='ocr_line' id='line_1_32' title="bbox 2174 594 3744 667; baseline -0.003 -19"><span class='ocrx_word' id='word_1_213' title='bbox 2174 596 2529 664; x_wconf 87' lang='grc' dir='ltr'>νοσφίσασθαί</span> <span class='ocrx_word' id='word_1_214' title='bbox 2576 613 2635 649; x_wconf 88' lang='grc' dir='ltr'><strong>σε</strong></span> <span class='ocrx_word' id='word_1_215' title='bbox 2680 595 2787 648; x_wconf 80' lang='grc' dir='ltr'>ἀπὸ</span> <span class='ocrx_word' id='word_1_216' title='bbox 2831 596 2933 665; x_wconf 81' lang='grc' dir='ltr'>τῆς</span> <span class='ocrx_word' id='word_1_217' title='bbox 2976 596 3143 667; x_wconf 83' lang='grc' dir='ltr'>τιμῆς</span> <span class='ocrx_word' id='word_1_218' title='bbox 3176 594 3271 649; x_wconf 90' lang='grc' dir='ltr'><strong>τοῦ</strong></span> <span class='ocrx_word' id='word_1_219' title='bbox 3300 594 3537 666; x_wconf 74' lang='grc' dir='ltr'>χωρίους</span> <span class='ocrx_word' id='word_1_220' title='bbox 3576 613 3596 645; x_wconf 85' lang='lat' dir='ltr'><strong>s</strong></span> <span class='ocrx_word' id='word_1_221' title='bbox 3635 594 3744 647; x_wconf 75' lang='lat' dir='ltr'><strong>Kal.</strong></span> 
     </span>
    </p>
   </div>
   <div class='ocr_carea' id='block_1_33' title="bbox 2175 682 3737 757">
    <p class='ocr_par' dir='ltr' id='par_1_33' title="bbox 2175 682 3737 757">
     <span class='ocr_line' id='line_1_33' title="bbox 2175 682 3737 757; baseline -0.005 -17"><span class='ocrx_word' id='word_1_222' title='bbox 2175 687 2294 757; x_wconf 86' lang='grc' dir='ltr'>μετ’</span> <span class='ocrx_word' id='word_1_223' title='bbox 2322 687 2477 755; x_wconf 88' lang='grc' dir='ltr'>όλίγα</span> <span class='ocrx_word' id='word_1_224' title='bbox 2496 703 2511 717; x_wconf 74' lang='grc' dir='ltr'>ο</span> <span class='ocrx_word' id='word_1_225' title='bbox 2531 686 2673 739; x_wconf 75' lang='grc' dir='ltr'><strong>«Οὐκ</strong></span> <span class='ocrx_word' id='word_1_226' title='bbox 2696 684 2909 754; x_wconf 75' lang='grc' dir='ltr'>ιψεύσω</span> <span class='ocrx_word' id='word_1_227' title='bbox 2936 684 3415 757; x_wconf 78' lang='grc' dir='ltr'>άνθρώποις,άλλά</span> <span class='ocrx_word' id='word_1_228' title='bbox 3443 682 3522 753; x_wconf 83' lang='grc' dir='ltr'>τῷ</span> <span class='ocrx_word' id='word_1_229' title='bbox 3542 682 3681 752; x_wconf 84' lang='grc' dir='ltr'>Θεῷ.</span> <span class='ocrx_word' id='word_1_230' title='bbox 3718 701 3737 731; x_wconf 73' lang='grc' dir='ltr'><strong>ι</strong></span> 
     </span>
    </p>
   </div>
   <div class='ocr_carea' id='block_1_34' title="bbox 2184 772 3743 849">
    <p class='ocr_par' dir='ltr' id='par_1_34' title="bbox 2184 772 3743 849">
     <span class='ocr_line' id='line_1_34' title="bbox 2184 772 3743 849; baseline -0.004 -18"><span class='ocrx_word' id='word_1_231' title='bbox 2184 778 2399 849; x_wconf 75' lang='grc' dir='ltr'>Ἐπειδὴ</span> <span class='ocrx_word' id='word_1_232' title='bbox 2421 777 2528 848; x_wconf 85' lang='grc' dir='ltr'><strong>γὰρ</strong></span> <span class='ocrx_word' id='word_1_233' title='bbox 2554 779 2759 830; x_wconf 71' lang='grc' dir='ltr'>ἐκεῖνον</span> <span class='ocrx_word' id='word_1_234' title='bbox 2801 774 2954 846; x_wconf 84' lang='grc' dir='ltr'>ᾠήθη</span> <span class='ocrx_word' id='word_1_235' title='bbox 2986 775 3270 830; x_wconf 79' lang='grc' dir='ltr'>λανθάνειν</span> <span class='ocrx_word' id='word_1_236' title='bbox 3295 775 3373 838; x_wconf 83' lang='grc' dir='ltr'>ὡς</span> <span class='ocrx_word' id='word_1_237' title='bbox 3419 772 3743 845; x_wconf 78' lang='grc' dir='ltr'>ἀνθρώπους</span> 
     </span>
    </p>
   </div>
   <div class='ocr_carea' id='block_1_35' title="bbox 2168 865 3743 939">
    <p class='ocr_par' dir='ltr' id='par_1_35' title="bbox 2168 865 3743 939">
     <span class='ocr_line' id='line_1_35' title="bbox 2168 865 3743 939; baseline -0.001 -19"><span class='ocrx_word' id='word_1_238' title='bbox 2168 869 2296 931; x_wconf 80' lang='grc' dir='ltr'><strong>τοὺς</strong></span> <span class='ocrx_word' id='word_1_239' title='bbox 2375 868 2705 930; x_wconf 78' lang='grc' dir='ltr'><strong>ἀποστόλους</strong></span> <span class='ocrx_word' id='word_1_240' title='bbox 2757 865 3088 937; x_wconf 83' lang='grc' dir='ltr'>ὑφελόμενος</span> <span class='ocrx_word' id='word_1_241' title='bbox 3131 867 3231 939; x_wconf 82' lang='grc' dir='ltr'>τῆς</span> <span class='ocrx_word' id='word_1_242' title='bbox 3295 865 3390 923; x_wconf 79' lang='grc' dir='ltr'><strong>τοῦ</strong></span> <span class='ocrx_word' id='word_1_243' title='bbox 3461 866 3743 935; x_wconf 77' lang='grc' dir='ltr'><strong>κτήματος</strong></span> 
     </span>
    </p>
   </div>
   <div class='ocr_carea' id='block_1_36' title="bbox 2168 951 3751 1028">
    <p class='ocr_par' dir='ltr' id='par_1_36' title="bbox 2168 951 3751 1028">
     <span class='ocr_line' id='line_1_36' title="bbox 2168 951 3751 1028; baseline -0.004 -18"><span class='ocrx_word' id='word_1_244' title='bbox 2168 958 2356 1027; x_wconf 82' lang='grc' dir='ltr'>τιμῆς,</span> <span class='ocrx_word' id='word_1_245' title='bbox 2392 956 2422 1009; x_wconf 90' lang='lat'><strong>6</strong></span> <span class='ocrx_word' id='word_1_246' title='bbox 2467 957 2753 1028; x_wconf 65' lang='grc' dir='ltr'>ἠθέλησεν,</span> <span class='ocrx_word' id='word_1_247' title='bbox 2782 957 2812 1009; x_wconf 98' lang='lat'><strong>6</strong></span> <span class='ocrx_word' id='word_1_248' title='bbox 2852 956 3144 1026; x_wconf 79' lang='grc' dir='ltr'><strong>κορυφαῖος</strong></span> <span class='ocrx_word' id='word_1_249' title='bbox 3181 955 3342 1009; x_wconf 71' lang='grc' dir='ltr'>αὑτὸν</span> <span class='ocrx_word' id='word_1_250' title='bbox 3368 953 3608 1009; x_wconf 80' lang='grc' dir='ltr'>διδάσκει</span> <span class='ocrx_word' id='word_1_251' title='bbox 3635 951 3751 1004; x_wconf 80' lang='grc' dir='ltr'><strong>τῶν</strong></span> 
     </span>
    </p>
   </div>
   <div class='ocr_carea' id='block_1_37' title="bbox 2168 1045 3741 1117">
    <p class='ocr_par' dir='ltr' id='par_1_37' title="bbox 2168 1045 3741 1117">
     <span class='ocr_line' id='line_1_37' title="bbox 2168 1045 3741 1117; baseline -0.004 -15"><span class='ocrx_word' id='word_1_252' title='bbox 2168 1048 2504 1112; x_wconf 74' lang='grc' dir='ltr'><strong>ἀποστόλων,</strong></span> <span class='ocrx_word' id='word_1_253' title='bbox 2527 1048 2611 1101; x_wconf 77' lang='grc' dir='ltr'><strong>δτι</strong></span> <span class='ocrx_word' id='word_1_254' title='bbox 2644 1046 2738 1101; x_wconf 88' lang='grc' dir='ltr'><strong>τοῦ</strong></span> <span class='ocrx_word' id='word_1_255' title='bbox 2773 1045 3088 1117; x_wconf 85' lang='grc' dir='ltr'>Πνεύματος</span> <span class='ocrx_word' id='word_1_256' title='bbox 3116 1046 3215 1116; x_wconf 75' lang='grc' dir='ltr'>τὴν</span> <span class='ocrx_word' id='word_1_257' title='bbox 3240 1047 3399 1116; x_wconf 88' lang='grc' dir='ltr'>χάριν</span> <span class='ocrx_word' id='word_1_258' title='bbox 3425 1047 3474 1099; x_wconf 73' lang='grc' dir='ltr'><strong>οἱ</strong></span> <span class='ocrx_word' id='word_1_259' title='bbox 3502 1045 3741 1114; x_wconf 71' lang='grc' dir='ltr'>ἔχοντες,</span> 
     </span>
    </p>
   </div>
   <div class='ocr_carea' id='block_1_38' title="bbox 2168 1134 3745 1209">
    <p class='ocr_par' dir='ltr' id='par_1_38' title="bbox 2168 1134 3745 1209">
     <span class='ocr_line' id='line_1_38' title="bbox 2168 1134 3745 1209; baseline -0.003 -18"><span class='ocrx_word' id='word_1_260' title='bbox 2168 1138 2347 1191; x_wconf 90' lang='grc' dir='ltr'>πάντα</span> <span class='ocrx_word' id='word_1_261' title='bbox 2373 1137 2557 1209; x_wconf 80' lang='grc' dir='ltr'><strong>σαφῶς</strong></span> <span class='ocrx_word' id='word_1_262' title='bbox 2594 1137 2909 1192; x_wconf 74' lang='grc' dir='ltr'>ἐπίστανται</span> <span class='ocrx_word' id='word_1_263' title='bbox 2933 1136 3005 1191; x_wconf 83' lang='grc' dir='ltr'><strong>τά</strong></span> <span class='ocrx_word' id='word_1_264' title='bbox 3042 1136 3282 1209; x_wconf 82' lang='grc' dir='ltr'>κρύϐδην</span> <span class='ocrx_word' id='word_1_265' title='bbox 3307 1138 3590 1206; x_wconf 86' lang='grc' dir='ltr'>γινόμενα.</span> <span class='ocrx_word' id='word_1_266' title='bbox 3629 1134 3745 1205; x_wconf 70' lang='grc' dir='ltr'>Οίιχ</span> 
     </span>
    </p>
   </div>
   <div class='ocr_carea' id='block_1_39' title="bbox 2168 1224 3741 1299">
    <p class='ocr_par' dir='ltr' id='par_1_39' title="bbox 2168 1224 3741 1299">
     <span class='ocr_line' id='line_1_39' title="bbox 2168 1224 3741 1299; baseline -0.003 -17"><span class='ocrx_word' id='word_1_267' title='bbox 2168 1227 2317 1298; x_wconf 72' lang='grc' dir='ltr'><strong>ἡμᾶς</strong></span> <span class='ocrx_word' id='word_1_268' title='bbox 2342 1228 2471 1299; x_wconf 80' lang='grc' dir='ltr'>γὰρ,</span> <span class='ocrx_word' id='word_1_269' title='bbox 2504 1226 2693 1297; x_wconf 76' lang='grc' dir='ltr'>φησὶν,</span> <span class='ocrx_word' id='word_1_270' title='bbox 2716 1226 2949 1297; x_wconf 47' lang='lat' dir='ltr'><strong>Nautium,</strong></span> <span class='ocrx_word' id='word_1_271' title='bbox 2973 1226 3110 1281; x_wconf 87' lang='grc' dir='ltr'><strong>άλλά</strong></span> <span class='ocrx_word' id='word_1_272' title='bbox 3131 1227 3192 1280; x_wconf 82' lang='grc' dir='ltr'><strong>τὺ</strong></span> <span class='ocrx_word' id='word_1_273' title='bbox 3220 1224 3444 1296; x_wconf 86' lang='grc' dir='ltr'>Πνεῦμα</span> <span class='ocrx_word' id='word_1_274' title='bbox 3468 1225 3529 1278; x_wconf 83' lang='grc' dir='ltr'>τὸ</span> <span class='ocrx_word' id='word_1_275' title='bbox 3550 1224 3741 1294; x_wconf 70' lang='grc' dir='ltr'>ἅγιον·</span> 
     </span>
    </p>
   </div>
   <div class='ocr_carea' id='block_1_40' title="bbox 2170 1316 3744 1391">
    <p class='ocr_par' dir='ltr' id='par_1_40' title="bbox 2170 1316 3744 1391">
     <span class='ocr_line' id='line_1_40' title="bbox 2170 1316 3744 1391; baseline 0.011 -20"><span class='ocrx_word' id='word_1_276' title='bbox 2170 1319 2246 1389; x_wconf 80' lang='grc' dir='ltr'>μὴ</span> <span class='ocrx_word' id='word_1_277' title='bbox 2274 1318 2453 1373; x_wconf 80' lang='grc' dir='ltr'>τοίνυν</span> <span class='ocrx_word' id='word_1_278' title='bbox 2494 1318 2815 1391; x_wconf 79' lang='grc' dir='ltr'><strong>ἀνθρώπους</strong></span> <span class='ocrx_word' id='word_1_279' title='bbox 2842 1318 3186 1390; x_wconf 71' lang='grc' dir='ltr'>ἠπατηκιναι</span> <span class='ocrx_word' id='word_1_280' title='bbox 3217 1319 3430 1390; x_wconf 76' lang='grc' dir='ltr'>νόμιζε·</span> <span class='ocrx_word' id='word_1_281' title='bbox 3462 1318 3599 1381; x_wconf 68' lang='grc' dir='ltr'>Θεὸς</span> <span class='ocrx_word' id='word_1_282' title='bbox 3632 1316 3744 1387; x_wconf 74' lang='grc' dir='ltr'>γάρ</span> 
     </span>
    </p>
   </div>
   <div class='ocr_carea' id='block_1_41' title="bbox 2164 1408 3741 1481">
    <p class='ocr_par' dir='ltr' id='par_1_41' title="bbox 2164 1408 3741 1481">
     <span class='ocr_line' id='line_1_41' title="bbox 2164 1408 3741 1481; baseline -0.001 -20"><span class='ocrx_word' id='word_1_283' title='bbox 2164 1408 2313 1463; x_wconf 62' lang='grc' dir='ltr'>ἔστιν</span> <span class='ocrx_word' id='word_1_284' title='bbox 2332 1409 2362 1462; x_wconf 92' lang='lat'><strong>6</strong></span> <span class='ocrx_word' id='word_1_285' title='bbox 2400 1408 2744 1477; x_wconf 75' lang='grc' dir='ltr'><strong>διαψευσθεὶς</strong></span> <span class='ocrx_word' id='word_1_286' title='bbox 2775 1410 2929 1481; x_wconf 86' lang='grc' dir='ltr'><strong>παρά</strong></span> <span class='ocrx_word' id='word_1_287' title='bbox 2958 1409 3052 1463; x_wconf 89' lang='grc' dir='ltr'><strong>σοῦ</strong></span> <span class='ocrx_word' id='word_1_288' title='bbox 3072 1424 3085 1438; x_wconf 81' lang='grc'><em>’</em></span> <span class='ocrx_word' id='word_1_289' title='bbox 3122 1409 3223 1462; x_wconf 83' lang='grc' dir='ltr'><strong>οὒκ</strong></span> <span class='ocrx_word' id='word_1_290' title='bbox 3251 1408 3466 1480; x_wconf 66' lang='grc' dir='ltr'>ἐψεύσω</span> <span class='ocrx_word' id='word_1_291' title='bbox 3496 1408 3607 1479; x_wconf 84' lang='grc' dir='ltr'><strong>γὰρ</strong></span> <span class='ocrx_word' id='word_1_292' title='bbox 3641 1409 3741 1461; x_wconf 78' lang='grc' dir='ltr'><strong>ἀν⁸</strong></span> 
     </span>
    </p>
   </div>
   <div class='ocr_carea' id='block_1_42' title="bbox 2165 1497 3741 1572">
    <p class='ocr_par' dir='ltr' id='par_1_42' title="bbox 2165 1497 3741 1572">
     <span class='ocr_line' id='line_1_42' title="bbox 2165 1497 3741 1572; baseline 0.001 -21"><span class='ocrx_word' id='word_1_293' title='bbox 2165 1497 2425 1568; x_wconf 80' lang='grc' dir='ltr'><strong>θρώποις,</strong></span> <span class='ocrx_word' id='word_1_294' title='bbox 2456 1498 2592 1554; x_wconf 83' lang='grc' dir='ltr'><strong>ἀλλά</strong></span> <span class='ocrx_word' id='word_1_295' title='bbox 2618 1498 2695 1570; x_wconf 82' lang='grc' dir='ltr'>τῷ</span> <span class='ocrx_word' id='word_1_296' title='bbox 2719 1499 2871 1571; x_wconf 83' lang='grc' dir='ltr'>Θεῷ·</span> <span class='ocrx_word' id='word_1_297' title='bbox 2911 1502 3011 1572; x_wconf 79' lang='grc' dir='ltr'><strong>οὐχ</strong></span> <span class='ocrx_word' id='word_1_298' title='bbox 3057 1502 3219 1571; x_wconf 77' lang='grc' dir='ltr'>ἡμεῖς</span> <span class='ocrx_word' id='word_1_299' title='bbox 3245 1500 3374 1571; x_wconf 85' lang='grc' dir='ltr'>γάρ,</span> <span class='ocrx_word' id='word_1_300' title='bbox 3412 1499 3600 1569; x_wconf 76' lang='grc' dir='ltr'>φησὶν,</span> <span class='ocrx_word' id='word_1_301' title='bbox 3634 1498 3741 1553; x_wconf 81' lang='grc' dir='ltr'><strong>ὑπὸ</strong></span> 
     </span>
    </p>
   </div>
   <div class='ocr_carea' id='block_1_43' title="bbox 2164 1589 3737 1661">
    <p class='ocr_par' dir='ltr' id='par_1_43' title="bbox 2164 1589 3737 1661">
     <span class='ocr_line' id='line_1_43' title="bbox 2164 1589 3737 1661; baseline 0.002 -19"><span class='ocrx_word' id='word_1_302' title='bbox 2164 1589 2261 1643; x_wconf 87' lang='grc' dir='ltr'><strong>σοῦ</strong></span> <span class='ocrx_word' id='word_1_303' title='bbox 2311 1589 2839 1661; x_wconf 84' lang='grc' dir='ltr'>παρεκρούσθημεν,</span> <span class='ocrx_word' id='word_1_304' title='bbox 2898 1591 3034 1645; x_wconf 81' lang='grc' dir='ltr'>ἀλλὰ</span> <span class='ocrx_word' id='word_1_305' title='bbox 3074 1593 3136 1647; x_wconf 80' lang='grc' dir='ltr'>τὸ</span> <span class='ocrx_word' id='word_1_306' title='bbox 3181 1592 3408 1661; x_wconf 79' lang='grc' dir='ltr'><strong>Πνεῦμα</strong></span> <span class='ocrx_word' id='word_1_307' title='bbox 3447 1593 3508 1645; x_wconf 74' lang='grc' dir='ltr'>τὸ</span> <span class='ocrx_word' id='word_1_308' title='bbox 3560 1593 3737 1660; x_wconf 85' lang='grc' dir='ltr'>ᾶγιον,</span> 
     </span>
    </p>
   </div>
   <div class='ocr_carea' id='block_1_44' title="bbox 2161 1679 3741 1754">
    <p class='ocr_par' dir='ltr' id='par_1_44' title="bbox 2161 1679 3741 1754">
     <span class='ocr_line' id='line_1_44' title="bbox 2161 1679 3741 1754; baseline 0.005 -23"><span class='ocrx_word' id='word_1_309' title='bbox 2161 1679 2300 1751; x_wconf 81' lang='grc' dir='ltr'>ὅπερ</span> <span class='ocrx_word' id='word_1_310' title='bbox 2327 1681 2446 1733; x_wconf 71' lang='grc' dir='ltr'>ἐστὶ</span> <span class='ocrx_word' id='word_1_311' title='bbox 2474 1682 2626 1746; x_wconf 67' lang='grc' dir='ltr'>Θεδς,</span> <span class='ocrx_word' id='word_1_312' title='bbox 2649 1684 2714 1735; x_wconf 70' lang='grc' dir='ltr'><strong>ὲκ</strong></span> <span class='ocrx_word' id='word_1_313' title='bbox 2731 1682 2867 1736; x_wconf 89' lang='grc' dir='ltr'>Θεοῦ</span> <span class='ocrx_word' id='word_1_314' title='bbox 2909 1683 3007 1754; x_wconf 78' lang='grc' dir='ltr'>τὴν</span> <span class='ocrx_word' id='word_1_315' title='bbox 3032 1681 3267 1754; x_wconf 80' lang='grc' dir='ltr'>ὕπαρξιν</span> <span class='ocrx_word' id='word_1_316' title='bbox 3301 1683 3443 1753; x_wconf 73' lang='grc' dir='ltr'>ἔχον,</span> <span class='ocrx_word' id='word_1_317' title='bbox 3477 1684 3741 1752; x_wconf 75' lang='grc' dir='ltr'>κάκείνης</span> 
     </span>
    </p>
   </div>
   <div class='ocr_carea' id='block_1_45' title="bbox 2166 1770 3740 1843">
    <p class='ocr_par' dir='ltr' id='par_1_45' title="bbox 2166 1770 3740 1843">
     <span class='ocr_line' id='line_1_45' title="bbox 2166 1770 3740 1843; baseline 0.004 -20"><span class='ocrx_word' id='word_1_318' title='bbox 2166 1770 2409 1842; x_wconf 84' lang='grc' dir='ltr'>ὑπάρχον</span> <span class='ocrx_word' id='word_1_319' title='bbox 2430 1772 2532 1842; x_wconf 83' lang='grc' dir='ltr'><strong>τῆς</strong></span> <span class='ocrx_word' id='word_1_320' title='bbox 2579 1773 2813 1843; x_wconf 84' lang='grc' dir='ltr'>φύσεως.</span> <span class='ocrx_word' id='word_1_321' title='bbox 2864 1771 3038 1827; x_wconf 89' lang='grc' dir='ltr'>Τοῦτο</span> <span class='ocrx_word' id='word_1_322' title='bbox 3066 1774 3162 1829; x_wconf 79' lang='grc' dir='ltr'>καὶ</span> <span class='ocrx_word' id='word_1_323' title='bbox 3203 1776 3231 1828; x_wconf 88' lang='grc' dir='ltr'>ὁ</span> <span class='ocrx_word' id='word_1_324' title='bbox 3274 1776 3489 1839; x_wconf 75' lang='grc' dir='ltr'><strong>Λουκᾶς</strong></span> <span class='ocrx_word' id='word_1_325' title='bbox 3532 1777 3591 1829; x_wconf 81' lang='grc' dir='ltr'>ὲν</span> <span class='ocrx_word' id='word_1_326' title='bbox 3619 1779 3740 1841; x_wconf 75' lang='grc' dir='ltr'>ταῖς</span> 
     </span>
    </p>
   </div>
   <div class='ocr_carea' id='block_1_46' title="bbox 2092 1832 3739 1937">
    <p class='ocr_par' dir='ltr' id='par_1_46' title="bbox 2092 1832 3739 1937">
     <span class='ocr_line' id='line_1_46' title="bbox 2092 1832 3739 1937; baseline 0.003 -23"><span class='ocrx_word' id='word_1_327' title='bbox 2092 1832 2141 1897; x_wconf 70' lang='grc' dir='ltr'><strong>Β</strong></span> <span class='ocrx_word' id='word_1_328' title='bbox 2166 1832 2405 1933; x_wconf 56' lang='grc' dir='ltr'>Πράξεσι</span> <span class='ocrx_word' id='word_1_329' title='bbox 2439 1832 2604 1933; x_wconf 60' lang='grc' dir='ltr'><strong>δήλωί</strong></span> <span class='ocrx_word' id='word_1_330' title='bbox 2626 1832 2805 1918; x_wconf 28' lang='grc' dir='ltr'>ποιεῖτ’</span> <span class='ocrx_word' id='word_1_331' title='bbox 2847 1863 3017 1919; x_wconf 82' lang='grc' dir='ltr'>είπὼν</span> <span class='ocrx_word' id='word_1_332' title='bbox 3056 1870 3164 1937; x_wconf 82' lang='grc' dir='ltr'>γὰρ</span> <span class='ocrx_word' id='word_1_333' title='bbox 3202 1832 3485 1937; x_wconf 59' lang='grc' dir='ltr'>ἀνώτερον</span> <span class='ocrx_word' id='word_1_334' title='bbox 3510 1866 3593 1919; x_wconf 80' lang='grc' dir='ltr'>ὅτι</span> <span class='ocrx_word' id='word_1_335' title='bbox 3623 1832 3739 1920; x_wconf 67' lang='grc' dir='ltr'><strong>λει,ζ</strong></span> 
     </span>
    </p>
   </div>
   <div class='ocr_carea' id='block_1_47' title="bbox 2162 1951 3740 2025">
    <p class='ocr_par' dir='ltr' id='par_1_47' title="bbox 2162 1951 3740 2025">
     <span class='ocr_line' id='line_1_47' title="bbox 2162 1951 3740 2025; baseline 0.003 -22"><span class='ocrx_word' id='word_1_336' title='bbox 2162 1951 2533 2022; x_wconf 82' lang='grc' dir='ltr'>τουργούντων</span> <span class='ocrx_word' id='word_1_337' title='bbox 2557 1951 2636 2023; x_wconf 83' lang='grc' dir='ltr'><strong>τῷ</strong></span> <span class='ocrx_word' id='word_1_338' title='bbox 2665 1952 2875 2025; x_wconf 81' lang='grc' dir='ltr'><strong>Κυρίῳ,</strong></span> <span class='ocrx_word' id='word_1_339' title='bbox 2913 1955 3009 2008; x_wconf 76' lang='grc' dir='ltr'>καὶ</span> <span class='ocrx_word' id='word_1_340' title='bbox 3036 1955 3408 2025; x_wconf 81' lang='grc' dir='ltr'><strong>νηστευόντων</strong></span> <span class='ocrx_word' id='word_1_341' title='bbox 3434 1954 3544 2010; x_wconf 86' lang='grc' dir='ltr'><strong>τῶν</strong></span> <span class='ocrx_word' id='word_1_342' title='bbox 3584 1955 3740 2017; x_wconf 83' lang='grc' dir='ltr'>ἀδελ-</span> 
     </span>
    </p>
   </div>
   <div class='ocr_carea' id='block_1_48' title="bbox 2162 2040 3485 2117">
    <p class='ocr_par' dir='ltr' id='par_1_48' title="bbox 2162 2040 3485 2117">
     <span class='ocr_line' id='line_1_48' title="bbox 2162 2040 3485 2117; baseline 0.003 -21"><span class='ocrx_word' id='word_1_343' title='bbox 2162 2041 2277 2112; x_wconf 85' lang='grc' dir='ltr'><strong>φῶν</strong></span> <span class='ocrx_word' id='word_1_344' title='bbox 2301 2044 2359 2097; x_wconf 68' lang='grc' dir='ltr'>ιν</span> <span class='ocrx_word' id='word_1_345' title='bbox 2390 2043 2706 2116; x_wconf 78' lang='grc' dir='ltr'><strong>⁹Δντιοχεείᾳ,</strong></span> <span class='ocrx_word' id='word_1_346' title='bbox 2733 2040 2853 2099; x_wconf 69' lang='grc' dir='ltr'>εἰπε</span> <span class='ocrx_word' id='word_1_347' title='bbox 2873 2045 2935 2099; x_wconf 83' lang='grc' dir='ltr'>τὸ</span> <span class='ocrx_word' id='word_1_348' title='bbox 2964 2045 3188 2117; x_wconf 89' lang='grc' dir='ltr'>Πνεῦμα</span> <span class='ocrx_word' id='word_1_349' title='bbox 3214 2046 3275 2099; x_wconf 86' lang='grc' dir='ltr'><strong>τὺ</strong></span> <span class='ocrx_word' id='word_1_350' title='bbox 3296 2046 3450 2114; x_wconf 81' lang='grc' dir='ltr'>άγιον</span> <span class='ocrx_word' id='word_1_351' title='bbox 3468 2060 3485 2077; x_wconf 89' lang='grc'><strong>·</strong></span> 
     </span>
    </p>
   </div>
   <div class='ocr_carea' id='block_1_49' title="bbox 2228 2153 3727 2223">
    <p class='ocr_par' dir='ltr' id='par_1_49' title="bbox 2228 2153 3727 2223">
     <span class='ocr_line' id='line_1_49' title="bbox 2228 2153 3727 2223; baseline 0.005 -16"><span class='ocrx_word' id='word_1_352' title='bbox 2228 2154 2377 2222; x_wconf 65' lang='lat' dir='ltr'><strong>KG’.</strong></span> <span class='ocrx_word' id='word_1_353' title='bbox 2431 2154 2533 2209; x_wconf 81' lang='grc' dir='ltr'>Ἐκ</span> <span class='ocrx_word' id='word_1_354' title='bbox 2585 2156 2883 2210; x_wconf 70' lang='grc' dir='ltr'>πλειόνων</span> <span class='ocrx_word' id='word_1_355' title='bbox 2928 2156 3238 2223; x_wconf 78' lang='grc' dir='ltr'>ἀπόδειξις</span> <span class='ocrx_word' id='word_1_356' title='bbox 3272 2157 3420 2213; x_wconf 78' lang='grc' dir='ltr'>Θεὸν</span> <span class='ocrx_word' id='word_1_357' title='bbox 3468 2153 3623 2214; x_wconf 74' lang='grc' dir='ltr'>εἶναι</span> <span class='ocrx_word' id='word_1_358' title='bbox 3654 2161 3727 2214; x_wconf 78' lang='grc' dir='ltr'>τὸ</span> 
     </span>
    </p>
   </div>
   <div class='ocr_carea' id='block_1_50' title="bbox 2713 2223 3179 2296">
    <p class='ocr_par' dir='ltr' id='par_1_50' title="bbox 2713 2223 3179 2296">
     <span class='ocr_line' id='line_1_50' title="bbox 2713 2223 3179 2296; baseline 0.002 -17"><span class='ocrx_word' id='word_1_359' title='bbox 2713 2223 2887 2294; x_wconf 76' lang='grc' dir='ltr'>ἄτιον</span> <span class='ocrx_word' id='word_1_360' title='bbox 2917 2225 3179 2296; x_wconf 80' lang='grc' dir='ltr'><strong>Πνεῦμα.</strong></span> 
     </span>
    </p>
   </div>
   <div class='ocr_carea' id='block_1_51' title="bbox 2230 2336 3734 2413">
    <p class='ocr_par' dir='ltr' id='par_1_51' title="bbox 2230 2336 3734 2413">
     <span class='ocr_line' id='line_1_51' title="bbox 2230 2336 3734 2413; baseline 0.003 -22"><span class='ocrx_word' id='word_1_361' title='bbox 2230 2355 2251 2391; x_wconf 81' lang='grc' dir='ltr'><strong>ε</strong></span> <span class='ocrx_word' id='word_1_362' title='bbox 2285 2336 2607 2411; x_wconf 69' lang='grc' dir='ltr'>Ἀφορίσατε</span> <span class='ocrx_word' id='word_1_363' title='bbox 2632 2355 2724 2411; x_wconf 89' lang='grc' dir='ltr'><strong>μοι</strong></span> <span class='ocrx_word' id='word_1_364' title='bbox 2750 2339 2840 2395; x_wconf 78' lang='grc' dir='ltr'><strong>τὸν</strong></span> <span class='ocrx_word' id='word_1_365' title='bbox 2868 2339 3078 2395; x_wconf 84' lang='grc' dir='ltr'>Παῦλον</span> <span class='ocrx_word' id='word_1_366' title='bbox 3106 2340 3171 2413; x_wconf 81' lang='grc' dir='ltr'>δὴ</span> <span class='ocrx_word' id='word_1_367' title='bbox 3199 2340 3408 2396; x_wconf 78' lang='grc' dir='ltr'>καὶτὸν</span> <span class='ocrx_word' id='word_1_368' title='bbox 3443 2340 3734 2413; x_wconf 86' lang='grc' dir='ltr'>Βαρνάϐαν</span> 
     </span>
    </p>
   </div>
   <div class='ocr_carea' id='block_1_52' title="bbox 2152 2429 3734 2503">
    <p class='ocr_par' dir='ltr' id='par_1_52' title="bbox 2152 2429 3734 2503">
     <span class='ocr_line' id='line_1_52' title="bbox 2152 2429 3734 2503; baseline 0.004 -20"><span class='ocrx_word' id='word_1_369' title='bbox 2152 2429 2233 2494; x_wconf 83' lang='grc' dir='ltr'><strong>είς</strong></span> <span class='ocrx_word' id='word_1_370' title='bbox 2258 2430 2320 2484; x_wconf 81' lang='grc' dir='ltr'><strong>τὺ</strong></span> <span class='ocrx_word' id='word_1_371' title='bbox 2347 2429 2506 2502; x_wconf 67' lang='grc' dir='ltr'>ἔργον</span> <span class='ocrx_word' id='word_1_372' title='bbox 2531 2430 2561 2483; x_wconf 91' lang='lat'><strong>6</strong></span> <span class='ocrx_word' id='word_1_373' title='bbox 2602 2432 3017 2503; x_wconf 70' lang='grc' dir='ltr'>προσκέκλημαι</span> <span class='ocrx_word' id='word_1_374' title='bbox 3046 2432 3268 2497; x_wconf 82' lang='grc' dir='ltr'>αὐτούς.</span> <span class='ocrx_word' id='word_1_375' title='bbox 3317 2452 3335 2486; x_wconf 73' lang='grc' dir='ltr'><strong>ι</strong></span> <span class='ocrx_word' id='word_1_376' title='bbox 3383 2434 3493 2486; x_wconf 74' lang='grc' dir='ltr'><strong>Καὶ</strong></span> <span class='ocrx_word' id='word_1_377' title='bbox 3523 2435 3734 2502; x_wconf 70' lang='grc' dir='ltr'>ἐπαγα-</span> 
     </span>
    </p>
   </div>
   <div class='ocr_carea' id='block_1_53' title="bbox 2150 2520 3733 2597">
    <p class='ocr_par' dir='ltr' id='par_1_53' title="bbox 2150 2520 3733 2597">
     <span class='ocr_line' id='line_1_53' title="bbox 2150 2520 3733 2597; baseline 0.003 -22"><span class='ocrx_word' id='word_1_378' title='bbox 2150 2520 2263 2591; x_wconf 84' lang='grc' dir='ltr'>γὼν</span> <span class='ocrx_word' id='word_1_379' title='bbox 2302 2523 2385 2578; x_wconf 85' lang='grc' dir='ltr'><strong>δτι</strong></span> <span class='ocrx_word' id='word_1_380' title='bbox 2441 2523 2854 2595; x_wconf 64' lang='grc' dir='ltr'>ἐκπεμφθέντες</span> <span class='ocrx_word' id='word_1_381' title='bbox 2904 2525 3009 2580; x_wconf 76' lang='grc' dir='ltr'><strong>ὑπὸ</strong></span> <span class='ocrx_word' id='word_1_382' title='bbox 3056 2526 3151 2580; x_wconf 89' lang='grc' dir='ltr'><strong>τοῦ</strong></span> <span class='ocrx_word' id='word_1_383' title='bbox 3206 2526 3363 2595; x_wconf 82' lang='grc' dir='ltr'>ἀγίου</span> <span class='ocrx_word' id='word_1_384' title='bbox 3416 2527 3733 2597; x_wconf 76' lang='grc' dir='ltr'>Πνεύματος</span> 
     </span>
    </p>
   </div>
   <div class='ocr_carea' id='block_1_54' title="bbox 2151 2612 3735 2691">
    <p class='ocr_par' dir='ltr' id='par_1_54' title="bbox 2151 2612 3735 2691">
     <span class='ocr_line' id='line_1_54' title="bbox 2151 2612 3735 2691; baseline 0.004 -26"><span class='ocrx_word' id='word_1_385' title='bbox 2151 2612 2418 2684; x_wconf 81' lang='grc' dir='ltr'>κατῆλθον</span> <span class='ocrx_word' id='word_1_386' title='bbox 2458 2616 2541 2679; x_wconf 84' lang='grc' dir='ltr'><strong>είς</strong></span> <span class='ocrx_word' id='word_1_387' title='bbox 2595 2616 2919 2669; x_wconf 84' lang='grc' dir='ltr'>Σελεύκειαν</span> <span class='ocrx_word' id='word_1_388' title='bbox 2941 2655 2957 2680; x_wconf 93' lang='grc'><strong>,</strong></span> <span class='ocrx_word' id='word_1_389' title='bbox 2993 2616 3089 2670; x_wconf 83' lang='grc' dir='ltr'><strong>καὶ</strong></span> <span class='ocrx_word' id='word_1_390' title='bbox 3136 2617 3549 2691; x_wconf 69' lang='grc' dir='ltr'><strong>διηγησάμενος¹</strong></span> <span class='ocrx_word' id='word_1_391' title='bbox 3583 2618 3735 2681; x_wconf 83' lang='grc' dir='ltr'>ὅπως</span> 
     </span>
    </p>
   </div>
   <div class='ocr_carea' id='block_1_55' title="bbox 2151 2702 3733 2775">
    <p class='ocr_par' dir='ltr' id='par_1_55' title="bbox 2151 2702 3733 2775">
     <span class='ocr_line' id='line_1_55' title="bbox 2151 2702 3733 2775; baseline 0.002 -20"><span class='ocrx_word' id='word_1_392' title='bbox 2151 2702 2641 2773; x_wconf 79' lang='grc' dir='ltr'>περινοστήσαντες</span> <span class='ocrx_word' id='word_1_393' title='bbox 2668 2703 2766 2774; x_wconf 77' lang='grc' dir='ltr'>τὴν</span> <span class='ocrx_word' id='word_1_394' title='bbox 2795 2703 3021 2774; x_wconf 79' lang='grc' dir='ltr'>Κύπρον</span> <span class='ocrx_word' id='word_1_395' title='bbox 3066 2704 3162 2757; x_wconf 79' lang='grc' dir='ltr'><strong>καὶ</strong></span> <span class='ocrx_word' id='word_1_396' title='bbox 3207 2703 3306 2775; x_wconf 81' lang='grc' dir='ltr'>τὴν</span> <span class='ocrx_word' id='word_1_397' title='bbox 3349 2704 3581 2769; x_wconf 85' lang='grc' dir='ltr'>Λυκίαν,</span> <span class='ocrx_word' id='word_1_398' title='bbox 3635 2705 3733 2758; x_wconf 70' lang='grc' dir='ltr'><strong>καὶ</strong></span> 
     </span>
    </p>
   </div>
   <div class='ocr_carea' id='block_1_56' title="bbox 2149 2793 3732 2867">
    <p class='ocr_par' dir='ltr' id='par_1_56' title="bbox 2149 2793 3732 2867">
     <span class='ocr_line' id='line_1_56' title="bbox 2149 2793 3732 2867; baseline 0.003 -22"><span class='ocrx_word' id='word_1_399' title='bbox 2149 2793 2473 2857; x_wconf 83' lang='grc' dir='ltr'>Λυκαονίαν,</span> <span class='ocrx_word' id='word_1_400' title='bbox 2516 2793 2610 2847; x_wconf 81' lang='grc' dir='ltr'>καὶ</span> <span class='ocrx_word' id='word_1_401' title='bbox 2647 2794 2992 2864; x_wconf 82' lang='grc' dir='ltr'>Παμφυλίαν,</span> <span class='ocrx_word' id='word_1_402' title='bbox 3022 2795 3116 2849; x_wconf 82' lang='grc' dir='ltr'><strong>καὶ</strong></span> <span class='ocrx_word' id='word_1_403' title='bbox 3138 2794 3424 2859; x_wconf 90' lang='grc' dir='ltr'>Βυθυνίαν,</span> <span class='ocrx_word' id='word_1_404' title='bbox 3451 2796 3732 2867; x_wconf 62' lang='grc' dir='ltr'>ἐκήρυξεν</span> 
     </span>
    </p>
   </div>
   <div class='ocr_carea' id='block_1_57' title="bbox 2148 2884 3731 2957">
    <p class='ocr_par' dir='ltr' id='par_1_57' title="bbox 2148 2884 3731 2957">
     <span class='ocr_line' id='line_1_57' title="bbox 2148 2884 3731 2957; baseline 0.003 -20"><span class='ocrx_word' id='word_1_405' title='bbox 2148 2884 2209 2937; x_wconf 83' lang='grc' dir='ltr'>τὸ</span> <span class='ocrx_word' id='word_1_406' title='bbox 2271 2884 2644 2955; x_wconf 80' lang='grc' dir='ltr'>Εὐαγγέλιον,</span> <span class='ocrx_word' id='word_1_407' title='bbox 2715 2887 2969 2957; x_wconf 73' lang='grc' dir='ltr'>ιπιφέρει</span> <span class='ocrx_word' id='word_1_408' title='bbox 3004 2903 3020 2920; x_wconf 77' lang='grc' dir='ltr'><strong><em>ο</em></strong></span> <span class='ocrx_word' id='word_1_409' title='bbox 3086 2905 3106 2939; x_wconf 81' lang='lat' dir='ltr'><strong>s</strong></span> <span class='ocrx_word' id='word_1_410' title='bbox 3132 2886 3404 2941; x_wconf 79' lang='grc' dir='ltr'>Κάκεῖθεν</span> <span class='ocrx_word' id='word_1_411' title='bbox 3453 2887 3731 2941; x_wconf 79' lang='grc' dir='ltr'>ἀποπλεύο</span> 
     </span>
    </p>
   </div>
   <div class='ocr_carea' id='block_1_58' title="bbox 2154 2975 3726 3051">
    <p class='ocr_par' dir='ltr' id='par_1_58' title="bbox 2154 2975 3726 3051">
     <span class='ocr_line' id='line_1_58' title="bbox 2154 2975 3726 3051; baseline 0.003 -22"><span class='ocrx_word' id='word_1_412' title='bbox 2154 2992 2347 3039; x_wconf 86' lang='grc' dir='ltr'>σαντες</span> <span class='ocrx_word' id='word_1_413' title='bbox 2384 2977 2465 3039; x_wconf 85' lang='grc' dir='ltr'><strong>είς</strong></span> <span class='ocrx_word' id='word_1_414' title='bbox 2512 2975 2839 3047; x_wconf 73' lang='grc' dir='ltr'>Ἀντιόχειαν</span> <span class='ocrx_word' id='word_1_415' title='bbox 2885 2978 2936 3030; x_wconf 87' lang='grc' dir='ltr'>οί</span> <span class='ocrx_word' id='word_1_416' title='bbox 2969 2977 3097 3049; x_wconf 75' lang='grc' dir='ltr'>περὶ</span> <span class='ocrx_word' id='word_1_417' title='bbox 3132 2977 3419 3051; x_wconf 84' lang='grc' dir='ltr'>Βαρνάϐαν</span> <span class='ocrx_word' id='word_1_418' title='bbox 3450 2980 3546 3033; x_wconf 81' lang='grc' dir='ltr'><strong>καὶ</strong></span> <span class='ocrx_word' id='word_1_419' title='bbox 3584 2978 3726 3034; x_wconf 86' lang='grc' dir='ltr'>Παῦ-</span> 
     </span>
    </p>
   </div>
   <div class='ocr_carea' id='block_1_59' title="bbox 2145 3063 3729 3143">
    <p class='ocr_par' dir='ltr' id='par_1_59' title="bbox 2145 3063 3729 3143">
     <span class='ocr_line' id='line_1_59' title="bbox 2145 3063 3729 3143; baseline 0.003 -22"><span class='ocrx_word' id='word_1_420' title='bbox 2145 3067 2265 3134; x_wconf 89' lang='grc' dir='ltr'>λον,</span> <span class='ocrx_word' id='word_1_421' title='bbox 2306 3069 2429 3123; x_wconf 80' lang='grc' dir='ltr'>δθεν</span> <span class='ocrx_word' id='word_1_422' title='bbox 2471 3063 2613 3140; x_wconf 80' lang='grc' dir='ltr'>ἦσαν</span> <span class='ocrx_word' id='word_1_423' title='bbox 2651 3069 3077 3140; x_wconf 84' lang='grc' dir='ltr'>παραδεδομένοι</span> <span class='ocrx_word' id='word_1_424' title='bbox 3123 3073 3189 3143; x_wconf 81' lang='grc' dir='ltr'><strong>τῇ</strong></span> <span class='ocrx_word' id='word_1_425' title='bbox 3226 3072 3409 3141; x_wconf 86' lang='grc' dir='ltr'>χάριτι</span> <span class='ocrx_word' id='word_1_426' title='bbox 3451 3071 3548 3125; x_wconf 87' lang='grc' dir='ltr'><strong>τοῦ</strong></span> <span class='ocrx_word' id='word_1_427' title='bbox 3592 3072 3729 3126; x_wconf 84' lang='grc' dir='ltr'>Θεοῦ</span> 
     </span>
    </p>
   </div>
   <div class='ocr_carea' id='block_1_60' title="bbox 485 3149 2047 3230">
    <p class='ocr_par' dir='ltr' id='par_1_60' title="bbox 485 3149 2046 3221">
     <span class='ocr_line' id='line_1_60' title="bbox 485 3149 2046 3221; baseline 0.01 -24"><span class='ocrx_word' id='word_1_428' title='bbox 485 3156 819 3216; x_wconf 88' lang='lat' dir='ltr'><strong>gregassent,</strong></span> <span class='ocrx_word' id='word_1_429' title='bbox 875 3149 1178 3206; x_wconf 88' lang='lat' dir='ltr'><strong>retulerunt</strong></span> <span class='ocrx_word' id='word_1_430' title='bbox 1232 3161 1433 3221; x_wconf 88' lang='lat' dir='ltr'><strong>quanta</strong></span> <span class='ocrx_word' id='word_1_431' title='bbox 1497 3153 1712 3211; x_wconf 77' lang='lat' dir='ltr'><strong>fecisset</strong></span> <span class='ocrx_word' id='word_1_432' title='bbox 1760 3170 1881 3211; x_wconf 91' lang='lat' dir='ltr'><strong>cum</strong></span> <span class='ocrx_word' id='word_1_433' title='bbox 1940 3157 2046 3213; x_wconf 84' lang='lat' dir='ltr'><strong>illis</strong></span> 
     </span>
    </p>
   </div>
   <div class='ocr_carea' id='block_1_61' title="bbox 2150 3149 3729 3230">
    <p class='ocr_par' dir='ltr' id='par_1_61' title="bbox 2150 3158 3729 3230">
     <span class='ocr_line' id='line_1_61' title="bbox 2150 3158 3729 3230; baseline 0.001 -18"><span class='ocrx_word' id='word_1_434' title='bbox 2150 3160 2226 3222; x_wconf 85' lang='grc' dir='ltr'><strong>είς</strong></span> <span class='ocrx_word' id='word_1_435' title='bbox 2253 3158 2315 3211; x_wconf 83' lang='grc' dir='ltr'>τὸ</span> <span class='ocrx_word' id='word_1_436' title='bbox 2344 3158 2503 3228; x_wconf 80' lang='grc' dir='ltr'>ἔργον</span> <span class='ocrx_word' id='word_1_437' title='bbox 2543 3158 2572 3211; x_wconf 86' lang='lat'><strong>6</strong></span> <span class='ocrx_word' id='word_1_438' title='bbox 2608 3158 2931 3229; x_wconf 77' lang='grc' dir='ltr'>ἐπλήρωσαν</span> <span class='ocrx_word' id='word_1_439' title='bbox 2955 3173 2973 3191; x_wconf 85' lang='grc'>⁶</span> <span class='ocrx_word' id='word_1_440' title='bbox 3023 3160 3456 3230; x_wconf 86' lang='grc' dir='ltr'>παραγενόμενοι</span> <span class='ocrx_word' id='word_1_441' title='bbox 3495 3160 3551 3213; x_wconf 81' lang='grc' dir='ltr'>δὲ</span> <span class='ocrx_word' id='word_1_442' title='bbox 3574 3203 3589 3226; x_wconf 97' lang='grc'><strong>,</strong></span> <span class='ocrx_word' id='word_1_443' title='bbox 3633 3162 3729 3215; x_wconf 78' lang='grc' dir='ltr'>καὶ</span> 
     </span>
    </p>
   </div>
   <div class='ocr_carea' id='block_1_62' title="bbox 481 3234 2045 3315">
    <p class='ocr_par' dir='ltr' id='par_1_62' title="bbox 481 3234 2045 3315">
     <span class='ocr_line' id='line_1_62' title="bbox 481 3234 2045 3315; baseline 0.008 -26"><span class='ocrx_word' id='word_1_444' title='bbox 481 3234 626 3290; x_wconf 87' lang='lat' dir='ltr'><strong>Deus</strong></span> <span class='ocrx_word' id='word_1_445' title='bbox 646 3236 714 3291; x_wconf 82' lang='grc'><strong>⁷³.</strong></span> <span class='ocrx_word' id='word_1_446' title='bbox 743 3255 762 3289; x_wconf 73' lang='grc' dir='ltr'><strong>ι</strong></span> <span class='ocrx_word' id='word_1_447' title='bbox 801 3237 867 3293; x_wconf 88' lang='lat' dir='ltr'><strong>Et</strong></span> <span class='ocrx_word' id='word_1_448' title='bbox 899 3240 1113 3309; x_wconf 90' lang='lat' dir='ltr'><strong>quidem</strong></span> <span class='ocrx_word' id='word_1_449' title='bbox 1156 3256 1277 3297; x_wconf 90' lang='lat' dir='ltr'><strong>cum</strong></span> <span class='ocrx_word' id='word_1_450' title='bbox 1318 3244 1565 3311; x_wconf 89' lang='lat' dir='ltr'><strong>superius</strong></span> <span class='ocrx_word' id='word_1_451' title='bbox 1594 3244 1828 3315; x_wconf 91' lang='lat' dir='ltr'><strong>Spiritus</strong></span> <span class='ocrx_word' id='word_1_452' title='bbox 1856 3249 2045 3302; x_wconf 90' lang='lat' dir='ltr'><strong>memi-</strong></span> 
     </span>
    </p>
   </div>
   <div class='ocr_carea' id='block_1_63' title="bbox 484 3323 2045 3396">
    <p class='ocr_par' dir='ltr' id='par_1_63' title="bbox 484 3323 2045 3396">
     <span class='ocr_line' id='line_1_63' title="bbox 484 3323 2045 3396; baseline 0.011 -21"><span class='ocrx_word' id='word_1_453' title='bbox 484 3323 674 3392; x_wconf 88' lang='lat' dir='ltr'><strong>nisset,</strong></span> <span class='ocrx_word' id='word_1_454' title='bbox 701 3341 797 3381; x_wconf 90' lang='lat' dir='ltr'><strong>ceu</strong></span> <span class='ocrx_word' id='word_1_455' title='bbox 831 3328 921 3396; x_wconf 89' lang='lat' dir='ltr'><strong>qui</strong></span> <span class='ocrx_word' id='word_1_456' title='bbox 952 3328 1176 3383; x_wconf 88' lang='lat' dir='ltr'><strong>Paulum</strong></span> <span class='ocrx_word' id='word_1_457' title='bbox 1204 3341 1259 3386; x_wconf 89' lang='lat' dir='ltr'><strong>et</strong></span> <span class='ocrx_word' id='word_1_458' title='bbox 1291 3331 1592 3389; x_wconf 84' lang='lat' dir='ltr'><strong>Barnabam</strong></span> <span class='ocrx_word' id='word_1_459' title='bbox 1618 3335 1683 3389; x_wconf 90' lang='lat' dir='ltr'><strong>ad</strong></span> <span class='ocrx_word' id='word_1_460' title='bbox 1714 3336 2045 3392; x_wconf 90' lang='lat' dir='ltr'><strong>destinatum</strong></span> 
     </span>
    </p>
   </div>
   <div class='ocr_carea' id='block_1_64' title="bbox 484 3418 2043 3494">
    <p class='ocr_par' dir='ltr' id='par_1_64' title="bbox 484 3418 2043 3494">
     <span class='ocr_line' id='line_1_64' title="bbox 484 3418 2043 3494; baseline 0.01 -28"><span class='ocrx_word' id='word_1_461' title='bbox 484 3428 516 3466; x_wconf 88' lang='lat' dir='ltr'><strong>a</strong></span> <span class='ocrx_word' id='word_1_462' title='bbox 550 3429 608 3467; x_wconf 91' lang='lat' dir='ltr'><strong>se</strong></span> <span class='ocrx_word' id='word_1_463' title='bbox 637 3430 772 3484; x_wconf 85' lang='lat' dir='ltr'><strong>Opus</strong></span> <span class='ocrx_word' id='word_1_464' title='bbox 803 3418 1071 3488; x_wconf 84' lang='lat' dir='ltr'><strong>elegisset,</strong></span> <span class='ocrx_word' id='word_1_465' title='bbox 1106 3422 1371 3490; x_wconf 88' lang='lat' dir='ltr'><strong>Spiritum</strong></span> <span class='ocrx_word' id='word_1_466' title='bbox 1415 3438 1605 3480; x_wconf 88' lang='lat' dir='ltr'><strong>rursus</strong></span> <span class='ocrx_word' id='word_1_467' title='bbox 1652 3435 1773 3494; x_wconf 92' lang='lat' dir='ltr'><strong>post</strong></span> <span class='ocrx_word' id='word_1_468' title='bbox 1811 3428 2043 3482; x_wconf 90' lang='lat' dir='ltr'><strong>reditum</strong></span> 
     </span>
    </p>
   </div>
   <div class='ocr_carea' id='block_1_65' title="bbox 486 3504 2045 3586">
    <p class='ocr_par' dir='ltr' id='par_1_65' title="bbox 486 3504 2045 3586">
     <span class='ocr_line' id='line_1_65' title="bbox 486 3504 2045 3586; baseline 0.01 -30"><span class='ocrx_word' id='word_1_469' title='bbox 486 3504 749 3572; x_wconf 87' lang='lat' dir='ltr'><strong>nominat,</strong></span> <span class='ocrx_word' id='word_1_470' title='bbox 782 3507 969 3577; x_wconf 91' lang='lat' dir='ltr'><strong>bisque</strong></span> <span class='ocrx_word' id='word_1_471' title='bbox 1000 3510 1075 3563; x_wconf 90' lang='lat' dir='ltr'><strong>illi</strong></span> <span class='ocrx_word' id='word_1_472' title='bbox 1128 3510 1221 3565; x_wconf 85' lang='lat' dir='ltr'><strong>Dei</strong></span> <span class='ocrx_word' id='word_1_473' title='bbox 1272 3527 1469 3567; x_wconf 89' lang='lat' dir='ltr'><strong>nomen</strong></span> <span class='ocrx_word' id='word_1_474' title='bbox 1522 3514 1813 3581; x_wconf 86' lang='lat' dir='ltr'><strong>attribuit;</strong></span> <span class='ocrx_word' id='word_1_475' title='bbox 1868 3517 2045 3586; x_wconf 86' lang='lat' dir='ltr'><strong>primo</strong></span> 
     </span>
    </p>
   </div>
   <div class='ocr_carea' id='block_1_66' title="bbox 484 3595 2045 3672">
    <p class='ocr_par' dir='ltr' id='par_1_66' title="bbox 484 3595 2045 3672">
     <span class='ocr_line' id='line_1_66' title="bbox 484 3595 2045 3672; baseline 0.007 -23"><span class='ocrx_word' id='word_1_476' title='bbox 484 3595 691 3659; x_wconf 85' lang='lat' dir='ltr'><strong>dicens,</strong></span> <span class='ocrx_word' id='word_1_477' title='bbox 727 3597 866 3665; x_wconf 90' lang='lat' dir='ltr'><strong>quod</strong></span> <span class='ocrx_word' id='word_1_478' title='bbox 901 3599 1240 3655; x_wconf 83' lang='lat' dir='ltr'><strong>Antiochiam</strong></span> <span class='ocrx_word' id='word_1_479' title='bbox 1292 3603 1665 3672; x_wconf 83' lang='lat' dir='ltr'><strong>navigaverint</strong></span> <span class='ocrx_word' id='word_1_480' title='bbox 1707 3606 1846 3659; x_wconf 88' lang='lat' dir='ltr'><strong>unde</strong></span> <span class='ocrx_word' id='word_1_481' title='bbox 1889 3614 2045 3661; x_wconf 90' lang='lat' dir='ltr'><strong>erant</strong></span> 
     </span>
    </p>
   </div>
   <div class='ocr_carea' id='block_1_67' title="bbox 485 3686 2043 3764">
    <p class='ocr_par' dir='ltr' id='par_1_67' title="bbox 485 3686 2043 3764">
     <span class='ocr_line' id='line_1_67' title="bbox 485 3686 2043 3764; baseline 0.009 -26"><span class='ocrx_word' id='word_1_482' title='bbox 485 3686 666 3740; x_wconf 90' lang='lat' dir='ltr'><strong>traditi</strong></span> <span class='ocrx_word' id='word_1_483' title='bbox 695 3689 881 3757; x_wconf 73' lang='lat' dir='ltr'><strong>gratia:</strong></span> <span class='ocrx_word' id='word_1_484' title='bbox 909 3690 998 3745; x_wconf 89' lang='lat' dir='ltr'><strong>Dei</strong></span> <span class='ocrx_word' id='word_1_485' title='bbox 1035 3702 1249 3760; x_wconf 88' lang='lat' dir='ltr'><strong>propter</strong></span> <span class='ocrx_word' id='word_1_486' title='bbox 1280 3708 1416 3761; x_wconf 91' lang='lat' dir='ltr'><strong>opus</strong></span> <span class='ocrx_word' id='word_1_487' title='bbox 1458 3695 1600 3763; x_wconf 91' lang='lat' dir='ltr'><strong>quod</strong></span> <span class='ocrx_word' id='word_1_488' title='bbox 1652 3711 1841 3764; x_wconf 86' lang='lat' dir='ltr'><strong>reapse</strong></span> <span class='ocrx_word' id='word_1_489' title='bbox 1893 3711 2043 3751; x_wconf 88' lang='lat' dir='ltr'><strong>com-</strong></span> 
     </span>
    </p>
   </div>
   <div class='ocr_carea' id='block_1_68' title="bbox 485 3775 2041 3857">
    <p class='ocr_par' dir='ltr' id='par_1_68' title="bbox 485 3775 2041 3857">
     <span class='ocr_line' id='line_1_68' title="bbox 485 3775 2041 3857; baseline 0.009 -30"><span class='ocrx_word' id='word_1_490' title='bbox 485 3775 797 3844; x_wconf 89' lang='lat' dir='ltr'><strong>pleverant;</strong></span> <span class='ocrx_word' id='word_1_491' title='bbox 852 3780 1049 3833; x_wconf 88' lang='lat' dir='ltr'><strong>iterum</strong></span> <span class='ocrx_word' id='word_1_492' title='bbox 1104 3782 1230 3836; x_wconf 92' lang='lat' dir='ltr'><strong>dum</strong></span> <span class='ocrx_word' id='word_1_493' title='bbox 1264 3784 1363 3850; x_wconf 88' lang='lat' dir='ltr'><strong>ait,</strong></span> <span class='ocrx_word' id='word_1_494' title='bbox 1391 3786 1530 3855; x_wconf 92' lang='lat' dir='ltr'><strong>quod</strong></span> <span class='ocrx_word' id='word_1_495' title='bbox 1573 3797 1909 3857; x_wconf 72' lang='lat' dir='ltr'><strong>congregata:</strong></span> <span class='ocrx_word' id='word_1_496' title='bbox 1938 3787 2041 3842; x_wconf 89' lang='lat' dir='ltr'><strong>Ec-</strong></span> 
     </span>
    </p>
   </div>
   <div class='ocr_carea' id='block_1_69' title="bbox 485 3868 2038 3945">
    <p class='ocr_par' dir='ltr' id='par_1_69' title="bbox 485 3868 2038 3945">
     <span class='ocr_line' id='line_1_69' title="bbox 485 3868 2038 3945; baseline 0.008 -24"><span class='ocrx_word' id='word_1_497' title='bbox 485 3868 660 3921; x_wconf 74' lang='lat' dir='ltr'><strong>clesia:</strong></span> <span class='ocrx_word' id='word_1_498' title='bbox 686 3882 748 3922; x_wconf 91' lang='lat' dir='ltr'><strong>ea</strong></span> <span class='ocrx_word' id='word_1_499' title='bbox 776 3873 1139 3938; x_wconf 85' lang='lat' dir='ltr'><strong>narraverint,</strong></span> <span class='ocrx_word' id='word_1_500' title='bbox 1172 3890 1289 3942; x_wconf 74' lang='lat' dir='ltr'><strong>qua:</strong></span> <span class='ocrx_word' id='word_1_501' title='bbox 1316 3891 1438 3929; x_wconf 89' lang='lat' dir='ltr'><strong>cum</strong></span> <span class='ocrx_word' id='word_1_502' title='bbox 1476 3876 1606 3945; x_wconf 89' lang='lat' dir='ltr'><strong>ipsis</strong></span> <span class='ocrx_word' id='word_1_503' title='bbox 1636 3877 1776 3932; x_wconf 87' lang='lat' dir='ltr'><strong>Deus</strong></span> <span class='ocrx_word' id='word_1_504' title='bbox 1804 3878 2038 3933; x_wconf 83' lang='lat' dir='ltr'><strong>fecisset.</strong></span> 
     </span>
    </p>
   </div>
   <div class='ocr_carea' id='block_1_70' title="bbox 483 3958 2038 4036">
    <p class='ocr_par' dir='ltr' id='par_1_70' title="bbox 483 3958 2038 4036">
     <span class='ocr_line' id='line_1_70' title="bbox 483 3958 2038 4036; baseline 0.007 -23"><span class='ocrx_word' id='word_1_505' title='bbox 483 3958 729 4016; x_wconf 82' lang='lat' dir='ltr'><strong>Profecto</strong></span> <span class='ocrx_word' id='word_1_506' title='bbox 751 3978 779 4015; x_wconf 89' lang='lat' dir='ltr'><strong>a</strong></span> <span class='ocrx_word' id='word_1_507' title='bbox 820 3962 1021 4032; x_wconf 90' lang='lat' dir='ltr'><strong>Spiritu</strong></span> <span class='ocrx_word' id='word_1_508' title='bbox 1050 3977 1238 4020; x_wconf 91' lang='lat' dir='ltr'><strong>sancto</strong></span> <span class='ocrx_word' id='word_1_509' title='bbox 1262 3977 1379 4022; x_wconf 91' lang='lat' dir='ltr'><strong>erat</strong></span> <span class='ocrx_word' id='word_1_510' title='bbox 1410 3968 1790 4022; x_wconf 88' lang='lat' dir='ltr'><strong>miraculorum</strong></span> <span class='ocrx_word' id='word_1_511' title='bbox 1820 3970 2038 4036; x_wconf 84' lang='lat' dir='ltr'><strong>donum,</strong></span> 
     </span>
    </p>
   </div>
   <div class='ocr_carea' id='block_1_71' title="bbox 484 4050 2043 4130">
    <p class='ocr_par' dir='ltr' id='par_1_71' title="bbox 484 4050 2043 4130">
     <span class='ocr_line' id='line_1_71' title="bbox 484 4050 2043 4130; baseline 0.008 -26"><span class='ocrx_word' id='word_1_512' title='bbox 484 4050 599 4117; x_wconf 86' lang='lat' dir='ltr'><strong>ipse</strong></span> <span class='ocrx_word' id='word_1_513' title='bbox 623 4052 943 4119; x_wconf 86' lang='lat' dir='ltr'><strong>sapientiam</strong></span> <span class='ocrx_word' id='word_1_514' title='bbox 995 4057 1446 4129; x_wconf 89' lang='lat' dir='ltr'><strong>prudentiamque</strong></span> <span class='ocrx_word' id='word_1_515' title='bbox 1490 4061 1897 4129; x_wconf 84' lang='lat' dir='ltr'><strong>suppeditabat,</strong></span> <span class='ocrx_word' id='word_1_516' title='bbox 1928 4062 2043 4130; x_wconf 88' lang='lat' dir='ltr'><strong>ipse</strong></span> 
     </span>
    </p>
   </div>
   <div class='ocr_carea' id='block_1_72' title="bbox 483 4141 2039 4217">
    <p class='ocr_par' dir='ltr' id='par_1_72' title="bbox 483 4141 2039 4217">
     <span class='ocr_line' id='line_1_72' title="bbox 483 4141 2039 4217; baseline 0.01 -25"><span class='ocrx_word' id='word_1_517' title='bbox 483 4141 895 4208; x_wconf 77' lang='lat' dir='ltr'><strong>praedicantibus</strong></span> <span class='ocrx_word' id='word_1_518' title='bbox 926 4145 1136 4214; x_wconf 81' lang='lat' dir='ltr'><strong>705m</strong></span> <span class='ocrx_word' id='word_1_519' title='bbox 1164 4148 1268 4201; x_wconf 88' lang='lat' dir='ltr'><strong>vim</strong></span> <span class='ocrx_word' id='word_1_520' title='bbox 1321 4150 1621 4217; x_wconf 84' lang='lat' dir='ltr'><strong>ingerebat,</strong></span> <span class='ocrx_word' id='word_1_521' title='bbox 1660 4151 1773 4215; x_wconf 89' lang='lat' dir='ltr'><strong>ipse</strong></span> <span class='ocrx_word' id='word_1_522' title='bbox 1827 4152 1911 4206; x_wconf 90' lang='lat' dir='ltr'><strong>his</strong></span> <span class='ocrx_word' id='word_1_523' title='bbox 1956 4153 2039 4207; x_wconf 88' lang='lat' dir='ltr'><strong>in-</strong></span> 
     </span>
    </p>
   </div>
   <div class='ocr_carea' id='block_1_73' title="bbox 484 4231 2040 4303">
    <p class='ocr_par' dir='ltr' id='par_1_73' title="bbox 484 4231 2040 4303">
     <span class='ocr_line' id='line_1_73' title="bbox 484 4231 2040 4303; baseline 0.009 -18"><span class='ocrx_word' id='word_1_524' title='bbox 484 4231 725 4298; x_wconf 84' lang='lat' dir='ltr'><strong>spirabat</strong></span> <span class='ocrx_word' id='word_1_525' title='bbox 750 4234 1044 4303; x_wconf 87' lang='lat' dir='ltr'><strong>magisterii</strong></span> <span class='ocrx_word' id='word_1_526' title='bbox 1074 4253 1405 4296; x_wconf 88' lang='lat' dir='ltr'><strong>sermonem.</strong></span> <span class='ocrx_word' id='word_1_527' title='bbox 1442 4240 1594 4296; x_wconf 88' lang='lat' dir='ltr'><strong>Unde</strong></span> <span class='ocrx_word' id='word_1_528' title='bbox 1615 4251 1669 4296; x_wconf 89' lang='lat' dir='ltr'><strong>et</strong></span> <span class='ocrx_word' id='word_1_529' title='bbox 1695 4242 1893 4297; x_wconf 80' lang='lat' dir='ltr'><strong>Paulus</strong></span> <span class='ocrx_word' id='word_1_530' title='bbox 1928 4244 2040 4299; x_wconf 85' lang='lat' dir='ltr'><strong>aie-</strong></span> 
     </span>
    </p>
   </div>
   <div class='ocr_carea' id='block_1_74' title="bbox 480 4322 2036 4399">
    <p class='ocr_par' dir='ltr' id='par_1_74' title="bbox 480 4322 2036 4399">
     <span class='ocr_line' id='line_1_74' title="bbox 480 4322 2036 4399; baseline 0.01 -24"><span class='ocrx_word' id='word_1_531' title='bbox 480 4322 575 4375; x_wconf 84' lang='lat' dir='ltr'><strong>bat</strong></span> <span class='ocrx_word' id='word_1_532' title='bbox 615 4342 627 4375; x_wconf 90' lang='lat'>:</span> <span class='ocrx_word' id='word_1_533' title='bbox 670 4341 688 4373; x_wconf 84' lang='grc'><strong><em>‹</em></strong></span> <span class='ocrx_word' id='word_1_534' title='bbox 725 4324 825 4377; x_wconf 82' lang='grc' dir='ltr'><strong>ΑΙίί</strong></span> <span class='ocrx_word' id='word_1_535' title='bbox 862 4327 1076 4395; x_wconf 89' lang='lat' dir='ltr'><strong>quidem</strong></span> <span class='ocrx_word' id='word_1_536' title='bbox 1106 4344 1201 4398; x_wconf 87' lang='lat' dir='ltr'><strong>per</strong></span> <span class='ocrx_word' id='word_1_537' title='bbox 1239 4331 1501 4399; x_wconf 91' lang='lat' dir='ltr'><strong>Spiritum</strong></span> <span class='ocrx_word' id='word_1_538' title='bbox 1538 4333 1702 4387; x_wconf 87' lang='lat' dir='ltr'><strong>datur</strong></span> <span class='ocrx_word' id='word_1_539' title='bbox 1738 4348 1921 4389; x_wconf 86' lang='lat' dir='ltr'><strong>sermo</strong></span> <span class='ocrx_word' id='word_1_540' title='bbox 1944 4349 2036 4390; x_wconf 87' lang='lat' dir='ltr'><strong>sa-</strong></span> 
     </span>
    </p>
   </div>
   <div class='ocr_carea' id='block_1_75' title="bbox 479 4413 2034 4483">
    <p class='ocr_par' dir='ltr' id='par_1_75' title="bbox 479 4413 2034 4483">
     <span class='ocr_line' id='line_1_75' title="bbox 479 4413 2034 4483; baseline 0.011 -17"><span class='ocrx_word' id='word_1_541' title='bbox 479 4413 689 4480; x_wconf 78' lang='lat' dir='ltr'><strong>pientiae</strong></span> <span class='ocrx_word' id='word_1_542' title='bbox 708 4433 721 4479; x_wconf 91' lang='lat'><strong>;</strong></span> <span class='ocrx_word' id='word_1_543' title='bbox 740 4416 827 4469; x_wconf 88' lang='lat' dir='ltr'><strong>alii</strong></span> <span class='ocrx_word' id='word_1_544' title='bbox 843 4427 1020 4473; x_wconf 87' lang='lat' dir='ltr'><strong>autem</strong></span> <span class='ocrx_word' id='word_1_545' title='bbox 1035 4435 1213 4477; x_wconf 87' lang='lat' dir='ltr'><strong>sermo</strong></span> <span class='ocrx_word' id='word_1_546' title='bbox 1224 4425 1464 4479; x_wconf 79' lang='lat' dir='ltr'><strong>scientiae</strong></span> <span class='ocrx_word' id='word_1_547' title='bbox 1480 4428 1773 4482; x_wconf 91' lang='lat' dir='ltr'><strong>secundum</strong></span> <span class='ocrx_word' id='word_1_548' title='bbox 1789 4430 2034 4483; x_wconf 89' lang='lat' dir='ltr'><strong>eumdem</strong></span> 
     </span>
    </p>
   </div>
   <div class='ocr_carea' id='block_1_76' title="bbox 2146 3249 3727 3320">
    <p class='ocr_par' dir='ltr' id='par_1_76' title="bbox 2146 3249 3727 3320">
     <span class='ocr_line' id='line_1_76' title="bbox 2146 3249 3727 3320; baseline 0.002 -19"><span class='ocrx_word' id='word_1_549' title='bbox 2146 3250 2245 3319; x_wconf 85' lang='grc' dir='ltr'><strong>τὴν</strong></span> <span class='ocrx_word' id='word_1_550' title='bbox 2311 3249 2641 3320; x_wconf 78' lang='grc' dir='ltr'>Ἐκκλησίαν</span> <span class='ocrx_word' id='word_1_551' title='bbox 2717 3250 3115 3318; x_wconf 86' lang='grc' dir='ltr'>συναγαγόντες</span> <span class='ocrx_word' id='word_1_552' title='bbox 3140 3289 3156 3315; x_wconf 94' lang='grc'><strong>,</strong></span> <span class='ocrx_word' id='word_1_553' title='bbox 3227 3251 3559 3320; x_wconf 80' lang='grc' dir='ltr'>ἀνήγγειλάν</span> <span class='ocrx_word' id='word_1_554' title='bbox 3627 3252 3727 3304; x_wconf 81' lang='grc' dir='ltr'>ὅσα</span> 
     </span>
    </p>
   </div>
   <div class='ocr_carea' id='block_1_77' title="bbox 2151 3339 3727 3412">
    <p class='ocr_par' dir='ltr' id='par_1_77' title="bbox 2151 3339 3727 3412">
     <span class='ocr_line' id='line_1_77' title="bbox 2151 3339 3727 3412; baseline 0.002 -19"><span class='ocrx_word' id='word_1_555' title='bbox 2151 3340 2408 3410; x_wconf 72' lang='grc' dir='ltr'>εποίησεν</span> <span class='ocrx_word' id='word_1_556' title='bbox 2439 3341 2556 3410; x_wconf 83' lang='grc' dir='ltr'>μετ’</span> <span class='ocrx_word' id='word_1_557' title='bbox 2589 3339 2765 3394; x_wconf 79' lang='grc' dir='ltr'>αὐτῶν</span> <span class='ocrx_word' id='word_1_558' title='bbox 2794 3341 2821 3391; x_wconf 90' lang='lat'><strong>6</strong></span> <span class='ocrx_word' id='word_1_559' title='bbox 2845 3341 3000 3405; x_wconf 84' lang='grc' dir='ltr'>Θεός.</span> <span class='ocrx_word' id='word_1_560' title='bbox 3019 3360 3039 3392; x_wconf 72' lang='grc' dir='ltr'><strong>ι</strong></span> <span class='ocrx_word' id='word_1_561' title='bbox 3085 3342 3484 3412; x_wconf 80' lang='grc' dir='ltr'>Μνημονεύσας</span> <span class='ocrx_word' id='word_1_562' title='bbox 3520 3342 3727 3397; x_wconf 80' lang='grc' dir='ltr'>ἄνωθεν</span> 
     </span>
    </p>
   </div>
   <div class='ocr_carea' id='block_1_78' title="bbox 2144 3427 3727 3499">
    <p class='ocr_par' dir='ltr' id='par_1_78' title="bbox 2144 3427 3727 3499">
     <span class='ocr_line' id='line_1_78' title="bbox 2144 3427 3727 3499; baseline 0.002 -19"><span class='ocrx_word' id='word_1_563' title='bbox 2144 3427 2237 3480; x_wconf 91' lang='grc' dir='ltr'><strong>τοῦ</strong></span> <span class='ocrx_word' id='word_1_564' title='bbox 2269 3427 2604 3499; x_wconf 85' lang='grc' dir='ltr'>Πνεύματος,</span> <span class='ocrx_word' id='word_1_565' title='bbox 2649 3427 2723 3491; x_wconf 85' lang='grc' dir='ltr'><strong>ὡς</strong></span> <span class='ocrx_word' id='word_1_566' title='bbox 2754 3429 3112 3499; x_wconf 85' lang='grc' dir='ltr'>ἀφορίσαντος</span> <span class='ocrx_word' id='word_1_567' title='bbox 3136 3429 3226 3482; x_wconf 81' lang='grc' dir='ltr'>τὸν</span> <span class='ocrx_word' id='word_1_568' title='bbox 3267 3429 3478 3483; x_wconf 81' lang='grc' dir='ltr'>Παῦλον</span> <span class='ocrx_word' id='word_1_569' title='bbox 3518 3431 3611 3484; x_wconf 78' lang='grc' dir='ltr'>καὶ</span> <span class='ocrx_word' id='word_1_570' title='bbox 3637 3431 3727 3483; x_wconf 77' lang='grc' dir='ltr'>τὸν</span> 
     </span>
    </p>
   </div>
   <div class='ocr_carea' id='block_1_79' title="bbox 2144 3516 3726 3591">
    <p class='ocr_par' dir='ltr' id='par_1_79' title="bbox 2144 3516 3726 3591">
     <span class='ocr_line' id='line_1_79' title="bbox 2144 3516 3726 3591; baseline 0.004 -23"><span class='ocrx_word' id='word_1_571' title='bbox 2144 3516 2429 3588; x_wconf 87' lang='grc' dir='ltr'>Βαρνάϐαν</span> <span class='ocrx_word' id='word_1_572' title='bbox 2472 3519 2552 3581; x_wconf 88' lang='grc' dir='ltr'><strong>είς</strong></span> <span class='ocrx_word' id='word_1_573' title='bbox 2606 3516 2634 3570; x_wconf 81' lang='lat'><strong>6</strong></span> <span class='ocrx_word' id='word_1_574' title='bbox 2671 3517 3074 3589; x_wconf 80' lang='grc' dir='ltr'>προσεκέκλητο</span> <span class='ocrx_word' id='word_1_575' title='bbox 3117 3518 3312 3583; x_wconf 82' lang='grc' dir='ltr'>αὐτοὺς</span> <span class='ocrx_word' id='word_1_576' title='bbox 3351 3518 3531 3591; x_wconf 81' lang='grc' dir='ltr'>ἔργον,</span> <span class='ocrx_word' id='word_1_577' title='bbox 3572 3520 3726 3574; x_wconf 87' lang='grc' dir='ltr'>τοῦτο</span> 
     </span>
    </p>
   </div>
   <div class='ocr_carea' id='block_1_80' title="bbox 2147 3609 3723 3682">
    <p class='ocr_par' dir='ltr' id='par_1_80' title="bbox 2147 3609 3723 3682">
     <span class='ocr_line' id='line_1_80' title="bbox 2147 3609 3723 3682; baseline 0.004 -22"><span class='ocrx_word' id='word_1_578' title='bbox 2147 3609 2284 3678; x_wconf 86' lang='grc' dir='ltr'><strong>μετά</strong></span> <span class='ocrx_word' id='word_1_579' title='bbox 2314 3610 2412 3679; x_wconf 81' lang='grc' dir='ltr'>τὴν</span> <span class='ocrx_word' id='word_1_580' title='bbox 2450 3609 2633 3663; x_wconf 86' lang='grc' dir='ltr'>άνοδον</span> <span class='ocrx_word' id='word_1_581' title='bbox 2667 3609 2957 3663; x_wconf 86' lang='grc' dir='ltr'>ἀποκαλεῖ·</span> <span class='ocrx_word' id='word_1_582' title='bbox 3008 3610 3103 3663; x_wconf 77' lang='grc' dir='ltr'><strong>καὶ</strong></span> <span class='ocrx_word' id='word_1_583' title='bbox 3145 3610 3226 3674; x_wconf 70' lang='grc' dir='ltr'>δὶς</span> <span class='ocrx_word' id='word_1_584' title='bbox 3266 3610 3447 3682; x_wconf 89' lang='grc' dir='ltr'>τίθησι</span> <span class='ocrx_word' id='word_1_585' title='bbox 3497 3612 3597 3682; x_wconf 80' lang='grc' dir='ltr'>τὴν</span> <span class='ocrx_word' id='word_1_586' title='bbox 3628 3612 3723 3666; x_wconf 85' lang='grc' dir='ltr'><strong>τοῦ</strong></span> 
     </span>
    </p>
   </div>
   <div class='ocr_carea' id='block_1_81' title="bbox 2143 3702 3724 3775">
    <p class='ocr_par' dir='ltr' id='par_1_81' title="bbox 2143 3702 3724 3775">
     <span class='ocr_line' id='line_1_81' title="bbox 2143 3702 3724 3775; baseline 0.004 -21"><span class='ocrx_word' id='word_1_587' title='bbox 2143 3702 2278 3756; x_wconf 88' lang='grc' dir='ltr'>Θεοῦ</span> <span class='ocrx_word' id='word_1_588' title='bbox 2309 3702 2706 3775; x_wconf 69' lang='grc' dir='ltr'>προσηγορίαν*</span> <span class='ocrx_word' id='word_1_589' title='bbox 2737 3702 2952 3774; x_wconf 85' lang='grc' dir='ltr'>πρῶτον</span> <span class='ocrx_word' id='word_1_590' title='bbox 2983 3702 3081 3773; x_wconf 82' lang='grc' dir='ltr'>μὲν</span> <span class='ocrx_word' id='word_1_591' title='bbox 3102 3702 3274 3771; x_wconf 81' lang='grc' dir='ltr'>λέγων</span> <span class='ocrx_word' id='word_1_592' title='bbox 3299 3704 3380 3757; x_wconf 82' lang='grc' dir='ltr'>ὅτι</span> <span class='ocrx_word' id='word_1_593' title='bbox 3404 3706 3486 3768; x_wconf 86' lang='grc' dir='ltr'><strong>είς</strong></span> <span class='ocrx_word' id='word_1_594' title='bbox 3520 3706 3724 3760; x_wconf 74' lang='grc' dir='ltr'>Ἀντιό-</span> 
     </span>
    </p>
   </div>
   <div class='ocr_carea' id='block_1_82' title="bbox 2142 3786 3711 3865">
    <p class='ocr_par' dir='ltr' id='par_1_82' title="bbox 2142 3786 3711 3865">
     <span class='ocr_line' id='line_1_82' title="bbox 2142 3786 3711 3865; baseline 0.003 -23"><span class='ocrx_word' id='word_1_595' title='bbox 2142 3808 2292 3861; x_wconf 90' lang='grc' dir='ltr'>χειαν</span> <span class='ocrx_word' id='word_1_596' title='bbox 2354 3791 2723 3858; x_wconf 85' lang='grc' dir='ltr'>ἀπέπλευσαν,</span> <span class='ocrx_word' id='word_1_597' title='bbox 2797 3791 2919 3845; x_wconf 80' lang='grc' dir='ltr'>ὅθεν</span> <span class='ocrx_word' id='word_1_598' title='bbox 2972 3786 3113 3861; x_wconf 82' lang='grc' dir='ltr'>ἦσαν</span> <span class='ocrx_word' id='word_1_599' title='bbox 3168 3792 3594 3862; x_wconf 80' lang='grc' dir='ltr'>παραδεδομένοι</span> <span class='ocrx_word' id='word_1_600' title='bbox 3645 3796 3711 3865; x_wconf 76' lang='grc' dir='ltr'>τῇ</span> 
     </span>
    </p>
   </div>
   <div class='ocr_carea' id='block_1_83' title="bbox 2140 3883 3712 3959">
    <p class='ocr_par' dir='ltr' id='par_1_83' title="bbox 2140 3883 3712 3959">
     <span class='ocr_line' id='line_1_83' title="bbox 2140 3883 3712 3959; baseline 0.003 -23"><span class='ocrx_word' id='word_1_601' title='bbox 2140 3885 2322 3955; x_wconf 90' lang='grc' dir='ltr'>χάριτι</span> <span class='ocrx_word' id='word_1_602' title='bbox 2353 3886 2446 3939; x_wconf 89' lang='grc' dir='ltr'><strong>τοῦ</strong></span> <span class='ocrx_word' id='word_1_603' title='bbox 2472 3884 2604 3938; x_wconf 87' lang='grc' dir='ltr'>Θεοῦ</span> <span class='ocrx_word' id='word_1_604' title='bbox 2636 3887 2715 3947; x_wconf 87' lang='grc' dir='ltr'><strong>είς</strong></span> <span class='ocrx_word' id='word_1_605' title='bbox 2738 3885 2798 3939; x_wconf 72' lang='grc' dir='ltr'>τὸ</span> <span class='ocrx_word' id='word_1_606' title='bbox 2828 3884 2985 3958; x_wconf 75' lang='grc' dir='ltr'>ἔργον</span> <span class='ocrx_word' id='word_1_607' title='bbox 3013 3883 3041 3936; x_wconf 87' lang='lat'><strong>6</strong></span> <span class='ocrx_word' id='word_1_608' title='bbox 3069 3883 3391 3955; x_wconf 73' lang='grc' dir='ltr'>ἐπλήρωσαν</span> <span class='ocrx_word' id='word_1_609' title='bbox 3412 3900 3424 3912; x_wconf 94' lang='grc'><strong>·</strong></span> <span class='ocrx_word' id='word_1_610' title='bbox 3460 3885 3712 3959; x_wconf 85' lang='grc' dir='ltr'>δεύτερον</span> 
     </span>
    </p>
   </div>
   <div class='ocr_carea' id='block_1_84' title="bbox 2140 3975 3717 4048">
    <p class='ocr_par' dir='ltr' id='par_1_84' title="bbox 2140 3975 3717 4048">
     <span class='ocr_line' id='line_1_84' title="bbox 2140 3975 3717 4048; baseline 0.003 -18"><span class='ocrx_word' id='word_1_611' title='bbox 2140 3977 2195 4030; x_wconf 86' lang='grc' dir='ltr'>δὲ</span> <span class='ocrx_word' id='word_1_612' title='bbox 2220 3978 2731 4045; x_wconf 86' lang='grc' dir='ltr'>ὄτι,συναγαγόντες</span> <span class='ocrx_word' id='word_1_613' title='bbox 2760 3977 2859 4048; x_wconf 77' lang='grc' dir='ltr'>τὴν</span> <span class='ocrx_word' id='word_1_614' title='bbox 2894 3975 3240 4047; x_wconf 85' lang='grc' dir='ltr'>Ἐκκλησίαν,</span> <span class='ocrx_word' id='word_1_615' title='bbox 3262 3976 3590 4048; x_wconf 79' lang='grc' dir='ltr'>ἀνήγγειλάν</span> <span class='ocrx_word' id='word_1_616' title='bbox 3620 3980 3717 4034; x_wconf 79' lang='grc' dir='ltr'>ὅσα</span> 
     </span>
    </p>
   </div>
   <div class='ocr_carea' id='block_1_85' title="bbox 2140 4066 3703 4139">
    <p class='ocr_par' dir='ltr' id='par_1_85' title="bbox 2140 4066 3703 4139">
     <span class='ocr_line' id='line_1_85' title="bbox 2140 4066 3703 4139; baseline 0.002 -20"><span class='ocrx_word' id='word_1_617' title='bbox 2140 4066 2392 4136; x_wconf 75' lang='grc' dir='ltr'>ἐποίησεν</span> <span class='ocrx_word' id='word_1_618' title='bbox 2422 4068 2539 4137; x_wconf 79' lang='grc' dir='ltr'>μετ’</span> <span class='ocrx_word' id='word_1_619' title='bbox 2566 4066 2744 4120; x_wconf 87' lang='grc' dir='ltr'>αὐτῶν</span> <span class='ocrx_word' id='word_1_620' title='bbox 2778 4067 2807 4119; x_wconf 89' lang='lat'><strong>6</strong></span> <span class='ocrx_word' id='word_1_621' title='bbox 2830 4066 2979 4130; x_wconf 87' lang='grc' dir='ltr'>Θεός.</span> <span class='ocrx_word' id='word_1_622' title='bbox 3004 4067 3112 4119; x_wconf 75' lang='grc' dir='ltr'><strong>Καὶ</strong></span> <span class='ocrx_word' id='word_1_623' title='bbox 3143 4066 3248 4137; x_wconf 82' lang='grc' dir='ltr'>μὴν</span> <span class='ocrx_word' id='word_1_624' title='bbox 3280 4066 3340 4119; x_wconf 82' lang='grc' dir='ltr'>τὸ</span> <span class='ocrx_word' id='word_1_625' title='bbox 3382 4068 3606 4139; x_wconf 87' lang='grc' dir='ltr'>Πνεῦμα</span> <span class='ocrx_word' id='word_1_626' title='bbox 3644 4070 3703 4122; x_wconf 84' lang='grc' dir='ltr'><strong>τὺ</strong></span> 
     </span>
    </p>
   </div>
   <div class='ocr_carea' id='block_1_86' title="bbox 2139 4149 3709 4225">
    <p class='ocr_par' dir='ltr' id='par_1_86' title="bbox 2139 4149 3709 4225">
     <span class='ocr_line' id='line_1_86' title="bbox 2139 4149 3709 4225; baseline -0.001 -16"><span class='ocrx_word' id='word_1_627' title='bbox 2139 4154 2290 4223; x_wconf 77' lang='grc' dir='ltr'>ἅγιον</span> <span class='ocrx_word' id='word_1_628' title='bbox 2318 4149 2385 4225; x_wconf 79' lang='grc' dir='ltr'>ἦν</span> <span class='ocrx_word' id='word_1_629' title='bbox 2412 4155 2472 4207; x_wconf 84' lang='grc' dir='ltr'>τὸ</span> <span class='ocrx_word' id='word_1_630' title='bbox 2502 4153 2967 4225; x_wconf 87' lang='grc' dir='ltr'>θαυματουργοῦν,</span> <span class='ocrx_word' id='word_1_631' title='bbox 3001 4152 3061 4205; x_wconf 81' lang='grc' dir='ltr'><strong>τὸ</strong></span> <span class='ocrx_word' id='word_1_632' title='bbox 3098 4154 3334 4221; x_wconf 75' lang='grc' dir='ltr'>σοφίζον,</span> <span class='ocrx_word' id='word_1_633' title='bbox 3385 4152 3446 4206; x_wconf 79' lang='grc' dir='ltr'>τὸ</span> <span class='ocrx_word' id='word_1_634' title='bbox 3493 4154 3709 4207; x_wconf 84' lang='grc' dir='ltr'>σύνεσιν</span> 
     </span>
    </p>
   </div>
   <div class='ocr_carea' id='block_1_87' title="bbox 2138 4244 3720 4316">
    <p class='ocr_par' dir='ltr' id='par_1_87' title="bbox 2138 4244 3720 4316">
     <span class='ocr_line' id='line_1_87' title="bbox 2138 4244 3720 4316; baseline -0.001 -17"><span class='ocrx_word' id='word_1_635' title='bbox 2138 4247 2431 4316; x_wconf 87' lang='grc' dir='ltr'>χορηγοῦν,</span> <span class='ocrx_word' id='word_1_636' title='bbox 2505 4248 2566 4299; x_wconf 80' lang='grc' dir='ltr'>τὸ</span> <span class='ocrx_word' id='word_1_637' title='bbox 2634 4247 2760 4309; x_wconf 86' lang='grc' dir='ltr'>τοὺς</span> <span class='ocrx_word' id='word_1_638' title='bbox 2833 4244 3204 4315; x_wconf 84' lang='grc' dir='ltr'>κηρύττοντας</span> <span class='ocrx_word' id='word_1_639' title='bbox 3252 4245 3604 4315; x_wconf 86' lang='grc' dir='ltr'>ὲνδυναμοῦν,</span> <span class='ocrx_word' id='word_1_640' title='bbox 3660 4246 3720 4300; x_wconf 79' lang='grc' dir='ltr'>τὸ</span> 
     </span>
    </p>
   </div>
   <div class='ocr_carea' id='block_1_88' title="bbox 2148 4334 3718 4406">
    <p class='ocr_par' dir='ltr' id='par_1_88' title="bbox 2148 4334 3718 4406">
     <span class='ocr_line' id='line_1_88' title="bbox 2148 4334 3718 4406; baseline 0.002 -18"><span class='ocrx_word' id='word_1_641' title='bbox 2148 4336 2382 4406; x_wconf 82' lang='grc' dir='ltr'>ὲμπνέον</span> <span class='ocrx_word' id='word_1_642' title='bbox 2425 4335 2608 4399; x_wconf 81' lang='grc' dir='ltr'>αὐτοῖς</span> <span class='ocrx_word' id='word_1_643' title='bbox 2648 4335 2737 4387; x_wconf 85' lang='grc' dir='ltr'>τὸν</span> <span class='ocrx_word' id='word_1_644' title='bbox 2769 4335 2869 4405; x_wconf 81' lang='grc' dir='ltr'>τῆς</span> <span class='ocrx_word' id='word_1_645' title='bbox 2905 4334 3253 4398; x_wconf 84' lang='grc' dir='ltr'>διδασκαλίας</span> <span class='ocrx_word' id='word_1_646' title='bbox 3279 4335 3435 4404; x_wconf 88' lang='grc' dir='ltr'>λόγον</span> <span class='ocrx_word' id='word_1_647' title='bbox 3457 4354 3470 4366; x_wconf 87' lang='grc'><strong>·</strong></span> <span class='ocrx_word' id='word_1_648' title='bbox 3516 4336 3597 4391; x_wconf 78' lang='grc' dir='ltr'><strong>διὸ</strong></span> <span class='ocrx_word' id='word_1_649' title='bbox 3628 4338 3718 4391; x_wconf 76' lang='grc' dir='ltr'><strong>καὶ</strong></span> 
     </span>
    </p>
   </div>
   <div class='ocr_carea' id='block_1_89' title="bbox 2138 4420 3718 4497">
    <p class='ocr_par' dir='ltr' id='par_1_89' title="bbox 2138 4420 3718 4497">
     <span class='ocr_line' id='line_1_89' title="bbox 2138 4420 3718 4497; baseline 0.001 -16"><span class='ocrx_word' id='word_1_650' title='bbox 2138 4426 2349 4491; x_wconf 89' lang='grc' dir='ltr'>Παῦλος</span> <span class='ocrx_word' id='word_1_651' title='bbox 2380 4426 2562 4495; x_wconf 79' lang='grc' dir='ltr'>ἔλεγεν</span> <span class='ocrx_word' id='word_1_652' title='bbox 2587 4442 2601 4457; x_wconf 77' lang='grc'><strong><em>⁸</em></strong></span> <span class='ocrx_word' id='word_1_653' title='bbox 2633 4444 2652 4476; x_wconf 87' lang='grc'><strong><em>‹</em></strong></span> <span class='ocrx_word' id='word_1_654' title='bbox 2685 4420 2759 4497; x_wconf 63' lang='grc' dir='ltr'><strong>*ῼ</strong></span> <span class='ocrx_word' id='word_1_655' title='bbox 2798 4426 2897 4496; x_wconf 83' lang='grc' dir='ltr'>μὲν</span> <span class='ocrx_word' id='word_1_656' title='bbox 2922 4426 3029 4495; x_wconf 84' lang='grc' dir='ltr'>γὰρ</span> <span class='ocrx_word' id='word_1_657' title='bbox 3068 4426 3267 4480; x_wconf 86' lang='grc' dir='ltr'>δίδοται</span> <span class='ocrx_word' id='word_1_658' title='bbox 3300 4427 3389 4480; x_wconf 87' lang='grc' dir='ltr'><strong>διά</strong></span> <span class='ocrx_word' id='word_1_659' title='bbox 3420 4428 3516 4482; x_wconf 90' lang='grc' dir='ltr'><strong>τοῦ</strong></span> <span class='ocrx_word' id='word_1_660' title='bbox 3550 4429 3718 4483; x_wconf 82' lang='grc' dir='ltr'>Πνεύ-</span> 
     </span>
    </p>
   </div>
   <div class='ocr_carea' id='block_1_90' title="bbox 480 4499 2047 4589">
    <p class='ocr_par' dir='ltr' id='par_1_90' title="bbox 480 4504 2034 4588">
     <span class='ocr_line' id='line_1_90' title="bbox 480 4504 2034 4588; baseline 0.013 -33"><span class='ocrx_word' id='word_1_661' title='bbox 480 4504 736 4572; x_wconf 88' lang='lat' dir='ltr'><strong>Spiritum</strong></span> <span class='ocrx_word' id='word_1_662' title='bbox 763 4524 777 4571; x_wconf 87' lang='lat'>;</span> <span class='ocrx_word' id='word_1_663' title='bbox 806 4508 959 4562; x_wconf 88' lang='lat' dir='ltr'><strong>alteri</strong></span> <span class='ocrx_word' id='word_1_664' title='bbox 991 4510 1123 4566; x_wconf 81' lang='lat' dir='ltr'><strong>fides</strong></span> <span class='ocrx_word' id='word_1_665' title='bbox 1150 4513 1201 4567; x_wconf 92' lang='lat' dir='ltr'><strong>in</strong></span> <span class='ocrx_word' id='word_1_666' title='bbox 1234 4515 1423 4571; x_wconf 90' lang='lat' dir='ltr'><strong>eodem</strong></span> <span class='ocrx_word' id='word_1_667' title='bbox 1460 4518 1703 4588; x_wconf 90' lang='lat' dir='ltr'><strong>Spiritu;</strong></span> <span class='ocrx_word' id='word_1_668' title='bbox 1732 4519 1820 4574; x_wconf 90' lang='lat' dir='ltr'><strong>alii</strong></span> <span class='ocrx_word' id='word_1_669' title='bbox 1850 4520 2034 4588; x_wconf 68' lang='lat' dir='ltr'><strong>gratiae</strong></span> 
     </span>
    </p>
   </div>
   <div class='ocr_carea' id='block_1_91' title="bbox 2150 4499 3717 4589">
    <p class='ocr_par' dir='ltr' id='par_1_91' title="bbox 2150 4515 3717 4588">
     <span class='ocr_line' id='line_1_91' title="bbox 2150 4515 3717 4588; baseline 0.003 -19"><span class='ocrx_word' id='word_1_670' title='bbox 2150 4535 2310 4588; x_wconf 71' lang='grc' dir='ltr'>ματος</span> <span class='ocrx_word' id='word_1_671' title='bbox 2337 4516 2496 4585; x_wconf 86' lang='grc' dir='ltr'>λόγος</span> <span class='ocrx_word' id='word_1_672' title='bbox 2538 4516 2748 4586; x_wconf 84' lang='grc' dir='ltr'>σοφίας,</span> <span class='ocrx_word' id='word_1_673' title='bbox 2794 4516 2937 4587; x_wconf 80' lang='grc' dir='ltr'>ἄλλῳ</span> <span class='ocrx_word' id='word_1_674' title='bbox 2981 4515 3039 4570; x_wconf 77' lang='grc' dir='ltr'>δὲ</span> <span class='ocrx_word' id='word_1_675' title='bbox 3082 4515 3236 4584; x_wconf 87' lang='grc' dir='ltr'>λόγος</span> <span class='ocrx_word' id='word_1_676' title='bbox 3280 4516 3534 4585; x_wconf 86' lang='grc' dir='ltr'>γνώσεως</span> <span class='ocrx_word' id='word_1_677' title='bbox 3578 4520 3717 4573; x_wconf 83' lang='grc' dir='ltr'><strong>κατά</strong></span> 
     </span>
    </p>
   </div>
   <div class='ocr_carea' id='block_1_92' title="bbox 479 4596 2034 4680">
    <p class='ocr_par' dir='ltr' id='par_1_92' title="bbox 479 4596 2034 4680">
     <span class='ocr_line' id='line_1_92' title="bbox 479 4596 2034 4680; baseline 0.014 -33"><span class='ocrx_word' id='word_1_678' title='bbox 479 4596 767 4651; x_wconf 86' lang='lat' dir='ltr'><strong>sanitatum</strong></span> <span class='ocrx_word' id='word_1_679' title='bbox 794 4599 845 4652; x_wconf 92' lang='lat' dir='ltr'><strong>in</strong></span> <span class='ocrx_word' id='word_1_680' title='bbox 872 4615 978 4656; x_wconf 90' lang='lat' dir='ltr'><strong>uno</strong></span> <span class='ocrx_word' id='word_1_681' title='bbox 1012 4601 1241 4673; x_wconf 88' lang='lat' dir='ltr'><strong>Spiritu,</strong></span> <span class='ocrx_word' id='word_1_682' title='bbox 1280 4626 1299 4658; x_wconf 77' lang='grc' dir='ltr'><strong>ι</strong></span> <span class='ocrx_word' id='word_1_683' title='bbox 1337 4616 1391 4662; x_wconf 85' lang='lat' dir='ltr'><strong>et</strong></span> <span class='ocrx_word' id='word_1_684' title='bbox 1437 4609 1644 4680; x_wconf 91' lang='lat' dir='ltr'><strong>reliqua</strong></span> <span class='ocrx_word' id='word_1_685' title='bbox 1688 4611 1758 4665; x_wconf 72' lang='grc'><strong>’⁵.</strong></span> <span class='ocrx_word' id='word_1_686' title='bbox 1834 4612 2034 4669; x_wconf 89' lang='lat' dir='ltr'><strong>Deinde</strong></span> 
     </span>
    </p>
   </div>
   <div class='ocr_carea' id='block_1_93' title="bbox 478 4685 2034 4773">
    <p class='ocr_par' dir='ltr' id='par_1_93' title="bbox 478 4685 2034 4773">
     <span class='ocr_line' id='line_1_93' title="bbox 478 4685 2034 4773; baseline 0.013 -35"><span class='ocrx_word' id='word_1_687' title='bbox 478 4685 693 4752; x_wconf 89' lang='lat' dir='ltr'><strong>docens,</strong></span> <span class='ocrx_word' id='word_1_688' title='bbox 724 4689 860 4757; x_wconf 87' lang='lat' dir='ltr'><strong>quod</strong></span> <span class='ocrx_word' id='word_1_689' title='bbox 896 4705 1001 4745; x_wconf 92' lang='lat' dir='ltr'><strong>non</strong></span> <span class='ocrx_word' id='word_1_690' title='bbox 1038 4694 1267 4750; x_wconf 89' lang='lat' dir='ltr'><strong>ministri</strong></span> <span class='ocrx_word' id='word_1_691' title='bbox 1298 4697 1411 4751; x_wconf 85' lang='lat' dir='ltr'><strong>vice</strong></span> <span class='ocrx_word' id='word_1_692' title='bbox 1440 4698 1553 4754; x_wconf 67' lang='lat' dir='ltr'><strong>haec</strong></span> <span class='ocrx_word' id='word_1_693' title='bbox 1593 4700 1869 4757; x_wconf 89' lang='lat' dir='ltr'><strong>distribuit</strong></span> <span class='ocrx_word' id='word_1_694' title='bbox 1913 4700 2034 4773; x_wconf 92' lang='lat' dir='ltr'><strong>Spi-</strong></span> 
     </span>
    </p>
   </div>
   <div class='ocr_carea' id='block_1_94' title="bbox 476 4780 2029 4863">
    <p class='ocr_par' dir='ltr' id='par_1_94' title="bbox 476 4780 2029 4863">
     <span class='ocr_line' id='line_1_94' title="bbox 476 4780 2029 4863; baseline 0.015 -32"><span class='ocrx_word' id='word_1_695' title='bbox 476 4780 611 4834; x_wconf 91' lang='lat' dir='ltr'><strong>ritus</strong></span> <span class='ocrx_word' id='word_1_696' title='bbox 659 4792 917 4851; x_wconf 86' lang='lat' dir='ltr'><strong>sanctus,</strong></span> <span class='ocrx_word' id='word_1_697' title='bbox 967 4786 1061 4841; x_wconf 86' lang='lat' dir='ltr'><strong>sed</strong></span> <span class='ocrx_word' id='word_1_698' title='bbox 1108 4790 1477 4859; x_wconf 84' lang='lat' dir='ltr'><strong>potentialiter</strong></span> <span class='ocrx_word' id='word_1_699' title='bbox 1530 4797 1729 4863; x_wconf 91' lang='lat' dir='ltr'><strong>quibus</strong></span> <span class='ocrx_word' id='word_1_700' title='bbox 1779 4796 1889 4853; x_wconf 91' lang='lat' dir='ltr'><strong>vult</strong></span> <span class='ocrx_word' id='word_1_701' title='bbox 1920 4798 2029 4853; x_wconf 84' lang='lat' dir='ltr'><strong>lar-</strong></span> 
     </span>
    </p>
   </div>
   <div class='ocr_carea' id='block_1_95' title="bbox 476 4871 2027 4956">
    <p class='ocr_par' dir='ltr' id='par_1_95' title="bbox 476 4871 2027 4956">
     <span class='ocr_line' id='line_1_95' title="bbox 476 4871 2027 4956; baseline 0.015 -34"><span class='ocrx_word' id='word_1_702' title='bbox 476 4871 637 4937; x_wconf 83' lang='lat' dir='ltr'><strong>gitur,</strong></span> <span class='ocrx_word' id='word_1_703' title='bbox 668 4873 847 4929; x_wconf 88' lang='lat' dir='ltr'><strong>subdit</strong></span> <span class='ocrx_word' id='word_1_704' title='bbox 880 4894 893 4930; x_wconf 93' lang='lat'>:</span> <span class='ocrx_word' id='word_1_705' title='bbox 935 4895 953 4928; x_wconf 78' lang='grc' dir='ltr'><strong>ι</strong></span> <span class='ocrx_word' id='word_1_706' title='bbox 990 4878 1113 4934; x_wconf 55' lang='lat' dir='ltr'><strong>Haec</strong></span> <span class='ocrx_word' id='word_1_707' title='bbox 1136 4890 1318 4939; x_wconf 86' lang='lat' dir='ltr'><strong>autem</strong></span> <span class='ocrx_word' id='word_1_708' title='bbox 1370 4885 1551 4940; x_wconf 90' lang='lat' dir='ltr'><strong>omnia</strong></span> <span class='ocrx_word' id='word_1_709' title='bbox 1582 4897 1840 4956; x_wconf 89' lang='lat' dir='ltr'><strong>operatur</strong></span> <span class='ocrx_word' id='word_1_710' title='bbox 1887 4904 2027 4945; x_wconf 88' lang='lat' dir='ltr'><strong>unus</strong></span> 
     </span>
    </p>
   </div>
   <div class='ocr_carea' id='block_1_96' title="bbox 476 4956 2030 5048">
    <p class='ocr_par' dir='ltr' id='par_1_96' title="bbox 476 4956 2030 5048">
     <span class='ocr_line' id='line_1_96' title="bbox 476 4956 2030 5048; baseline 0.018 -42"><span class='ocrx_word' id='word_1_711' title='bbox 476 4965 529 5007; x_wconf 89' lang='lat' dir='ltr'><strong>et</strong></span> <span class='ocrx_word' id='word_1_712' title='bbox 550 4956 693 5048; x_wconf 12' lang='lat' dir='ltr'><strong>fidem</strong></span> <span class='ocrx_word' id='word_1_713' title='bbox 723 4958 958 5028; x_wconf 91' lang='lat' dir='ltr'><strong>Spiritus</strong></span> <span class='ocrx_word' id='word_1_714' title='bbox 985 5004 1002 5031; x_wconf 96' lang='lat'><strong>,</strong></span> <span class='ocrx_word' id='word_1_715' title='bbox 1050 4967 1293 5026; x_wconf 89' lang='lat' dir='ltr'><strong>dividens</strong></span> <span class='ocrx_word' id='word_1_716' title='bbox 1320 4988 1565 5028; x_wconf 91' lang='lat' dir='ltr'><strong>seorsum</strong></span> <span class='ocrx_word' id='word_1_717' title='bbox 1618 4977 1844 5046; x_wconf 87' lang='lat' dir='ltr'><strong>singulis</strong></span> <span class='ocrx_word' id='word_1_718' title='bbox 1870 4987 2030 5048; x_wconf 87' lang='lat' dir='ltr'><strong>prout</strong></span> 
     </span>
    </p>
   </div>
   <div class='ocr_carea' id='block_1_97' title="bbox 476 5047 2030 5139">
    <p class='ocr_par' dir='ltr' id='par_1_97' title="bbox 476 5047 2030 5139">
     <span class='ocr_line' id='line_1_97' title="bbox 476 5047 2030 5139; baseline 0.02 -42"><span class='ocrx_word' id='word_1_719' title='bbox 476 5047 586 5099; x_wconf 82' lang='lat' dir='ltr'><strong>\‘ult</strong></span> <span class='ocrx_word' id='word_1_720' title='bbox 615 5049 713 5103; x_wconf 80' lang='grc' dir='ltr'><strong>τ’.»</strong></span> <span class='ocrx_word' id='word_1_721' title='bbox 740 5051 797 5107; x_wconf 88' lang='lat' dir='ltr'><strong>Si</strong></span> <span class='ocrx_word' id='word_1_722' title='bbox 824 5070 952 5126; x_wconf 91' lang='lat' dir='ltr'><strong>ergo</strong></span> <span class='ocrx_word' id='word_1_723' title='bbox 981 5058 1095 5114; x_wconf 68' lang='lat' dir='ltr'><strong>haec</strong></span> <span class='ocrx_word' id='word_1_724' title='bbox 1123 5061 1357 5129; x_wconf 87' lang='lat' dir='ltr'><strong>Spiritus</strong></span> <span class='ocrx_word' id='word_1_725' title='bbox 1383 5074 1604 5122; x_wconf 89' lang='lat' dir='ltr'><strong>sanctus</strong></span> <span class='ocrx_word' id='word_1_726' title='bbox 1631 5084 1725 5138; x_wconf 90' lang='lat' dir='ltr'><strong>per</strong></span> <span class='ocrx_word' id='word_1_727' title='bbox 1758 5047 2030 5139; x_wconf 83' lang='lat' dir='ltr'><strong>apostolos</strong></span> 
     </span>
    </p>
   </div>
   <div class='ocr_carea' id='block_1_98' title="bbox 474 5145 2029 5221">
    <p class='ocr_par' dir='ltr' id='par_1_98' title="bbox 474 5145 2029 5221">
     <span class='ocr_line' id='line_1_98' title="bbox 474 5145 2029 5221; baseline 0.017 -30"><span class='ocrx_word' id='word_1_728' title='bbox 474 5153 572 5208; x_wconf 71' lang='lat' dir='ltr'><strong>pro</strong></span> <span class='ocrx_word' id='word_1_729' title='bbox 602 5156 701 5196; x_wconf 88' lang='lat' dir='ltr'><strong>suo</strong></span> <span class='ocrx_word' id='word_1_730' title='bbox 729 5145 879 5202; x_wconf 88' lang='lat' dir='ltr'><strong>libito</strong></span> <span class='ocrx_word' id='word_1_731' title='bbox 909 5154 1214 5221; x_wconf 87' lang='lat' dir='ltr'><strong>peragebat,</strong></span> <span class='ocrx_word' id='word_1_732' title='bbox 1269 5154 1465 5212; x_wconf 87' lang='lat' dir='ltr'><strong>Paulus</strong></span> <span class='ocrx_word' id='word_1_733' title='bbox 1500 5174 1629 5215; x_wconf 90' lang='lat' dir='ltr'><strong>vero</strong></span> <span class='ocrx_word' id='word_1_734' title='bbox 1656 5176 1720 5215; x_wconf 85' lang='lat' dir='ltr'><strong>ac</strong></span> <span class='ocrx_word' id='word_1_735' title='bbox 1752 5162 2029 5219; x_wconf 83' lang='lat' dir='ltr'><strong>Barnabas</strong></span> 
     </span>
    </p>
   </div>
   <div class='ocr_carea' id='block_1_99' title="bbox 474 5235 2021 5321">
    <p class='ocr_par' dir='ltr' id='par_1_99' title="bbox 474 5235 2021 5321">
     <span class='ocr_line' id='line_1_99' title="bbox 474 5235 2021 5321; baseline 0.017 -40"><span class='ocrx_word' id='word_1_736' title='bbox 474 5242 809 5321; x_wconf 64' lang='lat' dir='ltr'><strong>congregatae</strong></span> <span class='ocrx_word' id='word_1_737' title='bbox 840 5235 1092 5296; x_wconf 65' lang='lat' dir='ltr'><strong>Ecclesiae</strong></span> <span class='ocrx_word' id='word_1_738' title='bbox 1124 5245 1468 5313; x_wconf 89' lang='lat' dir='ltr'><strong>nuntiabant,</strong></span> <span class='ocrx_word' id='word_1_739' title='bbox 1491 5260 1693 5317; x_wconf 85' lang='lat' dir='ltr'><strong>quanta</strong></span> <span class='ocrx_word' id='word_1_740' title='bbox 1730 5266 1850 5305; x_wconf 92' lang='lat' dir='ltr'><strong>cum</strong></span> <span class='ocrx_word' id='word_1_741' title='bbox 1882 5252 2021 5321; x_wconf 89' lang='lat' dir='ltr'><strong>ipsis</strong></span> 
     </span>
    </p>
   </div>
   <div class='ocr_carea' id='block_1_100' title="bbox 478 5318 2031 5411">
    <p class='ocr_par' dir='ltr' id='par_1_100' title="bbox 478 5318 2031 5411">
     <span class='ocr_line' id='line_1_100' title="bbox 478 5318 2031 5411; baseline 0.019 -41"><span class='ocrx_word' id='word_1_742' title='bbox 478 5318 694 5378; x_wconf 81' lang='lat' dir='ltr'><strong>fecisset</strong></span> <span class='ocrx_word' id='word_1_743' title='bbox 724 5324 862 5381; x_wconf 91' lang='lat' dir='ltr'><strong>Deus</strong></span> <span class='ocrx_word' id='word_1_744' title='bbox 888 5366 903 5392; x_wconf 91' lang='lat'><strong>,</strong></span> <span class='ocrx_word' id='word_1_745' title='bbox 946 5331 1130 5400; x_wconf 79' lang='lat' dir='ltr'><strong>utique</strong></span> <span class='ocrx_word' id='word_1_746' title='bbox 1170 5334 1310 5392; x_wconf 89' lang='lat' dir='ltr'><strong>Deus</strong></span> <span class='ocrx_word' id='word_1_747' title='bbox 1355 5348 1440 5395; x_wconf 90' lang='lat' dir='ltr'><strong>est</strong></span> <span class='ocrx_word' id='word_1_748' title='bbox 1488 5340 1724 5411; x_wconf 85' lang='lat' dir='ltr'><strong>Spiritus</strong></span> <span class='ocrx_word' id='word_1_749' title='bbox 1764 5318 1982 5399; x_wconf 79' lang='lat' dir='ltr'><strong>sanctus</strong></span> <span class='ocrx_word' id='word_1_750' title='bbox 2015 5382 2031 5409; x_wconf 86' lang='lat'><strong>,</strong></span> 
     </span>
    </p>
   </div>
   <div class='ocr_carea' id='block_1_101' title="bbox 479 5412 1334 5494">
    <p class='ocr_par' dir='ltr' id='par_1_101' title="bbox 479 5412 1334 5494">
     <span class='ocr_line' id='line_1_101' title="bbox 479 5412 1334 5494; baseline 0.022 -30"><span class='ocrx_word' id='word_1_751' title='bbox 479 5412 627 5479; x_wconf 79' lang='lat' dir='ltr'><strong>iuxta</strong></span> <span class='ocrx_word' id='word_1_752' title='bbox 657 5421 1021 5485; x_wconf 83' lang='lat' dir='ltr'><strong>apostolorum</strong></span> <span class='ocrx_word' id='word_1_753' title='bbox 1052 5422 1334 5494; x_wconf 90' lang='lat' dir='ltr'><strong>loquelam.</strong></span> 
     </span>
    </p>
   </div>
   <div class='ocr_carea' id='block_1_102' title="bbox 2135 4604 3716 4676">
    <p class='ocr_par' dir='ltr' id='par_1_102' title="bbox 2135 4604 3716 4676">
     <span class='ocr_line' id='line_1_102' title="bbox 2135 4604 3716 4676; baseline 0.001 -16"><span class='ocrx_word' id='word_1_754' title='bbox 2135 4608 2197 4660; x_wconf 75' lang='grc' dir='ltr'>τὸ</span> <span class='ocrx_word' id='word_1_755' title='bbox 2221 4607 2351 4660; x_wconf 82' lang='grc' dir='ltr'>αὐτὸ</span> <span class='ocrx_word' id='word_1_756' title='bbox 2373 4606 2616 4676; x_wconf 87' lang='grc' dir='ltr'>Πνεῦμα,</span> <span class='ocrx_word' id='word_1_757' title='bbox 2648 4605 2818 4676; x_wconf 80' lang='grc' dir='ltr'>ἑτέρῳ</span> <span class='ocrx_word' id='word_1_758' title='bbox 2847 4605 2904 4657; x_wconf 81' lang='grc' dir='ltr'>δὲ</span> <span class='ocrx_word' id='word_1_759' title='bbox 2943 4604 3125 4667; x_wconf 87' lang='grc' dir='ltr'>πίστις</span> <span class='ocrx_word' id='word_1_760' title='bbox 3150 4604 3209 4657; x_wconf 79' lang='grc' dir='ltr'>ἐν</span> <span class='ocrx_word' id='word_1_761' title='bbox 3245 4604 3325 4675; x_wconf 83' lang='grc' dir='ltr'>τῷ</span> <span class='ocrx_word' id='word_1_762' title='bbox 3352 4606 3503 4676; x_wconf 84' lang='grc' dir='ltr'>αὐτῷ</span> <span class='ocrx_word' id='word_1_763' title='bbox 3544 4608 3716 4661; x_wconf 82' lang='grc' dir='ltr'>Πνεύ-</span> 
     </span>
    </p>
   </div>
   <div class='ocr_carea' id='block_1_103' title="bbox 2140 4695 3716 4770">
    <p class='ocr_par' dir='ltr' id='par_1_103' title="bbox 2140 4695 3716 4770">
     <span class='ocr_line' id='line_1_103' title="bbox 2140 4695 3716 4770; baseline -0.001 -18"><span class='ocrx_word' id='word_1_764' title='bbox 2140 4716 2293 4770; x_wconf 89' lang='grc' dir='ltr'>ματι,</span> <span class='ocrx_word' id='word_1_765' title='bbox 2345 4698 2488 4769; x_wconf 78' lang='grc' dir='ltr'>ἄλλῳ</span> <span class='ocrx_word' id='word_1_766' title='bbox 2531 4699 2589 4752; x_wconf 79' lang='grc' dir='ltr'>δὲ</span> <span class='ocrx_word' id='word_1_767' title='bbox 2641 4697 2953 4767; x_wconf 79' lang='grc' dir='ltr'>χαρίσματα</span> <span class='ocrx_word' id='word_1_768' title='bbox 3014 4695 3257 4765; x_wconf 81' lang='grc' dir='ltr'>ἰαμάτων</span> <span class='ocrx_word' id='word_1_769' title='bbox 3320 4698 3378 4750; x_wconf 82' lang='grc' dir='ltr'>ὲν</span> <span class='ocrx_word' id='word_1_770' title='bbox 3436 4697 3514 4768; x_wconf 83' lang='grc' dir='ltr'>τῷ</span> <span class='ocrx_word' id='word_1_771' title='bbox 3568 4698 3716 4767; x_wconf 78' lang='grc' dir='ltr'><strong>αὐτῷ</strong></span> 
     </span>
    </p>
   </div>
   <div class='ocr_carea' id='block_1_104' title="bbox 2136 4782 3714 4861">
    <p class='ocr_par' dir='ltr' id='par_1_104' title="bbox 2136 4782 3714 4861">
     <span class='ocr_line' id='line_1_104' title="bbox 2136 4782 3714 4861; baseline -0.001 -18"><span class='ocrx_word' id='word_1_772' title='bbox 2136 4789 2445 4860; x_wconf 89' lang='grc' dir='ltr'>Πνεύματι,</span> <span class='ocrx_word' id='word_1_773' title='bbox 2478 4809 2496 4840; x_wconf 73' lang='grc' dir='ltr'><strong>ι</strong></span> <span class='ocrx_word' id='word_1_774' title='bbox 2535 4788 2629 4843; x_wconf 70' lang='grc' dir='ltr'>καὶ</span> <span class='ocrx_word' id='word_1_775' title='bbox 2672 4788 2741 4841; x_wconf 83' lang='grc' dir='ltr'>τὰ</span> <span class='ocrx_word' id='word_1_776' title='bbox 2786 4787 2932 4858; x_wconf 81' lang='grc' dir='ltr'><strong>ἑξῆς.</strong></span> <span class='ocrx_word' id='word_1_777' title='bbox 2976 4782 3107 4841; x_wconf 84' lang='grc' dir='ltr'>Εῐτα</span> <span class='ocrx_word' id='word_1_778' title='bbox 3161 4787 3425 4842; x_wconf 86' lang='grc' dir='ltr'>διδάσκων</span> <span class='ocrx_word' id='word_1_779' title='bbox 3482 4788 3558 4849; x_wconf 83' lang='grc' dir='ltr'>ὡς</span> <span class='ocrx_word' id='word_1_780' title='bbox 3618 4790 3714 4861; x_wconf 83' lang='grc' dir='ltr'><strong>οὐχ</strong></span> 
     </span>
    </p>
   </div>
   <div class='ocr_carea' id='block_1_105' title="bbox 2132 4878 3714 4949">
    <p class='ocr_par' dir='ltr' id='par_1_105' title="bbox 2132 4878 3714 4949">
     <span class='ocr_line' id='line_1_105' title="bbox 2132 4878 3714 4949; baseline 0.001 -15"><span class='ocrx_word' id='word_1_781' title='bbox 2132 4878 2436 4949; x_wconf 83' lang='grc' dir='ltr'>ὑπουργοῦν</span> <span class='ocrx_word' id='word_1_782' title='bbox 2464 4878 2635 4932; x_wconf 89' lang='grc' dir='ltr'>ταῦτα</span> <span class='ocrx_word' id='word_1_783' title='bbox 2662 4879 2903 4949; x_wconf 82' lang='grc' dir='ltr'>διανέμει</span> <span class='ocrx_word' id='word_1_784' title='bbox 2938 4881 2996 4931; x_wconf 81' lang='grc' dir='ltr'>τὸ</span> <span class='ocrx_word' id='word_1_785' title='bbox 3038 4878 3264 4949; x_wconf 91' lang='grc' dir='ltr'>Πνεῦμα</span> <span class='ocrx_word' id='word_1_786' title='bbox 3289 4878 3350 4931; x_wconf 84' lang='grc' dir='ltr'>τὸ</span> <span class='ocrx_word' id='word_1_787' title='bbox 3374 4880 3546 4949; x_wconf 82' lang='grc' dir='ltr'>άγιον,</span> <span class='ocrx_word' id='word_1_788' title='bbox 3576 4881 3714 4935; x_wconf 86' lang='grc' dir='ltr'><strong>ἀλλά</strong></span> 
     </span>
    </p>
   </div>
   <div class='ocr_carea' id='block_1_106' title="bbox 2130 4964 3711 5049">
    <p class='ocr_par' dir='ltr' id='par_1_106' title="bbox 2130 4964 3711 5049">
     <span class='ocr_line' id='line_1_106' title="bbox 2130 4964 3711 5049; baseline 0 -24"><span class='ocrx_word' id='word_1_789' title='bbox 2130 4970 2463 5033; x_wconf 83' lang='grc' dir='ltr'>δεσποτικῶς</span> <span class='ocrx_word' id='word_1_790' title='bbox 2494 4964 2574 5035; x_wconf 76' lang='grc' dir='ltr'><strong>οἷς</strong></span> <span class='ocrx_word' id='word_1_791' title='bbox 2605 4970 2745 5024; x_wconf 84' lang='grc' dir='ltr'>θέλει</span> <span class='ocrx_word' id='word_1_792' title='bbox 2783 4968 3087 5041; x_wconf 76' lang='grc' dir='ltr'>χαρίζεται,</span> <span class='ocrx_word' id='word_1_793' title='bbox 3131 4971 3379 5040; x_wconf 75' lang='grc' dir='ltr'>ἐπήγαγε</span> <span class='ocrx_word' id='word_1_794' title='bbox 3405 4986 3419 5000; x_wconf 90' lang='grc'><strong>·</strong></span> <span class='ocrx_word' id='word_1_795' title='bbox 3481 4990 3499 5023; x_wconf 79' lang='grc' dir='ltr'><strong>ι</strong></span> <span class='ocrx_word' id='word_1_796' title='bbox 3528 4972 3711 5049; x_wconf 56' lang='lat' dir='ltr'><strong>Iuvat:</strong></span> 
     </span>
    </p>
   </div>
   <div class='ocr_carea' id='block_1_107' title="bbox 2131 5059 3710 5131">
    <p class='ocr_par' dir='ltr' id='par_1_107' title="bbox 2131 5059 3710 5131">
     <span class='ocr_line' id='line_1_107' title="bbox 2131 5059 3710 5131; baseline -0.001 -16"><span class='ocrx_word' id='word_1_797' title='bbox 2131 5061 2189 5115; x_wconf 85' lang='grc' dir='ltr'>δὲ</span> <span class='ocrx_word' id='word_1_798' title='bbox 2214 5059 2387 5115; x_wconf 86' lang='grc' dir='ltr'>ταῦτα</span> <span class='ocrx_word' id='word_1_799' title='bbox 2418 5062 2629 5131; x_wconf 74' lang='grc' dir='ltr'>ἐνεργεῖ</span> <span class='ocrx_word' id='word_1_800' title='bbox 2656 5061 2716 5114; x_wconf 85' lang='grc' dir='ltr'>τὸ</span> <span class='ocrx_word' id='word_1_801' title='bbox 2746 5060 2805 5113; x_wconf 81' lang='grc' dir='ltr'>ἓν</span> <span class='ocrx_word' id='word_1_802' title='bbox 2828 5062 2923 5113; x_wconf 81' lang='grc' dir='ltr'><strong>καὶ</strong></span> <span class='ocrx_word' id='word_1_803' title='bbox 2953 5060 3013 5113; x_wconf 81' lang='grc' dir='ltr'><strong>τὸ</strong></span> <span class='ocrx_word' id='word_1_804' title='bbox 3039 5059 3170 5113; x_wconf 82' lang='grc' dir='ltr'>αὐτὸ</span> <span class='ocrx_word' id='word_1_805' title='bbox 3192 5060 3434 5129; x_wconf 89' lang='grc' dir='ltr'>Πνεῦμα,</span> <span class='ocrx_word' id='word_1_806' title='bbox 3471 5060 3710 5131; x_wconf 86' lang='grc' dir='ltr'>διαιροῦν</span> 
     </span>
    </p>
   </div>
   <div class='ocr_carea' id='block_1_108' title="bbox 2135 5149 3709 5225">
    <p class='ocr_par' dir='ltr' id='par_1_108' title="bbox 2135 5149 3709 5225">
     <span class='ocr_line' id='line_1_108' title="bbox 2135 5149 3709 5225; baseline -0.003 -18"><span class='ocrx_word' id='word_1_807' title='bbox 2135 5155 2242 5225; x_wconf 79' lang='grc' dir='ltr'>ίδίᾳ</span> <span class='ocrx_word' id='word_1_808' title='bbox 2269 5153 2481 5224; x_wconf 78' lang='grc' dir='ltr'>ἑκάστῳ</span> <span class='ocrx_word' id='word_1_809' title='bbox 2508 5153 2687 5216; x_wconf 87' lang='grc' dir='ltr'>καθὼς</span> <span class='ocrx_word' id='word_1_810' title='bbox 2705 5153 2967 5223; x_wconf 82' lang='grc' dir='ltr'>βούλεται.</span> <span class='ocrx_word' id='word_1_811' title='bbox 2992 5168 3010 5201; x_wconf 73' lang='grc' dir='ltr'><strong>ι</strong></span> <span class='ocrx_word' id='word_1_812' title='bbox 3045 5149 3300 5203; x_wconf 86' lang='grc' dir='ltr'>Είτοίνυν</span> <span class='ocrx_word' id='word_1_813' title='bbox 3328 5150 3387 5201; x_wconf 82' lang='grc' dir='ltr'><strong>τὸ</strong></span> <span class='ocrx_word' id='word_1_814' title='bbox 3407 5150 3630 5220; x_wconf 83' lang='grc' dir='ltr'>Πνεῦμα</span> <span class='ocrx_word' id='word_1_815' title='bbox 3650 5151 3709 5202; x_wconf 81' lang='grc' dir='ltr'>τὸ</span> 
     </span>
    </p>
   </div>
   <div class='ocr_carea' id='block_1_109' title="bbox 2134 5240 3705 5314">
    <p class='ocr_par' dir='ltr' id='par_1_109' title="bbox 2134 5240 3705 5314">
     <span class='ocr_line' id='line_1_109' title="bbox 2134 5240 3705 5314; baseline -0.004 -14"><span class='ocrx_word' id='word_1_816' title='bbox 2134 5246 2290 5314; x_wconf 75' lang='grc' dir='ltr'>ἅγιον</span> <span class='ocrx_word' id='word_1_817' title='bbox 2316 5244 2485 5299; x_wconf 87' lang='grc' dir='ltr'>ταῦτα</span> <span class='ocrx_word' id='word_1_818' title='bbox 2514 5245 2603 5299; x_wconf 82' lang='grc' dir='ltr'><strong>διὰ</strong></span> <span class='ocrx_word' id='word_1_819' title='bbox 2629 5245 2737 5297; x_wconf 82' lang='grc' dir='ltr'><strong>τῶν</strong></span> <span class='ocrx_word' id='word_1_820' title='bbox 2770 5242 3083 5297; x_wconf 84' lang='grc' dir='ltr'>ἀποστόλων</span> <span class='ocrx_word' id='word_1_821' title='bbox 3111 5240 3393 5311; x_wconf 80' lang='grc' dir='ltr'>εἰργάζετο</span> <span class='ocrx_word' id='word_1_822' title='bbox 3430 5240 3506 5303; x_wconf 81' lang='grc' dir='ltr'><strong>ὡς</strong></span> <span class='ocrx_word' id='word_1_823' title='bbox 3539 5242 3705 5311; x_wconf 71' lang='grc' dir='ltr'><strong>ἠϐού-</strong></span> 
     </span>
    </p>
   </div>
   <div class='ocr_carea' id='block_1_110' title="bbox 2131 5329 3706 5405">
    <p class='ocr_par' dir='ltr' id='par_1_110' title="bbox 2131 5329 3706 5405">
     <span class='ocr_line' id='line_1_110' title="bbox 2131 5329 3706 5405; baseline -0.003 -13"><span class='ocrx_word' id='word_1_824' title='bbox 2131 5338 2275 5401; x_wconf 90' lang='grc' dir='ltr'>λετο,</span> <span class='ocrx_word' id='word_1_825' title='bbox 2316 5335 2708 5405; x_wconf 88' lang='grc' dir='ltr'>συναγαγόντες</span> <span class='ocrx_word' id='word_1_826' title='bbox 2734 5334 2790 5387; x_wconf 84' lang='grc' dir='ltr'>δὲ</span> <span class='ocrx_word' id='word_1_827' title='bbox 2817 5334 2867 5385; x_wconf 86' lang='grc' dir='ltr'><strong>οἱ</strong></span> <span class='ocrx_word' id='word_1_828' title='bbox 2896 5331 3026 5401; x_wconf 69' lang='grc' dir='ltr'>περὶ</span> <span class='ocrx_word' id='word_1_829' title='bbox 3062 5329 3271 5383; x_wconf 88' lang='grc' dir='ltr'>Παῦλον</span> <span class='ocrx_word' id='word_1_830' title='bbox 3298 5330 3392 5382; x_wconf 74' lang='grc' dir='ltr'><strong>καὶ</strong></span> <span class='ocrx_word' id='word_1_831' title='bbox 3422 5331 3706 5400; x_wconf 79' lang='grc' dir='ltr'>Βαρνάϐαν</span> 
     </span>
    </p>
   </div>
   <div class='ocr_carea' id='block_1_111' title="bbox 2132 5411 3706 5498">
    <p class='ocr_par' dir='ltr' id='par_1_111' title="bbox 2132 5411 3706 5498">
     <span class='ocr_line' id='line_1_111' title="bbox 2132 5411 3706 5498; baseline -0.005 -16"><span class='ocrx_word' id='word_1_832' title='bbox 2132 5430 2233 5498; x_wconf 84' lang='grc' dir='ltr'>τὴν</span> <span class='ocrx_word' id='word_1_833' title='bbox 2270 5428 2593 5498; x_wconf 88' lang='grc' dir='ltr'>Ἐκκλησίαν</span> <span class='ocrx_word' id='word_1_834' title='bbox 2627 5424 2953 5496; x_wconf 85' lang='grc' dir='ltr'>ἀνήγγειλαν</span> <span class='ocrx_word' id='word_1_835' title='bbox 2995 5411 3346 5493; x_wconf 30' lang='grc' dir='ltr'>ὃσαεὲποίησε</span> <span class='ocrx_word' id='word_1_836' title='bbox 3383 5424 3500 5490; x_wconf 76' lang='grc' dir='ltr'>μετ’</span> <span class='ocrx_word' id='word_1_837' title='bbox 3530 5425 3706 5477; x_wconf 77' lang='grc' dir='ltr'>αὐτῶν</span> 
     </span>
    </p>
   </div>
   <div class='ocr_carea' id='block_1_112' title="bbox 2138 5512 3704 5588">
    <p class='ocr_par' dir='ltr' id='par_1_112' title="bbox 2138 5512 3704 5588">
     <span class='ocr_line' id='line_1_112' title="bbox 2138 5512 3704 5588; baseline -0.003 -17"><span class='ocrx_word' id='word_1_838' title='bbox 2138 5520 2165 5570; x_wconf 84' lang='grc' dir='ltr'>ὁ</span> <span class='ocrx_word' id='word_1_839' title='bbox 2188 5518 2339 5581; x_wconf 84' lang='grc' dir='ltr'>Θεὸς,</span> <span class='ocrx_word' id='word_1_840' title='bbox 2369 5518 2499 5581; x_wconf 83' lang='grc' dir='ltr'>Θεὸς</span> <span class='ocrx_word' id='word_1_841' title='bbox 2523 5517 2629 5588; x_wconf 80' lang='grc' dir='ltr'>ἄρα</span> <span class='ocrx_word' id='word_1_842' title='bbox 2661 5516 2722 5569; x_wconf 82' lang='grc' dir='ltr'>τὸ</span> <span class='ocrx_word' id='word_1_843' title='bbox 2749 5513 2970 5583; x_wconf 87' lang='grc' dir='ltr'>Πνεῦμα</span> <span class='ocrx_word' id='word_1_844' title='bbox 2996 5513 3054 5566; x_wconf 79' lang='grc' dir='ltr'>τὸ</span> <span class='ocrx_word' id='word_1_845' title='bbox 3084 5512 3236 5579; x_wconf 83' lang='grc' dir='ltr'>ἆγιον</span> <span class='ocrx_word' id='word_1_846' title='bbox 3272 5512 3409 5565; x_wconf 79' lang='grc' dir='ltr'>κατὰ</span> <span class='ocrx_word' id='word_1_847' title='bbox 3443 5512 3540 5583; x_wconf 66' lang='grc' dir='ltr'>τὴν</span> <span class='ocrx_word' id='word_1_848' title='bbox 3574 5514 3704 5567; x_wconf 72' lang='grc' dir='ltr'>ἀτω-</span> 
     </span>
    </p>
   </div>
   <div class='ocr_carea' id='block_1_113' title="bbox 2139 5611 2564 5682">
    <p class='ocr_par' dir='ltr' id='par_1_113' title="bbox 2139 5611 2564 5682">
     <span class='ocr_line' id='line_1_113' title="bbox 2139 5611 2564 5682; baseline 0.005 -19"><span class='ocrx_word' id='word_1_849' title='bbox 2139 5611 2339 5665; x_wconf 82' lang='grc' dir='ltr'>στόλων</span> <span class='ocrx_word' id='word_1_850' title='bbox 2363 5611 2564 5682; x_wconf 73' lang='grc' dir='ltr'>φωνήν.</span> 
     </span>
    </p>
   </div>
   <div class='ocr_carea' id='block_1_114' title="bbox 550 5766 2047 5855">
    <p class='ocr_par' dir='ltr' id='par_1_114' title="bbox 550 5766 2025 5848">
     <span class='ocr_line' id='line_1_114' title="bbox 550 5766 2025 5848; baseline 0.016 -28"><span class='ocrx_word' id='word_1_851' title='bbox 550 5767 592 5799; x_wconf 84' lang='grc'><strong>⁷·</strong></span> <span class='ocrx_word' id='word_1_852' title='bbox 618 5766 736 5822; x_wconf 82' lang='lat' dir='ltr'><strong>Act.</strong></span> <span class='ocrx_word' id='word_1_853' title='bbox 768 5785 817 5837; x_wconf 74' lang='grc' dir='ltr'><strong>ν,</strong></span> <span class='ocrx_word' id='word_1_854' title='bbox 846 5772 895 5827; x_wconf 80' lang='grc'><strong>5.</strong></span> <span class='ocrx_word' id='word_1_855' title='bbox 976 5774 1017 5807; x_wconf 74' lang='grc' dir='ltr'>τί</span> <span class='ocrx_word' id='word_1_856' title='bbox 1053 5774 1179 5831; x_wconf 86' lang='lat' dir='ltr'><strong>ibid.</strong></span> <span class='ocrx_word' id='word_1_857' title='bbox 1206 5776 1254 5831; x_wconf 71' lang='lat'><strong><em>6.</em></strong></span> <span class='ocrx_word' id='word_1_858' title='bbox 1332 5778 1374 5809; x_wconf 86' lang='lat'>&quot;</span> <span class='ocrx_word' id='word_1_859' title='bbox 1405 5779 1524 5836; x_wconf 83' lang='lat' dir='ltr'><strong>Act.</strong></span> <span class='ocrx_word' id='word_1_860' title='bbox 1556 5795 1673 5848; x_wconf 80' lang='lat' dir='ltr'><strong>xm,</strong></span> <span class='ocrx_word' id='word_1_861' title='bbox 1704 5782 1756 5835; x_wconf 71' lang='lat'><strong>2.</strong></span> <span class='ocrx_word' id='word_1_862' title='bbox 1834 5785 1878 5817; x_wconf 82' lang='grc'><strong>⁷³</strong></span> <span class='ocrx_word' id='word_1_863' title='bbox 1907 5785 2025 5843; x_wconf 83' lang='lat' dir='ltr'><strong>Act.</strong></span> 
     </span>
    </p>
   </div>
   <div class='ocr_carea' id='block_1_115' title="bbox 2150 5766 3267 5855">
    <p class='ocr_par' dir='ltr' id='par_1_115' title="bbox 2153 5784 3267 5855">
     <span class='ocr_line' id='line_1_115' title="bbox 2153 5784 3267 5855; baseline 0.002 -16"><span class='ocrx_word' id='word_1_864' title='bbox 2153 5827 2166 5855; x_wconf 84' lang='lat'><strong>,</strong></span> <span class='ocrx_word' id='word_1_865' title='bbox 2199 5786 2289 5843; x_wconf 69' lang='lat'><strong>23.</strong></span> <span class='ocrx_word' id='word_1_866' title='bbox 2352 5788 2393 5820; x_wconf 62' lang='grc' dir='ltr'><strong>τι</strong></span> <span class='ocrx_word' id='word_1_867' title='bbox 2426 5787 2575 5843; x_wconf 85' lang='lat' dir='ltr'><strong>lCor</strong></span> <span class='ocrx_word' id='word_1_868' title='bbox 2602 5801 2697 5853; x_wconf 78' lang='grc' dir='ltr'>ιιι,</span> <span class='ocrx_word' id='word_1_869' title='bbox 2732 5784 2784 5854; x_wconf 89' lang='grc'>8,</span> <span class='ocrx_word' id='word_1_870' title='bbox 2810 5785 2861 5841; x_wconf 79' lang='lat'><strong>0.</strong></span> <span class='ocrx_word' id='word_1_871' title='bbox 2938 5787 2980 5817; x_wconf 83' lang='lat'>”</span> <span class='ocrx_word' id='word_1_872' title='bbox 3022 5784 3149 5842; x_wconf 85' lang='lat' dir='ltr'><strong>ibid.</strong></span> <span class='ocrx_word' id='word_1_873' title='bbox 3185 5787 3267 5841; x_wconf 92' lang='lat' dir='ltr'><strong>ll.</strong></span> 
     </span>
    </p>
   </div>
  </div>
