4006 6436
535 521 672 577 H87

1580 520 1639 574 8.
1678 519 1947 577 CYRIIJJ
1984 522 2443 579 ALEXANDRINI
2483 528 2793 584 AIICHIEP.

3633 543 3767 596 Ηδῦ

534 631 744 688 XXVII.
779 631 929 694 Quod
955 630 1147 721 absque
1185 632 1443 721 creatione
1479 647 1542 684 ex
1575 631 1681 686 Deo
1738 637 1804 721 sit
1854 632 2082 704 Spiritus

2196 639 2318 691 KZ'.
2360 640 2483 693 ’Ὁτι
2514 643 2808 721 dig/ortu;
2827 644 3073 721 deﬂeat”;
3111 646 3176 698 τὸ
3208 647 3445 721 Ιζνεῦμα
3474 650 3540 703 τὸ
3576 651 3762 721 ἅγιον,

760 712 992 763 sanctus,
1030 703 1244 769 ideoque
1272 714 1318 754 et
1358 712 1577 753 wternua
1616 714 1843 761 tacetur.

603 811 1063 867 Prmelarissimus
1090 828 1307 883 quoque
1340 812 1533 869 Petrus
1565 816 1615 869 in
1647 817 1934 872 catholicis
1962 817 2088 888 Epi-

533 903 687 958 stolis
717 921 729 955 :
756 921 774 953 ι
810 902 865 956 Si
890 904 1316 974 exprobramini,
1340 907 1531 974 inquit,
1558 909 1608 960 in
1629 911 1845 963 nomine
1866 909 2088 974 Christi,

530 995 667 1049 beati
701 994 852 1057 estis,
879 997 1131 1062 quoniam
1164 994 1364 1063 gloriae,
1405 997 1619 1066 707m
1650 1000 1859 1053 virtutis
1882 1042 1896 1063 ,
1918 1010 1971 1053 et
1999 1000 2089 1053 Dei

533 1082 769 1150 Spiritus
796 1100 956 1151 super
1001 1099 1095 1139 vos
1124 1087 1416 1153 requiescit
1463 1086 1529 1140 ⁸⁸.
1584 1106 1600 1138 ι
1647 1087 1839 1143 Beatus
1882 1106 2092 1161 quoque

530 1173 761 1228 Joannes
786 1175 839 1227 in
873 1174 1111 1243 Epistola
1148 1193 1162 1229 :
1204 1194 1221 1225 ι
1254 1174 1308 1230 In
1343 1178 1470 1239 hoc,
1502 1178 1693 1243 inquit,
1720 1182 2091 1249 cognoscimus

535 1277 632 1318 nos
669 1264 719 1315 in
746 1277 808 1318 eo
840 1278 1095 1327 manere,
1127 1273 1182 1319 et
1210 1264 1382 1334 ipsum
1421 1268 1473 1319 in
1512 1268 1665 1322 nobis
1690 1308 1703 1332 ,
1736 1251 1992 1338 quoniam
2026 1274 2092 1328 de

532 1351 734 1423 Spiritu
765 1369 861 1407 suo
898 1355 1053 1409 nobis
1078 1355 1221 1409 dedit
1267 1356 1332 1409 ⁸³.
1371 1375 1389 1407 ι
1443 1357 1593 1423 Quod
1630 1372 1809 1413 autem
1864 1377 1927 1415 ex
1979 1362 2090 1417 Deo

528 1459 647 1499 esse
678 1446 1019 1514 pradicatur,
1070 1446 1211 1499 haud
1268 1459 1514 1502 creatura
1570 1459 1675 1513 est,
1734 1451 1827 1505 sed
1882 1466 1947 1504 ex
1996 1452 2087 1506 Dei

526 1536 848 1591 substantia.
904 1535 1085 1601 Quare
1134 1547 1188 1592 et
1237 1538 1415 1607 ipsum
1470 1539 1661 1595 beatus
1699 1540 1897 1596 Paulus
1931 1554 2089 1597 atter-

525 1642 679 1692 uum,
707 1636 760 1681 et
784 1628 871 1696 qui
911 1628 1123 1683 initium
1155 1644 1260 1684 non
1310 1631 1582 1693 habuerit,
1621 1642 1893 1701 nuncupat
1933 1651 1945 1684 :
1980 1652 1998 1685 ι
2032 1634 2085 1688 Si

526 1720 671 1772 enim
716 1719 957 1787 sanguis,
1010 1722 1210 1789 inquit,
1248 1722 1519 1776 hircorum
1568 1732 1621 1777 et
1678 1734 1952 1779 taurorum
1981 1766 1997 1789 ,
2037 1734 2090 1780 et

527 1808 668 1863 cinis
711 1809 893 1863 vitula:
952 1824 1206 1878 aspersus
1239 1851 1254 1876 ,
1312 1813 1618 1881 inquinatos
1668 1816 1969 1871 sanctiﬁcat
2021 1818 2089 1871 ad

526 1899 910 1969 perfectionem
940 1942 954 1965 ,
991 1914 1194 1971 quanto
1244 1904 1415 1974 magis
1460 1907 1680 1975 sanguis
1710 1906 1947 1971 Christi,
1994 1910 2084 1978 qui

533 2004 630 2059 per
663 1988 921 2058 Spiritum
969 2004 1215 2044 sanctum
1246 1994 1591 2063 semetipsum
1622 1997 1817 2050 obtulit
1841 1998 1888 2029 “
1920 2000 1930 2051 l
1972 2018 1991 2049 ι
2028 1998 2083 2053 Si
2118 1983 2159 2038 Β

526 2096 657 2153 ergo
687 2080 923 2148 Spiritus
952 2092 1177 2136 sanctus
1208 2093 1443 2139 aeternus
1466 2095 1567 2151 est,
1607 2099 1661 2140 et
1693 2088 1833 2143 Deus
1876 2106 2087 2159 quoque

525 2182 785 2237 τιτι-ηαδ,
831 2175 1114 2228 manilesta
1149 2178 1422 2229 conclusio
1447 2188 1549 2231 est.
1583 2178 1687 2234 Sed
1722 2183 1863 2236 enim
1892 2194 2085 2239 cuncta

524 2264 593 2316 de
621 2272 814 2315 sancto
851 2262 1055 2330 Spiritu
1105 2268 1428 2330 testimonia,
1460 2283 1579 2336 quae
1619 2270 1789 2337 ipsum
1823 2282 1876 2327 et
1922 2272 2086 2329 Deutn

524 2359 645 2405 esse
672 2361 725 2404 et
746 2352 1027 2406 Dominum
1060 2356 1377 2422 praedicant,
1404 2358 1761 2429 eamdemque
1790 2374 1910 2414 cum
1925 2361 2086 2417 Patre

524 2454 587 2493 ac
617 2438 759 2494 Filio
784 2444 895 2507 pari
927 2444 1117 2497 ordine
1143 2446 1431 2511 collocant,
1478 2451 1740 2504 studiosis
1784 2454 2086 2523 colligenda

524 2528 915 2598 relinquimus:
946 2549 1040 2589 nos
1073 2551 1198 2590 vero
1231 2538 1295 2590 ad
1325 2539 1483 2605 huius
1525 2540 1877 2599 institutionis
1900 2545 2088 2600 termi-

522 2634 650 2673 uutn
686 2636 850 2692 pr0pe
860 2640 1058 2679 ramus.

923 2842 1155 2898 XXVIII.
1191 2844 1267 2915 (I)
1311 2843 1461 2906 Fidei
1490 2863 1715 2903 summa.

592 2958 760 3029 Igitur
801 2973 959 3011 uuam
1004 2956 1285 3010 Trinitatis
1337 2965 1584 3012 naturam
1630 2974 1752 3016 esse
1791 2963 2084 3028 credimus,

523 3062 685 3104 unam
721 3049 1081 3102 suhStantiam
1138 3048 1189 3100 in
1246 3048 1414 3101 tribus
1449 3052 1694 3117 personis
1746 3062 2043 3119 spectatam
2071 3093 2086 3118 ,

522 3142 813 3215 potentiam
856 3140 1257 3208 tmparttbilem,
1286 3155 1507 3209 regnum
1549 3142 1871 3208 indivisum,
1926 3159 2087 3198 unam

2578 712 2666 764 διὸ
2698 713 2791 764 καὶ
2818 713 3058 767 αἰώνιον
3090 712 3377 770 καλεῖταιξ

2263 824 2369 875 Καὶ
2416 826 2443 877 ὁ
2491 824 2762 887 θειότατος
2815 826 2869 878 δὲ
2924 827 3126 897 Πέτρος
3174 832 3230 882 ὲν
3267 834 3388 894 ταῖς
3435 831 3774 895 Καθολικαίς

2204 918 2576 984 Ἐπιστολαῖς·
2616 940 2633 971 t
2660 922 2719 974 Ei
2743 922 3085 987 ὀνειδίζεσθε,
3120 928 3307 993 φησὶν,
3340 930 3398 979 ἐν
3427 927 3503 997 τῷ
3544 928 3768 998 ὀνόματι

2190 1007 2283 1059 τοῦ
2322 1009 2580 1080 Χριστοῦ,
2630 1013 2885 1082 μακάριοί
2916 1016 3057 1075 ἐστε,
3108 1016 3187 1068 ὅτι
3236 1018 3297 1069 τὸ
3332 1018 3432 1088 τῆς
3474 1019 3634 1089 δόξης
3673 1024 3766 1073 καὶ

2190 1098 2471 1166 δυνάμεως
2513 1103 2607 1153 καὶ
2642 1100 2737 1153 τοῦ
2776 1100 2909 1154 Θεοῦ
2945 1103 3168 1172 Πνεῦμα
3195 1105 3278 1172 ἐφ’
3319 1107 3463 1177 ὑμᾶς
3492 1107 3765 1159 ἀναπαύε-

2190 1207 2300 1243 ται.
2349 1210 2366 1241 ι
2423 1193 2531 1245 Καὶ
2578 1195 2606 1245 ὁ
2666 1197 2934 1267 μακάριος
2980 1198 3228 1267 Ἰωάννης
3264 1199 3321 1251 ἐν
3355 1203 3421 1271 τῇ
3452 1201 3762 1271 Ἐπιστολῇ·

2198 1300 2215 1331 t
2253 1282 2341 1334 ‘Ev
2378 1283 2571 1353 τούτῳ,
2605 1290 2754 1356 φησὶ,
2793 1288 3130 1360 γινώσκομεν
3168 1296 3249 1343 dt:
3291 1293 3350 1343 ἐν
3384 1293 3533 1361 αὐτῷ
3574 1294 3767 1363 μενοῦ-

2194 1390 2313 1444 μεν.
2345 1376 2437 1429 καὶ
2468 1378 2629 1441 αὐτὸς
2663 1381 2719 1431 ὲν
2750 1380 2898 1449 ἡμῖν,
2930 1382 3011 1434 ὅτι
3046 1386 3109 1434 ἐκ
3128 1383 3221 1435 τοῦ
3252 1383 3571 1450 Πνεύματος
3601 1384 3765 1438 αὑτοῦ

2189 1466 2417 1519 δέδωκεν
2452 1470 2601 1539 ἡμῖν.
2628 1488 2647 1522 ι
2691 1471 2764 1524 Τὸ
2791 1472 2846 1525 δὲ
2872 1475 2935 1526 ὲκ
2962 1474 3054 1527 τοῦ
3084 1475 3217 1527 Θεοῦ
3248 1476 3671 1546 κηρυττόμενον,
3704 1478 3765 1529 ού

2190 1558 2413 1627 κτίσμα,
2448 1560 2561 1613 ἀλλ’
2588 1564 2651 1615 ὲκ
2686 1562 2783 1634 τῆς
2812 1565 2961 1628 θείας
3004 1566 3186 1630 οὐσίας
3230 1568 3507 1640 ὑπάρχον·
3554 1568 3635 1621 διὸ
3672 1570 3767 1621 καὶ

2188 1650 2403 1703 αἰώνιον
2446 1654 2523 1716 είς
2549 1655 2811 1735 ἀρχὴντὸ
2842 1652 2977 1711 εἶναι
3022 1660 3093 1729 μὴ
3122 1659 3377 1729 εἰληφὼς,
3423 1663 3451 1715 ὁ
3495 1662 3766 1735 μακάριος

2189 1742 2319 1794 αὐτὸ
2348 1743 2558 1809 Παῦλος
2587 1728 2882 1802 ἀποκαλεῖ·
2917 1770 2934 1801 ι
2960 1728 3152 1822 Είγάρ
3175 1728 3335 1821 αἷμα,
3370 1728 3523 1824 φησί,
3546 1728 3765 1823 τράγων

2190 1834 2283 1887 καὶ
2314 1838 2549 1911 ταύρων,
2586 1842 2678 1895 καὶ
2707 1846 2899 1909 σποδὸς
2943 1847 3228 1917 δαμάλεως
3264 1850 3593 1920 ῥαντίζουσα
3638 1853 3767 1914 τοὺς

2189 1929 2618 1998 κεκοινωμένους
2660 1934 2872 2001 ἁγιάζει
2925 1937 3058 2006 πρὸς
3108 1939 3420 2010 τελειότητα
3461 1941 3562 2011 (5),
3609 1943 3766 2011 πόσῳ

2195 2017 2391 2084 μᾶλλον
2431 2021 2493 2073 τὸ
2527 2018 2664 2091 αἷμα
2711 2027 2967 2097 Χριστοῦ,
3007 2029 3064 2093 ὃς
3102 2030 3188 2083 διὰ
3240 2032 3555 2101 Πνεύματος
3608 2034 3764 2101 ἁγίου

2191 2105 2382 2159 ἑαυτὸν
2440 2114 2812 2183 προσήνεγκεν
2842 2132 2855 2179 ;
2888 2135 2907 2167 ›
2976 2118 3039 2170 Ei
3086 2119 3261 2171 τοίνυν
3321 2119 3380 2172 τὸ
3422 2121 3645 2191 Πνεῦμα
3704 2121 3765 2176 τὸ

2190 2195 2346 2261 ἅγιον
2391 2200 2627 2269 αἰώνιον,
2684 2205 2778 2257 καὶ
2809 2208 2837 2261 ὁ
2870 2206 3002 2271 Θεὸς
3040 2209 3274 2273 αἰώνιος,
3322 2211 3482 2279 δῆλον
3531 2213 3591 2264 τὸ
3639 2230 3763 2265 συν-

2189 2286 2472 2355 αγόμενον’
2505 2292 2641 2346 ἀλλά
2676 2296 2855 2359 πάσας
2883 2298 2984 2368 μὲν
3014 2301 3110 2361 τὰς
3137 2302 3263 2371 περὶ
3295 2301 3387 2354 τοῦ
3414 2303 3570 2371 ἁγίου
3597 2306 3763 2357 Πνεύ-

2192 2392 2359 2444 ματος
2406 2385 2729 2453 μαρτυρίας,
2776 2388 2874 2451 τὰς
2918 2392 3011 2444 καὶ
3060 2392 3191 2446 Θεὸν
3238 2395 3369 2448 αὐτὸ
3419 2397 3514 2449 καὶ
3560 2399 3760 2468 Κύριον

2190 2470 2583 2536 κηρυττούσαε.
2634 2476 2727 2527 καὶ
2787 2478 2961 2550 Πατρὶ
3011 2483 3103 2535 καὶ
3159 2483 3271 2554 Υίῷ
3332 2490 3759 2557 συντεταγμένον

2188 2557 2471 2651 λεγούσας,
2520 2566 2798 2635 συλλέγειν
2837 2575 2951 2635 τοῖς
2996 2575 3299 2643 φιλοπόνοις
3335 2581 3755 2651 καταλίπωμεν·

2191 2647 2351 2745 ημεῖς
2465 2654 2556 2707 ἐπὶ
2586 2656 2643 2707 τὸ
2676 2658 2828 2723 τέλος
2870 2664 3216 2737 ἐπειγώμεθα
3247 2668 3345 2739 τῆς
3393 2647 3758 2745 προκειμένης

2189 2738 2552 2808 διδασκαλίας.

2365 2835 2497 2892 κη’.
2562 2842 3101 2915 Ἀνακεφαλαίωσις
3144 2851 3253 2918 τῆς
3301 2855 3581 2923 πίστεως.

2261 2945 2452 3001 Τοίνυν
2482 2952 2611 3019 μίαν
2632 2955 2732 3025 τῆς
2776 2956 3003 3030 Τριὰδος
3030 2966 3127 3034 τὴν
3157 2966 3317 3034 φύσιν
3338 2966 3476 3024 εῖναι
3508 2975 3755 3030 πιστεύο-

2193 3052 2313 3137 μεν,
2341 3040 2476 3137 μίαν
2501 3044 2691 3100 οὐσίαν
2720 3050 2776 3101 ὲν
2813 3052 2988 3120 τρισὶν
3038 3056 3291 3127 ἰδιότησιν
3328 3062 3752 3137 γνωριζομένην,

2188 3126 2287 3228 την
2337 3130 2583 3228 εξουσίαν
2614 3137 2926 3207 ἀμέριστον,
2974 3145 3071 3213 τὴν
3115 3126 3389 3214 βασιλείαν
3430 3126 3751 3228 ἀδιαίρετον,

523 3237 777 3290 deitatem
810 3248 874 3287 ac
921 3234 1363 3287 dominationem.
1412 3231 1509 3289 Sic
1545 3236 1687 3288 enim
1715 3243 1768 3286 et
1809 3235 1992 3292 unitas
2032 3236 2084 3290 in

2192 3217 2574 3320 μίαν-θεότητά
2596 3244 2654 3281 τε
2690 3233 2782 3283 καὶ
2811 3236 3124 3307 κυριότητα.
3162 3241 3316 3295 Οὕτω
3347 3246 3453 3315 γὰρ
3480 3217 3754 3320 καὶΙμονὰς

525 3342 627 3382 una
659 3330 955 3391 eademque
994 3327 1297 3379 substantia
1327 3327 1755 3391 demonstratur,
1788 3338 1842 3381 et
1875 3329 2085 3383 trinitas

2190 3312 2246 3411 εν
2381 3318 2561 3411 ταύτῷ
2590 3320 2690 3389 τῆς
2731 3304 2918 3388 οὐσίας
2954 3304 3247 3400 δείκνυται,
3279 3304 3373 3388 καί
3464 3304 3635 3411 Τριάς
3660 3304 3755 3397 οῦκ

525 3439 628 3477 non
660 3423 711 3477 in
745 3423 901 3476 nudis
941 3421 1265 3484 nominibus,
1300 3418 1393 3472 sed
1424 3420 1475 3472 in
1515 3418 1892 3488 hypostasibus
1919 3434 2085 3487 agno-

523 3516 713 3569 scitur.
768 3514 885 3567 Non
915 3513 1059 3567 enim
1096 3526 1196 3565 nos
1240 3510 1469 3563 dicimus
1516 3525 1676 3563 unum
1720 3510 2045 3579 trionyntum
2071 3548 2086 3574 ,

526 3602 677 3669 juxta
728 3598 970 3662 Sabellii,
1012 3597 1227 3653 Photini
1265 3611 1330 3651 ac
1375 3595 1610 3649 Marcelli
1659 3598 2087 3652 contractionem

523 3702 577 3745 et
609 3691 996 3745 confusionem.
1047 3688 1234 3757 Neque
1264 3689 1392 3741 item
1435 3689 1535 3741 tria
1569 3688 1801 3742 invicem
1833 3699 2091 3744 extranea

525 3791 579 3835 et
606 3781 813 3834 diversa
851 3780 1152 3835 substantia
1180 3781 1403 3846 praedita
1424 3817 1440 3842 ,
1482 3780 1789 3849 inaequalia,
1838 3796 1902 3835 ac
1932 3783 2090 3837 dissi—

529 3872 697 3933 milia,
731 3880 783 3923 et
816 3871 957 3925 aliud
990 3871 1094 3924 alio
1134 3870 1385 3938 superius
1414 3871 1512 3941 (2),
1536 3886 1657 3939 quae
1686 3886 1784 3927 nos
1815 3885 1994 3928 mente
2024 3890 2089 3928 ac

526 3961 703 4032 lingua
734 3965 1019 4014 metiamur
1052 3975 1114 4015 ac
1148 3961 1511 4031 ponderemus
1533 3999 1549 4026 ,
1596 3961 1750 4029 juxta
1786 3965 1900 4018 Arii
1952 3966 2088 4019 divi-

526 4054 758 4117 sionem,
793 4052 1180 4117 diversitatem,
1216 4062 1269 4105 et
1294 4052 1513 4119 impiam
1548 4054 1916 4108 curiositatem
1948 4074 1960 4110 :
1993 4057 2087 4111 sed

526 4156 639 4200 tres
687 4147 1025 4215 hypostases,
1091 4158 1250 4196 unam
1298 4154 1475 4197 autem
1524 4142 1805 4198 Trinitatis
1842 4157 2087 4202 naturam

526 4239 901 4305 incorporeum
933 4273 949 4299 ,
1008 4232 1372 4287 invertihilem
1403 4277 1419 4299 ,
1474 4235 1864 4289 immutabilem
1898 4275 1914 4301 ,
1982 4236 2088 4290 Ilne

502 4324 749 4394 qosm
807 4334 1106 4386 carentem,
1154 4322 1533 4387 immortalem,
1583 4324 1867 4389 infinitam,
1910 4326 2086 4379 incor~

526 4414 857 4485 ruptihilem,
892 4413 1417 4483 ineircumscriptam
1452 4452 1468 4479 ,
1513 4415 1860 4481 illimitatam,
1904 4418 2088 4472 invisi-

525 4506 709 4572 biletn,
739 4521 990 4559 arcanam
1022 4546 1037 4572 ,
1098 4505 1445 4569 ineffabilem,
1490 4506 1905 4561 inenarrabilem
1938 4550 1953 4574 ,
2004 4509 2085 4563 in»

525 4596 1066 4665 comprehensibilem
1103 4634 1117 4659 ,
1160 4606 1303 4650 tactu
1380 4598 1653 4664 mentique
1732 4598 2081 4667 impervium,

2190 3402 2447 3501 ὲνμψιλοῖς
2474 3412 2585 3473 τοῖς
2608 3413 2854 3483 ὀνόμασι,
2880 3418 2995 3471 ἀλλ’
3022 3422 3079 3473 ὲν
3106 3426 3226 3487 ταῖς
3256 3402 3588 3485 ὑποστάσεσι

2193 3494 2419 3593 ρίζεται.
2452 3501 2525 3552 Οὐ
2560 3503 2666 3573 γὰρ
2699 3504 2755 3556 ἒν
2781 3506 3008 3578 λέγομεν
3029 3511 3334 3585 τριὼνυμον
3370 3522 3509 3574 κατά
3664 3524 3754 3577 τοῦ

2189 3586 2478 3643 Σαϐελλίου
2508 3594 2603 3645 καὶ
2633 3597 2894 3651 Φωτεινοῦ
2954 3603 3047 3655 καὶ
3087 3605 3406 3675 Μαρκέλλου
3449 3586 3757 3685 συναίρεσίν

2188 3694 2248 3731 τε
2271 3680 2365 3731 καὶ
2396 3686 2656 3752 σύγχυσιν
2680 3704 2694 3716 ’
2743 3689 2803 3741 οὑ
2831 3692 2959 3759 τρία
2982 3693 3253 3764 ἀλλόφυλά
3285 3715 3344 3751 τε
3382 3705 3474 3755 καὶ
3510 3680 3755 3776 ἑτεροού-

2192 3786 2299 3833 σια,
2333 3772 2491 3826 ἄνισα
2537 3777 2630 3829 καὶ
2674 3779 2922 3849 ἀνόμοια,
2965 3784 3207 3856 ἀλλήλων
3250 3772 3644 3865 ὑπερκείμενα,

2189 3862 2315 3959 καὶ⁸
2344 3863 2557 3937 γλώττῃ
2614 3872 2959 3943 μετρούμενά
3017 3895 3077 3931 τε
3146 3880 3239 3934 καί⁵
3296 3862 3753 3959 ταλαντευόμενα..

2187 3954 2329 4007 κατὰ
2365 3957 2461 4026 τὴν
2501 3958 2710 4029 Ἀρείου
2741 3965 3001 4035 διαίρεσίν
3039 3986 3096 4022 τε
3134 3974 3227 4024 καὶ
3270 3954 3625 4048 ἀλλοτρίωσιν
3668 3984 3756 4036 καὶ

2186 4044 2422 4111 δυσσεϐῆ
2483 4051 3013 4128 πολυπραγμοσύνην
3041 4078 3053 4089 ·
3115 4061 3249 4116 ἀλλὰ
3303 4044 3452 4137 τρεῖς
3511 4070 3610 4139 μὲν
3661 4075 3753 4135 τὰς

2187 4136 2531 4204 ὑποστάσεις,
2568 4142 2695 4210 μίαν
2730 4144 2785 4197 δὲ
2816 4148 2910 4217 τῆς
2943 4150 3171 4220 Τριάδος
3200 4154 3295 4225 τὴν
3331 4136 3491 4223 φύσιν
3513 4136 3752 4232 Ὕὰσώμα-

2186 4242 2298 4291 τον,
2330 4229 2615 4299 ἄτρεπτον,
2647 4236 3021 4303 ἀναλλοίωτον,
3052 4242 3422 4315 ἀτελεύτητον,
3467 4249 3749 4313 ἀθάνατον,

2186 4317 2449 4390 ἄπειρον,
2519 4322 2816 4393 ἄφθαρτον,
2859 4330 3288 4401 ἀπερίγραπτον,
3358 4337 3749 4410 ἀπερίληπτον,

2186 4413 2432 4482 ἀόρατον,
2468 4416 2670 4486 ἀσαφῆ,
2711 4419 2967 4491 ἄρρητον,
3009 4426 3303 4494 ἄφραστον,
3347 4431 3747 4503 ἀκατάληπτον,

2186 4504 2507 4570 ἀνέφικτον,
2559 4509 2945 4579 ἁπερινόητον,
2994 4515 3305 4587 αὖτοζωὴν,
3360 4520 3477 4588 φῶς
3529 4527 3748 4596 νοερὸν,

2190 4594 2370 4666 πηγὴν
2413 4598 2650 4664 ἀγαθῶν,
2700 4600 2967 4673 θησαυρὸν
3017 4607 3224 4674 σοφίας,
3274 4594 3748 4682 δημιουργὺνντῶν

522 4696 710 4752 suapte
734 4695 927 4737 natura
961 4685 1252 4746 virentem,
1280 4684 1453 4739 lucem
1486 4686 1924 4755 intellectualem,
1957 4690 2076 4743 Ion-

2190 4686 2341 4750 ὅλων,
2380 4690 2730 4760 κυϐερνῶσαν
2762 4695 2830 4747 τὰ
2882 4695 3078 4763 πάντα,
3132 4700 3323 4767 σοφίαν
3372 4703 3655 4759 ίθυνουσαν
3693 4708 3747 4760 τὸ

528 4783 632 4825 tem
666 4772 952 4835 bonorum,
986 4772 1268 4840 sapientia:
1324 4774 1637 4827 thesaurum
1667 4814 1682 4840 ,
1733 4792 1913 4831 rerum
1958 4792 2077 4833 om-

522 4865 668 4916 nium
704 4863 1022 4916 creatrice't
1057 4872 1111 4917 et
1131 4866 1588 4932 gubernatricem,
1614 4868 1934 4935 sapienttam
1964 4886 2081 4940 qua:

522 4955 787 5007 universa:
837 4956 910 5008 rei
960 4965 1156 5009 creata:
1212 4956 1479 5025 navigium
1544 4958 1746 5027 dirigit.
1795 4959 1943 5017 Hanc
1984 4978 2079 5017 nos

520 5046 676 5099 Iidem
702 5056 976 5102 tenemus:
1008 5048 1144 5100 hanc
1162 5048 1303 5102 enim
1324 5065 1352 5100 a
1374 5049 1634 5119 theologis
1655 5053 1784 5105 viris
1811 5055 1953 5108 docti
1975 5055 2076 5109 iui-

520 5153 657 5190 mus.
680 5138 746 5191 lis
770 5147 947 5191 autem
967 5139 1056 5206 qui
1074 5139 1312 5192 humano
1339 5141 1616 5195 ratiocinio
1636 5142 1929 5213 disputant,
1951 5148 2077 5201 dici-

2186 4778 2283 4847 τῆς
2314 4780 2539 4846 κτίσεως
2565 4784 2790 4852 σκάφος.
2828 4787 3044 4857 Ταύτην
3068 4790 3166 4859 τὴν
3203 4793 3384 4845 πίστιν
3411 4798 3709 4867 κατέχομεν
3732 4816 3745 4828 ’

2187 4871 2387 4943 ταύτην
2408 4875 2513 4946 γὰρ
2547 4878 2694 4945 παρά
2717 4878 2824 4930 τῶν
2852 4879 3116 4950 θεολόγων
3138 4884 3345 4953 ἀνδρῶν
3372 4887 3743 4960 ἐδιδάχθημεν.

2186 4963 2329 5034 Πρὸς
2371 4965 2425 5019 δὲ
2468 4970 2594 5031 τοὺς
2636 4969 2744 5022 ἀπὸ
2776 4971 3149 5043 συλλογισμῶν
3186 4975 3600 5049 διαλεγομένους
3652 4983 3744 5051 (ι),

2184 5059 2443 5128 είπωμεν·
2486 5060 2695 5130 Ἐκείνη
2756 5080 2849 5114 σου
2900 5066 2931 5133 ἡ
2977 5068 3152 5137 μερὶς,
3202 5069 3407 5134 ἐκεῖνος
3452 5075 3481 5125 ὁ
3527 5073 3742 5144 κλῆρος,

2180 5149 2337 5218 ἡμῶν
2368 5150 2423 5202 δὲ
2453 5153 2608 5222 μερὶς
2649 5154 2869 5227 Κύριος,
2899 5148 2943 5223 ᾧ
2972 5158 3407 5227 ἀκολουθοῦντες,
3456 5162 3555 5234 τὴν
3582 5166 3746 5238 ὀρθὴν

580 5310 623 5341 ⁸⁸
659 5321 678 5375 ι
712 5322 850 5375 Pctr.
885 5336 957 5385 tv,
989 5323 1072 5376 14.
1143 5319 1188 5353 ⁸³
1217 5321 1237 5375 I
1263 5321 1419 5376 Joan.
1456 5339 1528 5388 tv,
1566 5325 1648 5379 I5.
1719 5324 1763 5356 ³⁵
1791 5325 1953 5381 IIehr.
1980 5345 2053 5395 Ix,
2082 5331 2166 5398 l3,
2197 5332 2281 5386 H.

586 5502 895 5578 _(_l)‘1\_Iirum
926 5512 1026 5566 est,
1066 5504 1203 5578 quod
1249 5502 1378 5553 illud
1415 5503 1574 5578 etiam
1606 5503 1806 5578 editum
1838 5508 1938 5561 sub
1964 5507 2066 5578 Cy-

516 5572 615 5622 rilli
670 5574 822 5633 Ialso,
856 5582 912 5623 ut
954 5588 1069 5624 tttox
1128 5576 1384 5633 dicemus,
1415 5575 1649 5635 nomine,
1681 5577 1951 5630 tlivet'smtt
2003 5572 2064 5633 at.

515 5642 614 5711 lim:
638 5654 842 5711 nostro,
879 5642 1189 5708 opuscttlunt
1223 5640 1297 5693 Dc
1332 5640 1611 5704 Trinitate,
1642 5655 1916 5711 postremo
1955 5647 2066 5700 Λιι-

513 5709 732 5763 bertitut:
780 5712 1027 5763 ειιὶιιυιιίδ
1069 5720 1232 5774 ιοιιιο,
1269 5714 1318 5762 in
1363 5712 1590 5775 capitula
1643 5709 1833 5777 ixvm,
1874 5718 2062 5770 tribui-

515 5788 619 5829 ιιιι·.

2175 5525 2309 5569 state
2346 5518 2585 5581 adunati,
2618 5528 2663 5569 et
2694 5535 2829 5571 unus
2862 5519 3019 5575 Deus.

2247 5588 2321 5660 (ᾇ)
2365 5587 2545 5660 Ιιξ-εει
2568 5592 2705 5655 apud
2726 5590 3018 5660 Cyrillum;
3046 5606 3348 5660 quanquam
3373 5594 3536 5646 etiam
3564 5593 3731 5648 codex

2173 5655 2398 5711 Itiblictts
2419 5655 2702 5710 Vaticanus
2722 5655 2809 5711 ille.
2829 5660 2966 5711 πάνυ
2986 5655 3178 5715 habeat
3199 5655 3320 5714 cum
3342 5664 3582 5727 ceteris:
3605 5664 3735 5726 πρὸς

2173 5726 2268 5795 τὴν
2305 5729 2401 5795 τῆς
2440 5726 2638 5794 σαρκὸς
2676 5730 3038 5795 καθαρότητα.

2170 5742 2268 5777 την
2305 5744 2333 5777 τ

2378 5744 2401 5799 ,f
2440 5726 2638 5794 σαρκὸς
2676 5730 3038 5799 καθαρότητα.

2241 5797 2319 5863 (ι)
2362 5797 2455 5849 llic
2486 5798 2764 5864 perspicue
2810 5797 3191 5855 rationalitatis
3232 5802 3477 5854 humana:
3512 5800 3731 5855 abusum

584 5849 657 5925 (1)
700 5848 1020 5916 Augustinus
1058 5864 1219 5903 scrm.
1252 5848 1373 5936 ξτβι,
1500 5849 1666 5936 Ῥαςςι*
1703 5862 1748 5930 et
1794 5850 1968 5936 Filius
1998 5869 2062 5935 ⁸ιι
2168 5848 2401 5936 Cyl-iii";

514 5913 738 5982 Spiritus
772 5913 981 5969 sanctus
1010 5934 1106 5969 non
1139 5921 1378 5986 gradibus
1410 5921 1506 5971 sibi
1536 5920 1747 5986 queui,
1774 5923 1862 5974 sed
1900 5926 2061 5991 maje-
