4006 6452
291 474 433 531 “57

1382 486 1476 543 DE
1515 488 2028 551 lNCARNA'HONE
2074 493 2451 556 UNICENITI.

3436 516 3572 576 “93

285 591 404 663 ρος.
438 595 470 666 ἡ
509 595 599 650 τοῦ
644 598 854 668 κόσμου
899 601 1143 672 σωτηρία
1191 604 1286 658 καὶ
1315 605 1428 677 ζωὴ
1453 646 1466 667 ,
1499 609 1593 662 καὶ
1651 611 1827 664 διόλω)

1931 642 1940 672 ι
1972 613 2188 681 quidem
2210 623 2290 669 est
2305 631 2403 686 pro
2425 617 2601 686 nobis,
2619 637 2791 690 neque
2811 626 3114 681 resurrexit
3130 627 3400 688 Christus.
3416 634 3568 702 Quod

283 687 569 752 παντελῶς
613 691 646 759 ἡ
685 691 794 742 τῶν
823 691 879 744 έν
912 695 1092 748 πίστει
1142 698 1559 768 κεκοιμημένων
1593 702 1768 766 ἐλπίς.
1800 703 1872 759 Εὖ

282 777 394 849 γάρ
427 773 526 833 ὦδε
555 781 700 850 ἔχειν
734 784 908 836 ἐδόκει
939 787 1033 838 καὶ
1063 788 1140 856 τῷ
1175 791 1430 860 μακαρίῳ
1469 791 1688 865 Παύλῳ,
1725 811 1868 868 παρ·

279 868 460 922 έδωκα
485 871 592 942 γὰρ
616 873 766 941 ὑμῖν,
792 883 977 944 φησιν,
999 879 1058 929 ὲν
1083 879 1342 949 πρώτοις,
1363 881 1391 933 ὅ
1416 884 1510 935 καὶ
1536 884 1866 956 παρέλαϐον,

279 961 367 1014 ὅτι
397 962 634 1032 Χριστος
679 966 951 1019 ἀπέθανεν
1000 968 1143 1039 ὑπὲρ
1189 969 1298 1023 τῶν
1347 973 1633 1044 ἁμαρτιῶν
1685 977 1864 1047 ἡμῶν,

277 1054 421 1106 κατὰ
447 1054 546 1118 τὰς
574 1056 820 1125 Γραφάς,
853 1058 945 1111 καὶ
973 1058 1055 1111 ὃτι
1092 1060 1290 1132 ἐτάφη,
1323 1064 1419 1118 καὶ
1449 1063 1531 1118 ὅτι
1566 1066 1864 1138 ὲγῆγερται

272 1147 340 1213 τῇ
374 1144 555 1216 ἡμέρᾳ
582 1149 646 1216 τῇ
687 1149 868 1220 τρίτῃ,
911 1149 1052 1202 κατὰ
1085 1151 1186 1214 τὰς
1211 1153 1452 1224 Γραφάς,
1482 1157 1576 1210 καὶ
1601 1158 1682 1210 ὅτι
1705 1158 1858 1232 ὤφθη

273 1235 462 1306 Κηφᾷ,
498 1234 618 1290 εἶτα
636 1241 750 1301 τοῖς
773 1239 1002 1305 δώδεκα,
1043 1241 1231 1298 ἔπειτα
1262 1245 1417 1315 ὤφθη
1447 1248 1631 1301 ἐπάνω
1659 1267 1856 1304 πεντα-

271 1325 477 1389 κοσίοις
516 1327 772 1398 ἀδελφοῖς
805 1331 1040 1400 ἐφάπαξ,
1067 1332 1125 1396 ἐξ
1154 1327 1226 1386 ὧν
1253 1337 1301 1388 oi
1326 1335 1568 1400 πλείονες
1605 1340 1857 1409 μένουσιν

267 1414 377 1477 ἕως
407 1415 553 1485 ἄρτι,
586 1419 728 1480 τινὲς
763 1420 822 1473 δὲ
863 1422 952 1475 καὶ
981 1422 1375 1495 ἐκοιμήθησαν.
1426 1429 1656 1483 Ἔπειτα
1697 1432 1852 1505 Gygen

283 1504 544 1578 Ἰακώϐῳ.
577 1508 771 1562 ἔπειτα
809 1514 920 1574 τοῖς
945 1513 1265 1579 ἀποστόλοις
1314 1518 1501 1584 πᾶσιν,
1544 1521 1772 1592 ἔσχατον
1797 1525 1852 1579 δὲ

264 1596 506 1659 πάντων,
529 1598 773 1670 ὡσπερεί
794 1618 870 1670 τῳ
890 1603 1222 1674 ἐκτρώματι,
1243 1609 1428 1678 φησιν,
1449 1607 1604 1682 ὤφθη
1623 1616 1808 1685 κάμοί.
1826 1636 1843 1668 ι

266 1685 378 1737 Καὶ
407 1686 711 1759 μεθ’ἓτερα
753 1691 938 1744 πάλιν·
975 1711 992 1743 ι
1036 1695 1095 1746 Ei
1123 1695 1178 1748 δὲ
1213 1696 1445 1768 Χριστὸς
1485 1705 1845 1774 κηρύσσεται,

259 1777 346 1828 ὅτι
376 1779 440 1828 ὲκ
477 1777 687 1849 νεκρῶν
722 1782 1044 1852 ἐγήγερται,
1083 1785 1202 1848 πῶς
1242 1785 1492 1856 λέγουσιν
1523 1794 1581 1844 ὲν
1611 1793 1742 1864 ὑμῖν
1767 1814 1846 1850 τι·

256 1881 375 1928 νες,
406 1866 488 1916 ὅτι
514 1867 808 1933 ἀνάστασις
842 1871 1053 1943 νεκρῶν
1085 1875 1181 1928 οὐκ
1209 1876 1387 1945 ἕστιν;
1421 1882 1470 1933 εἰ
1508 1881 1564 1934 δὲ
1595 1884 1845 1938 ἀνάστα-

258 1970 345 2014 σις
375 1957 586 2026 νεκρῶν
614 1961 714 2012 οὐκ
741 1962 909 2028 ἔστιν,
941 1965 1061 2016 οὐδὲ
1091 1967 1325 2037 Χριστὸς
1354 1972 1666 2044 ἐγήγερται.
1700 1977 1761 2028 Εἰ
1785 1977 1844 2030 δὲ
1876 1967 1915 2019 Β

252 2045 490 2115 Χριστὸς
512 2048 610 2100 οὐκ
641 2051 958 2120 ἐγήγερται,
981 2055 1138 2108 κενὸν
1160 2056 1268 2127 ἄρα
1287 2059 1346 2110 τὸ
1375 2062 1637 2131 κήρυγμα
1659 2064 1838 2133 ἡμῶν,

253 2138 388 2209 κενὴ
430 2139 526 2193 καὶ
556 2142 587 2210 ὴ
613 2142 794 2205 πίστις
817 2144 994 2213 ἡμῶν.
1032 2148 1416 2220 Εὑρισκομεθα
1437 2153 1494 2205 δὲ
1529 2156 1625 2208 καὶ
1650 2156 1843 2224 ψευδο-

253 2229 533 2299 μάρτυρες
571 2231 666 2283 τοῦ
697 2233 853 2294 Θεοῦ,
897 2236 979 2288 ὅτι
1011 2237 1200 2308 ἤγειρε
1251 2241 1342 2292 τὸν
1366 2243 1618 2314 Χριστὸν,
1650 2245 1709 2298 ὃν
1740 2247 1840 2300 οὐκ

250 2316 496 2386 ἧγειρεν,
528 2319 686 2391 εἴπερ
709 2321 815 2392 ἄρα
845 2327 1030 2395 νεκροὶ
1059 2328 1158 2380 οὐκ
1193 2329 1521 2401 ἐγείρονται.
1559 2351 1579 2386 ι
1603 2336 1838 2408 Τεθναίη

247 2408 361 2478 γὰρ
395 2408 480 2470 ἂν,
515 2412 635 2463 εἰπέ
673 2430 784 2482 μοι,
818 2416 943 2469 τίνα
987 2417 1050 2487 δὴ
1086 2418 1289 2490 τρόπον
1322 2424 1355 2493 ἡ
1383 2425 1546 2489 σκιάς
1581 2427 1704 2492 Πῶς
1744 2425 1838 2483 οὖν

242 2497 518 2570 ἀνέστησε
544 2503 635 2554 τὸν
674 2505 910 2576 Χριστὸν
942 2509 970 2560 ὁ
1005 2511 1195 2582 Πατὴρ
1215 2551 1230 2571 ,
1281 2515 1440 2568 σκιὰν
1463 2516 1594 2572 ὅντα
1626 2521 1722 2574 καὶ
1752 2521 1838 2575 δό-

241 2603 428 2656 κησιν,
467 2592 562 2643 καὶ
599 2597 712 2656 τοῖς
730 2595 825 2648 τοῦ
863 2597 1092 2653 Θανάτου
1127 2603 1347 2673 δεσμοῖς
1379 2609 1478 2678 οὐχ
1518 2610 1830 2683 ἁλώσιμονς

239 2683 493 2751 Οξχέσοω
522 2687 584 2756 δὴ
617 2683 710 2739 οὖν
741 2689 769 2739 ὁ
807 2691 1030 2744 ἐκείνων
1055 2695 1281 2763 ἔμετος,
1326 2699 1496 2768 μῦθον
1533 2703 1590 2756 δὲ
1630 2706 1828 2772 ἄλλως,

238 2776 336 2826 καὶ
367 2775 585 2830 ἀνοσίου
637 2779 835 2851 βουλῆς
883 2784 1323 2856 άποὸράσματα,
1377 2791 1445 2844 τὰ
1482 2797 1612 2864 παρ’
1648 2799 1831 2862 αὐτοῖς

237 2865 528 2936 ἡγώμεθα.
562 2872 702 2934 Τοὺς
747 2876 854 2944 γὰρ
886 2877 1159 2942 τοιούτους
1200 2882 1329 2951 ἡμῖν
1375 2891 1829 2962 προκαταμῃνὺει

234 2959 467 3026 γράφων
507 2961 600 3013 τοῦ
630 2963 930 3033 Σωτῆροςὸ
962 2969 1232 3039 μαθητὴς,
1275 2973 1357 3026 ὅτι
1403 2992 1422 3026 ι
1473 2977 1662 3032 Πολλοὶ
1697 2959 1829 3050 φευ-

233 3045 574 3121 δοπροφῆται
609 3053 995 3116 ἐξεληλύθασιν
1030 3063 1108 3124 εἰς
1132 3063 1224 3115 τὸν
1268 3065 1491 3137 κόσμον.
1540 3071 1629 3122 Ἐν
1650 3073 1827 3144 τούτῳ

233 3140 569 3205 γινώσκεται
593 3145 653 3196 τὸ
688 3147 914 3217 Πνεῦμα
940 3151 1032 3203 τοῦ
1053 3154 1208 3206 Θεοῦ.
1241 3158 1354 3211 Πᾶν
1388 3162 1613 3234 Πνεῦμα
1638 3166 1668 3218 ὃ
1691 3168 1824 3238 ὁμο-

229 3231 383 3299 λογεί
429 3233 639 3304 Ἰησοῦν
685 3238 920 3308 Χριστὸν
949 3243 1006 3295 ἐν
1049 3247 1215 3316 σαρκὶ
1256 3231 1582 3321 ἐληλυθότα,
1619 3259 1685 3310 ὲκ
1723 3231 1819 3312 τοῦ

198 3321 369 3377 ,θεοῦ
397 3325 534 3377 ἐστι.
574 3345 592 3377 ι
633 3327 741 3379 Καὶ
770 3329 924 3382 τοῦτό
970 3334 1087 3386 ἐστι
1120 3315 1181 3388 τὸ
1206 3339 1300 3392 τοῦ
1338 3315 1754 3415 ”Αντιχρίστου,
1789 3349 1818 3402 ὃ
1849 3315 1891 3370 c

223 3416 509 3484 ἀκηκόατε
539 3419 621 3471 ὅτι
654 3419 910 3491 ἔρχεται,
951 3429 1043 3479 καὶ
1069 3429 1164 3481 νῦν
1207 3433 1264 3484 ὲν
1300 3433 1377 3504 τῷ
1432 3436 1623 3510 κόσμῳ
1670 3441 1819 3496 ἐστὶν

223 3507 351 3580 ἤδη.
381 3510 442 3561 Εἰ
471 3511 579 3582 γὰρ
607 3513 682 3585 μὴ
721 3515 943 3584 γέγονεν
967 3519 1275 3591 ἄνθρωπος,
1315 3529 1454 3597 μήτε
1490 3507 1817 3602 μὴν-ἀναδέ-

224 3599 398 3668 σῃκεν
431 3603 486 3653 ἐν
517 3606 682 3674 σαρκὶ
729 3608 868 3678 πρὸς
906 3611 998 3662 τὸν
1029 3615 1086 3665 ὲν
1135 3619 1247 3680 τοῖς
1296 3599 1564 3690 οὐρανοῖς⁷
1592 3625 1813 3698 Πατέρα

224 3686 322 3737 καὶ
355 3686 510 3755 Θεὸν,
562 3692 674 3744 οὐδ’
728 3693 794 3746 ἂν
842 3696 1238 3771 ὑποστρέψειεν
1297 3707 1357 3772 ἐξ
1393 3711 1626 3782 οὐρανοῦ
1688 3714 1812 3768 καθ’

220 3779 396 3847 ἡμᾶς,
420 3781 705 3853 ἄνθρωπος
734 3787 979 3856 δηλονότι
1014 3795 1106 3846 καὶ
1138 3799 1196 3848 ὲν
1228 3801 1418 3870 σαρκί.
1443 3779 1512 3856 Ἦ
1527 3805 1811 3878 οὐκάτρε-

219 3870 294 3939 κῆ
337 3887 418 3923 σοι
450 3875 611 3942 φάναι
643 3877 820 3945 δοκῶς

2157 3968 2166 3973 ν
2223 3968 2236 3979 .
2529 3968 2716 3984 ,,_---.-,
2757 3968 2807 3979 ν.
2843 3968 2985 3987 ..ι-..υ
3028 3968 3142 4006 ισιιιι
3197 3968 3248 3996 ΙΙΙ

216 3979 303 4021 εει
341 3968 405 4020 ⁸⁸.
444 3987 462 4019 ι
500 3970 554 4024 Si
584 3975 727 4027 enim
757 3977 917 4031 homo
950 3980 1125 4037 factus
1156 3999 1261 4039 non
1309 3997 1414 4056 est,
1463 4004 1635 4061 neque
1702 3998 1944 4051 ascendit
1977 4000 2026 4052 iu
2097 4017 2261 4059 carne
2297 4008 2348 4062 in
2394 4011 2562 4066 eteius
2603 4019 2667 4071 ad
2720 4018 2937 4080 Patrem
2984 4046 3046 4086 ac
3099 4034 3289 4104 Deum,

216 4066 403 4104 "hu",
438 4070 623 4104 nam,“
661 4087 722 4104 ,ην
754 4076 893 4104 ..ιηιη
923 4079 1075 4104 ...ιΙ-ε-
1106 4082 1294 4104 -ῖ--ειε-
1350 4086 1362 4104 ¹
1394 4100 1468 4104 υτ
1579 4089 1591 4101 ⁸
1657 4091 1669 4102 ⁹
1943 4095 1954 4104 ”
2262 4103 2270 4104 7

1857 4104 1910 4148 et
1943 4095 1994 4147 in
2023 4112 2209 4154 carne.
2246 4103 2402 4162 Anne
2431 4109 2526 4164 tibi
2570 4126 2690 4167 vera
2733 4117 2912 4176 dicere
2947 4127 3175 4183 videor?

216 4066 403 4120 redire
438 4070 623 4135 poterit
660 4087 724 4124 ex
754 4076 894 4128 caelo
923 4079 1077 4135 nobis
1104 4082 1315 4149 similis,
1348 4086 1512 4143 homo
1539 4089 1820 4160 nimirum,

289 4162 354 4217 Β.
387 4165 497 4217 Καὶ
527 4167 694 4231 μάλα.

285 4256 355 4307 Α.
385 4256 460 4307 Τὸ
486 4257 543 4310 δὲ
565 4258 628 4329 δὴ
652 4260 745 4313 καὶ
774 4261 993 4336 ἐτέρους
1024 4267 1230 4321 οἴεσθαί
1261 4289 1320 4324 τε
1356 4274 1450 4327 καὶ⁵
1472 4278 1689 4346 φρονεῖν
1744 4277 1804 4344 ἐξ

208 4343 531 4414 άμετρήτου
561 4349 807 4415 νωθείας,
838 4355 1050 4421 γένεσιν
1085 4359 1183 4428 μὲν
1230 4343 1531 4432 ἀνῄνασθαι
1569 4367 1670 4440 τὴν
1714 4343 1802 4423 διά

209 4433 314 4502 τῆς
350 4435 514 4503 ἁγίας
549 4439 825 4509 Παρθένου
849 4486 863 4509 ,
895 4446 987 4498 τὸν
1013 4449 1077 4500 ἐκ
1099 4449 1235 4503 Θεοῦ
1273 4453 1446 4521 φύντα
1480 4433 1672 4526 Λόγον,
1707 4463 1801 4514 καὶ

209 4527 376 4594 φύσιν
410 4531 678 4598 ἀτιμάσαι
730 4536 830 4605 τὴν
877 4539 1000 4591 καθ’
1042 4543 1210 4612 ἡμᾶς,
1248 4552 1698 4621 παρατετράεροαι
1744 4554 1800 4607 δὲ
1834 4528 1878 4583 D

209 4619 416 4688 μᾶλλον
449 4623 614 4676 αὐτὸν
649 4627 729 4688 εἰς
752 4627 849 4698 τὴν
879 4630 989 4684 ἀπὸ
1008 4633 1112 4702 γῆς
1137 4635 1336 4706 σάρκα,
1367 4619 1799 4714 δυσφημούντων

204 4711 330 4763 ἐστὶ
352 4713 450 4781 τὴν
476 4715 810 4786 οἰκονομίαν,
838 4723 930 4775 καὶ
949 4728 1060 4789 τοῖς
1085 4726 1250 4792 Οεξοις
1280 4733 1596 4803 σκέμμασιν
1618 4742 1796 4794 ἐπιτι-

207 4803 318 4872 μᾷν
347 4804 451 4873 flm-
462 4806 658 4874 μένων.
703 4811 761 4863 ’0
791 4813 890 4882 μὲν
912 4816 1019 4887 γὰρ
1043 4819 1150 4872 τών
1175 4821 1310 4876 ὅλων
1333 4825 1683 4900 δημιουργὸς,
1700 4834 1795 4886 καὶ

205 4891 378 4955 πολὺς
404 4895 483 4956 εἰς
519 4895 668 4950 ἔλεον
696 4901 790 4955 τοῦ
813 4902 949 4958 Θεοῦ
987 4909 1191 4977 Λόγος,
1579 4891 1793 4991 έαυτὸν,

203 5074 320 5139 κὸς,
349 5077 416 5128 ἵν’
449 5080 686 5153 ἐπείπερ
718 5085 952 5152 αἵματος
985 5093 1082 5145 καὶ
1105 5096 1308 5166 σαρκὸς
1337 5102 1702 5174 κεκοινώνηκε
1725 5106 1794 5160 τὰ

200 5166 412 5231 παιδία,
453 5170 732 5225 τουτέστιν
794 5177 954 5245 ἡμεῖς
979 5221 994 5244 ,
1039 5183 1132 5234 καὶ
1175 5185 1336 5249 αὐτὸς
1391 5192 1791 5263 παραπλησίως

202 5259 453 5329 μετάσχῃ
467 5260 578 5312 τῶν
596 5261 785 5332 ὅντων,
807 5287 825 5318 ι
839 5268 957 5322 ’Ίνα
977 5270 1066 5324 διὰ.
1085 5273 1180 5326 τοῦ
1205 5275 1436 5332 θανάτου
1459 5287 1788 5358 καταργήσῃ

198 5349 290 5400 τὸν
324 5349 384 5400 τὸ
421 5352 619 5420 κράτος
651 5354 843 5426 ἔχοντα
871 5361 967 5413 τοῦ
997 5363 1250 5426 Θανάτου,
1277 5371 1523 5443 τουτέστι
1557 5374 1648 5427 τὸν
1669 5375 1786 5430 διά-

196 5437 374 5503 ϐολον,
409 5443 504 5493 καὶ
535 5445 821 5520 ἀπαλλάξῃ
843 5451 1084 5521 τούτους,
1113 5457 1227 5511 ὅσοι
1262 5461 1411 5532 φόϐῳ
1443 5464 1676 5520 θανάτου
1698 5469 1786 5523 διὰ

201 5531 402 5594 παντὸς
432 5534 526 5586 τοῦ
568 5533 668 5606 ζῇν
691 5577 705 5600 ,
749 5540 924 5611 ἔνοχοι
961 5540 1102 5614 ἦσαν
1141 5531 1403 5616 δουλείας.
1431 5574 1448 5605 ι
1504 5549 1629 5609 Ὧδε
1674 5558 1784 5629 γάρ

195 5618 298 5690 ἔφη
330 5622 390 5674 τὸ
439 5624 678 5696 Γράμμα
711 5629 772 5682 τὸ
805 5633 966 5704 ἱερόν.
1012 5640 1072 5690 0i
1102 5639 1159 5691 δὲ
1191 5642 1288 5711 τῆς
1315 5643 1458 5699 οὕτω
1491 5618 1779 5721 παγκάλης

263 5817 309 5849 ¹¹
339 5820 352 5873 l
378 5821 502 5875 Cor.
535 5839 620 5885 xv,
644 5827 754 5886 5-8.

199 5886 236 5914 ⁸³
259 5887 441 5945 llebt‘J
470 5910 504 5954 ι,
537 5894 620 5961 14,
666 5899 748 5954 lii.

835 5835 878 5864 “'
904 5837 1030 5892 ibid.
1066 5839 1253 5894 1245.
1336 5841 1379 5873 ¹δ
1407 5843 1422 5897 l
1450 5842 1603 5898 Joan.
1648 5860 1718 5908 tv,
1749 5847 1860 5901 1-5.

1973 714 2122 760 certe
2155 707 2198 760 si
2233 716 2290 761 ut
2321 722 2506 764 verum
2536 712 2875 783 admittatur,
2897 719 3057 785 periit
3080 719 3460 786 lides,sublata
3484 743 3570 784 est

1971 813 2128 862 crux,
2148 800 2331 854 mtmdi
2355 801 2502 857 salus
2525 819 2588 858 ac
2607 806 2714 859 vita
2735 827 2748 874 ;
2770 817 2928 880 atque
2945 810 2995 865 itt
3011 815 3324 870 universum
3359 820 3567 876 interiit

1967 901 2155 943 eorum
2193 892 2282 960 qui
2322 892 2374 946 in
2416 894 2519 949 ﬁde
2549 899 3122 973 obdortnieruntspes.
3152 906 3228 962 Ita
3264 911 3408 965 enim
3439 929 3565 968 sese

1971 994 2082 1032 rem
2105 981 2324 1048 habere,
2344 985 2509 1039 etiam
2534 987 2692 1045 beato
2715 990 2885 1049 Paulo
2922 994 3097 1051 visum
3130 1007 3213 1054 est
3246 1019 3262 1056 :
3291 1020 3310 1053 ι
3337 1002 3559 1059 Tradidi

1965 1071 2130 1138 enim,
2161 1075 2354 1143 inquit,
2397 1079 2551 1133 vobis
2588 1081 2638 1136 in
2687 1085 2878 1153 primis
2911 1091 3055 1154 quod
3087 1099 3142 1145 et
3169 1095 3377 1164 accepi,
3427 1113 3562 1165 quo-

1962 1162 2107 1215 niam
2137 1161 2385 1222 Christus
2409 1180 2653 1228 mortuus
2673 1185 2755 1230 est
2772 1193 2870 1248 pro
2895 1181 3063 1254 682
3088 1187 3328 1254 peccatis
3358 1193 3559 1245 nostris

1962 1255 2259 1310 secundum
2283 1256 2592 1327 Scripturas
2621 1285 2632 1319 :
2668 1275 2720 1320 et
2754 1273 2894 1337 quod
2924 1275 3169 1341 sepultus
3197 1287 3302 1344 est,
3332 1289 3384 1335 et
3412 1286 3554 1349 quod

1960 1347 2257 1400 resurrexit
2280 1349 2436 1404 tertia
2457 1351 2541 1406 die
2562 1359 2861 1413 secundum
2887 1360 3220 1435 Seripturas.
3242 1378 3295 1424 et
3321 1374 3463 1440 quod
3481 1375 3554 1426 vi-

1955 1447 2049 1488 sus
2073 1436 2388 1510 esthphaa,
2414 1459 2478 1498 ac
2505 1457 2687 1514 postea
2718 1453 3021 1512 duodecim.
3057 1460 3259 1516 Deinde
3293 1465 3440 1520 visus
3471 1481 3552 1522 est

1954 1524 2071 1592 plus
2089 1542 2248 1596 quam
2272 1534 2582 1605 quingentis
2607 1538 2863 1601 fratribus
2885 1549 3044 1603 simul
3063 1567 3157 1617 ,ει
3177 1555 3374 1623 quibus
3397 1561 3548 1615 multi

1953 1629 2174 1677 manent
2219 1638 2390 1693 usque
2441 1630 2637 1696 adhuc,
2687 1637 2906 1704 quidam
2955 1653 3135 1697 autem
3183 1645 3539 1706 dormierunt.

1955 1705 2155 1765 Deinde
2205 1715 2351 1770 visus
2373 1727 2458 1773 est
2484 1719 2712 1789 Jucobo,
2745 1727 2941 1786 deinde
2971 1737 3234 1804 apostolis
3256 1743 3542 1811 outnibus,

1949 1801 2244 1859 novissime
2272 1817 2453 1864 autem
2477 1817 2721 1870 omnium
2752 1827 3008 1891 tanquam
3039 1828 3311 1895 abortivo,
3345 1831 3541 1904 inquit,

1949 1892 2094 1946 visus
2110 1906 2192 1949 est
2214 1906 2267 1950 et
2285 1899 2412 1955 mihi
2431 1903 2524 1957 η.»
2546 1905 2608 1959 Et
2627 1911 2785 1977 paulo
2805 1926 2950 1982 post:
2973 1935 2992 1968 ι
3018 1917 3072 1972 Si
3092 1932 3270 1976 autem
3291 1892 3542 1985 Christus

1946 1986 2290 2056 prmdicatur,
2307 1995 2448 2061 quod
2469 2004 2764 2057 resurrexit
2786 2020 2814 2059 a
2839 2011 3069 2066 mortuis
3090 2055 3104 2079 ,
3131 2019 3402 2083 quomodo
3424 2025 3511 2091 qui
3531 2054 3539 2060 -

1944 2073 2067 2130 dam
2092 2077 2278 2135 dicunt
2307 2083 2358 2136 in
2391 2088 2540 2146 vobis
2565 2096 2821 2162 quoniam
2849 2105 3177 2159 resurrectio
3201 2120 3538 2167 mortuorum

1944 2178 2048 2217 non
2085 2169 2205 2223 est?
2246 2173 2301 2226 Si
2332 2185 2509 2232 autem
2561 2189 2894 2244 resurrectio
2925 2205 3261 2252 mortuorum
3295 2219 3400 2257 non
3430 2219 3534 2265 est.

1943 2268 2118 2324 neque
2137 2257 2386 2318 Christus
2406 2273 2717 2328 resurrexit.
2744 2273 2799 2329 Si
2829 2289 3008 2336 autem
3039 2283 3288 2344 Christus
3314 2309 3418 2346 nun
3457 2313 3539 2348 ru.-

1941 2347 2202 2409 surrexit.
2234 2351 2412 2411 inanis
2435 2369 2524 2413 est
2565 2376 2696 2432 ergo
2743 2369 3056 2434 prmdieatio
3099 2388 3305 2445 nostra,
3357 2383 3535 2440 inanis

1939 2445 2023 2489 est
2062 2447 2117 2491 et
2160 2441 2292 2497 lides
2321 2457 2539 2518 nostra;
2582 2453 2888 2514 invenimur
2915 2473 3094 2518 autem
3129 2479 3180 2522 et
3216 2469 3332 2526 falsi
3367 2483 3534 2532 testes

1941 2523 2059 2593 Dei,
2087 2535 2344 2599 quoniam
2382 2542 2749 2599 testimonium
2776 2550 3013 2610 diximus
3045 2561 3307 2620 adversus
3341 2565 3528 2634 Deum,

1939 2621 2080 2686 quod
2113 2626 2457 2685 susdlaverit
2490 2635 2791 2697 Christum.
2820 2659 2978 2712 quem
3014 2665 3118 2704 non
3144 2658 3454 2727 suscitavit,
3483 2666 3528 2718 si

1937 2711 2135 2764 mortui
2166 2731 2270 2766 nou
2307 2733 2594 2791 resurgunt
2622 2727 2684 2781 ".
2719 2748 2737 2781 ι
2766 2711 3013 2796 Quonam
3043 2742 3188 2795 enim
3221 2756 3400 2815 pacto,
3426 2753 3495 2806 oh

1935 2815 2116 2868 secro,
2149 2808 2418 2865 moriatur
2457 2816 2695 2874 umbra?
2729 2825 3006 2890 Quomodo
3056 2834 3218 2903 igitur
3242 2843 3527 2898 suscitavit

1932 2891 2206 2950 Christum
2248 2897 2429 2969 Pater,
2460 2922 2582 2962 cum
2629 2914 2818 2969 umbra
2865 2929 3071 2975 tantum
3116 2936 3169 2980 et
3201 2929 3521 3003 imaginaria

1931 2986 2177 3053 quaedam
2213 2999 2528 3062 apparentia
2558 3016 2726 3070 esset,
2768 3019 2822 3063 et
2871 3017 3062 3071 mortis
3089 3020 3320 3079 vinculis
3347 3026 3522 3084 obuo-

1931 3077 2055 3132 xius
2102 3095 2206 3136 non
2239 3088 2425 3141 esset?
2468 3090 2663 3150 Procul
2706 3097 2870 3169 igitur
2901 3104 3134 3163 facessat
3173 3112 3388 3171 illorum
3427 3135 3520 3173 vo-

1932 3170 2102 3230 ntitio,
2151 3175 2280 3243 quin
2315 3181 2492 3248 potius
2547 3183 2780 3244 fabulam
2827 3192 3087 3267 itnpiique
3117 3204 3281 3260 animi
3323 3170 3515 3264 ebulli-

1931 3260 2102 3314 tiones
2135 3267 2530 3327 existimemus.
2571 3277 2843 3347 Ejusmodi
2876 3287 3018 3341 enim
3049 3293 3205 3348 nobis
3234 3308 3391 3354 antea
3426 3303 3520 3356 de-

1925 3352 2148 3420 scripsit
2200 3355 2506 3418 Servatoris
2552 3371 2719 3424 nostri
2761 3373 3059 3446 discipulus
3109 3401 3121 3436 :
3165 3404 3184 3437 ι
3218 3385 3394 3458 Multi,
3435 3395 3519 3448 in-

1926 3445 2138 3512 quiens,
2191 3454 2678 3524 pseudoprophetre
2727 3468 2979 3524 exierunt
3028 3475 3078 3526 in
3118 3483 3402 3544 mundum.
3461 3489 3513 3542 lu

1924 3538 2026 3590 hoc
2071 3545 2424 3609 cognoscitur
2469 3548 2709 3618 Spiritus
2759 3559 2871 3616 Dei.
2926 3564 3116 3624 Omnis
3149 3575 3376 3639 spiritus
3420 3584 3511 3650 qui

1921 3632 2211 3686 contitetur
2236 3635 2419 3694 Iesum
2451 3642 2725 3702 Christum
2766 3653 2817 3706 in
2845 3672 3011 3715 carne
3043 3666 3279 3734 venisse,
3306 3687 3370 3725 ex
3404 3674 3512 3728 Dm

1918 3731 2025 3777 est.
2075 3738 2094 3772 ›
2134 3725 2197 3778 lit
2238 3730 2419 3786 omnis
2461 3736 2684 3803 spiritus
2715 3746 2806 3813 qui
2841 3763 2947 3824 uon
2976 3755 3267 3813 confitetur
3292 3760 3506 3833 Iesum,

1917 3825 1983 3865 ex
2019 3813 2125 3868 Deo
2149 3833 2254 3873 non
2283 3829 2384 3875 est.
2417 3825 2596 3896 Atque
2625 3831 2726 3887 hoc
2762 3813 2945 3895 εειίΙε
2973 3845 3338 3915 Antechristo.
3363 3813 3507 3925 quod

1917 3904 2170 3973 audistis,
2205 3912 2462 3979 quoniam
2518 3921 2716 3984 veniet,
2756 3937 2807 3979 et
2843 3947 2985 3987 nunc
3028 3936 3142 4006 jam
3197 3942 3248 3996 in
3308 3904 3508 4002 tntindo

3329 4059 3506 4118 neque

1980 4189 2041 4246 Β.
2083 4193 2334 4254 Omnino.

1980 4282 2046 4334 Α.
2089 4283 2240 4350 Quod
2266 4303 2391 4345 vero
2415 4294 2506 4348 alii
2536 4312 2600 4352 ex
2630 4299 2892 4361 immensa
2923 4313 3156 4380 quadam
3181 4321 3499 4391 stupiditatu

2939 4371 2956 4380 -
3187 4371 3498 4391 *“’r"'"""'

1913 4371 2145 4430 Verbum
2181 4393 2244 4433 ex
2298 4378 2407 4437 Deo
2450 4389 2688 4456 genitum
2741 4401 2889 4453 nasci
2934 4418 3000 4457 ex
3049 4422 3236 4465 sancta
3277 4413 3498 4488 Virgine

1913 4465 2143 4488 ..ΑΙ--ξ--Α
2206 4480 2247 4488 --
2361 4483 2370 4488 Α

1909 4465 2166 4531 noluisse,
2197 4480 2252 4524 et
2286 4483 2532 4532 naturam
2561 4493 2802 4542 nostram
2850 4497 3144 4562 respuisse,
3191 4506 3285 4558 sed
3314 4465 3496 4576 po‘iius

1907 4567 2171 4613 mutatum
2207 4563 2381 4632 ipsum
2413 4567 2468 4623 in
2511 4587 2729 4631 carnem
2781 4589 3056 4640 terrenam
3104 4599 3487 4657 contendunt:

1908 4644 1959 4698 in
2016 4647 2439 4708 incarnationem
2505 4657 2602 4715 Dei
2657 4663 3149 4736 blasphemantium
3199 4683 3493 4757 divinaque

1905 4738 2130 4792 consilia
2165 4740 2589 4813 itnprobantium
2615 4766 2716 4811 est.
2750 4759 2974 4818 Creator
3004 4767 3146 4821 enim
3179 4773 3342 4830 totius
3370 4738 3491 4833 uiti—

1904 4829 2067 4891 versi,
2103 4839 2156 4884 et
2188 4831 2396 4904 largum
2427 4838 2482 4894 in
2527 4843 2952 4910 misericordiam
2999 4859 3089 4914 Dei
3125 4861 3356 4921 Verbum
3390 4886 3487 4926 ex-

1901 4915 2130 4973 iuanivit
2159 4922 2420 4991 seipsum,
2454 4927 2654 4989 factum
2678 4953 2776 5006 pro
2803 4944 2957 5001 nobis
2987 4949 3147 5005 homo
3177 4954 3241 5016 ¹⁵,
3273 4969 3490 5016 uatum-

1895 5023 2001 5079 que
2029 5026 2058 5066 e
2101 5016 2324 5073 muliere
2350 5021 2416 5086 ¹⁶,
2450 5034 2507 5078 ιιι
2537 5035 2998 5097 quemadmodum
3035 5050 3315 5117 sanguinis
3354 5069 3482 5124 par-

1897 5100 2087 5171 ticipes
2115 5106 2223 5161 sint
2258 5112 2408 5179 pueri
2437 5114 2501 5182 ¹⁷,
2536 5117 2640 5176 hoc
2673 5136 2759 5181 est
2798 5144 2917 5194 nos.
2947 5134 3017 5187 ita
3042 5100 3206 5192 etiaju
3233 5100 3485 5203 similiter

1894 5191 2008 5262 ipse
2045 5213 2231 5256 eorum
2261 5207 2534 5281 particeps
2571 5226 2749 5272 esset:
2778 5221 2944 5295 683
2980 5244 2998 5278 ι
3031 5227 3099 5284 Ut
3133 5246 3229 5299 per
3253 5250 3479 5295 mortem

1893 5286 2197 5348 destrueret
2233 5312 2354 5351 cum
2390 5303 2482 5369 qui
2529 5307 2762 5364 habebat
2792 5286 2993 5370 inertis
3029 5321 3339 5395 imperium,
3378 5331 3481 5388 hoc.

1891 5387 1972 5430 est
2029 5380 2339 5453 diabolum;
2390 5399 2444 5444 et
2493 5393 2686 5450 liberet
2746 5416 2839 5455 eos
2901 5407 2991 5474 qui
3049 5380 3242 5468 timore
3288 5380 3481 5475 niortis

1891 5484 1987 5537 per
2014 5483 2179 5527 totam
2213 5479 2373 5534 vitam
2415 5484 2633 5542 obnoxii
2665 5503 2822 5546 erant
2857 5500 3126 5554 servituti.
3165 5523 3183 5555 ι
3224 5505 3298 5562 lla
3332 5512 3477 5567 enim

1891 5561 1966 5615 ait
1993 5578 2148 5619 sacra
2196 5567 2475 5639 Scriptura
2525 5577 2589 5632 ⁸⁸.
2637 5581 2699 5634 lli
2737 5598 2864 5639 vero
2894 5591 3158 5658 optimum
3202 5597 3304 5653 hoc
3334 5617 3476 5669 pra:-

1889 5656 2396 5728 stantissimuntque
2423 5665 2513 5719 Dei
2549 5673 2854 5742 consilium,
2890 5689 3145 5751 tauquam
3171 5703 3360 5756 parum
3384 5695 3476 5748 κιρ-

1942 5851 1982 5880 ”
2008 5853 2236 5926 Philipp.
2275 5876 2332 5928 tt,
2367 5863 2416 5919 7.
2500 5867 2542 5898 ”
2567 5869 2741 5926 Galut.
2780 5890 2851 5940 tv,
2879 5878 2931 5932 4.
3013 5882 3054 5914 ιν
3089 5882 3250 5940 Hebr.
3289 5904 3350 5953 tt,
3389 5893 3472 5951 Η.
