4006 6450
527 434 665 493 1139
1497 425 1555 481 S.
1597 424 1865 482 CYRILLI
1907 423 2367 480 ALEXANDRINI
2408 422 2721 481 ARCHIEP.
3632 425 3760 479 Hild

529 571 655 610 rore
692 551 995 607 institutum
1018 547 1295 611 damnant,
1330 554 1382 601 et
1416 546 1635 616 perinde
1664 562 1725 600 ac
1761 547 1806 601 si
1835 546 1934 615 ipsi
1981 562 2089 599 me-

2199 547 2287 598 καὶ
2316 544 2542 618 ἀρίστης
2586 544 2782 614 βουλῆς
2827 555 2887 595 το
2939 544 3184 612 ἀπρεπὲς

532 648 662 699 liora
716 644 1024 711 excogitare
1071 639 1301 707 possint,
1352 638 1518 708 ipsius
1565 640 1840 708 sapientiae
1873 638 2086 694 decreta

530 738 851 805 improbant.
898 732 1081 803 Neque
1120 734 1264 787 enim
1314 746 1379 785 ex
1426 740 1578 797 partu
1619 730 1855 796 Virginis
1889 730 2088 783 editum

536 829 763 881 Verbum
795 825 1210 879 existimandum
1258 824 1477 878 eensent
1519 840 1533 875 :
1569 822 1661 876 sed
1706 824 1882 891 potius
1930 820 2088 875 Verbi

530 928 772 970 naturam
813 915 866 969 in
903 916 1076 970 debile
1115 916 1215 968 ltoc
1252 926 1447 980 corpus
1479 909 1913 964 translormatam
1949 923 2086 970 esse,

530 1018 581 1062 et
617 1007 963 1061 mutationem
997 1005 1352 1074 imaginantur
1377 1002 1493 1068 ejus
1524 1002 1576 1054 in
1609 1016 1763 1069 quem
1800 1000 1941 1054 nulla
1971 1016 2089 1052 mu-

530 1099 657 1152 tatio
679 1097 843 1154 cadit.
875 1096 1109 1151 Firmata
1138 1094 1281 1149 enim
1316 1102 1478 1161 atque
1506 1090 1737 1144 stabilita
1767 1100 1851 1145 est
1881 1090 1973 1143 Dei
2000 1106 2091 1142 na-

531 1198 645 1243 tura
680 1189 729 1242 in
760 1186 992 1256 propriis
1032 1186 1142 1241 suis
1182 1184 1355 1249 bonis,
1385 1193 1437 1236 et
1478 1181 1884 1235 iunnutabiliter
1908 1180 1963 1233 in
1995 1194 2093 1234 suo

528 1289 667 1335 statu
709 1287 1000 1349 permanet.
1045 1276 1239 1331 Natura
1273 1274 1415 1327 enim
1449 1280 1649 1336 creata,
1700 1285 1925 1341 quaeque
1960 1281 2093 1325 tem-

529 1385 656 1437 pore
684 1372 748 1425 ad
779 1384 897 1424 esse
933 1370 1172 1423 traducta
1218 1376 1324 1430 est,
1378 1364 1661 1419 mutationi
1707 1363 1937 1417 obnoxia
1986 1369 2090 1428 est,

529 1473 757 1529 vereque
790 1460 842 1513 id
869 1459 933 1511 de
954 1456 1215 1528 ejusmodi
1244 1470 1302 1510 re
1326 1453 1431 1508 dici
1454 1453 1643 1523 possit.
1670 1450 1801 1505 Nam
1836 1450 2092 1521 quidquid

526 1550 818 1607 exsistendi
848 1550 1165 1618 principium
1192 1546 1422 1615 accepit,
1445 1546 1492 1599 ei
1518 1546 1678 1599 etiam
1702 1544 2094 1613 quodammodo

525 1643 747 1697 insitum
776 1651 882 1707 est,
912 1650 969 1695 ιιι
1003 1638 1195 1692 mutari
1224 1638 1413 1708 possit.
1440 1637 1578 1691 Deus
1606 1649 1733 1689 vero
1763 1636 1852 1703 qui
1880 1650 2093 1690 oruuem

527 1737 849 1792 intellectum
894 1740 1129 1801 superat,
1168 1740 1221 1784 et
1251 1730 1621 1782 exsistentiam
1658 1728 1725 1782 ab
1769 1736 1887 1781 ortu
1934 1737 2093 1795 atque

525 1829 742 1882 interitu
766 1825 986 1880 liberam
1013 1822 1195 1886 liabet,
1213 1822 1359 1875 omni
1386 1821 1680 1873 mutatione
1706 1819 1951 1888 superior
1974 1829 2090 1882 est;

3242 544 3616 613 καθορίςουοι,
3670 550 3760 598 καὶ

2187 636 2377 708 ὥσπερ
2409 638 2529 690 ἐνὸν
2558 638 2743 700 αὐτοῖς
2776 636 3075 705 τὰὰμείνω
3104 639 3351 705 φρονεῖν,
3394 637 3488 687 καὶ
3525 638 3639 698 τοῖς
3665 636 3760 703 τῆς

2189 729 2377 797 σοφίας
2405 729 2696 799 ἐπιτιμῶσι
2728 727 3026 796 σκέμμασι.
3054 728 3142 793 Μὴ
3178 728 3287 794 γὰρ
3318 728 3381 795 δὴ
3422 726 3623 795 χρῆναι
3673 726 3761 778 λέ·-

2187 839 2373 889 γουσιν
2402 824 2565 875 ὠδῖνα
2596 824 2689 876 καὶ
2718 823 2872 874 τόκον
2897 821 2987 874 τὸν
3013 822 3077 873 ὲκ
3106 821 3361 888 γυναικδς
3392 822 3764 891 καταγράφειν

2189 915 2333 984 ἡμᾶς
2363 914 2455 966 τοῦ
2486 914 2840 981 Μονογενοῦς,
2875 912 3080 965 οἴεσθαι
3100 912 3156 963 δὲ
3183 911 3386 981 μᾶλλον
3410 914 3508 981 τὴν
3542 911 3633 964 τοῦ
3662 913 3763 966 Λόσ
3832 960 3841 964 -

2191 1022 2285 1071 γου
2317 1005 2477 1072 φύσιν
2507 1005 2587 1067 είς
2622 1006 2685 1056 τὸ
2729 1004 2927 1073 σαθρὸν
2968 1003 3030 1073 δὴ
3060 1002 3216 1055 τοῦτο
3251 1004 3765 1072 μετεστοιχειῶσθαι

2193 1093 2368 1162 σῶμα,
2408 1092 2499 1146 καὶ
2530 1091 2738 1163 τροπὴν
2760 1091 3123 1159 φαντάζονται
3152 1090 3244 1142 τοῦ
3270 1090 3477 1161 τροπὴν
3503 1092 3605 1143 οὐκ
3629 1091 3768 1143 εξδόο

2189 1201 2299 1247 τος.
2352 1185 2694 1254 Ἐρήρεισται
2729 1183 2836 1253 γὰρ
2864 1185 2896 1251 ἡ
2926 1181 3063 1234 Θεοῦ
3097 1182 3257 1250 φύσις
3313 1185 3371 1235 ὲν
3425 1182 3579 1237 ἰδίοις
3630 1184 3769 1249 ἀγα-

2192 1275 2337 1338 θοίς,
2411 1274 2507 1328 καὶ
2567 1274 2957 1327 ὰκατάσειστον
3023 1273 3136 1342 ἔχει
3200 1275 3299 1344 τὴν
3358 1273 3444 1342 ἐφ’
3515 1268 3599 1335 οἷς
3656 1275 3770 1325 ἐστι

2192 1365 2470 1435 διαμονήν.
2500 1365 2665 1427 Φύσις
2699 1364 2796 1433 μὲν
2830 1364 2992 1433 γὰρὴ
3031 1364 3255 1434 γενητὴ,
3288 1364 3383 1416 καὶ
3416 1364 3592 1434 χρόνῳ
3625 1382 3773 1435 παρ-

2192 1454 2468 1525 ενεχθείσα
2491 1454 2625 1525 πρὸς
2650 1454 2900 1525 ὓπαρξιν,
2924 1452 3085 1505 πάθοι
3121 1454 3186 1505 ἂν
3216 1454 3311 1523 τὴν
3344 1452 3654 1515 ἀλλοίωσιν,
3679 1453 3772 1504 καὶ

2192 1545 2291 1597 οὐκ
2332 1544 2437 1610 ἔξω
2492 1544 2654 1612 λόγου
2692 1543 2788 1596 τοῦ
2823 1542 3154 1611 καθήκοντος
3184 1560 3245 1595 τε
3291 1544 3386 1595 καὶ
3428 1542 3665 1613 ἀληθοῦς
3712 1544 3774 1594 τὸ

2194 1634 2382 1705 χρῆμα
2410 1635 2669 1688 κείσεται.
2704 1634 2776 1688 Τὸ
2802 1636 2908 1705 γὰρ
2937 1633 3107 1704 ἀρχὴν
3137 1635 3272 1697 ὅλως
3296 1634 3391 1687 τοῦ
3415 1629 3556 1687 εἶναι
3586 1634 3773 1703 λαχὸν,

2192 1727 2355 1779 οἱονεί
2391 1743 2507 1790 πως
2539 1725 2636 1796 ἥδη
2663 1727 2757 1779 καὶ
2790 1725 3231 1794 συνεσπαρμένον
3266 1725 3379 1795 ἔχει
3427 1725 3488 1776 τὸ
3522 1723 3775 1777 ἀλλοιοῦ-

2198 1818 2321 1869 σθαι
2358 1817 2488 1870 δεῖν.
2522 1817 2653 1879 Θεὸς
2679 1816 2737 1869 δὲ
2770 1818 2798 1869 6
2825 1816 3027 1879 παντὸς
3053 1816 3310 1869 ἐπέκεινα
3346 1815 3467 1879 νοῦ,
3503 1818 3777 1882 γενέσεως

524 1927 598 1982 et,
628 1916 794 1973 veluti
826 1914 1053 1984 propriae
1080 1927 1189 1968 sua:
1221 1923 1425 1966 natura:
1470 1911 1677 1965 ratione
1704 1910 1883 1965 Omnia
1913 1919 2093 1964 creata

2199 1911 2292 1962 xui.
2340 1909 2545 1982 φθορᾷς
2598 1910 2696 1979 τὴν
2733 1909 2963 1981 ὕπαρξιν
3020 1911 3157 1979 ἔχων
3191 1906 3539 1979 ὲξῃρημένην
3582 1924 3641 1959 τε
3680 1905 3780 1960 καὶ

526 2009 682 2075 longe
736 2004 969 2070 excedit,
1026 2012 1081 2056 et
1144 2003 1358 2071 quidem
1424 2000 1915 2070 incomparabiliter
1962 2016 1976 2055 :
2024 2002 2092 2055 ita

524 2097 689 2153 etiam
724 2097 778 2150 in
816 2096 883 2150 iis
917 2108 1035 2163 quae
1063 2092 1329 2147 creaturis
1367 2093 1463 2147 abs
1491 2105 1549 2145 se
1579 2089 1813 2143 conditis
1850 2090 2096 2145 accidere

525 2188 717 2253 solent,
750 2186 905 2253 longe
960 2182 1256 2248 antecellit;
1293 2182 1531 2250 nullique
1574 2179 1651 2235 rei
1689 2194 1806 2247 qua:
1837 2180 2090 2234 damnum

525 2278 725 2335 inferre
775 2275 941 2345 possit
986 2274 1252 2328 obnoxius
1300 2282 1400 2327 est.
1452 2271 1675 2326 Deitatis
1727 2271 1906 2340 itaque
1954 2270 2092 2325 bona

523 2381 649 2426 sunt
696 2368 846 2422 ﬁrma
890 2379 953 2419 ac
1007 2364 1238 2419 stabilia.
1278 2364 1659 2418 Creaturarum
1716 2379 1863 2429 vero,
1898 2364 2094 2417 altera-

524 2460 760 2517 tionibus
810 2457 1303 2525 mutationibusque
1349 2456 1608 2524 subjecta,
1658 2465 1711 2509 et
1761 2454 2092 2520 corruptioni

523 2554 720 2608 vicina.
747 2549 897 2616 Quod
938 2548 1150 2616 quidem
1192 2549 1392 2614 optime
1427 2546 1732 2616 intelligens
1766 2547 2092 2599 rectissime-

524 2657 627 2713 que
647 2655 827 2697 secum
846 2640 1117 2693 aestimans
1140 2638 1395 2706 praplteta
1418 2634 1699 2699 Jeremias,
1727 2636 1798 2688 ita
1831 2636 1894 2688 ad
1928 2634 2093 2688 Deum

524 2733 827 2789 exclamat:
862 2730 941 2784 Tu
989 2729 1206 2797 quidem
1250 2726 1490 2781 insidens
1521 2726 1774 2779 saeculum
1808 2745 1819 2779 :
1860 2740 1957 2780 nos
2001 2741 2094 2778 au-

532 2835 634 2879 tem
662 2824 945 2892 perdentes
980 2819 1255 2875 smeulum.
1305 2814 1467 2870 Sedet
1511 2816 1652 2869 enim
1691 2815 1851 2868 veluti
1884 2815 1936 2867 in
1970 2830 2096 2883 prn-

527 2916 654 2985 priis
683 2917 899 2970 sedibus
920 2929 1129 2981 semper
1155 2911 1314 2975 Deus,
1340 2910 1621 2963 dominans
1642 2916 1801 2975 atque
1826 2907 2098 2976 imperans

525 3007 795 3071 omnibus,
830 3005 1078 3073 nullaque
1115 3002 1326 3056 aliectio
1357 3001 1408 3053 in
1439 3015 1559 3054 eum
1595 2998 1877 3069 imperium
1916 2999 2094 3051 habet.

524 3096 634 3153 Nos
663 3112 787 3152 vero
818 3112 939 3150 cum
977 3106 1162 3149 natura
1204 3093 1408 3161 νῖκαίιί
1440 3095 1610 3146 simus
1656 3106 1815 3160 quam
1865 3090 2097 3143 maxime

527 3188 594 3241 ad
638 3185 1011 3241 alterationem
1055 3183 1515 3248 mutationemque
1550 3179 1789 3249 proclivi,
1822 3179 2094 3247 perdimus

527 3276 799 3339 saeculum,
836 3276 935 3329 hoc
963 3281 1066 3337 est,
1117 3274 1166 3325 in
1214 3271 1402 3340 quovis
1444 3282 1684 3339 tempore
1717 3270 2116 3353 corruptibiles‘

528 3368 917 3434 mutabilesque
940 3378 1146 3417 sumus.
1203 3361 1384 3416 Deitas
1430 3362 1611 3430 itaque
1662 3361 1808 3413 nullo
1859 3374 2091 3429 unquam

532 3472 767 3529 tempore
813 3457 1006 3511 mutari
1042 3466 1237 3525 potest,
1274 3470 1451 3523 neque
1477 3455 1580 3506 ulla
1626 3452 1907 3507 aﬂ‘ectioue
1939 3470 1968 3505 a
2000 3469 2093 3507 sua

531 3550 783 3604 ﬁrmitate
810 3548 1066 3629 dimoveri
1086 3565 1099 3610 ;
1122 3562 1151 3601 e
1172 3544 1447 3599 contrario
1466 3544 1835 3613 corruptibilis
1863 3545 2094 3598 mutabi-

534 3643 722 3709 lisque,
770 3643 869 3694 ltoc
915 3649 1017 3702 est,
1054 3646 1233 3691 creata
1273 3645 1488 3700 natura,
1539 3636 1811 3690 cssenuali
1848 3637 2093 3690 immuta-

534 3736 738 3787 bilitate
761 3732 978 3801 pranlita
1003 3743 1124 3784 esse
1146 3746 1250 3784 non
1274 3738 1466 3799 potest,
1485 3742 1657 3796 neque
1680 3729 1873 3782 divinae
1895 3740 2097 3781 natura:

532 3827 793 3879 bonorum
824 3821 1159 3891 possessione
1186 3819 1425 3890 gloriari.
1455 3819 1645 3874 Audiet
1678 3819 1820 3892 enim
1856 3819 2050 3872 merito
2079 3836 2093 3871 :

529 3911 696 3985 684
737 3910 917 3977 «Quid
966 3911 1107 3964 enim
1156 3910 1356 3973 habes,
1404 3910 1545 3980 quod
1601 3924 1706 3962 non
1761 3909 2090 3978 accepisti?»

531 4005 681 4071 Quod
718 4017 844 4057 vero
879 4002 1227 4057 immutabilis
1279 4002 1498 4056 omnino
1556 4002 1629 4055 sit
1676 3998 1833 4054 Verbi
1872 4012 2094 4063 natura,

537 4095 807 4151 mutabilis
846 4107 1019 4148 autem
1066 4107 1287 4164 prorsus
1333 4102 1535 4155 creata,
1574 4092 1827 4147 facillime
1867 4094 1985 4160 quis
2018 4092 2099 4146 iu-

538 4190 741 4259 telligat
783 4203 813 4243 e
851 4187 1046 4240 Datide
1089 4187 1139 4239 in
1187 4186 1374 4256 spiritu
1420 4198 1648 4240 canente
1692 4203 1705 4239 :
1750 4203 1768 4235 ι
1798 4184 1928 4240 Caeli
1975 4199 2097 4253 per-

532 4281 706 4343 ibunt,
758 4288 813 4332 tu
852 4289 1029 4331 autem
1083 4277 1445 4346 permanebis,
1480 4286 1536 4331 et
1580 4291 1768 4331 omnes
1821 4284 1878 4329 ut
1932 4278 2099 4331 vesti-

532 4382 771 4425 mentum
823 4379 1161 4423 veterasceut
1216 4384 1229 4420 :
1280 4378 1332 4420 et
1388 4368 1529 4421 sicut
1580 4368 1907 4436 opertorium
1976 4384 2095 4420 tttn-

534 4462 671 4513 tabis
698 4475 814 4526 eos,
848 4470 901 4513 et
945 4459 1312 4512 mutabuntur.
1350 4457 1427 4511 Tu
1467 4466 1643 4511 autem
1697 4458 1836 4511 idem
1876 4460 1988 4525 ipse
2016 4473 2094 4521 es,

2198 2002 2615 2074 ὑπερίσχουσαν,
2649 2003 2886 2072 ἀμείνων
2916 2004 3064 2054 ἔσται
3086 2004 3179 2055 καὶ
3203 2002 3431 2071 τροπῆς,
3463 2000 3561 2053 καὶ
3585 1999 3779 2070 ὥσπερ

2194 2093 2271 2162 τῷ
2313 2093 2412 2163 τῆς
2464 2094 2595 2157 ἰδίας
2626 2093 2838 2162 φύσεως
2894 2094 3058 2164 λόγῳ,
3106 2093 3305 2156 παντὸς
3349 2087 3637 2163 οἶμαί-που
3677 2091 3779 2145 τοῦ

2194 2183 2535 2254 κεκλημένου
2558 2184 2693 2253 πρὸς
2724 2186 2936 2253 γένεσιν
2959 2183 3378 2255 ὑπερανέστηκε
3407 2182 3503 2236 καὶ
3533 2184 3781 2255 ὑπερφέ-

2197 2292 2371 2345 ρεται,
2404 2274 2498 2328 καὶ
2532 2273 2688 2327 τοῦτο
2730 2274 3083 2343 ὰσυγκρίτοις
3134 2274 3450 2343 διαφοραῖς,
3495 2274 3640 2328 οὕτω
3671 2279 3781 2330 κὰν

2192 2368 2304 2429 τοῖς
2355 2366 2571 2419 εἰωθόσι
2619 2366 2942 2435 συμϐαίνειν
2996 2368 3108 2428 τοῖς
3143 2364 3209 2417 δι’
3263 2364 3429 2417 αὑτοῦ
3484 2367 3777 2434 γεγονόσι,

2194 2457 2613 2528 ὑπερανεστήξει
2644 2456 2806 2511 πάλιν
2826 2496 2842 2522 ,
2875 2457 3068 2509 παθεῖν
3094 2457 3192 2509 οὐκ
3230 2454 3388 2519 είδως
3429 2457 3493 2509 τὸ
3530 2461 3780 2525 πεφυκὸς

2194 2549 2418 2603 ἀδικεῖν.
2450 2547 2682 2613 Οὐκοῦν,
2723 2549 2780 2601 ἐν
2806 2547 3029 2617 ἀγαθοῖς
3058 2548 3155 2618 μὲν
3180 2547 3239 2600 τὸ
3263 2546 3406 2600 θεῖον
3434 2548 3775 2618 ἀμεταπτώ-

2193 2655 2303 2701 tot;
2339 2638 2474 2692 ἐστί.
2499 2638 2647 2691 Τὰδέ
2676 2657 2739 2707 γε
2762 2640 2860 2709 τῆς
2890 2639 3141 2701 κτίσεως,
3165 2640 3221 2691 ὲν
3244 2639 3528 2693 ἀλλοιώσει
3550 2643 3642 2694 καὶ
3658 2659 3776 2713 τρο-

2196 2733 2345 2792 παῖς,
2374 2731 2665 2801 ἀγχίθυρον
2696 2732 2886 2801 ἔχοντα
2907 2732 3004 2802 τὴν
3039 2733 3420 2803 παραφθορὰν.
3472 2736 3585 2788 Καὶ
3616 2736 3778 2791 τοῦτο

2196 2820 2476 2890 γινώσκων
2505 2817 2562 2875 εὗ
2590 2821 2759 2890 μάλα,
2785 2824 2880 2875 καὶ
2902 2823 2977 2887 ὡς
3003 2823 3198 2894 ἄριστα
3232 2825 3537 2893 φιλοσόφων
3569 2830 3599 2881 6
3644 2846 3780 2899 προ-

2199 2914 2374 2984 φήτης
2391 2913 2656 2984 Ἱερεμίας
2681 2913 2945 2982 ἀνεφώνει
2968 2915 3101 2984 πρὸς
3122 2915 3272 2978 Θεὸν,
3290 2918 3371 2968 ὅτι
3389 2937 3407 2967 ‹
3431 2919 3501 2970 Σὺ
3526 2920 3780 2990 καθήμεο

2198 3020 2284 3065 νος
2328 3004 2418 3055 τὸν
2450 3002 2642 3067 αἰῶνα,
2677 3004 2773 3056 καὶ
2801 3006 2958 3073 ἡμεῖς
2990 3004 3349 3075 ἀπολλύμενοι
3387 3007 3478 3061 τὸν
3505 3008 3713 3062 αἰῶνα·
3754 3029 3774 3065 ι

2197 3093 2503 3147 καθεδεῖται
2531 3095 2639 3165 γὰρ
2669 3093 2856 3166 ὥσπερ
2879 3096 2938 3148 ἐν
2970 3095 3120 3158 ἰδίοις
3159 3096 3344 3158 θάκοις
3375 3097 3437 3150 τὸ
3473 3098 3617 3153 θεῖον
3666 3101 3778 3163 ἀεὶ,

2200 3185 2481 3254 βασιλεῦον
2514 3185 2607 3236 καὶ
2638 3186 3147 3257 κατακρατοῦνέτῶν
3173 3189 3329 3250 ὅλων,
3358 3190 3452 3242 καὶ
3487 3190 3593 3243 ὑπὸ
3647 3194 3779 3262 μηδ-

2197 3275 2311 3338 ενὸς
2346 3276 2450 3327 τῶν
2471 3276 2657 3328 παθῶν
2689 3275 3135 3345 τυραννούμενον.
3193 3278 3377 3345 Ἡμεῖς
3406 3279 3462 3331 δὲ
3493 3280 3593 3349 τὴν
3618 3282 3781 3350 φύσιν

2200 3368 2607 3439 εὑτροχωτὰτην
2648 3384 2706 3420 τε
2738 3368 2832 3420 καὶ
2869 3368 3253 3438 εὐπαρέιεξορον
3286 3374 3480 3443 κομιδῇ
3520 3374 3656 3443 πρὸς
3688 3375 3782 3428 ἀλ-

2200 3456 2413 3511 λοίωσιν
2440 3458 2652 3528 ἔχοντες
2683 3460 2777 3511 καὶ
2810 3461 3037 3530 τροπὴν,
3065 3461 3416 3530 ἀπολλύμεθα
3446 3464 3539 3515 τὸν
3585 3467 3779 3531 αἰῶνα,

2201 3551 2478 3602 τουτέστιν
2506 3592 2517 3614 ,
2550 3553 2607 3602 ὲν
2641 3551 2803 3604 παντὶ
2851 3550 3027 3620 καιρῷ
3072 3552 3164 3603 καὶ
3215 3554 3411 3623 χρόνῳ,
3448 3554 3681 3627 φθαρτοί
3722 3559 3785 3613 τι

2204 3641 2368 3709 ἐσμεν
2392 3642 2485 3693 καὶ
2511 3641 2752 3712 τρεπτοί.
2783 3640 2909 3693 Οὕτ*
2930 3638 3022 3694 οὖν
3050 3640 3109 3693 τὸ
3140 3640 3280 3695 θεῖον
3309 3645 3367 3695 ἐν
3394 3651 3780 3714 παρετροπαίς

2202 3732 2394 3799 γένοιτ’
2419 3732 2484 3785 ἄν
2510 3748 2637 3785 ποτε
2680 3734 2779 3801 τῆς
2831 3733 2966 3794 ίδίας
3010 3734 3350 3804 ὲδραιότητος
3397 3715 3637 3799 senatus»,
3671 3740 3776 3793 ὑπό

2201 3836 2294 3872 του
2333 3819 2441 3872 τῶν
2493 3818 2699 3884 παθῶν,
2734 3818 2844 3871 οὔτ’
2877 3821 2942 3871 ἂν
2990 3821 3024 3889 ή
3072 3818 3285 3890 φθαρτή
3320 3836 3375 3872 τε
3404 3824 3497 3873 καὶ
3539 3810 3784 3877 ἀλλοιου-

2208 3912 2343 3980 μένη
2364 3950 2379 3972 ,
2413 3910 2692 3964 τουτέστιν
2741 3911 2774 3979 ἡ
2806 3910 3029 3980 γενητὴ,
3071 3911 3567 3983 καταπλουτήσειεν
3604 3915 3668 3967 ἂν
3693 3916 3784 3968 οὑ-

2207 3999 2371 4070 σιὼδη
2421 4001 2520 4072 τὴν
2566 4000 2849 4069 ἁτρεψίαν,
2902 3999 3101 4054 ουδ’ἂν
3153 4004 3484 4072 ἐπαυχήσειε
3533 4008 3648 4069 τοῖς
3686 4009 3783 4077 τῆς

2206 4091 2355 4154 θείας
2390 4091 2601 4160 φύσεως
2633 4092 2855 4159 ἀγαθοῖς
2882 4091 2955 4155 ὼς
2979 4092 3129 4155 ἰδίοις
3155 4093 3187 4162 ή
3220 4093 3418 4156 κτίσις.
3463 4096 3782 4150 Ἀκούσεται

2204 4185 2312 4254 γὰρ
2338 4183 2597 4252 εὐλόγως·
2638 4200 2656 4234 ι
2698 4182 2761 4234 Τί
2795 4183 2903 4253 γὰρ
2932 4183 3098 4253 ἔχεις,
3129 4183 3158 4235 6
3201 4185 3302 4237 οὐκ
3335 4185 3563 4252 ἔλαϐες
3602 4208 3622 4239 ι
3662 4189 3781 4242 ’Ὁτι

2203 4276 2257 4328 δέ
2290 4278 2435 4327 ἐστιν
2475 4274 2743 4344 ἄτρεπτος
2785 4273 2883 4343 μὲν
2913 4273 3007 4325 καὶ
3043 4272 3398 4338 ἀναλλοίωτος
3429 4279 3711 4343 τιξιιντελιῖ,ι;⁵
3747 4282 3781 4351 ἡ

2204 4368 2296 4420 τοῦ
2349 4368 2506 4434 λόγου
2547 4366 2728 4437 φύσις,
2782 4364 3047 4435 ἁλλοιωτὴ
3079 4365 3135 4417 δὲ
3164 4366 3441 4430 παντελῶς
3489 4370 3522 4438 ὴ
3559 4372 3780 4441 γενητὴ,

2205 4459 2547 4531 καταθρήσαι
2578 4476 2660 4523 τις
2698 4458 2763 4511 ἂν
2799 4458 2892 4510 καὶ
2931 4457 3047 4509 λίαν
3070 4457 3325 4521 εὐκόλως,
3374 4460 3783 4532 ἀναμελῳδοῦν-

532 4562 583 4605 et
633 4553 756 4604 anui
810 4552 882 4603 tui
946 4566 1051 4623 non
1101 4548 1443 4603 deﬁcient".
1480 4567 1499 4601 ι
1537 4547 1635 4603 Ubi
1691 4549 1851 4619 igitur
1904 4550 2093 4603 mansit

2206 4568 2292 4613 τος
2330 4553 2387 4604 ὲν
2428 4551 2702 4620 Πνεύματι
2736 4547 2830 4601 τοῦ
2866 4548 3135 4619 μακαρίου
3172 4548 3363 4602 Δαὸίδ·
3404 4569 3423 4599 ι
3464 4552 3527 4602 Οί
3566 4555 3782 4624 οὐρανοὶ

535 4642 766 4697 Verbum
822 4643 934 4705 Dei,
976 4643 1018 4695 si
1068 4656 1195 4696 rere
1242 4640 1461 4709 dicitur,
1506 4641 1652 4709 quod
1710 4641 1949 4709 deposita
2000 4656 2096 4695 sua

533 4736 789 4789 tirmitate
838 4744 996 4800 atque
1042 4732 1363 4795 stabilitate,
1413 4734 1478 4787 ad
1530 4734 1581 4788 id
1630 4733 1769 4803 quod
1835 4748 1938 4786 non
1982 4744 2099 4788 erat

536 4829 811 4881 traductus
846 4838 946 4891 est,
1003 4827 1519 4896 transformatusque
1553 4836 1634 4881 est
1684 4828 1735 4882 in
1784 4828 1964 4881 carnis
2000 4842 2098 4880 na-

536 4927 730 4985 turam,
768 4926 822 4972 ct
860 4928 1055 4971 statum
1099 4917 1542 4986 corruptibiletu?
1582 4920 1733 4972 Anne
1772 4920 1949 4988 potius
2001 4919 2101 4972 hoc

533 5010 779 5064 delirium
812 5024 971 5079 atque
995 5011 1200 5065 insania
1231 5011 1356 5065 est?

2203 4642 2544 4707 ἀπολοῦνται,
2585 4643 2648 4695 σὺ
2672 4641 2728 4695 δὲ
2759 4640 3053 4709 διαμενεῖς,
3093 4640 3186 4693 καὶ
3218 4640 3419 4704 πάντες
3457 4643 3535 4705 ὼς
3570 4645 3783 4713 ἱμάτιον

2203 4735 2703 4805 παλαιωθήσονται,
2748 4733 2842 4786 καὶ
2884 4734 3015 4785 ὡσεὶ
3068 4732 3412 4803 περιϐόλαιον
3448 4734 3646 4801 ἑλίξεις
3684 4738 3783 4788 αὖ·

2202 4829 2349 4892 τοὺς,
2375 4829 2467 4879 καὶ
2489 4825 2906 4895 ἀλλαγήσονται.
2943 4823 3015 4877 Σὺ
3042 4824 3095 4876 δὲ
3127 4827 3155 4877 6
3181 4824 3342 4887 αὐτὸς
3369 4820 3438 4887 εἷ,
3469 4827 3566 4877 καί
3596 4830 3663 4880 τὰ
3688 4828 3782 4899 ἔτη

2206 4937 2298 4973 σου
2336 4921 2435 4973 οὐκ
2478 4917 2807 4986 ὲκλείψουσι.
2845 4935 2863 4969 ι
2902 4916 3008 4969 Ποῦ
3044 4916 3333 4988 τοιγαροῦν
3393 4919 3707 4989 μεμένηκεν
3756 4923 3785 4973 ὁ

2206 5013 2368 5074 αὐτὸς
2392 5014 2419 5062 6
2451 5014 2513 5063 ἐκ
2547 5009 2680 5063 Θεοῦ
2720 5010 2913 5079 Λόγος,
2946 5009 3103 5080 εἴπερ
3134 5010 3279 5062 ἐστὶν
3320 5010 3548 5079 ἀτρεκὲς
3576 5013 3781 5076 εἰπεῖν,

531 5116 613 5168 ὅτι
653 5108 832 5179 μεθεὶς
870 5110 924 5161 τὸ
945 5110 1345 5181 ἐρηρεισμένως
1397 5126 1457 5163 τε
1517 5109 1609 5162 καὶ
1635 5110 1938 5180 ἁκλονήτως
1970 5108 2134 5179 ἔχειν,
2172 5108 2608 5179 καταπεφοίτηκε
2671 5107 2771 5177 μὲν
2820 5107 2899 5168 είς
2938 5106 3074 5175 ὅπερ
3099 5105 3197 5156 οὐκ
3222 5100 3308 5173 ἦν,
3348 5107 3785 5173 μεταπεποίηται

531 5204 587 5255 δὲ
614 5202 707 5254 καὶ
743 5202 821 5263 εἰς
853 5202 1051 5271 σαρκὸς
1092 5200 1271 5271 φύσιν,
1308 5202 1400 5255 καὶ
1464 5202 1544 5265 είς
1606 5200 1665 5255 τὸ
1709 5200 2023 5272 φθείρεσθαι
2087 5201 2362 5271 πεφυκός
2395 5195 2520 5271 'Ap‘
2562 5194 2654 5253 οὖν
2697 5198 2818 5269 οὐχ).
2866 5198 3031 5269 λῆρός
3102 5212 3161 5249 τε
3197 5195 3291 5247 καὶ
3334 5194 3435 5265 ἥδη
3487 5197 3585 5249 καὶ
3616 5200 3786 5265 μανία

532 5293 719 5361 ταυτί;

603 5387 663 5439 Β.
708 5388 797 5441 Est
829 5399 991 5441 certe.

602 5477 667 5531 Α.
712 5476 914 5531 Licebit
939 5479 1079 5531 enitn
1113 5494 1225 5546 part
1259 5479 1559 5534 temeritate
1590 5479 1789 5546 dicere,
1817 5483 1957 5551 quod
1989 5496 2093 5536 non

537 5579 618 5619 tLal
658 5568 1098 5635 dissentaneum,
1152 5581 1416 5625 terrenam
1465 5586 1678 5641 quoque
1728 5584 1971 5627 naturam
2031 5574 2095 5628 ad

543 5657 759 5713 Deitatis
790 5666 1032 5712 naturam
1056 5664 1417 5719 conscendere
1450 5679 1627 5734 posse,
1654 5676 1813 5737 atque
1856 5667 1905 5721 in
1936 5682 2094 5722 uuam

611 5831 653 5863 “
680 5830 821 5887 Psal.
850 5847 923 5902 et,
948 5833 1036 5899 ‘27,
1074 5835 1163 5892 28.

2275 5389 2336 5443 Β.
2366 5388 2517 5442 Πάνυ
2542 5386 2639 5458 μὲν
2668 5383 2781 5441 οὖν.

2273 5482 2338 5535 Α.
2372 5480 2513 5549 Ὥρα
2530 5478 2639 5550 γὰρ
2668 5480 2839 5531 εἰπεῖν
2864 5479 2981 5538 ταῖς
3004 5474 3228 5529 ἐκείνων
3259 5477 3523 5546 ἀμαθίαις
3555 5478 3783 5531 ἀντιτεί-

2204 5590 2393 5636 νοντας
2411 5572 2800 5643 ἁμαθέστερον,
2831 5570 2905 5630 ὡς
2947 5570 3092 5621 ἐστιν
3124 5569 3222 5622 οὐκ
3259 5571 3485 5633 ἀπεικὸς
3509 5610 3524 5633 ,
3562 5571 3657 5625 καὶ
3685 5568 3781 5639 τὴν

2204 5665 2309 5719 ἀπὸ
2334 5664 2438 5736 γῆς
2461 5663 2640 5735 σάρκα
2660 5662 2794 5734 πρὸς
2821 5660 2917 5731 τὴν
2943 5662 3039 5731 τῆς
3068 5659 3328 5730 Θεὸτητος
3365 5660 3529 5730 φύσιν
3559 5662 3779 5731 ἀναφαι-
