4006 6456
282 416 419 477 130i

1402 415 1492 475 DE
1522 413 2054 474 ‘INCARNATIONE
2096 416 2473 476 UNIGENITL

3455 416 3596 474 {209.

272 535 381 605 τᾷν
412 530 675 587 δύνασθαί
709 551 863 601 ποτε,
901 535 996 588 καὶ
1026 534 1120 607 τῆς
1160 535 1426 590 ἀνωτάτω
1448 534 1660 589 -πασῶν
1697 534 1889 599 οὐσίας

2013 553 2115 591 tum
2157 552 2413 613 suprema
2454 551 2698 592 omnium
2731 535 2969 592 essentia
3009 534 3463 593 constitutionem
3497 551 3595 593 ve-

274 624 539 691 γενέσθαι
566 623 849 679 σύστασιν.
886 627 946 679 Ei
985 627 1096 697 γὰρ
1125 625 1267 697 αὑτὴ
1295 626 1398 697 τῆς
1426 625 1691 697 θεότητος»
1717 626 1751 696 ἡ
1784 624 1887 695 φύ-

274 733 389 780 σις,
420 716 563 770 κατά
594 732 659 785 γε
684 718 787 789 τὴν
812 717 1037 773 ἐκείνων
1084 718 1511 791 ἐμϐροντησίαν,
1543 718 1626 779 είς
1654 718 1754 789 τὴν
1787 719 1888 788 τῆς
1930 725 1935 730 “

275 809 490 880 σαρκὸς
513 808 945 882 μετακεχώρηκε
981 811 1165 880 φύσιν,
1212 811 1364 864 οὐδὲν
1392 810 1456 864 τὸ
1484 812 1753 881 ἀπεῖργον
1782 807 1886 875 ἔτι,

275 900 381 971 τὴν
413 902 513 972 μὲν
548 901 701 955 κάτω
728 919 790 955 τε
818 903 914 956 καὶ
947 903 1085 957 ίδίαν
1114 902 1279 971 φύσιν
1303 944 1317 968 ,
1351 902 1771 974 ὑπερπέτασθαι
1790 900 1889 972 τὴν

278 992 488 1064 σάρκα,
523 993 999 1063 μεταπλάττεσθαι
1022 994 1080 1049 δὲ
1104 995 1241 1063 πρὸς
1276 994 1527 1067 θεότητα,
1563 994 1658 1048 καὶ
1687 996 1767 1058 είς
1801 994 1892 1047 οὐ·

278 1083 409 1138 σίαν
432 1085 535 1157 τὴν
573 1085 861 1144 ἀνωτάτω.
900 1086 1042 1141 Ἀλλ’
1072 1088 1136 1142 οὐ
1164 1090 1287 1152 ταῖς
1315 1088 1545 1142 ἐκείνων
1575 1087 1892 1150 ἀσυνεσίαις

275 1176 346 1230 τὸ
389 1176 648 1243 εὐπειθὲς
690 1178 1071 1251 χαριούμεθα·
1103 1178 1550 1253 προσκεισόμεθα
1593 1178 1650 1233 δὲ
1687 1178 1892 1250 μᾶλλον

277 1272 407 1335 ταῖς
438 1269 615 1335 θείαις
666 1272 938 1343 Γραφαῖς,
987 1274 1083 1327 καὶ
1136 1274 1426 1345 προφήτου
1459 1274 1561 1345 μὲν
1590 1273 1843 1341 λέγοντος
1872 1287 1888 1302 ⁶

287 1378 308 1410 ι
349 1359 483 1413 Ἰδοὺ
531 1361 565 1429 ὴ
600 1360 882 1431 Παρθένος
913 1362 971 1415 ὲν
998 1362 1202 1434 γαστρὶ
1240 1362 1475 1434 λήψεται
1504 1405 1517 1428 ,
1553 1364 1647 1418 καὶ
1676 1363 1893 1431 τέξεται

282 1447 443 1509 Υίὸν,
477 1448 573 1501 καὶ
613 1449 870 1514 καλέσεις
913 1450 974 1503 τὸ
1027 1450 1201 1522 ϐνομα
1240 1449 1409 1505 αὐτοῦ
1454 1451 1828 1524 Ἐμμανουήλ·
1868 1470 1886 1503 ι

282 1539 839 1612 κατασφραγίζοντος
883 1540 1063 1614 δὲτὴν
1096 1543 1558 1617 προαναφωνησιν
1592 1543 1689 1597 τοῦ
1717 1561 1896 1615 μακα-

284 1636 411 1706 ρίου
435 1634 682 1706 Γαϐριὴλ
704 1676 720 1701 ,
774 1635 871 1689 καὶ
917 1638 1017 1706 τὴν
1065 1636 1273 1691 ἄνωθεν
1303 1637 1486 1709 ψῆφον
1519 1640 1586 1710 τῇ
1624 1637 1894 1710 Παρθένῳ

281 1726 743 1799 διερμηνεύοντος
768 1745 782 1757 ο
817 1746 836 1780 ι
867 1727 959 1798 Μὴ
992 1727 1165 1799 φοϐοῦ
1200 1728 1332 1800 γὰρ,
1365 1730 1494 1799 ἔφη,
1522 1730 1777 1801 Μαριὰμ,
1810 1732 1895 1786 ὅτι

1990 630 2132 686 nire.
2165 628 2222 686 Si
2255 644 2492 699 namque
2522 628 2635 699 ipsa
2676 628 2980 687 divinitatis
3013 638 3209 689 natura
3241 628 3432 700 (juxta
3473 628 3596 687 illo-

1993 741 2111 780 rum
2159 723 2617 796 deliramenlum)
2674 724 2727 780 in
2780 724 2964 781 carnis
3018 731 3273 785 naturam
3316 723 3597 793 transivit,

1992 817 2126 873 nihil
2148 816 2426 873 obstiterit
2452 817 2749 887 quominus
2778 814 3011 873 inferior
3035 816 3151 871 hac
3179 824 3371 871 nostra
3402 824 3599 869 natura

1993 911 2265 968 transiliat
2294 926 2542 977 carnem,
2567 919 2619 966 et
2670 911 2725 965 in
2774 909 3045 966 Deitatem
3091 917 3255 979 atque
3285 922 3598 979 supremam

1995 1005 2141 1059 illaut
2169 1006 2465 1061 essentiam
2506 1002 2947 1060 transformetur.
2987 1004 3058 1057 At
3100 1016 3200 1057 nos
3247 1001 3461 1057 illorum
3512 998 3597 1055 iu-

1993 1097 2157 1167 eptiis
2188 1096 2348 1153 ﬁdem
2375 1111 2712 1168 nequaquam
2744 1093 3127 1152 adhibebimus
3146 1112 3159 1149 :
3179 1093 3275 1150 sed
3312 1092 3493 1164 potius
3518 1092 3601 1148 di-

1994 1191 2139 1246 vinis
2184 1190 2487 1261 Scripturis
2532 1190 2969 1260 scquiescemus,
2999 1188 3266 1261 propheta
3298 1185 3464 1242 etiam
3512 1184 3601 1239 di-

1995 1293 2154 1337 cente
2196 1301 2208 1336 :
2258 1301 2276 1335 ι
2305 1283 2445 1338 Eeee
2478 1280 2638 1350 Virgo
2686 1280 2739 1336 in
2776 1292 2934 1336 utero
2980 1277 3276 1348 concipiet,
3320 1286 3377 1334 et
3426 1276 3605 1347 pariet

1997 1372 2218 1436 Filium,
2246 1383 2303 1429 et
2332 1372 2601 1429 vocabunt
2632 1386 2833 1428 nomen
2871 1371 2994 1442 ejus
3019 1368 3337 1425 Emmanuel
3379 1368 3459 1437 ⁸⁶;
3493 1385 3514 1421 ι
3547 1375 3607 1424 et

2000 1468 2160 1524 beato
2178 1465 2435 1533 Gabriele
2453 1467 2594 1521 banc
2613 1464 3022 1535 praedictionem
3047 1461 3433 1525 conlirmante,
3465 1460 3606 1517 divi-

1998 1574 2234 1631 namque
2261 1560 2597 1616 voluntatem
2639 1557 2837 1629 virgini
2872 1556 3186 1612 declarante
3214 1573 3227 1610 :
3258 1572 3280 1607 ,ι
3305 1551 3385 1610 Ne
3409 1554 3606 1611 timeas

1997 1650 2168 1714 enim.
2220 1650 2418 1720 inquit,
2470 1647 2664 1714 Maria,
2714 1647 2976 1719 quoniam
3032 1660 3166 1703 ecce
3217 1644 3497 1714 coneipies
3546 1643 3604 1699 in

2000 1748 2184 1801 utero,
2212 1745 2268 1793 et
2297 1738 2480 1808 paries
2521 1735 2744 1801 Filium,
2786 1747 2844 1794 et
2877 1735 3101 1793 vocabis
3132 1750 3331 1793 nomen
3363 1734 3484 1804 ejus
3512 1731 3604 1791 Je-

287 1817 402 1872 ἰδοὺ
422 1817 669 1889 συλλήψῃ
699 1820 758 1871 ὲν
793 1820 1015 1891 γαστρὶ,
1050 1820 1148 1873 καὶ
1174 1818 1304 1893 τέξῃ
1334 1820 1483 1889 Τίον,
1522 1822 1614 1875 καὶ
1644 1822 1897 1886 καλέσεις

2013 1846 2120 1886 tum
2158 1831 2227 1884 “.
2263 1848 2280 1883 ι
2318 1830 2407 1889 Es.
2431 1830 2665 1886 muliere
2696 1838 2885 1886 natum
2922 1844 3114 1891 revera
3166 1826 3446 1885 credimus
3476 1827 3608 1883 Em-

282 1913 349 1964 τὸ
378 1910 555 1981 ὄνομα
582 1911 749 1965 αὑτοῦ
788 1890 1000 1981 Ἰησοῦν
1023 1929 1036 1942 ·
1070 1934 1088 1964 ι
1128 1914 1194 1967 ἐκ
1234 1890 1494 1983 γυναικὸς
1540 1914 1760 1988 ἀληθῶς
1803 1933 1895 1985 γε-

2013 1924 2346 1989 manuelem;
2382 1933 2439 1980 et
2475 1924 2821 1995 splendidam
2864 1922 3354 1993 admirabilemqne
3378 1902 3609 1980 .natum

283 2003 583 2075 γεννῆσθαι
624 2003 955 2075 πιστεύομεν
984 2004 1077 2059 τὸν
1121 2007 1496 2080 Ἐμμανουήλ,
1532 2008 1629 2062 καὶ
1671 2009 1732 2062 τὸ
1753 2008 1895 2080 λαμ-

290 2096 434 2168 πρόν
464 2112 524 2150 τε
562 2097 656 2151 καὶ
688 2096 1024 2165 ἁξιάγαστον
1046 2096 1147 2167 τῆς
1181 2100 1395 2154 ἑαυτῶν
1422 2099 1641 2170 φύσεως
1672 2100 1736 2154 οὐ
1767 2099 1895 2155 διω-

288 2188 504 2260 σόμεθα
525 2188 815 2263 καύχημα,
842 2188 1172 2261 φρονοῦντες
1201 2190 1402 2262 ὀρθῶς.

364 2281 425 2335 Β.
460 2282 697 2352 ’Δριστα
736 2280 898 2352 ἔφης.
961 2279 1331 2353 Ἐπεδράξατο
1362 2284 1471 2356 γὰρ
1506 2286 1535 2339 6
1556 2285 1893 2356 Μονογενὴς,

285 2373 415 2443 οὐχὶ
446 2371 546 2443 τῆς
573 2371 711 2435 ἰδίας
734 2371 953 2442 φύσεως
983 2367 1041 2444 (ἦ
1072 2372 1183 2444 γὰρ
1223 2374 1290 2429 ἂν
1311 2375 1471 2430 οὐδέν
1504 2394 1559 2430 τι
1592 2377 1794 2449 μᾶλλον
1828 2376 1898 2430 τὰ

287 2464 417 2521 καθ’
448 2467 596 2538 ἡμᾶς
614 2466 671 2518 ὲν
703 2465 1167 2536 ἀμείνοσιν),ἀλλ’
1194 2466 1317 2521 οὐδὲ
1336 2468 1437 2539 τῆς
1458 2468 1732 2537 ἀγγέλων,
1763 2469 1899 2524 ἀλλὰ

287 2556 610 2629 σπέρματος
645 2556 920 2626 Ἀϐραὰμ,
947 2556 1093 2611 καθὰ
1124 2554 1577 2632 γέγραπται.Ἦν
1596 2559 1706 2633 γὰρ
1729 2559 1895 2623 οὕτω,

286 2648 388 2703 καὶ
416 2650 517 2720 οὐχ
544 2648 769 2720 ἑτέρως,
804 2649 867 2703 τὸ
903 2649 1257 2723 διολισθῆσαν
1304 2653 1386 2717 εἰς
1440 2652 1651 2725 φθορὰν
1680 2653 1896 2709 ἀνασώ-

288 2741 493 2795 σασθαι
531 2742 711 2810 γένος.

363 2833 429 2890 Δ.
450 2833 515 2887 Τί
539 2832 628 2898 δὲ;
662 2834 799 2906 Οὐχὶ
822 2834 1045 2891 κάκεῖνο
1072 2837 1210 2907 πρὸς
1240 2837 1417 2892 τοῖσδε
1450 2838 1897 2906 καταθαυμάζειν

286 2925 467 2991 ἄξιον,
500 2920 547 2980 ὧ
590 2927 856 2998 Ἑρμείας

364 3018 427 3073 Β.
469 3020 543 3076 Τδ
570 3018 724 3073 ποῖόν
744 3037 799 3074 τι
832 3022 975 3093 (pug;

364 3112 429 3166 Α.
457 3110 634 3166 Μόνον
663 3111 773 3186 γὰρ
800 3114 924 3186 οὐχὶ
946 3117 1039 3170 καὶ
1061 3118 1121 3170 τὸ
1163 3116 1442 3187 ἐρρῶσθαι
1488 3121 1797 3191 φράσαντες
1830 3123 1897 3193 τῇ

2003 2027 2204 2075 nostra:
2232 2016 2552 2088 dignitatem
2582 2031 2687 2073 non
2717 2015 3047 2087 rejiciemus.

2076 2285 2137 2340 Β.
2184 2286 2402 2355 Optime
2447 2284 2609 2341 dicis.
2655 2283 3032 2355 Apprebendit
3080 2282 3227 2337 enim
3280 2280 3444 2345 Deus,
3501 2294 3608 2335 non

2002 2381 2279 2451 propriam
2306 2395 2371 2434 ac
2397 2378 2726 2450 peculiarem
2764 2386 3016 2432 naturam
3043 2378 3257 2449 (neque
3278 2374 3423 2430 enim
3445 2372 3609 2445 quid-

2003 2488 2164 2543 quam
2197 2473 2264 2527 ad
2300 2487 2396 2527 nos
2427 2470 2675 2526 utilitatis
2706 2470 3090 2540 pervenisset),
3111 2469 3206 2524 sed
3235 2480 3413 2537 neque
3436 2479 3607 2536 ange-

2005 2565 2209 2629 lorum,
2259 2564 2353 2619 sed
2385 2577 2574 2618 semen
2605 2561 2863 2628 Abrabm,
2905 2559 3360 2629 sicut'scriptum
3411 2566 3497 2613 est
3531 2557 3577 2589 "

2004 2655 2079 2710 Ita
2115 2656 2285 2720 enim,
2321 2664 2375 2710 et
2409 2670 2514 2708 non
2549 2652 2711 2708 aliter
2739 2667 2914 2723 genus
2939 2650 3007 2706 ad
3052 2649 3352 2721 perniciem
3389 2648 3612 2705 devolu-

2004 2758 2117 2803 tum
2146 2747 2559 2803 instaurandum
2593 2755 2733 2802 erat.

2077 2840 2141 2893 A.
2185 2836 2327 2903 Quid
2352 2836 2529 2891 vero?
2552 2834 2707 2891 Anne
2736 2836 2838 2890 hoc
2862 2835 3029 2889 etiam
3058 2832 3443 2890 admirandum
3475 2845 3608 2889 cen-

2002 2943 2117 2993 ses,
2144 2926 2364 2982 Hermia
2388 2924 2412 2977 2

2073 3018 2137 3074 Β.
2177 3018 2448 3084 Quidnam
2472 3018 2497 3071 'I

2078 3112 2143 3167 Α.
2202 3109 2388 3165 Sacrae
2435 3107 2581 3163 enim
2643 3103 2944 3174 Scriptura:
3006 3103 3163 3174 quasi
3220 3104 3609 3173 valcdicentes,

287 3204 645 3278 θεοπνεύστῳ
666 3207 883 3279 Γραφῇ,
904 3206 1000 3261 καὶ
1018 3208 1300 3280 πνεύμασι
1335 3212 1562 3276 πλάνοις
1582 3212 1675 3266 τὸν
1698 3213 1898 3267 οἰκεῖόν

2013 3213 2059 3262 et
2105 3201 2393 3274 spiritibus
2428 3199 2633 3256 erroris
2674 3208 2911 3254 mentem
2958 3196 3298 3263 addicentes,
3340 3196 3508 3269 685
3546 3214 3612 3254 eo

286 3314 441 3361 τινες
477 3298 853 3370 ἀπονέμοντες
877 3298 1026 3365 νοῦν,
1058 3302 1139 3365 εἰς
1168 3301 1331 3356 τοῦτο
1356 3302 1648 3358 καθίκοντο
1672 3303 1901 3358 δυσϐου-

287 3391 415 3455 λίας
461 3390 559 3444 καὶ
595 3390 997 3462 μειρακιώδους
1042 3391 1396 3465 ἀϐελτηρίας,
1438 3394 1513 3457 ὡς
1548 3395 1901 3455 οίεσθαιηδεῖν

287 3484 388 3537 τὸν
416 3482 525 3536 τῶν
546 3482 760 3537 αἰώνων
778 3483 1133 3557 δημιουργὸν,
1150 3486 1244 3540 τὸν
1262 3487 1534 3541 συναΐδιον
1553 3486 1633 3560 τῷ
1658 3489 1778 3561 Θεῴ
1806 3492 1903 3546 καὶ

294 3577 479 3647 Πατρὶ
505 3575 703 3644 Λόγον,
728 3579 796 3649 τῇ
836 3578 936 3647 τῆς
992 3576 1199 3649 σαρκὸς
1231 3577 1450 3648 γενέσει
1496 3597 1903 3654 συμπαρομαρ-

294 3666 507 3721 τοῦσαν
529 3667 676 3738 ἔχειν
712 3668 812 3740 τῆς
839 3668 1130 3741 ὑπάρξεως
1156 3670 1258 3743 τὴν
1281 3671 1460 3744 ἀρχὴν
1480 3711 1497 3737 ,
1541 3674 1636 3727 καὶ
1663 3674 1897 3748 ὀψιγενῆ

292 3760 673 3828 φαντάζεσθαι
695 3758 787 3813 τὸν
819 3760 1082 3815 ἐπέκεινα
1104 3758 1308 3827 παντδς
1329 3764 1528 3830 αἰῶνος
1560 3766 1655 3820 καὶ
1671 3768 1864 3838 χρόνου
1883 3810 1899 3836 ,

292 3852 375 3916 ὡς
402 3853 462 3905 ὲν
492 3852 744 3923 ἐσχάτοις
792 3853 888 3912 καὶ
938 3853 1097 3925 μόλις
1138 3857 1249 3920 τοῖς
1277 3856 1378 3928 τῆς
1428 3857 1902 3931 ἑνανθρωπήσεως

294 3946 533 4015 καιροῖς,
563 3944 789 4015 Πατέρα
822 3945 922 4015 μὲν
942 3945 1198 4016 γενέσθαι
1221 3946 1316 4003 τὸν
1344 3948 1501 4017 Θεὸν,
1527 3952 1902 4008 συνεισϐαλεῖν

291 4038 353 4092 δὲ
379 4036 571 4109 ὥσπερ
602 4040 684 4102 είς
712 4038 775 4091 τὺ
804 4035 948 4094 εἶναι
980 4056 1043 4093 τε
1087 4040 1183 4094 καὶ
1231 4043 1531 4112 ὑφεστάναι
1583 4044 1664 4115 τῷ
1702 4048 1765 4103 ἐκ
1804 4049 1904 4118 τῆς

294 4129 580 4203 Παρθένου
638 4131 789 4201 ναῷ,
838 4132 931 4187 τὸν
980 4133 1053 4187 δι’
1075 4130 1137 4191 οὗ
1178 4134 1247 4188 τὰ
1271 4135 1472 4203 πάντα,
1509 4137 1605 4194 καλ⁸
1656 4139 1715 4191 ὲν
1760 4131 1806 4207 ᾧ
1836 4139 1903 4193 τὰ

295 4222 660 4298 πάνταΠΑρ*
704 4222 800 4281 οῦν
831 4227 954 4298 οὐχὶ
1000 4228 1138 4300 πρὸς
1183 4228 1339 4299 λῆξιν
1364 4230 1467 4302 ἠδη
1510 4230 1610 4303 τὴν
1641 4232 1903 4290 ἀνωτάτω

292 4319 649 4391 διεληλάκασι
681 4320 793 4373 τῶν
814 4320 1033 4386 κακῶν,
1065 4323 1113 4374 oi
1154 4320 1325 4392 μῦθον
1355 4321 1502 4377 οὕτω
1538 4324 1631 4378 τὸν
1678 4324 1901 4397 γραὼδη

296 4412 394 4465 καὶ⁵
430 4410 687 4482 βδελυρὸν
716 4412 1119 4483 προχειρότατα
1154 4416 1571 4485 προσηκάμενοι
1596 4455 1612 4479 ,
1675 4416 1771 4471 καὶ
1803 4420 1902 4489 τῆς

294 4503 545 4573 ἀκράτου
596 4504 832 4568 νωθείας
884 4504 978 4558 τὸν
1019 4506 1220 4560 οἰκεῖον
1274 4507 1688 4579 ἀναπλήσαντες
1736 4508 1901 4574 νοῦν;

2005 3297 2294 3369 imperitia:
2341 3304 2399 3353 et
2441 3293 2700 3365 juvenilis
2748 3292 3076 3348 temeritatis
3123 3292 3494 3359 devenerunt,
3554 3302 3614 3347 ut

2003 3388 2374 3445 existimarint
2405 3401 2531 3441 eum
2566 3384 2660 3456 qui
2719 3382 2974 3440 conditor
3023 3390 3107 3437 est
3167 3382 3495 3439 saeculorum
3557 3394 3616 3441 et

2004 3490 2314 3536 coaeternus
2338 3478 2454 3534 Deo
2481 3488 2537 3535 et
2558 3477 2729 3543 Patri,
2755 3475 2996 3532 Verbum
3039 3476 3323 3542 nimirum,
3357 3487 3469 3532 tum
3500 3478 3610 3550 pri-

2006 3589 2152 3630 mum
2187 3573 2486 3630 euistendi
2535 3572 2749 3629 initium
2785 3571 3094 3641 accepisse,
3144 3585 3270 3625 cum
3310 3573 3612 3629 secundum

2005 3682 2231 3725 carnem
2266 3676 2429 3723 natus
2461 3675 2569 3735 est,
2597 3678 2653 3722 et
2682 3664 2836 3721 tarde
2864 3664 3105 3734 genitum
3134 3678 3278 3727 esse.
3313 3664 3403 3733 qui
3428 3664 3611 3719 omnia

2004 3757 2203 3815 smcula
2239 3767 2294 3813 et
2340 3767 2581 3827 tempora
2614 3754 2907 3819 antecedit,
2944 3754 3017 3808 ita
3048 3763 3108 3810 ut
3137 3753 3361 3809 ultimus
3396 3754 3612 3811 tandem

2005 3851 2405 3909 incarnationis
2444 3851 2782 3919 temporibus
2822 3847 2969 3905 Deus
3003 3849 3182 3905 lactus
3212 3848 3284 3904 sit
3332 3845 3519 3914 Pater,
3556 3859 3614 3903 et

2005 3945 2408 4017 quodammodo
2436 3945 2739 3999 immissum
2772 3944 2825 3997 iu
2857 3953 3070 3999 uterum
3100 3941 3342 4013 Virginis
3379 3952 3438 3996 ut
3467 3950 3618 3998 esset

2006 4049 2170 4110 atque
2218 4037 2565 4103 subsisteret,
2610 4053 2733 4090 eum
2774 4051 2869 4104 per
2902 4051 3064 4106 quem
3115 4045 3170 4090 et
3222 4035 3274 4090 in
3329 4049 3440 4105 quo
3487 4044 3615 4090 sunt

2004 4133 2211 4189 omnia.
2244 4133 2401 4187 Anne
2434 4145 2528 4186 eos
2556 4131 2625 4185 ad
2661 4139 2860 4184 metam
2891 4129 3137 4184 omnium
3179 4126 3455 4183 malorum
3488 4141 3613 4195 per-

2006 4225 2223 4281 venisse
2253 4238 2467 4291 censes,
2505 4224 2598 4294 qui
2631 4225 2769 4278 adeo
2798 4223 3033 4277 anilibus
3061 4231 3227 4292 atque
3257 4219 3613 4278 exsecrandis

2008 4316 2204 4373 fabulis
2223 4316 2465 4371 animum
2487 4315 2793 4386 adjiciunt?
2820 4333 2835 4366 ι
2862 4313 3209 4385 Sepulcrum,
3227 4324 3398 4377 certe,
3416 4322 3611 4382 patens

2006 4417 2091 4463 est
2137 4414 2325 4475 guttur
2361 4421 2575 4471 eorum,
2626 4405 2826 4474 linguis
2857 4407 2973 4461 suis
2999 4404 3188 4461 dolose
3227 4405 3485 4477 agebant,
3514 4419 3609 4460 ve-

2008 4502 2207 4557 n'enum
2244 4502 2489 4571 aspidum
2512 4500 2613 4557 sub
2650 4499 2807 4554 labiis
2840 4514 3054 4565 eorum,
3089 4513 3320 4568 quorum
3348 4514 3413 4555 os
3436 4498 3609 4556 male-

302 4620 322 4648 ε
348 4597 558 4667 Τάφος,
583 4596 824 4666 ἀληθῶς,
852 4596 1203 4668 ἀνεῳγμένος
1236 4599 1264 4652 6
1309 4599 1520 4671 λάρυγξ
1549 4601 1753 4667 αὐτῶν,
1786 4605 1898 4666 ταῖς

2013 4596 2252 4651 dictione
2283 4602 2338 4652 et
2373 4593 2738 4649 amaritudine
2768 4592 2989 4663 plenum
3012 4602 3095 4647 est
3121 4592 3190 4643 ³³.
3224 4611 3243 4644 ι

296 4688 576 4758 γλώσσαις
591 4687 772 4741 αὐτῶν
795 4687 1128 4753 ἐδολιοῦσαν,
1155 4690 1231 4754 ἰὸς
1253 4691 1498 4745 ἀσπίδιον
1516 4693 1623 4746 ὑπὸ
1650 4694 1719 4746 τὰ
1749 4694 1906 4766 χείλη

296 4778 513 4844 αὐτῶν,
536 4771 611 4832 ὧν
633 4778 695 4831 τὸ
730 4779 908 4850 στόμα
936 4779 1077 4848 ἀρᾶς
1111 4780 1206 4833 καὶ
1236 4781 1465 4852 πικρίας
1492 4783 1675 4853 γέμει.
1719 4804 1737 4834 ι

374 4874 434 4926 Β.
476 4872 742 4945 Σύμφημι
771 4888 785 4902 ⁸
815 4872 912 4926 καὶ
947 4873 1057 4945 γάρ
1084 4873 1235 4926 ἐστιν
1270 4875 1508 4947 ἀτρεκὴς
1538 4876 1566 4929 6
1611 4875 1708 4931 τοῦ
1748 4877 1901 4931 Ψάλ-

301 4964 493 5028 λοντος
528 4964 683 5032 λόγος
695 5006 708 5021 .

375 5058 440 5112 Δ.
478 5052 557 5110 Ἦ
584 5056 695 5129 γὰρ
729 5056 849 5127 οὐχὶ
880 5056 970 5111 τὸν
1014 5056 1081 5110 δι’
1111 5050 1172 5109 οὗ
1206 5059 1510 5123 τὰπαντα,
1553 5061 1648 5127 καὶ
1692 5066 1900 5133 προϋφ-

300 5151 529 5205 εστάναι
553 5149 662 5203 τῶν
691 5150 915 5205 πάντων
938 5152 1183 5222 ἀνάγκης
1234 5146 1235 5149 “

378 5332 438 5385 Β.
480 5325 557 5384 Εὖ
588 5330 791 5398 λέγεις.

288 5464 291 5467 λ
380 5424 445 5477 Δ.
484 5422 551 5476 Τί
585 5421 643 5476 δὲ
668 5423 733 5492 δὴ
760 5422 858 5475 καὶ
886 5422 1059 5493 δρῷεν
1096 5423 1183 5487 ἂν,
1226 5423 1475 5477 Ἰωάννου
1526 5425 1626 5493 μὲν
1658 5427 1898 5496 γράφον-

305 5530 421 5579 τος,
456 5533 473 5565 ι
497 5514 585 5567 Ἐν
612 5514 757 5585 ἀρχῇ
783 5510 852 5585 ἦν
888 5516 916 5567 6
936 5515 1129 5583 Λόγος,
1159 5516 1336 5568 πάντα
1363 5518 1429 5570 δι’
1458 5517 1627 5570 αὑτοῦ
1660 5519 1900 5587 ἐγένετο,

311 5607 406 5658 καὶ
428 5608 597 5677 χωρὶς
622 5607 789 5659 αὐτοῦ
824 5608 1044 5675 ἐγένετο
1074 5607 1196 5660 οὐδὲ
1237 5609 1316 5661 ἓν.
1354 5629 1370 5660 ι
1411 5610 1518 5662 Καὶ
1550 5610 1734 5676 πάλιν,
1776 5630 1793 5661 ι
1836 5615 1901 5664 ’ὐ

310 5695 379 5767 ἦν
432 5699 527 5753 ἀπ’
577 5699 789 5770 ἀρχῆς,
837 5699 866 5752 ὃ
920 5700 1274 5771 ἀκηκόαμεν,
1330 5702 1356 5753 ὃ
1411 5704 1736 5774 ἑωράκαμεν
1796 5708 1899 5768 τοῖς

286 5876 295 5887 ”
389 5881 436 5914 ⁸³³
472 5881 573 5938 lsa.
614 5881 799 5949 \tt,li.
883 5884 920 5912 “
951 5880 1085 5940 Luc.
1125 5897 1160 5949 ι,
1205 5882 1292 5952 50..
1329 5882 1415 5939 δι.
1498 5884 1720 5941 "chl'.
1750 5901 1785 5954 ι,
1828 5886 1907 5940 lli.

2088 4870 2151 4927 Β.
2184 4868 2484 4926 Assentior.
2554 4866 2726 4924 Verus
2757 4883 2902 4924 enim
2936 4877 3021 4924 est
3052 4868 3352 4926 Psalmista:
3402 4883 3607 4925 sermo.

2080 5053 2143 5104 Α.
2206 5049 2345 5116 Quid
2403 5049 2583 5115 enim,
2652 5061 2835 5103 nonne
2883 5064 3007 5103 cum
3063 5063 3159 5118 per
3204 5063 3365 5118 quem
3425 5050 3609 5104 omnia

2008 5150 2148 5201 facta
2201 5152 2347 5210 sunt,
2397 5143 2652 5199 omnibus
2693 5144 2860 5200 etiam
2913 5142 3306 5213 prmcxstitisse
3368 5157 3601 5199 necesse

2008 5251 2091 5295 est
2126 5239 2150 5293 ἲ
2966 5242 2974 5250 “

2082 5331 2142 5386 Β.
2183 5331 2349 5388 Recte
2382 5331 2539 5387 dicis.

2083 5428 2147 5481 Α.
2200 5426 2338 5493 Quid
2393 5441 2524 5481 vero
2579 5434 2761 5497 agant,
2830 5425 3103 5480 scribente
3162 5423 3371 5480 Joanne
3411 5444 3423 5479 :
3468 5444 3486 5477 ι
3553 5427 3606 5479 ln

2013 5523 2280 5592 principio
2325 5531 2445 5576 erat
2500 5522 2756 5589 Vcrbuin,
2820 5520 3001 5573 nuntia
3062 5534 3161 5587 per
3222 5520 3396 5588 ipsum
3459 5519 3603 5573 facta

2014 5625 2161 5683 sunt,
2191 5626 2246 5670 ct
2276 5615 2397 5669 sine
2433 5615 2551 5683 ipso
2582 5614 2781 5667 factum
2813 5622 2897 5667 est
2922 5613 3054 5666 nihil
3088 5614 3149 5665 “.
3199 5633 3216 5666 ι
3253 5612 3316 5666 Et
3342 5628 3556 5667 rursum
3592 5656 3599 5663 .

2022 5728 2038 5755 ί
2062 5707 2213 5774 Quod
2234 5714 2353 5761 erat
2380 5705 2445 5760 ab
2480 5704 2653 5770 initio,
2679 5705 2822 5774 quod
2849 5705 3173 5771 audivimus,
3198 5705 3342 5775 quod
3372 5705 3606 5760 vidimus

1988 5886 2030 5919 υ
2060 5882 2200 5941 Paul.
2242 5901 2356 5959 xm,
2390 5887 2440 5943 5,
2526 5889 2565 5918 ’θ
2593 5885 2750 5942 Joan.
2784 5902 2819 5952 ι,
2859 5884 2968 5941 l5.
