4006 6506
230 5958 469 6169 ’Ὗ

504 393 640 450 Ιῖθῗ

1480 390 1537 445 Β.
1578 386 1844 445 CYRI’LLI
1886 384 2347 443 ALEXANDRlNl
2383 383 2700 441 ARCHIEP.

3594 371 3735 428 1208

501 509 568 564 iis
598 506 690 577 qui
720 506 989 562 exsistunt
1031 505 1228 562 bonum
1273 508 1347 559 sit
1387 518 1528 567 esse,
1566 514 1658 558 aut
1711 503 1907 574 potius,
1962 518 2065 557 non

2191 501 2228 554 ςὸ
2270 496 2411 557 εἶναι
2457 501 2637 567 καλὸν,
2672 502 2837 572 ῆγουν
2861 501 2922 553 τό
2969 498 3041 569 μὴ
3067 495 3207 551 εἶναι
3249 494 3432 563 τυχόν,
3467 488 3735 559 ἀποκρίνῃ

501 613 643 662 esse,
672 613 777 667 quo
806 606 962 665 pacto
994 597 1350 666 respondeas?

582 689 640 741 Β.
700 685 1113 755 Responderim,
1161 700 1303 740 esse.
1336 684 1477 740 Deus
1530 684 1671 739 enim
1739 694 1952 739 creator
2000 698 2065 739 eo

504 779 768 847 praecipue
828 779 1043 833 nomine
1104 777 1280 833 bonus
1336 787 1583 843 vocatur,
1640 778 1782 847 quod
1831 777 1898 832 iis
1949 792 2066 847 qua:

503 870 788 938 aliquando
819 884 924 923 non
955 877 1129 935 erant,
1158 884 1278 925 esse
1317 870 1541 923 dederit.

568 962 632 1015 Α.
667 960 880 1029 Optime
915 961 1177 1015 diris.'lta
1210 963 1353 1015 enim
1384 970 1572 1013 natura
1598 974 1717 1015 sese
1743 975 1829 1015 res
1883 960 2065 1014 habet.

505 1052 688 1107 Melior
713 1053 896 1122 itaque
935 1063 1019 1107 est
1051 1052 1291 1107 conditio
1314 1061 1710 1114 creaturarum,
1766 1066 1925 1116 quam
1951 1052 2068 1121 ejus

505 1157 601 1210 per
623 1157 779 1212 quem
808 1144 987 1196 omnia
1020 1152 1199 1196 ortum
1236 1150 1560 1211 acceperunt
1590 1159 1603 1194 :
1649 1142 1691 1194 si
1731 1141 1817 1196 hic
1848 1141 2063 1211 quidem

506 1247 609 1285 non
634 1232 893 1287 exsistere
915 1233 1143 1293 dicatur,
1173 1232 1278 1305 illa:
1320 1246 1473 1296 vero,
1516 1239 1570 1285 et
1615 1233 1880 1287 exsistunt
1913 1242 1967 1287 ct
2014 1232 2064 1285 in

503 1336 603 1376 suo
626 1336 745 1376 esse
770 1331 1187 1390 cognoscuntur.

571 1413 629 1467 Β.
663 1414 817 1467 Absit
848 1413 1206 1482 blasphemia!
1247 1432 1265 1465 ι
1302 1415 1501 1470 Vivens
1542 1415 1683 1469 enim
1721 1424 1807 1470 est
1838 1414 2066 1469 Verbum

507 1506 598 1560 Dei
621 1515 783 1575 atque
841 1506 1048 1569 efficax,
1099 1525 1118 1557 ›
1155 1507 1293 1561 sicut
1340 1508 1598 1577 scriptum
1642 1508 1818 1562 est“.
1862 1506 2068 1560 Idcirco

504 1597 667 1651 etiam
701 1597 856 1659 dixit,
889 1614 908 1647 ι
946 1596 1055 1665 Ego
1092 1612 1210 1650 sum
1246 1599 1353 1650 vita
1383 1598 1446 1651 ³³.
1486 1616 1504 1649 ι

579 1686 643 1738 Λ.
684 1686 951 1739 Laetermu
995 1701 1100 1739 non
1142 1693 1318 1753 potest
1369 1686 1590 1755 intelligi
1648 1688 1775 1749 vita,
1807 1700 1925 1739 rum
1961 1701 2065 1740 nou

504 1778 783 1831 subsistat.
849 1778 965 1831 Vita
994 1784 1199 1830 'autu-m
1250 1788 1332 1831 est
1375 1779 1712 1833 naturaliter.
1742 1777 1894 1831 Nullo
1923 1780 2065 1832 enim

2164 598 2286 651 τίνα
2323 599 2522 667 τρόπον
2537 613 2550 660 ;

2234 691 2292 744 Β.
2332 690 2503 759 Φαίην
2534 689 2601 742 ἂν
2631 690 2712 742 ὅτι
2746 686 2805 740 τὸ
2843 679 3000 738 εἶναι.
3032 682 3156 745 Τοῖς
3178 682 3287 751 γὰρ
3314 680 3414 733 οὐκ
3448 672 3570 730 οὖσί
3600 691 3737 726 ποτε

2164 783 2225 836 τὸ
2253 777 2395 835 εἶναι
2434 781 2631 843 διδοὺς.
2663 776 2864 845 ἀγαθὸς
2895 776 2985 828 ὅτι
3003 772 3238 843 μάλιστα
3260 766 3635 841 κεχρηματικὲ
3667 779 3737 815 τε

2166 875 2257 929 καὶ
2290 874 2436 927 ἐστιν
2458 876 2487 927 ό
2516 868 2865 942 δημιουργός.

2236 967 2300 1020 Δ.
2343 967 2575 1034 ’Δριστα
2618 963 2751 1032 ἔφης
2772 978 2784 989 ·
2819 960 2930 1030 ἔχοι
2972 957 3077 1028 γὰρ
3108 957 3173 1010 ἂν
3205 947 3310 1008 ὧδε
3343 952 3405 1004 τὸ
3437 950 3629 1022 χρῆμα

2167 1058 2348 1127 φύσει.
2382 1054 2591 1110 Οὐκοῦν
2625 1056 2682 1107 ἐν
2712 1052 2958 1122 ἀμείνοσι
2997 1049 3031 1118 ἡ
3080 1048 3277 1109 κτίσις,
3319 1045 3483 1113 εἴπερ
3512 1044 3539 1093 ὀ
3570 1040 3634 1092 δι’
3670 1030 3739 1089 οὗ

2165 1148 2237 1202 τὰ
2276 1149 2451 1202 πάντα
2485 1146 2731 1200 καλεῖται
2770 1146 2905 1216 πρὸς
2932 1146 3181 1214 γένεσινε
3212 1140 3260 1191 εἰ
3288 1140 3316 1190 ὁ
3348 1135 3468 1206 μὲν,
3498 1132 3599 1201 οὐχ
3632 1131 3743 1195 ὑφ’

2166 1239 2452 1311 εστηκέναι
2502 1238 2717 1307 λέγεται
2750 1275 2763 1299 ,
2798 1236 2868 1290 τὰ
2908 1237 2965 1289 δὲ
3003 1229 3277 1303 ὑφέστηκέ
3315 1244 3376 1281 τε
3416 1223 3514 1279 καὶ
3556 1225 3615 1275 ὲν
3658 1220 3747 1291 τῷ

2166 1326 2307 1385 εἶναι
2341 1330 2563 1384 νοεῖται.

2238 1424 2299 1477 Β.
2341 1424 2559 1491 ’Δπαγε
2587 1419 2687 1490 τῆς
2727 1419 3064 1490 δυσφημίας·
3117 1435 3134 1466 ι
3171 1414 3291 1467 Ζῶν
3330 1408 3441 1479 γὰρ
3485 1409 3515 1461 ό
3562 1406 3743 1473 Λόγος

2166 1514 2259 1569 τοῦ
2293 1512 2428 1568 Θεοῦ
2451 1514 2545 1566 καὶ
2573 1510 2822 1582 ἐνεργὴς,
2846 1528 2864 1561 ι
2902 1507 3044 1561 καθὰ
3079 1505 3412 1575 γέγραπται.
3446 1498 3747 1569 Τοιγάρτοι

2168 1607 2262 1660 καὶ
2295 1605 2559 1673 ἔφασκεν
2594 1624 2612 1655 ι
2637 1602 2776 1671 Ἐγώ
2807 1603 2922 1670 είμι
2949 1600 2981 1671 ἡ
3022 1597 3155 1668 ζωή.
3196 1612 3213 1646 t

2238 1698 2301 1749 A.
2357 1695 2496 1749 Ἀλλ’
2542 1694 2643 1748 οὐκ
2674 1692 2740 1746 ἂν
2767 1692 2939 1745 νοοῖτο
2968 1690 3103 1759 ζωὴ,
3134 1686 3484 1758 ὑφεπηκὼς.
3517 1683 3646 1753 Ζωὴ
3685 1681 3750 1735 δέ

2170 1790 2287 1841 ἐστι
2317 1786 2459 1841 κατὰ
2505 1787 2698 1854 φύσιν,
2750 1781 3148 1853 καταψεύσεται
3194 1780 3304 1851 γὰρ
3349 1776 3630 1848 οὐδαμῶς.
3672 1773 3752 1826 τὺ

507 1871 666 1924 modo
697 1869 907 1922 mentiri
946 1878 1137 1938 potest.
1173 1868 1377 1922 Merum
1427 1870 1599 1940 688
1642 1872 1823 1938 itaque
1848 1871 2068 1923 menda-

2191 1881 2279 1951 ίρα
2326 1877 2400 1949 μὴ
2442 1878 2747 1947 ὑφεστάναι
2783 1876 2874 1930 τὸν
2918 1879 2985 1929 ἐκ
3030 1874 3164 1926 θεοῦ
3211 1870 3491 1941 πεφηνότα
3532 1868 3749 1936 Λόγον,

502 1960 649 2016 cium
688 1970 795 2022 est,
857 1970 912 2014 et
968 1960 1273 2015 vanissima:
1324 1962 1518 2016 mentis
1544 1962 1789 2016 delirium
1840 1962 2070 2016 Verbum

506 2050 648 2122 quod
670 2065 734 2104 ex
769 2050 875 2104 Deo
898 2052 1162 2119 apparuit,
1214 2066 1310 2119 per
1333 2067 1394 2105 se
1423 2067 1526 2106 non
1554 2054 1863 2111 subsistere.

574 2137 638 2192 Β.
670 2138 926 2193 Omnino.
958 2137 1094 2193 Nam
1133 2141 1196 2192 ad
1246 2139 1462 2209 Moysen
1494 2143 1561 2195 ita
1591 2142 1704 2210 ipse
1735 2144 1850 2197 ait:
1896 2159 1916 2194 ε
1962 2140 2073 2212 Ego

504 2245 622 2285 sum
654 2247 752 2287 eus
778 2232 841 2286 “.
880 2251 899 2284 ι
926 2232 1077 2300 Quod
1104 2241 1281 2287 autem
1308 2248 1433 2287 vere
1476 2240 1579 2294 cst,
1632 2250 1866 2303 quonam
1916 2245 2083 2302 pacto.

503 2323 626 2391 quis
658 2326 929 2379 censuerit
956 2340 1107 2379 suam
1149 2326 1477 2395 hypostasim
1512 2341 1618 2379 non
1650 2325 1931 2385 retinere?

564 2414 629 2468 Λ.
656 2413 846 2470 Merito
872 2417 1050 2484 itaque
1080 2432 1264 2470 eorum
1294 2417 1384 2486 qui
1413 2416 1487 2471 ita
1536 2418 1777 2474 sentiunt
1805 2434 2069 2475 summam

505 2506 825 2560 dementiam
854 2507 1259 2563 detestabimur.

576 2592 633 2648 Β.
661 2594 929 2652 Omnibus
950 2598 1144 2654 modis.

573 2690 637 2741 Α.
668 2688 772 2742 Sed
806 2705 903 2743 uec
929 2690 1067 2757 illos,
1104 2691 1343 2756 Hermia,
1403 2693 1771 2759 probabimus,
1817 2691 1907 2762 qui
1933 2708 2072 2746 veri-

507 2790 671 2836 tatem
701 2781 884 2837 sedulo
914 2786 1109 2839 sectari
1141 2786 1447 2842 didicimus.

569 2870 630 2925 Β.
668 2873 962 2940 Quasnam,
998 2875 1223 2931 obsecro
1259 2878 1283 2930 ?

576 2964 643 3017 Α.
694 2964 794 3028 Qui
842 2980 1059 3020 carnem
1117 2967 1289 3023 Verbo
1347 2971 1552 3024 unitam
1610 2971 1855 3027 rationali
1891 2976 2071 3029 anima

506 3055 923 3110 careredicunl.
968 3056 1090 3112 Sola
1122 3061 1266 3114 enim
1319 3076 1483 3117 carne
1512 3063 1659 3117 vitali
1712 3074 1767 3120 et
1814 3067 2073 3121 sensitive

2172 1970 2568 2041 ψευδηγόρημα
2608 1968 2827 2041 σαθρὸν,
2877 1967 2973 2020 καὶ
3023 1966 3217 2039 φρενὸς
3262 1962 3601 2033 ἁπόϐρασμα
3628 1957 3753 2028 πῆς

2174 2056 2555 2128 ὴλιθιωτάτης.

2244 2150 2305 2202 Β.
2346 2147 2661 2210 Παντελῶς.
2684 2147 2873 2199 Μωσεῖ
2901 2146 3011 2216 γὰρ
3040 2144 3277 2213 ἔφασκεν
3324 2141 3506 2206 αὐτὸς,
3544 2158 3562 2190 ι
3605 2134 3756 2205 Ἑγὼ

2173 2242 2287 2309 εἰμι
2317 2241 2346 2293 ὁ
2371 2237 2465 2292 ὥν.
2491 2257 2510 2289 ι
2547 2238 2620 2290 Τὸ
2650 2237 2705 2289 δὲ
2734 2236 2794 2289 ὃν
2818 2235 3051 2306 ἀληθῶς,
3084 2236 3183 2286 οὐκ
3213 2238 3270 2287 ἐν
3301 2233 3600 2287 ὑποστάσει
3622 2226 3752 2283 καθ’

2173 2327 2330 2380 ἑαυτὸ
2362 2324 2813 2395 σωζόμενοννπῶς
2846 2324 2911 2378 ἂν
2942 2323 3114 2376 νοοῖτό
3150 2339 3311 2388 ποτες

2242 2419 2308 2469 Δ.
2350 2414 2559 2468 Οὐκοῦν
2606 2412 2717 2467 τῶν
2759 2411 2883 2482 τῇδε
2930 2410 3283 2479 διειληφότων
3308 2448 3323 2472 ,
3378 2403 3755 2476 καθοριοῦμεν

2173 2509 2399 2571 εἰκότως
2424 2506 2483 2561 τδ
2509 2508 2590 2570 εἰς
2614 2508 2780 2576 ἄκρον
2808 2504 3035 2576 ἀμαθές.

2242 2604 2306 2659 Β.
2345 2602 2493 2655 Πάνυ
2528 2599 2628 2670 μὲν
2656 2594 2767 2651 οῦν.

2244 2693 2308 2747 Α.
2348 2692 2422 2745 Οὐ
2484 2691 2590 2762 μὴν
2640 2689 2759 2743 οὐδὲ
2819 2688 3060 2751 ἐκείνους
3119 2687 3508 2753 ἐπαινέσαιμεν
3562 2680 3661 2744 ἂν,
3706 2671 3753 2732 ὦ

2186 2787 2279 2855 Ἑρ
2288 2784 2431 2854 μεία,
2454 2781 2768 2852 φιλοθηρεῖν
2791 2776 2849 2834 εὖ
2881 2780 3026 2850 μάλα
3048 2776 3415 2847 δεδιδαγμένοι
3437 2775 3497 2828 τὸ
3525 2772 3749 2844 ἀληθές.

2248 2876 2307 2931 Β.
2352 2876 2550 2940 Τίνας;

2247 2972 2311 3022 Λ.
2354 2968 2417 3022 Οἳ
2458 2967 2726 3037 τητᾶσθαι
2768 2966 2987 3034 λέγουσι
3032 2962 3211 3033 ψυχῆς
3234 2960 3459 3028 λογικῆς
3493 2956 3593 3027 τὴν
3622 2956 3756 3009 ἐνω-

2178 3060 2361 3114 Θεῖσαν
2392 3060 2468 3130 τῷ
2496 3060 2654 3127 Λόγῳ
2686 3058 2885 3129 σάρκα.
2933 3055 3108 3126 Σαρκὶ
3137 3052 3244 3124 γάρ
3294 3067 3397 3103 που
3442 3049 3579 3119 μόνῃ
3602 3088 3615 3113 ,
3657 3046 3757 3099 καὶ

508 3154 653 3200 metu
685 3147 902 3216 prtedita
936 3148 1167 3205 Verbum
1204 3152 1508 3222 iuduentes,
1542 3156 1592 3208 in
1630 3158 1885 3214 mundum
1920 3160 2071 3213 indu-

2191 3154 2274 3225 τὴν
2320 3150 2557 3222 ζωτικὴν
2596 3168 2654 3203 τε
2698 3151 2790 3203 κα)⁵
2836 3146 3159 3217 αἰσθητικὴν
3212 3142 3455 3213 λαχούσῃ
3506 3139 3752 3246 κίνησιν,

508 3245 654 3296 eum.
698 3239 893 3292 mentis
948 3250 1109 3309 atque
1156 3243 1353 3300 animae
1408 3243 1713 3302 facultatem
1776 3248 2074 3304 tribuentes

517 3323 817 3395 Unigcnito.
853 3327 1280 3387 Perhorrescunt
1323 3334 1489 3400 enim,
1548 3337 1731 3391 nescio
1762 3352 1866 3406 quo
1894 3348 2071 3407 pacto,

511 3418 715 3471 homini
743 3418 976 3489 perfecte
1016 3436 1138 3477 sese
1186 3425 1393 3480 ratione
1437 3426 1794 3483 humanitatis
1836 3430 2074 3494 babenti,

509 3510 612 3563 hoc
654 3520 758 3575 est,
808 3512 897 3587 qui
922 3513 1097 3565 anima
1125 3524 1177 3567 et
1201 3530 1427 3584 corpore
1452 3528 1680 3581 constet,
1705 3519 1936 3575 Verbum
1960 3522 2077 3573 uni-

515 3610 624 3652 tum
654 3615 795 3665 esse,
832 3600 1010 3666 fateri,
1044 3603 1136 3656 sed
1184 3605 1573 3673 antiquissima:
1611 3609 1731 3663 lidei
1791 3610 2080 3665 traditione

510 3702 839 3761 contempta,
892 3695 1131 3761 privatas
1162 3712 1287 3752 suas
1360 3699 1643 3767 opiniones
1707 3702 2080 3772 humanasque

510 3784 748 3838 rationes
776 3788 927 3854 sequi
965 3785 1164 3842 debere
1194 3789 1529 3858 existimant,
1551 3790 1715 3847 aliter
1738 3802 1888 3849 certe
1915 3810 2075 3865 quam

509 3885 721 3943 oportet
752 3877 1065 3931 sentientes.

2176 3244 2567 3316 ἀμφιεννύντες
2605 3242 2697 3295 τὸν
2737 3242 2907 3310 Λόγον
2928 3280 2941 3304 ,
2974 3238 3381 3310 παραφέρουσιν
3415 3235 3496 3296 είς
3520 3232 3753 3300 κόσμον,

2175 3338 2275 3407 τὴν
2312 3336 2402 3388 νοῦ
2436 3335 2528 3388 καὶ
2558 3332 2737 3402 ψυχῆς
2784 3331 3063 3400 ἐνέργειαν
3086 3327 3452 3395 ἀπονέμοντες
3478 3320 3554 3391 τῷ
3578 3322 3755 3374 Μονο-

2177 3431 2345 3497 γενεῖ.
2388 3425 2848 3495 Καταπεφρίκασι
2874 3422 3003 3493 γὰρ,
3039 3422 3139 3475 οὐκ
3174 3416 3269 3473 οἷδ’
3308 3420 3455 3479 ὅπως
3489 3415 3623 3487 ἐρῶ,
3654 3414 3753 3467 ἀν·

2180 3518 2385 3591 Θρώπῳ
2410 3519 2630 3581 τελείως
2655 3517 2852 3586 ἔχοντι,
2879 3515 3021 3568 κατά
3050 3530 3114 3583 γε
3144 3511 3235 3565 τὸν
3264 3510 3365 3580 τῆς
3394 3506 3755 3578 ἀνθρωπότη-

2175 3628 2267 3674 τος
2313 3612 2517 3679 Λόγον,
2569 3608 2854 3673 τουτέστι,
2903 3606 2980 3675 τῷ
3028 3608 3092 3658 ὲκ
3136 3603 3314 3674 ψυχῆς
3358 3602 3455 3653 καὶ
3498 3598 3757 3668 σώματος

2177 3703 2415 3775 ἡνῶσθαι
2438 3702 2527 3754 τόν
2550 3701 2724 3769 Λόγον
2753 3699 3056 3769 ὁμολογεῖν,
3077 3695 3179 3765 τῆς
3209 3694 3307 3766 μὲν
3337 3690 3545 3746 ἄνωθέν
3571 3706 3632 3742 τε
3660 3689 3761 3742 καὶ

2175 3795 2541 3867 ἀρχαιοτάτης
2577 3794 2813 3855 πίστεως
2844 3793 2941 3861 τὴν
2973 3788 3271 3861 παράδοσιν
3292 3826 3307 3850 ,
3342 3784 3527 3852 ὀλίγου
3557 3798 3760 3856 ⁸παντεω

2174 3887 2281 3949 λῶς
2302 3885 2583 3951 ἀξιοῦντες
2610 3884 2793 3953 λόγου,
2824 3883 3043 3953 Θελήσει
3076 3881 3131 3934 δὲ
3168 3878 3304 3950 μόνῃ
3329 3880 3396 3947 τῇ
3428 3875 3572 3929 κατὰ.
3613 3874 3760 3943 σφᾶς

510 3970 728 4035 αὐτοὺς,
760 3970 852 4023 καὶ
873 3973 984 4034 τοῖς
1019 3973 1379 4043 ἀνθρωπίνοις
1405 3978 1513 4031 δεῖν
1544 3978 1774 4033 ἕπεσθαι
1832 3980 2111 4051 λογισμοῖς
2151 3981 2378 4053 ἁμαϐὦς
2405 3980 2692 4051 ᾑρημένοι,
2736 3979 2829 4033 καὶ
2896 3974 3216 4048 φρονοῦντες
3250 3972 3465 4042 ἁληοῶς
3495 3970 3642 4040 παρὸ
3674 3967 3760 4021 δεῖ

511 4079 747 4132 φρονειν.

575 4154 632 4207 Β.
661 4154 917 4219 Qnazuam
944 4171 1070 4210 vero
1101 4156 1228 4227 ipsis
1252 4169 1333 4212 est
1361 4160 1496 4215 ratio
1537 4161 1803 4230 ejusmodi
1854 4164 2070 4235 dogma-

510 4245 624 4299 tisi

578 4336 641 4390 Α.
678 4337 881 4394 Dicam.
916 4337 1047 4406 Nos,
1098 4343 1392 4397 secundum
1456 4343 1789 4416 Seripturam
1850 4348 2074 4403 dicimus

511 4430 865 4485 mediatorem
899 4430 991 4487 Dei
1038 4443 1091 4488 et
1126 4434 1400 4489 hominum
1456 4441 1807 4507 compositum
1836 4456 1978 4503 esse.
2004 4458 2067 4494 ex

2250 4161 2310 4214 B.
2352 4159 2461 4213 Καὶ
2491 4158 2576 4221 τίς
2602 4160 2630 4211 ὀ
2668 4157 2824 4224 λόγος
2864 4157 3048 4217 αὐτοῖς
3088 4154 3182 4207 τοῦ
3210 4152 3415 4206 τοιοῦδε
3441 4153 3755 4223 δόγματοςς

2252 4342 2315 4395 Α.
2354 4340 2494 4408 Ἐγὼ
2521 4337 2735 4407 φράσω.
2766 4334 3025 4389 Τὸνθεοῦ
3054 4335 3277 4406 μεσίτην
3303 4334 3396 4386 καὶ
3422 4332 3755 4404 ἀνορωπων,

2181 4432 2322 4485 κατὰ
2358 4431 2457 4491 τὰς
2504 4429 2757 4501 Γραφὰς,
2807 4426 3122 4496 συγκεῖσθαί
3163 4443 3342 4496 φαμεν
3368 4464 3382 4484 .
3435 4425 3496 4476 ἐκ
3554 4442 3614 4477 τε
3657 4426 3757 4494 τῆς

511 4531 694 4575 nostra
720 4522 1077 4592 humanitate,
1105 4541 1224 4595 qua:
1241 4530 1452 4597 propria
1478 4545 1572 4583 sua
1601 4533 1805 4586 ratione
1836 4535 2071 4602 perfecte

2191 4525 2296 4577 ιαῡ¹
2342 4525 2487 4593 ἡμᾶς
2541 4522 2996 4593 ἀνθρωπότητος,
3060 4519 3283 4581 τελείως
3334 4517 3564 4588 ἐχούσης
3614 4520 3756 4571 κατὰ

509 4624 631 4664 sese
688 4611 899 4675 habeat,
945 4624 1002 4667 et
1049 4627 1113 4667 ex
1154 4612 1290 4669 Filio
1341 4618 1429 4686 qui
1485 4620 1801 4675 naturaliter
1848 4638 1911 4675 ex
1964 4622 2074 4677 Deo

512 4702 779 4769 apparuit,
811 4704 911 4758 hoc
935 4714 1019 4758 est
1068 4705 1373 4777 Unigenito.
1428 4710 1735 4766 Asserimus
1782 4723 1959 4766 autem
2004 4730 2070 4768 ex

510 4791 851 4860 iturqualium
919 4794 1368 4866 dissimilimuque
1418 4810 1731 4855 naturarum
1781 4818 2072 4874 congressu

511 4882 1253 4952 tnetmrrabiliqueconcursu
1297 4887 1551 4942 unitatem
1607 4890 1739 4945 ﬁeri.
1790 4889 1963 4945 Unum
2000 4902 2075 4945 ta-

513 4987 633 5025 men
664 4972 933 5027 Christum
969 4985 1023 5029 et
1060 4974 1366 5041 Deminum,
1396 4994 1459 5032 ac
1482 4978 1675 5033 Filium
1702 4983 2068 5051 agnoscimus,

504 5063 635 5114 etin
677 5062 865 5117 eodem
915 5065 1174 5120 exsistere
1229 5077 1387 5135 atque
1429 5069 1651 5140 intelligi
1682 5072 1864 5125 .Deum
1914 5074 2077 5127 simul

508 5162 561 5205 et
587 5153 875 5208 hominem.
934 5156 1251 5211 lndivulsam
1303 5170 1479 5213 autem
1528 5162 1752 5215 cumino
1810 5163 2069 5217 unitatem

509 5244 643 5296 tueri
670 5247 1060 5313 consuevimus,
1092 5250 1333 5303 eumdem
1358 5264 1477 5304 esse
1510 5251 1790 5307 credentes
1815 5263 1870 5307 et
1887 5254 2072 5324 unige-

510 5334 679 5387 nitnm
715 5346 769 5390 et
797 5338 1232 5409 primogenitum.
1271 5340 1614 5413 Unigenitum
1647 5344 1888 5413 quidem,
1910 5346 2073 5401 veluti

508 5440 572 5475 ex
615 5424 722 5478 Deo
756 5426 911 5482 Patre
939 5430 1195 5496 Verbum,
1248 5433 1497 5502 quodque
1525 5448 1591 5487 ex
1621 5436 1856 5489 essentia
1908 5436 2075 5505 ipsius

508 5518 797 5584 apparuit;
848 5521 1258 5591 primogenitum
1312 5534 1514 5588 autem,
1565 5535 1831 5593 quatenus
1898 5529 2071 5581 factus

508 5616 584 5657 est
624 5608 803 5671 homo.
836 5621 887 5665 et
918 5612 966 5665 in
992 5614 1175 5670 multis
1217 5615 1471 5672 fratribus
1504 5617 1568 5671 ³⁸.
1611 5618 2070 5683 Quemadmodum

580 5787 620 5817 "
662 5786 817 5843 llebr.
852 5807 922 5845 tv.
961 5792 1044 5846 12.

1124 5796 1166 5825 ³³
1190 5795 1343 5853 Joau.
1374 5814 1484 5866 τιν,
1518 5799 1551 5854 6
1627 5800 1669 5831 ³³
1703 5799 1865 5855 lixod.
1896 5816 1976 5869 Ill,
2026 5802 2104 5857 li.

2180 4616 2272 4668 τὸν
2306 4615 2435 4667 ἴδιον
2462 4614 2639 4682 λόγον,
2684 4613 2778 4665 καὶ
2811 4615 2872 4666 ὲκ
2895 4610 2989 4665 τοῦ
3023 4612 3322 4682 πείρηνότος
3349 4612 3411 4664 ἐκ
3446 4610 3583 4663 Θεοῦ
3615 4611 3758 4664 κατὰ

2181 4708 2343 4777 φύσιν
2372 4706 2501 4760 Υἱοῦ
2523 4749 2536 4769 ,
2570 4706 2817 4759 τουτέστι
2839 4746 2852 4769 ,
2887 4704 2980 4757 τοῦ
3012 4704 3369 4773 Μονογενοῦς.
3412 4704 3758 4773 Διῖσχυριζό-

2184 4801 2323 4871 μεθα
2354 4801 2410 4853 δὲ
2438 4840 2450 4861 ,
2485 4799 2701 4852 σύνοδον
2734 4797 2834 4866 μὲν
2864 4814 2988 4849 τινα
3017 4798 3109 4850 καὶ
3136 4795 3234 4867 τὴν
3267 4796 3407 4867 ὑπὲρ
3432 4795 3591 4864 λόγον
3628 4814 3755 4849 συν-

2180 4893 2388 4965 δρομὴν
2417 4892 2495 4954 εἰς
2532 4891 2745 4953 ἕνωσιν,
2780 4890 2983 4941 ἀνίσων
3008 4905 3067 4940 τε
3117 4888 3212 4942 καὶ
3238 4887 3506 4957 ἀνομοίων
3538 4887 3755 4959 πεπρά-

2181 4985 2308 5055 χθαι
2332 4983 2549 5053 φύσεων
2567 5001 2579 5011 ·
2615 4982 2713 5034 ’ἑνα
2744 4981 2787 5034 δ’
2822 4975 2915 5035 οὖν
2939 4981 3088 5050 ὅμως
3116 4980 3369 5049 Χριστὸν,
3404 4980 3499 5032 καὶ
3525 4979 3753 5050 Κύριον,

2182 5076 2277 5129 καὶ
2305 5074 2434 5128 Υἱὸν
2468 5073 2930 5143 ἐπιγινώσκομεν,
2976 5075 3035 5123 ὲν
3074 5070 3257 5141 ταυτῷ
3307 5071 3400 5123 καὶ
3435 5070 3755 5142 ὑπάρχοντα

2182 5168 2277 5218 καὶ
2312 5165 2603 5234 νοούμενον
2625 5165 2759 5217 Θεόν
2786 5181 2845 5216 τε
2875 5164 2968 5217 καὶ
3012 5164 3312 5235 ἄνθρωπον.
3361 5164 3753 5219 ’Λδιάσπαστον

2179 5258 2236 5310 δὲ
2284 5256 2565 5320 παντελῶς
2602 5258 2700 5324 τὴν
2739 5257 2934 5308 ἕνωσιν
2982 5257 3258 5325 διατηρεῖν
3302 5255 3618 5325 εἰθίσμεθα,
3665 5257 3754 5309 τὸν

2177 5348 2341 5401 αὑτὸν
2363 5344 2501 5401 εἶναι
2532 5348 2905 5412 πιστεύοντες,
2944 5350 3036 5401 καὶ
3068 5348 3328 5418 μονογενῆ
3358 5350 3451 5402 καὶ
3478 5352 3749 5420 πρωτότο-

2174 5458 2287 5492 κον·
2322 5440 2602 5507 Μονογενῆ
2641 5442 2757 5509 μὲν,
2792 5440 2866 5502 ὡς
2902 5444 2964 5492 ἐκ
3001 5440 3134 5492 Θεοῦ
3184 5441 3395 5511 Πατρὸς
3430 5442 3623 5510 Λόγον,
3660 5444 3750 5495 καὶ

2174 5534 2237 5583 ἐκ
2287 5533 2384 5600 τῆς
2425 5533 2610 5595 οὐςίας
2647 5530 2809 5584 αὑτοῦ
2841 5532 3139 5600 πεφηνότα·
3178 5533 3523 5604 πρωτότοκον
3567 5534 3625 5586 δὲ
3656 5530 3742 5599 αὖ,

2175 5623 2306 5675 καθὸ
2348 5622 2567 5690 γέγονεν
2614 5625 2927 5691 ἄνθριτρπος.
2975 5625 3063 5678 7.1".
3116 5628 3171 5678 ἐν
3214 5627 3423 5689 πολλοῖς
3474 5627 3742 5695 ἀδελφοῖς.

2207 5802 2245 5825 ξ¹“
2278 5802 2435 5857 llum.
2471 5818 2583 5861 vui.
2611 5806 2701 5856 ειν.
