4006 6456
569 391 708 449 1315

1581 380 1639 439 S.
1677 380 1951 438 CYRILLI
1993 378 2461 437 ALEXANDRINI
2500 375 2821 433 ARCHIEI'.

3664 371 3799 427 1216

570 514 800 565 ctioues.
839 508 1082 563 Esnrisse
1105 504 1246 560 enirn
1272 504 1487 569 dicitur,
1510 514 1563 557 et
1595 503 1804 559 labores
1834 519 1901 557 ex
1950 502 2123 573 longis

2231 500 2377 564 nitu.
2419 500 2587 569 πάθη.
2637 498 2895 564 Πεινῆσαι
2936 494 3043 567 γάρ
3083 494 3325 564 λέγεται,
3366 492 3575 555 κόπους
3610 508 3669 544 τε
3703 493 3805 546 ὑπ-

567 599 986 670 prol‘octionibns
1017 597 1295 661 tolerasse,
1328 610 1574 666 pavorem
1616 595 1776 651 etiam
1828 609 1890 648 ac
1935 604 2129 657 metus,

569 693 804 751 dolorem
830 698 884 743 et
924 704 1234 752 maerorem,
1291 697 1519 743 mortem
1584 686 1815 756 denique
1866 687 1918 738 in
1972 700 2132 739 cruce

566 786 818 841 subiisse.
847 782 1085 851 Cogeute
1124 783 1265 837 enim
1296 781 1507 833 nemine
1576 781 1811 834 animam
1847 795 1997 833 suam
2037 794 2131 847 pro

566 875 724 930 nobis
754 874 1015 944 posuit",
1049 882 1104 927 ut
1142 872 1366 927 mortuis
1399 870 1555 925 simul
1580 881 1637 925 et
1687 871 1989 926 viventibus
2037 872 2134 923 do-

565 966 802 1020 minetur
828 964 893 1018 “.
917 964 1148 1019 Carnem
1178 976 1407 1030 namque
1438 975 1589 1017 suam
1622 975 1719 1029 pro
1748 959 1985 1015 omnium
2012 974 2132 1012 car-

567 1074 634 1112 ne
662 1058 993 1126 persolvens,
1023 1054 1218 1111 donum
1254 1070 1439 1108 revera
1486 1054 1737 1109 omnibus
1781 1050 2128 1121 mquivaleus,

568 1152 802 1205 animam
832 1149 991 1201 etiam
1025 1162 1176 1203 suam
1214 1146 1451 1201 omnium
1483 1147 1782 1197 animarum
1810 1140 2126 1210 redemptio-

568 1242 651 1295 nis
679 1240 908 1307 pretinm
944 1238 1114 1301 dedit,
1141 1237 1351 1291 tametsi
1408 1242 1621 1290 rursdm
1680 1236 1957 1295 revixerit,
2016 1233 2124 1284 vita

565 1330 882 1385 naturaliter
921 1328 1212 1393 euistens,
1269 1336 1326 1382 nt
1366 1326 1524 1380 Deus.
1578 1325 1787 1379 Idcirco
1818 1334 1872 1377 et
1912 1322 2128 1376 divinus

562 1422 754 1476 Petrus
785 1423 853 1474 ita
886 1422 997 1474 ait:
1041 1437 1059 1471 ι
1096 1418 1208 1473 Viri
1242 1418 1461 1484 tratres,
1518 1404 1677 1473 liceat
1746 1416 2005 1469 audenter
2048 1413 2130 1467 di-

562 1526 693 1567 cere
708 1512 771 1564 ad
800 1521 895 1566 Vos
928 1512 994 1566 de
1022 1510 1326 1580 patriarcha
1366 1508 1816 1578 David,quouiam
1846 1507 2135 1561 defunctus

560 1610 648 1656 est
680 1612 733 1654 ct
768 1602 1011 1671 sepultus
1041 1610 1144 1665 est,
1174 1608 1229 1655 et
1269 1599 1572 1668 sepulcrum
1600 1597 1715 1666 ejus
1744 1605 1827 1652 est
1856 1596 1992 1665 apud
2033 1609 2129 1648 nos

565 1709 736 1761 usque
766 1694 818 1747 in
862 1692 1178 1747 hodiernum
1214 1691 1375 1749 diem.
1403 1691 1663 1760 Propheta
1694 1690 1854 1759 igitur
1882 1703 2001 1741 cum
2043 1701 2127 1741 es-

563 1792 740 1844 set,“
768 1782 929 1835 sciret
957 1779 1694 1851 quiajurejurandojurasset
1746 1779 1818 1833 illi
1884 1779 2025 1832 Deus
2062 1779 2127 1831 de

2233 594 2475 659 ενεγκεϊν
2503 591 2628 651 τοὺς
2670 591 2733 640 ἐκ
2770 587 2996 657 μακρῶν
3017 585 3356 655 ὁδοιπορῶν,
3401 584 3600 647 πτοίας
3630 600 3687 636 τε
3715 586 3804 637 καὶ

2233 683 2453 752 φόϐους,
2492 682 2583 733 καὶ
2630 681 2805 747 λύπην
2842 678 2938 731 καὶ
2982 676 3246 745 ἀγωνίαν,
3296 676 3391 729 καὶ
3437 676 3532 728 τὸν
3598 676 3692 729 ἐπὶ
3730 674 3807 745 τῷ

2232 775 2451 844 σταυρῷ
2480 774 2724 827 θάνατον.
2764 768 3261 837 Ἐπαναγκάζοντος
3297 767 3406 838 γὰρ
3436 766 3683 829 οὐδενὸς,
3720 766 3807 820 τέ-

2230 868 2410 921 θεικεν
2429 866 2521 932 ἀφ’
2544 862 2738 916 ἑαυτοῦ
2759 862 2857 931 τὴν
2880 858 3017 913 ἰδίαν
3046 858 3222 929 ψυχὴν
3240 858 3381 928 ὑπὲρ
3403 856 3589 927 ἡμῶν,
3612 856 3699 907 ἵνα
3715 856 3809 907 καὶ

2231 957 2439 1027 νεκρῶν
2470 957 2561 1009 καὶ
2593 953 2809 1019 ζώντων
2836 950 3121 1021 κυριεύσῃ.
3152 949 3339 1019 Σάρκα
3385 948 3490 1017 μὲν
3530 949 3634 1016 τὴν
3676 948 3807 1000 ίδίαν

2228 1049 2326 1117 τῆς
2368 1047 2619 1101 ἁπάντων
2672 1042 2872 1113 σαρκὸς
2914 1040 3328 1104 ἀνταποτιννὺς,
3375 1041 3551 1110 δῶρον
3584 1038 3802 1108 ἀληθῶς

2228 1137 2499 1201 ἀντάξιον,
2539 1136 2715 1205 ψυχὴν
2754 1134 2810 1186 δὲ
2840 1133 3016 1202 ψυχῆς
3050 1132 3364 1202 ἀντίλυτρον
3398 1135 3499 1202 τῆς
3548 1132 3810 1184 ἀπάντων

2229 1228 2571 1297 ποιούμενος,
2614 1228 2662 1279 εί
2717 1228 2809 1279 καὶ
2853 1224 3055 1278 ἀνεϐίω
3086 1224 3268 1287 πάλιν,
3297 1223 3409 1293 ζωὴ
3459 1238 3608 1276 κατα
3650 1222 3811 1291 φύσιν

2228 1322 2487 1391 ὑπάρχων
2532 1320 2605 1384 ὡς
2638 1319 2795 1381 Θεός.
2846 1320 2955 1373 Καὶ
2986 1318 3117 1386 γοῦν
3161 1319 3190 1370 6
3232 1316 3526 1381 θεσπέσιος
3575 1316 3806 1387 Πέτρος,

2234 1432 2252 1465 ι
2279 1413 2505 1482 Ἀνδρες
2533 1410 2777 1479 ἀδελφοὶ,
2809 1410 2993 1480 φησὶν,
3026 1409 3145 1475 ἐξὸν
3186 1411 3360 1461 εἰπεῖν
3406 1408 3552 1477 μετά
3587 1410 3813 1477 παρρη-

2230 1503 2347 1565 σίας
2379 1502 2511 1571 πρὸς
2534 1501 2677 1569 ὑμᾶς
2701 1498 2829 1569 περὶ
2866 1498 2963 1551 τοῦ
3001 1500 3339 1569 πατριάρχου
3373 1497 3563 1560 Δαδὶδ,
3588 1499 3673 1549 ὅτι
3716 1499 3815 1551 καὶ

2227 1596 2545 1666 ἐτελεύτησε
2573 1594 2667 1647 καὶ
2702 1594 2899 1660 ἐτάφη,
2934 1593 3028 1645 καὶ
3052 1593 3110 1644 τὸ
3138 1590 3330 1661 μνῆμα
3360 1590 3529 1643 αὐτοῦ
3566 1592 3719 1641 ἐστιν
3754 1588 3814 1640 ἐν

2227 1689 2357 1756 ἡμῖν
2395 1686 2520 1757 ἄχρι
2545 1685 2641 1753 τῆς
2664 1684 2877 1753 ἡμέρας
2907 1682 3131 1751 ταύτης.
3176 1680 3468 1751 Προφήτης
3504 1676 3601 1732 οὖν
3628 1679 3813 1749 ὑπάρ-

2226 1794 2357 1847 χων,
2389 1776 2481 1829 καὶ
2520 1772 2694 1838 εἰδὼς,
2720 1774 2803 1826 ὅτι
2847 1773 2994 1841 ὅρκῳ
3042 1770 3256 1841 ὤμοσεν
3301 1770 3451 1840 αὐτῷ
3482 1772 3512 1823 ὁ
3544 1769 3699 1831 Θεὸς,
3746 1772 3816 1822 ἐκ

562 1870 737 1924 fructu
767 1870 928 1926 lumbi
955 1870 1071 1940 ejus
1095 1873 1283 1927 sedere
1318 1885 1478 1939 super
1508 1870 1689 1924 sedem
1734 1867 1870 1933 ejus,
1931 1867 2119 1935 praevi-

2231 1866 2445 1937 καρποῦ
2487 1866 2589 1934 τῆς
2635 1862 2836 1932 ὀσφύος
2879 1860 3043 1915 αὐτοῦ
3079 1859 3299 1913 καθίσαι
3342 1861 3437 1912 ἐπὶ
3483 1862 3577 1913 τὸν
3615 1862 3815 1931 θρόνον

562 1962 696 2016 dens
724 1961 938 2015 locutus
956 1970 1038 2019 est
1069 1961 1137 2015 de
1164 1962 1558 2017 resurrectione
1588 1959 1812 2023 Christi,
1864 1958 1985 2026 quia
2032 1973 2125 2011 ne-

561 2065 667 2118 que
689 2049 949 2104 derelicta
971 2062 1054 2105 est
1089 2050 1143 2105 in
1170 2050 1378 2104 inferno
1406 2050 1581 2105 anima
1613 2051 1749 2113 ejus,
1777 2063 1954 2119 neque
2002 2063 2128 2101 caro

562 2140 680 2207 eius
705 2142 838 2193 vidit
868 2141 1268 2209 corruptionem
1296 2139 1363 2193 “.
1398 2158 1416 2190 ι
1460 2138 1641 2206 Neque
1672 2139 1815 2193 enim
1872 2138 1949 2191 fas
1970 2135 2130 2191 fuerit

562 2234 737 2287 dicere
759 2244 1027 2299 perpetua
1057 2232 1385 2301 corruptioni
1405 2231 1693 2286 obnoxiam
1728 2244 1853 2283 esse
1892 2231 2129 2299 potuisse

559 2336 778 2376 earuem
814 2319 986 2376 Verbo
1010 2321 1213 2375 unitam
1242 2339 1255 2385 ;
1300 2335 1471 2387 neque
1502 2334 1688 2376 rursus
1741 2319 1973 2372 divinant
2014 2320 2127 2372 ani-

561 2427 703 2467 mum
730 2414 901 2479 portis
931 2412 1125 2465 inferni
1152 2410 1467 2478 subjectum.
1504 2409 1632 2461 Nam
1659 2410 1710 2462 in
1736 2408 1947 2465 infcruu
1975 2410 2127 2465 dere-

564 2504 722 2555 lictus
751 2520 851 2556 non
874 2513 975 2567 est,
999 2513 1055 2555 ut
1078 2503 1288 2555 divinus
1320 2502 1482 2575 693
1506 2501 1695 2554 Petrus
1719 2502 1813 2555 ait.
1838 2500 1952 2556 Non
1985 2502 2123 2554 enim

565 2602 809 2645 naturam
839 2607 956 2661 qua:
989 2609 1017 2645 τι
1043 2602 1213 2647 morte
1232 2592 1615 2661 comprehendi
1650 2602 1701 2645 et
1729 2592 1868 2646 vinci
1896 2608 1999 2645 non
2036 2608 2125 2659 pu-

564 2693 687 2746 test.
717 2684 820 2739 hoc
842 2695 948 2747 est,
984 2684 1323 2738 divinitatem
1352 2682 1644 2750 Uuigeniti,
1687 2698 1719 2738 e
1758 2684 2126 2737 subterraneis

562 2776 833 2843 specubus
866 2777 1137 2835 reductam
1191 2776 1286 2830 ait.
1342 2772 1528 2842 Neque
1588 2773 1729 2827 enim
1764 2771 2126 2825 admiratione

562 2866 718 2936 digna
748 2882 832 2920 res
851 2878 1015 2925 esset,
1042 2866 1087 2919 si
1125 2882 1229 2919 non
1280 2866 1476 2919 mansit
1511 2865 1562 2916 in
1620 2862 1831 2917 inferno
1867 2861 2123 2924 Verbum,

560 2958 703 3027 quod
736 2958 963 3012 Deitatis
989 2958 1223 3010 ellicacia
1249 2965 1303 3010 et
1327 2966 1519 3009 natura
1568 2952 1873 3008 admirabili
1945 2962 1999 3005 et
2044 2967 2126 3005 ra-

564 3054 760 3106 tionem
784 3054 1078 3105 excedente
1104 3049 1261 3104 modo
1274 3047 1457 3102 omnia
1486 3046 1669 3112 implet
1693 3044 1981 3112 onmiaquc
2000 3058 2124 3110 per-

558 3151 722 3193 sueat.
751 3138 1008 3205 Superiur
1030 3139 1171 3192 enim
1206 3149 1285 3194 est
1330 3137 1479 3192 oruni
1514 3136 1631 3192 loco
1680 3146 1733 3189 et
1782 3133 2123 3188 circumscri-

560 3234 766 3300 ptione,
795 3231 1263 3299 magnitudineque
1297 3229 1646 3284 mensurabiii
1682 3228 1884 3283 Deitas,
1918 3239 2013 3277 uec
2061 3224 2127 3278 ab
2155 3208 2195 3263 (ἶ

562 3322 667 3377 ullo
697 3321 1021 3376 continetur.
1054 3321 1181 3377 Illud
1217 3337 1343 3374 vero
1394 3319 1593 3373 nemini
1642 3336 1747 3373 nou
1788 3334 2133 3387 summopere

561 3413 931 3468 admirandum
961 3419 1063 3469 est.
1093 3412 1240 3481 quod
1266 3426 1461 3480 corpus
1490 3420 1679 3463 natura
1734 3425 1826 3466 sua
1874 3410 2135 3475 corrupti-

563 3506 666 3559 bile
694 3505 968 3567 revixerit,
1023 3504 1289 3572 siquidem
1348 3501 1743 3570 incorruptibili
1805 3502 1979 3556 Verbo
2021 3502 2136 3554 uni-

563 3608 675 3650 tum
709 3595 1063 3652 erat.Auima
1112 3604 1292 3650 autem
1349 3594 1552 3657 divina,
1602 3610 1721 3663 qnze
1782 3610 2131 3664 congressum

561 3696 723 3755 atque
752 3688 1011 3741 unitatem
1052 3702 1172 3740 cum
1204 3685 1378 3741 Verbo
1407 3696 1695 3743 consecuta
1737 3695 1876 3751 erat,
1909 3686 2132 3740 descen-

561 3779 639 3833 dit
669 3777 883 3844 quidem
915 3778 965 3830 in
998 3776 1289 3842 infernum,
1322 3786 1376 3830 et
1409 3776 1585 3831 divina
1632 3778 1869 3845 potentia
1910 3776 2131 3831 faculta-

559 3881 721 3938 teque
748 3869 1115 3934 utens,etiam
1153 3868 1433 3937 spiritibus
1460 3869 1511 3923 in
1549 3868 1761 3925 inferno
1813 3869 2133 3924 constitutis

560 3960 827 4030 apparuit.
853 3960 1055 4017 Idcirco
1081 3963 1241 4013 etiam
1267 3961 1401 4015 dixit
1432 3961 1503 4018 iis
1518 3962 1608 4030 qui
1632 3962 1683 4014 in
1703 3962 1933 4015 vinculis
1953 3971 2133 4026 erant,

564 4070 584 4102 4
631 4051 824 4107 Exite:
871 4062 928 4104 et
975 4052 1039 4105 iis
1069 4052 1161 4120 qui
1194 4053 1245 4104 in
1272 4052 1529 4117 tenebris,
1553 4050 1880 4107 Revelamini
1908 4053 1972 4107 “.
2009 4072 2028 4104 ›
2058 4055 2134 4108 Ac

561 4143 694 4200 mihi
726 4143 939 4210 quidem
972 4143 1295 4206 ejnscentodi
1326 4143 1525 4213 aliquid
1559 4143 1739 4199 dicere
1765 4145 1977 4199 videtur
2003 4145 2131 4199 ben-

560 4242 647 4287 tus
680 4230 870 4287 Petrus
899 4233 965 4287 de
984 4231 1158 4288 Verbo
1185 4234 1299 4297 Dei,
1329 4234 1501 4303 deque
1538 4235 1715 4291 anima
1769 4251 1888 4305 quae
1926 4237 1975 4291 ei
2033 4252 2133 4305 per

561 4327 1015 4394 dispensationem
1058 4327 1203 4380 unita
1224 4336 1327 4381 est.
1388 4345 1405 4378 ι
1453 4325 1641 4385 Melius
1696 4336 1800 4395 est,
1858 4329 2129 4399 inquiens,

563 4415 963 4472 hcuefacieutes
990 4416 1060 4487 (si
1092 4418 1340 4473 voluntas
1370 4416 1464 4473 Dei
1497 4418 1791 4489 velit)pati,
1824 4435 1984 4490 quam
2020 4435 2131 4473 ma-

2231 1958 2420 2020 αύτοῦ,
2467 1955 2703 2027 προῖδὼν
2748 1954 2977 2024 ἐλάλησε
3017 1953 3278 2023 περὶτῆς
3329 1953 3685 2015 ἀναστάσεως
3713 1952 3814 2007 τοῦ

2230 2046 2490 2119 Χριστοῦ,
2532 2046 2614 2099 ὅτι
2653 2044 2775 2099 οὔτε
2828 2042 3220 2113 ἐγκατελείφθη
3278 2044 3356 2105 είς
3392 2043 3527 2113 ᾅδην
3570 2044 3604 2110 ἡ
3659 2042 3813 2114 ψυχὴ

2229 2138 2414 2199 αὑτοῦ,
2446 2136 2627 2206 οὗτεή
2664 2136 2801 2206 σάρξ
2825 2133 2990 2188 αὑτοῦ
3028 2130 3136 2186 εἶδε
3166 2125 3484 2203 διαφθορᾶν.
3518 2153 3535 2183 ι
3572 2133 3649 2185 Ού
3698 2134 3815 2205 γάρ

2228 2247 2309 2281 τοι
2337 2230 2493 2297 θέμις
2522 2228 2716 2291 εἰπεῖν,
2750 2223 2926 2294 φθορᾷ
2961 2223 3059 2292 μὲν
3091 2221 3350 2277 δύνασθαι
3379 2221 3708 2292 κρατεῖσθαι
3732 2222 3812 2275 δι-

2229 2324 2412 2392 ηνεκεῖ
2438 2321 2536 2389 τὴν
2564 2319 2860 2372 ὲνωθεῖσαν
2883 2316 2962 2387 τῷ
2988 2316 3145 2387 Λόγῳ
3179 2316 3377 2385 σάρκα,
3395 2314 3629 2385 κάτοχον
3660 2316 3716 2368 δὲ
3743 2311 3815 2370 αὖ

2228 2418 2344 2479 ταῖς
2386 2414 2511 2483 ᾂδου
2555 2411 2751 2473 πύλαις
2790 2412 2891 2480 τὴν
2942 2410 3093 2463 θείαν
3134 2408 3387 2476 γενέσθαι
3436 2407 3642 2478 ψυχήν.
3694 2410 3816 2461 οὐκ

2228 2503 2621 2573 ἐγκατελείφθη
2665 2502 2771 2573 γὰρ
2816 2503 2898 2565 είς
2936 2500 3084 2571 ᾅδου,
3134 2500 3280 2553 καθά
3325 2500 3420 2553 καὶ
3452 2502 3478 2552 ὁ
3519 2500 3814 2564 θεσπέσιος

2227 2596 2331 2665 ἔφη
2356 2595 2580 2666 Πέτρος.
2617 2594 2692 2646 Οὐ
2732 2593 2840 2661 γάρ
2874 2609 2975 2644 που
3004 2592 3105 2661 τήν
3148 2607 3211 2658 γε
3254 2590 3492 2660 ἄληπτον
3526 2591 3816 2654 παντελῶς

2228 2687 2321 2739 καὶ
2354 2686 2624 2740 ἀνάλωτον
2657 2683 2735 2753 τῷ
2770 2683 2985 2753 θανάτῳ
3024 2682 3206 2753 φύσιν,
3242 2683 3515 2746 τουτέστι,
3552 2683 3654 2752 τὴν
3689 2682 3814 2735 θεός

2226 2797 2365 2850 τητα
2404 2779 2495 2832 τοῦ
2543 2775 2904 2845 Μονογενοῦς,
2949 2774 3058 2829 τῶν
3091 2775 3193 2828 ὑπὸ
3237 2775 3401 2844 χθόνα
3444 2775 3637 2843 μυχῶν
3678 2776 3815 2827 ἀνα-

2228 2872 2551 2941 κεκομίσθαι
2582 2871 2765 2940 φησίν.
2792 2872 2868 2923 Ού
2896 2870 3002 2939 γὰρ
3034 2869 3098 2923 ἂν
3120 2867 3330 2937 ἠξιώθη
3359 2868 3419 2920 τὸ
3450 2868 3640 2937 χρῆμα
3674 2868 3811 2920 θαύ-

2231 2979 2418 3031 ματος,
2458 2963 2505 3013 εί
2542 2962 2615 3031 μὴ
2646 2961 2953 3030 μεμένηκεν
2983 2961 3061 3022 είς
3092 2959 3181 3011 τὸν
3213 2958 3346 3029 ᾅδην
3375 2961 3401 3011 ὁ
3440 2960 3504 3010 ἐκ
3540 2957 3677 3009 Θεοῦ
3710 2959 3813 3011 Λό-

2228 3070 2341 3119 γος,
2380 3055 2446 3122 τῇ
2480 3053 2579 3121 τῆς
2607 3051 2859 3119 θεότητος
2892 3051 3141 3121 ἐνεργείᾳ
3174 3068 3233 3103 τε
3263 3050 3359 3103 καὶ
3399 3049 3581 3118 φύσει,
3620 3067 3809 3119 παρα-

2225 3143 2391 3207 δόξως
2422 3144 2515 3196 καὶ
2551 3143 2687 3211 ὑπὲρ
2739 3142 2921 3209 λόγον,
2964 3143 3188 3212 πληρῶν
3232 3142 3329 3213 μὲν
3363 3142 3432 3195 τὰ
3474 3144 3674 3207 πάντα,
3714 3146 3813 3195 καὶ

2234 3235 2345 3294 τοῖς
2393 3234 2559 3285 πᾶσιν
2608 3231 2914 3301 ἐπιδημῶν.
2987 3231 3268 3301 Ἀνωτὲρω
3324 3233 3431 3302 γὰρ
3480 3234 3671 3297 τόπου,
3715 3234 3812 3285 καί⁵

2237 3320 2619 3392 περιορισμοῦ,
2651 3320 2742 3372 καὶ
2776 3320 3043 3390 μεγέθους
3076 3302 3345 3391 μὶτρητοῦ
3378 3323 3435 3375 το
3465 3323 3643 3384 Θείον,
3677 3324 3811 3375 αὐτὸ

2234 3412 2289 3464 δὲ
2319 3412 2422 3462 ὑπὸ
2453 3410 2675 3482 μηδενὸς
2698 3410 3063 3481 χωρούμενον.
3089 3412 3399 3481 Παράδοξον
3420 3412 3496 3477 δὲ,
3527 3415 3620 3466 καὶ
3635 3415 3809 3467 οὐδενὶ

2236 3504 2343 3559 τῶν
2376 3503 2542 3557 ὄντων
2568 3502 2940 3573 ἀθαύμαστον,
2980 3502 3061 3555 ὅτι
3092 3502 3250 3573 σῶμα
3288 3504 3384 3573 μὲν
3419 3504 3621 3557 ἀνεόίω
3650 3505 3711 3557 τὸ
3742 3507 3810 3575 τῇ

2237 3594 2393 3663 φύσει
2451 3592 2705 3664 φθαρτὸν,
2749 3594 3023 3664 συνήνωςο
3050 3594 3159 3664 γάρ
3194 3594 3271 3665 τῷ
3313 3595 3576 3666 ἀφθάρτῳ
3625 3598 3806 3667 Λόγῳ.

2236 3685 2396 3755 Ψυχὴ
2430 3684 2487 3736 δὲ
2524 3685 2557 3753 ἡ
2603 3683 2744 3748 θεία,
2796 3683 2893 3754 τὴν
2925 3684 3060 3755 πρὸς
3115 3686 3277 3739 αὑτὸν
3311 3686 3553 3756 λαχοῦσα
3590 3689 3808 3759 συνδρο-

2238 3778 2345 3843 μήν
2375 3793 2432 3827 τε
2464 3775 2557 3829 καὶ
2578 3775 2770 3827 ’ἐνωσιν
2800 3776 3244 3845 καταπεφοίτῃκε
3274 3775 3372 3846 μὲν
3397 3778 3475 3837 εἰς
3507 3776 3660 3846 ᾅδου,
3690 3778 3808 3830 θεοε-

2237 3870 2437 3937 πρεπεῖ
2471 3867 2528 3919 δὲ
2548 3867 2773 3937 δυνάμει
2827 3866 2919 3919 καὶ
2959 3867 3175 3939 ἐξουσίᾳ
3218 3870 3513 3939 χρωμένη,
3565 3870 3664 3923 καὶ
3700 3874 3807 3935 τοῖς

2236 3962 2415 4013 ἐκεῖσε
2450 3958 2727 4028 πνεύμασι
2758 3959 3139 4027 κατεφαίνετο.
3165 3961 3456 4031 Τοιγάρτοι
3482 3962 3578 4013 καὶ
3605 3962 3807 4029 ἔφασκε

2233 4054 2341 4113 τοῖς
2379 4052 2435 4103 ἐν
2458 4050 2698 4119 δεσμοῖς,
2732 4068 2750 4101 ι
2787 4050 3084 4116 Ἐξέλθετε,
3121 4051 3214 4103 καὶ
3251 4054 3362 4115 τοῖς
3402 4053 3458 4104 ἐν
3498 4052 3577 4122 τῷ
3607 4054 3806 4119 σκότει,

2246 4143 2708 4213 ’Λνακαλύφθητε.
2749 4162 2767 4194 ι
2798 4143 2906 4196 Καί
2958 4160 3048 4214 μοι
3077 4144 3244 4209 δοκεῖ,
3282 4146 3445 4214 φάναι
3471 4163 3525 4198 τι
3562 4146 3806 4199 τοιοῦτον

2234 4237 2327 4288 καὶ
2358 4238 2386 4289 ὁ
2418 4236 2689 4307 μακάριος
2720 4238 2926 4307 Πέτρος
2957 4236 3085 4305 περί
3113 4252 3174 4288 τε
3198 4236 3292 4289 τοῦ
3322 4236 3455 4289 Θεοῦ
3486 4238 3686 4305 Λόγου,
3720 4241 3807 4291 καὶ

2232 4327 2330 4396 τῆς
2390 4328 2514 4381 καθ’
2562 4328 2759 4382 ἕνωσιν
2820 4329 3170 4399 οἰκονομικὴν
3212 4328 3590 4397 γεγενημένης
3641 4331 3807 4383 αὐτοῦ

2230 4418 2427 4488 ψυχῆς,
2460 4437 2478 4469 ι
2507 4418 2765 4489 Κρετττον
2810 4418 2918 4489 γάρ
2968 4415 3455 4488 ἀγαθοποιοῦντας,
3488 4420 3537 4470 εί
3573 4419 3720 4472 θέλοι
3752 4421 3806 4471 τέ

562 4508 895 4571 lefacientes,
947 4510 1071 4577 quia
1126 4517 1181 4565 et
1232 4508 1480 4563 Christus
1525 4512 1691 4564 semel
1738 4526 1835 4581 pro
1898 4512 2129 4582 peccatis

2233 4510 2445 4579 θέλημα
2470 4508 2563 4562 τοῦ
2585 4509 2743 4574 Θεοῦ,
2779 4510 3029 4580 πάσχειν,
3055 4509 3087 4580 ἦ
3122 4506 3575 4572 κακοποιοῦντας,
3603 4510 3688 4562 ὅτι
3718 4512 3805 4563 καὶ

564 4610 812 4653 mortuus
835 4611 933 4663 est,
958 4601 1137 4667 justus
1171 4616 1269 4669 pro
1290 4601 1523 4671 injustis,
1550 4610 1607 4657 ut
1634 4617 1731 4656 nos
1756 4602 1973 4657 olferret
1994 4603 2122 4669 Deo,

562 4689 916 4747 rnortiiicatus
962 4690 1176 4759 quidem
1208 4706 1393 4757 carne,
1426 4692 1730 4748 viviﬁcatus
1758 4702 1940 4747 autem
2002 4694 2126 4764 Spi-

564 4783 665 4835 ritu
697 4799 711 4835 :
749 4782 802 4834 lu
824 4797 950 4848 quo,
989 4784 1179 4849 inquit,
1208 4793 1262 4839 et
1282 4784 1345 4839 iis
1366 4784 1456 4853 qui
1503 4785 1554 4838 itt
1585 4800 1807 4841 carcere
1834 4786 2125 4855 eraanpi—

562 4872 752 4926 ritibus
780 4874 997 4927 veniens
1028 4873 1354 4944 praedicavit,
1394 4874 1485 4946 qui
1535 4875 1824 4944 aliquando
1861 4876 2121 4929 increduli

559 4963 770 5016 fuerant
798 4964 861 5015 ".
891 4984 907 5014 ι
936 4963 1116 5033 Neque
1130 4966 1297 5029 enim,
1328 4975 1385 5020 nt
1408 4967 1662 5030 arbitror,
1690 4968 1909 5031 dixerit,
1933 4968 2127 5020 nudam

561 5054 837 5124 solamque
867 5071 963 5124 per
988 5069 1047 5108 se
1068 5056 1327 5111 Deitatem
1356 5057 1626 5125 Unigeniti
1662 5060 1712 5111 in
1734 5058 1998 5111 infernum
2032 5057 2125 5112 de-

560 5148 834 5201 sceudisse
877 5163 889 5198 :
924 5149 1190 5217 siquidem
1223 5148 1507 5203 invisibilis
1541 5150 1807 5204 exsislens
1853 5150 2132 5219 spiritibus

562 5234 650 5299 qui
682 5234 789 5289 illic
812 5246 989 5301 erant,
1013 5238 1309 5305 praedicare
1339 5240 1563 5295 omnino
1598 5256 1701 5294 nou
1765 5242 1957 5309 potuit.
1986 5240 2130 5294 Prm-

561 5326 789 5379 stautior
819 5328 960 5381 enim
992 5338 1073 5383 est
1111 5330 1290 5385 Deitas
1326 5347 1482 5399 quam
1528 5342 1583 5386 ut
1619 5334 1763 5387 cerni
1804 5334 1999 5401 possit:
2038 5334 2130 5386 sed

564 5430 737 5482 neque
768 5418 1080 5485 imaginaria
1114 5423 1344 5489 quadam
1374 5424 1683 5492 apparentia
1712 5424 2047 5477 divinitatem
2080 5424 2128 5476 in

565 5504 757 5557 animae
804 5507 1035 5575 speciem
1094 5510 1531 5565 transformataut
1598 5515 1987 5577 concedemus;
2040 5515 2129 5565 sed

566 5594 788 5660 perinde
817 5607 978 5667 atque
1006 5600 1070 5654 iis
1100 5602 1186 5669 qui
1224 5604 1396 5656 adhuc
1434 5602 1485 5656 in
1510 5619 1673 5658 carne
1724 5613 2029 5669 versantur,
2058 5607 2126 5659 ita

637 5770 677 5802 δ’
714 5770 884 5829 lJcan
942 5791 1023 5835 lli,
1070 5777 1150 5830 i6.

1231 5781 1271 5809 δ’
1308 5780 1465 5835 ιιοιη.
1512 5796 1621 5844 xw,
1651 5781 1703 5837 9.
1787 5783 1967 5838 “Act.
2004 5798 2061 5840 ιι.
2096 5783 2161 5838 ⁸30
2200 5785 2281 5837 οι.

2230 4604 2259 4655 ὀ
2298 4601 2533 4673 Χριστὸς
2578 4602 2727 4665 ana:
2776 4602 2914 4673 ὑπὲρ
2958 4602 3242 4672 άμαρτιῶν
3282 4600 3519 4654 ἀπέθανε
3545 4642 3559 4665 ,
3600 4603 3806 4665 δίκαιος

2232 4692 2373 4763 ὑπὲρ
2405 4692 2628 4755 ἀδίκων,
2653 4694 2720 4744 ἶν’
2755 4694 2902 4763 ἡμᾶς
2924 4694 3251 4765 προσαγάγῃ
3286 4692 3366 4761 τῷ
3391 4693 3532 4761 Θεῷ,
3558 4694 3803 4747 θανατω-

2231 4785 2343 4848 θεὶς
2362 4786 2545 4856 σαρκὶ,
2572 4784 2925 4855 ζωοποιηθεὶς
2955 4786 3011 4837 δὲ
3036 4784 3325 4853 πνεύματι·
3345 4785 3431 4835 Ἐν
3450 4777 3513 4850 ᾧ,
3534 4786 3689 4854 φησὶ,
3720 4786 3805 4837 καὶ

2231 4882 2343 4941 τοῖς
2374 4880 2432 4930 ἐν
2458 4879 2673 4949 φυλακῇ
2710 4878 2982 4948 πνεύμασι
3018 4877 3300 4948 πορευθεὶς
3328 4877 3616 4945 ἐκήρυξεν,
3648 4879 3809 4931 ἀπει-

2232 4970 2429 5039 θήσασί
2462 4986 2612 5021 ποτε.
2650 4989 2667 5020 ι
2716 4970 2849 5022 Οὐδὲ
2880 4969 2987 5039 γάρ
3016 4964 3169 5039 οἶμαι
3207 4971 3363 5036 φαῖεν
3396 4970 3481 5030 ἀν,
3515 4968 3591 5030 ὼς
3626 4970 3810 5041 γυμνὴ

2232 5062 2325 5116 καὶ
2351 5062 2471 5113 καθ’
2496 5060 2693 5130 ἑαυτὴν
2709 5063 2741 5130 ἡ
2760 5061 2959 5130 Θεότης
2981 5060 3074 5113 τοῦ
3103 5060 3456 5127 Μονογενοῦς,
3476 5063 3808 5127 καταπεφοὶ-

2232 5172 2363 5223 τηκε
2395 5154 2493 5223 μὲν
2533 5155 2611 5215 είς
2650 5154 2799 5224 ᾅδου,
2830 5155 3118 5224 διεκήρυξε
3158 5154 3214 5205 δὲ
3252 5155 3364 5215 τοῖς
3414 5154 3592 5204 ἐκεῖσε
3644 5155 3807 5204 πνεύ-

2231 5260 2383 5312 μασι,
2416 5242 2615 5305 ἀοπτος
2644 5240 2777 5295 οὖσα
2808 5244 3109 5304 παντελῶς.
3135 5244 3401 5311 Κρεῖττον
3434 5241 3541 5310 γάρ
3586 5242 3674 5291 ἀεὶ
3714 5241 3809 5293 τοῦ

2233 5332 2462 5401 ὁρᾶσθαι
2502 5331 2561 5381 τὸ
2594 5332 2766 5393 Θείον,
2799 5332 2910 5384 ἀλλ’
2946 5331 3065 5383 οὐδὲ
3101 5330 3337 5401 δοκήσει,
3382 5331 3473 5381 καὶ
3502 5332 3809 5398 ἐσχηματι-

2241 5424 2476 5491 σμένως,
2516 5424 2591 5485 εἰς
2614 5423 2673 5475 τὸ
2703 5424 2879 5492 ψυχῆς
2914 5420 3048 5485 εἶδος
3076 5423 3242 5491 αὐτὴν
3278 5422 3671 5494 μεμορφῶσθαι
3703 5423 3806 5474 δώ-

2239 5532 2424 5584 σομεν,
2461 5516 2823 5585 παραιτητέον
2857 5516 2912 5567 δὲ
2970 5517 3216 5584 πανταχῆ
3256 5518 3351 5585 τὴν
3389 5516 3606 5584 δόκησιν
3630 5532 3642 5543 ⁸
3692 5516 3807 5567 ἀλλ’

2236 5607 2422 5677 ὥσπερ
2445 5610 2552 5668 τοῖς
2585 5607 2662 5657 ἔτι
2706 5610 2843 5677 μετὰ
2876 5608 3093 5677 σαρκὸς,
3127 5608 3269 5659 οὕτω
3297 5609 3386 5659 καὶ
3417 5610 3535 5671 ταῖς
3568 5610 3646 5670 εἰς
3679 5607 3804 5679 ᾅδου

2364 5784 2404 5811 δ’
2434 5781 2527 5835 lsi.
2564 5800 2703 5841 \th.
2740 5783 2790 5837 9.
2942 5783 3115 5837 ii‘etr.
3165 5801 3240 5842 ltl.
3281 5786 3461 5840 lT-.0.
