4006 6462
200 472 327 528 “il

207 678 475 748 ἁμαρτεῖν
502 677 596 728 τοῦ
656 675 961 744 πρέποντος
996 690 1055 726 τε
1111 673 1205 725 καὶ
1237 671 1493 741 ἀληθοῦς.
1542 670 1633 740 Μὴ
1677 670 1784 739 γάρ

209 788 295 843 μοι
321 768 525 841 διέλῃς,
553 766 686 838 μηδὲ
713 767 921 831 διῖστὰς
952 769 1028 829 εἰς
1060 766 1346 835 ἄνθρωπον
1375 763 1557 826 ίδικῶς
1586 764 1678 815 καὶ
1704 764 1785 824 εὶς

210 860 337 915 Θεὸν
374 860 567 925 Λόγον.
594 857 942 929 διπρόσωπον
971 858 1102 925 ἡμῖν
1126 853 1406 908 ἁνατύπου
1448 853 1540 905 τὸν
1577 854 1785 923 Ἐμμαο

210 953 387 1025 οουήλ.
420 952 513 1022 Μὴ
543 952 651 1020 ἄρα
680 967 763 1013 τις
791 951 924 1019 ἡμῖν
964 948 1189 1010 εἰκότως
1215 946 1632 1016 διαμωμήσαιτο
1657 961 1788 1015 φρο-

211 1046 316 1097 νεῖν
338 1042 615 1112 ἑλομένοις
645 1041 803 1112 ὀρθὸν
831 1039 931 1110 μὲν
962 1038 1133 1098 οὐδὲν,
1186 1040 1369 1091 ἐκεῖνα
1397 1037 1451 1090 δὲ
1494 1036 1715 1107 μᾶλλον,
1752 1035 1786 1087 ἃ

211 1135 301 1190 ἰαὶ
345 1132 433 1187 διὰ
474 1134 573 1202 τῆς
606 1134 769 1200 ἁγίας
804 1129 1167 1200 κατεδικάσθη
1215 1129 1474 1199 Γραφῆςς
1516 1124 1641 1181 Ὦνδε
1679 1128 1787 1197 γάρ

210 1239 289 1287 τις
315 1223 421 1292 ἐφη
445 1221 554 1274 τῶν
578 1218 816 1291 Χριστοῦ
843 1218 1153 1289 μαθητῶν-ι
1176 1217 1361 1287 Ὑμεῖς
1388 1218 1468 1276 δὲ,
1486 1215 1784 1285 ἀγαπητοὶ,

204 1314 488 1385 μνήσθητε
518 1313 627 1365 τῶν
663 1312 928 1381 ῥημάτων
962 1310 1071 1363 τῶν
1102 1309 1517 1382 προειρημένων
1549 1308 1652 1360 ὑπὸ
1680 1308 1787 1360 τῶν

200 1406 528 1460 ἀποστόλων
583 1404 675 1457 τοῦ
730 1403 939 1473 Κυρίου
982 1402 1140 1474 ἡμῶν
1174 1400 1346 1471 Ἰησοῦ
1396 1402 1655 1470 Χριστοῦ,
1706 1400 1786 1452 ὅτι

201 1501 394 1569 ἔλεγον
423 1501 574 1570 ὑμῖν,
606 1500 686 1550 ὅτι
718 1499 801 1550 ἐπ’
836 1498 1079 1567 ἐσχάτων
1105 1495 1213 1548 τῶν
1239 1495 1445 1565 χρόνων
1476 1493 1784 1547 ἐλεύσονται

203 1596 264 1649 ὲν
310 1593 667 1663 ἐμπαιγμονῇ
708 1591 1010 1659 ἐμπαῖκται
1056 1588 1194 1639 κατὰ
1224 1590 1323 1649 τὰς
1361 1586 1568 1640 ἑαυτῶν
1600 1586 1787 1637 ἐπιθυ-

207 1684 340 1756 μίας
370 1683 730 1754 πορευόμενοι
760 1680 868 1733 τῶν
894 1679 1183 1732 ἀσεϐειῶν.
1217 1672 1378 1731 Οῦτοί
1411 1680 1548 1730 εἰσυν
1571 1680 1619 1730 οἱ
1651 1680 1784 1731 ἁπο-

201 1775 533 1847 διορίζοντες
561 1766 802 1843 ψυχῖκοὶ,
830 1770 1047 1840 πνεῦμα
1081 1772 1154 1841 μὴ
1181 1769 1415 1840 ἔχοντες.
1448 1787 1463 1819 ι

276 1865 337 1919 ΒΖ
382 1867 455 1919 Οὐ
496 1865 788 1936 διοριστέον
829 1860 921 1915 οἷν
960 1865 1065 1933 ἄρα
1107 1864 1225 1915 κατ’
1257 1864 1445 1915 οὐδένα
1487 1861 1713 1930 τρόπονς

1321 465 1411 520 ΘΕ
1448 459 1965 520 ΙΧΕΑΠἈΛΤΙΟΝΕ
2012 453 2385 513 ΕΝΙΩΕΝΠΙ.

271 587 335 637 Δ.
383 584 491 637 Καὶ
529 584 636 654 μὴν
677 582 835 636 τουτό
877 580 939 650 γέ
984 582 1134 634 ἐστιν
1168 581 1199 651 ἡ
1249 579 1536 649 πλάνησις,
1580 579 1672 631 καὶ
1724 578 1784 629 τὸ
1822 591 1856 636 ,\

3344 457 3485 513 1329

1961 574 2025 630 Α.
2062 572 2224 642 Atqui
2253 572 2355 626 hoc
2385 571 2599 640 quidem
2629 578 2717 623 est
2737 582 2943 634 errare,
2973 579 3026 623 et
3072 585 3100 622 a
3130 568 3356 623 veritate
3386 573 3482 625 de-

1894 662 2133 717 ﬂectere.
2168 660 2358 731 Neque
2386 660 2528 715 enim
2556 661 2671 714 hare
2693 658 2996 713 divellcnda
3031 668 3177 725 sunt,
3203 660 3273 712 ita
3300 668 3357 713 ut
3388 659 3485 715 lto-

1892 757 2091 810 ntinem
2121 754 2353 809 seorsim
2386 761 2617 815 statuas,
2646 760 2701 805 et
2733 750 2900 805 Deum
2962 751 3199 805 Verbum
3224 750 3484 815 seorsim.

1890 859 1943 903 et
1994 845 2190 916 duplici
2242 860 2474 913 persona
2527 844 2814 913 przeditum
2869 844 3027 898 nobis
3072 841 3485 897 Emmanueiem

1888 939 2129 1007 eilingas.
2160 937 2352 992 Nonne
2386 938 2533 992 enim
2576 937 2771 990 merito
2830 950 2928 989 nos
2988 933 3155 1006 695
3214 934 3488 1003 quispiam

1893 1031 2273 1097 reprehendat,
2305 1030 2346 1083 si
2386 1030 2573 1081 relicta
2603 1044 2729 1081 vera
2762 1038 3019 1097 rectaque
3073 1028 3372 1089 sententia,
3420 1040 3484 1080 ea

1892 1124 2066 1190 potius
2096 1133 2369 1177 sectemur
2404 1137 2523 1190 quae
2569 1135 2731 1177 sacra
2774 1121 3055 1187 Scriptura
3121 1119 3490 1175 condemnat?

1890 1212 2024 1266 Nam
2058 1213 2129 1266 ita
2164 1214 2387 1282 quidam
2422 1212 2813 1280 discipulorum
2841 1211 3039 1266 Christi
3080 1211 3295 1280 inquit:
3326 1229 3346 1263 ι
3379 1210 3488 1266 Vos

1890 1318 2093 1367 autem,
2122 1306 2328 1365 dilecti.
2360 1319 2628 1358 memores
2654 1314 2830 1359 estote
2864 1306 3151 1357 verborum
3203 1318 3323 1372 qua:
3344 1319 3484 1372 prte-

1890 1398 2033 1451 dicta
2065 1407 2187 1451 sunt
2237 1398 2303 1448 ab
2333 1397 2597 1465 apostolis
2634 1396 2845 1450 Domini
2880 1397 3051 1450 nostri
3083 1394 3207 1451 Jcsu
3237 1395 3481 1451 Christi:

1892 1490 1981 1557 qui
2009 1489 2261 1542 dicebant
2296 1489 2467 1550 vobis,
2491 1489 2749 1556 quoniam
2792 1489 2843 1540 in
2881 1488 3192 1541 novissimis
3228 1489 3485 1555 tempori-

1894 1581 1991 1632 bus
2021 1578 2240 1633 venient
2270 1579 2518 1633 ilittsores
2546 1578 2843 1633 seettndum
2870 1578 3139 1632 desideria
3169 1594 3262 1631 sua
3298 1578 3486 1631 ambu-

1893 1668 2064 1722 lantes
2101 1670 2153 1721 ιιι
2194 1671 2586 1736 impietatihus.
2660 1669 2722 1723 Hi
2775 1673 3021 1737 suntqui
3076 1677 3368 1738 segregant
3400 1684 3487 1722 sc-

1894 1762 2172 1829 metipsos,
2207 1761 2493 1827 animales,
2523 1761 2775 1827 spiritum
2814 1778 2917 1816 non
2958 1762 3217 1817 habentes
3252 1762 3317 1814 '°.
3356 1780 3374 1811 ι

1967 1851 2026 1905 Β.
2066 1850 2222 1905 Nulla
2258 1854 2420 1922 igitur
2454 1856 2664 1908 ratione
2695 1863 2821 1908 sunt
2857 1854 3162 1908 dirimenda
3204 1855 3331 1908 ista.

274 1966 339 2014 Λ.
382 1922 678 2031 Οὑμενοῦν.
734 1959 826 2021 Εἰς
873 1973 935 2023 γε
975 1922 1037 2025 δὴ
1087 1956 1321 2025 μάλιστα
1373 1955 1433 2007 τὸ
1483 1922 1575 2006 δῦο
1625 1922 1790 2027 φάναι

1966 1946 2031 1999 Δ.
2080 1945 2149 2000 Ut
2206 1946 2443 1999 maxime
2501 1946 2607 1999 duo
2665 1946 2916 1999 dicantur
2978 1956 3266 2017 postquam
3329 1947 3483 2001 unita

204 2053 348 2124 μετὰ
400 2053 500 2123 τὴν
556 2050 772 2111 ἕνωσιν,
818 2049 912 2101 καὶ
947 2048 1219 2117 ἁναμέρος
1265 2046 1527 2115 ἑκάτερον
1570 2045 1791 2097 ἐννοεῖν.

214 2144 415 2199 ’ἰστέον
434 2144 481 2197 δ’
510 2139 622 2209 οὖν,
656 2143 737 2195 ὅτι
768 2142 962 2211 θεωρεῖ
993 2143 1089 2210 μέν
1124 2158 1243 2193 τινα
1282 2140 1501 2207 φύσεων
1530 2139 1794 2208 διαςορὰν

199 2238 230 2291 6
258 2238 415 2301 νοῦς’
438 2237 635 2291 ταυτὸν
673 2236 782 2306 γὰρ
820 2233 879 2286 οὗ
916 2233 967 2286 τί
1006 2251 1107 2286 που
1139 2233 1329 2303 θεότης
1357 2251 1413 2286 τε
1448 2233 1544 2286 καὶ
1582 2231 1793 2302 ἀνθρω-

203 2329 376 2397 πέτης
394 2344 409 2357 ⁸
439 2326 739 2389 εἰσδέξεται
766 2326 823 2377 δὲ
845 2323 981 2393 ὁμοῦ
1008 2326 1125 2385 ταῖς
1159 2323 1512 2393 περὶτούτων
1540 2323 1790 2385 ἐννοίαις,

204 2421 300 2476 καὶ
333 2424 445 2473 τοῖν
465 2421 666 2489 ἀμφοῖν
695 2420 772 2481 είς
804 2417 1036 2487 ἑνότητα
1065 2416 1394 2488 συνδρομήν.
1428 2415 1637 2470 Οὐκοῦν
1657 2414 1792 2467 Θεοῦ

204 2512 307 2585 μιν
337 2512 503 2579 ἐξέφυ
536 2511 631 2565 τοῦ
664 2511 901 2581 Ματρὸς,
926 2510 999 2574 ὡς
1028 2509 1183 2573 Θεὸς,
1211 2510 1287 2571 ὡς
1318 2511 1381 2561 ὲκ
1409 2508 1687 2580 Παρθένου
1714 2508 1791 2569 δὲ,

201 2604 493 2676 ἄνθρωπος
522 2622 533 2632 ·
571 2605 598 2656 6
636 2604 745 2673 γὰρ
789 2603 925 2656 Θεοῦ
960 2602 1173 2671 Πατρὸς
1208 2603 1536 2673 ἁπορῤήτως
1587 2619 1647 2654 τε
1700 2602 1795 2653 καὶ

203 2700 346 2770 ὑπὲρ
401 2697 523 2751 νοῦν
578 2699 901 2769 ἀναλάμψας
935 2697 1127 2764 Λόγος,
1170 2696 1527 2767 γεγεννῆσθαι
1578 2696 1795 2762 λέγεται

201 2794 300 2845 κιαι
346 2791 434 2843 διὰ
487 2791 763 2857 γυναικὸς,
797 2790 1206 2858 καταφοιτήσας
1255 2791 1334 2850 εἰς
1374 2788 1791 2858 ἁνθρωπότητα,

201 2886 301 2936 καὶ
347 2881 534 2944 καθεῖς
584 2882 776 2934 ἑαυτὸν
806 2882 886 2943 εἰς
915 2882 1051 2950 ὅπερ
1099 2881 1195 2931 οὐκ
1229 2874 1317 2949 ἦν,
1347 2880 1446 2948 οὐχ
1504 2880 1589 2931 ἵνα
1638 2878 1796 2949 μείνῃ

200 2974 604 3044 κεκενωμένος,
636 2974 751 3027 ἀλλ’
781 2974 868 3026 ἵνα
901 2973 1032 3036 Θεὸς
1061 2970 1199 3026 εἶναι
1235 2973 1560 3041 πιστεύηται
1613 2972 1706 3024 καὶ
1738 2974 1795 3025 ὲν

200 3068 335 3122 εῖδει
363 3067 440 3136 τῷ
477 3066 597 3118 καθ’
625 3068 773 3136 ἡμᾶς
812 3064 1069 3135 πεφηνὼς
1095 3066 1188 3117 ἐπὶ
1229 3067 1352 3134 γῆς,
1384 3066 1481 3134 οὐχ
1510 3064 1583 3127 ὼς
1616 3066 1671 3117 ἐν
1702 3064 1795 3117 ἁν-

201 3158 411 3229 θρώπῳ
446 3158 803 3225 κατοικήσας,
828 3155 942 3208 ἀλλ’
972 3156 1044 3216 ὡς
1072 3154 1203 3207 αὐτὸ
1232 3156 1370 3207 κατὰ
1394 3154 1555 3222 φύσιν
1581 3152 1793 3224 ἄνθρω-

200 3267 307 3313 πος
352 3245 612 3317 γεγονὼς,
646 3246 782 3317 μετὰ
800 3246 894 3299 τοῦ
920 3246 1015 3316 τὴν
1042 3246 1177 3298 ίδῖαν
1200 3245 1585 3299 ἀνασώσασθαι
1612 3244 1787 3310 δόξαν.
1823 3275 1863 3330 C

200 3342 315 3396 Καὶ
346 3340 480 3409 γοῦν
503 3342 529 3393 ὁ
551 3338 841 3401 Θεσπέσιος
879 3337 1110 3400 Παῦλος,
1154 3338 1222 3390 τὰ
1255 3337 1387 3390 πολὺ
1415 3338 1511 3407 τῆς
1553 3337 1795 3409 ἀλλήλων

199 3432 621 3505 ὀμοουσιότητος
650 3431 970 3499 διεστηκότα
1010 3446 1071 3482 τε
1111 3430 1204 3483 καὶ
1244 3430 1538 3500 ἀμετρήτῳ
1567 3430 1797 3501 διαφορᾷ

200 3525 670 3597 διεσχοινισμένα,
700 3523 928 3592 θεότητά
954 3540 1012 3575 τε
1041 3522 1136 3576 καὶ
1165 3522 1561 3592 ἀνθρωπότητα
1612 3522 1797 3575 συλλέ-

200 3636 319 3689 γων
344 3619 423 3679 εἰς
447 3616 505 3669 ἒν
532 3614 917 3685 οἰκονομικῶς,
952 3616 1045 3667 καὶ
1072 3613 1133 3678 ἐξ
1159 3614 1366 3683 ἀμφοῖν
1391 3614 1482 3667 τὸν
1516 3614 1611 3666 ἕνα
1638 3632 1797 3667 κατα·

205 3710 491 3781 σημαίνων
538 3707 801 3780 Χριστὸν,
850 3708 943 3760 καὶ
995 3706 1122 3758 Υἰὸν
1172 3706 1266 3758 καὶ
1315 3705 1481 3769 Θεὸν,
1536 3725 1552 3755 ι
1587 3705 1797 3775 Παῦλος

199 3800 414 3864 δοῦλος,
456 3799 645 3870 φησιν,
688 3795 864 3867 Ἰησοῦ
913 3794 1173 3868 Χριστοῦ,
1215 3794 1410 3865 κλητὸς
1461 3796 1793 3859 ἀπόστολος,

201 3891 591 3963 ἀφωρισμένος
620 3891 697 3952 εἰς
728 3889 1056 3957 Εὑαγγέλιον
1084 3887 1241 3952 Θεοῦ,
1269 3887 1297 3939 ὃ
1324 3888 1797 3958 προεπηγγείλατο

200 3988 294 4040 διὰ
340 3985 450 4037 τῶν
498 3983 793 4053 προφητῶν
828 3980 995 4035 αὑτοῦ
1043 3984 1100 4033 ἐν
1148 3980 1390 4050 Γραφαίς
1439 3981 1642 4047 ἁγίαις,
1671 3981 1797 4047 περὶ

202 4075 301 4130 τοῦ
332 4074 462 4128 Υίοῦ
504 4074 668 4127 αὑτοῦ
710 4072 801 4125 τοῦ
838 4072 1130 4142 γενομένου
1177 4073 1241 4125 ἐκ
1292 4072 1604 4143 σπέρματος
1634 4073 1797 4125 Δαϐἰδ

203 4169 351 4222 κατὰ
382 4168 581 4237 σάρκα,
610 4164 702 4219 τοῦ
749 4164 1059 4236 ὁρισθέντος
1097 4163 1228 4216 Υἱοῦ
1277 4162 1412 4215 Θεοῦ
1465 4166 1522 4215 έν
1570 4164 1795 4235 δυνάμει

203 4260 349 4312 κατὰ
373 4257 597 4329 Πνεῦμα
624 4256 953 4327 ἁγιωσύνης.
987 4275 1005 4308 ι
1026 4254 1159 4308 Ἰδοὺ
1183 4253 1247 4324 δὴ
1274 4254 1463 4321 σαφῶς
1484 4255 1796 4326 ἀφωρίσθαι

202 4352 373 4423 φησὶν
420 4350 610 4403 ἑαυτὸν
644 4352 723 4412 είς
768 4349 1099 4418 Εὑαγγέλιον
1150 4347 1307 4414 Θεοῦ,
1345 4349 1519 4401 καίτοι
1569 4349 1794 4420 γράφων

202 4442 507 4512 ἀναφανδόν
531 4458 545 4473 ο
608 4461 625 4493 ι
656 4440 794 4494 υῦτε
844 4443 953 4512 γὰρ
1006 4441 1231 4503 ἑαυτοὺς
1260 4441 1627 4510 κηρύσσομεν,
1660 4441 1795 4495 ἀλλὰ

202 4534 442 4607 Χριστὸν
495 4533 701 4602 Ἰησοῦν
763 4533 988 4604 Κύριον.
1034 4552 1052 4585 ι
1102 4534 1213 4585 Καὶ
1263 4534 1457 4587 πάλιν*
1514 4554 1532 4584 ι
1564 4535 1638 4587 Οὐ
1686 4536 1795 4603 γὰρ

1895 2047 2041 2099 sunt,
2084 2047 2139 2091 et
2196 2039 2424 2091 seorsim
2488 2037 2699 2109 singula
2759 2038 3155 2110 intelligantur,
3206 2040 3485 2095 sciendum

1895 2137 1999 2191 cst,
2032 2130 2174 2198 quod
2235 2144 2392 2183 mens
2444 2130 2665 2199 quidem
2732 2140 3050 2185 naturarum
3110 2131 3483 2187 diversitatem

1895 2224 2205 2277 considerat
2246 2222 2459 2294 (neque
2506 2224 2651 2276 enim
2705 2223 2847 2277 idem
2901 2235 3026 2277 sunt
3073 2224 3387 2279 humanitas
3430 2235 3487 2278 et

1896 2313 2197 2384 divinitas),
2232 2316 2325 2368 sed
2357 2315 2519 2367 simul
2560 2314 2726 2367 etiam
2760 2330 2882 2369 cum
2918 2316 3021 2370 hac
3052 2316 3490 2371 consideratione

1897 2408 2182 2474 utriusque
2233 2397 2567 2460 concursttm'
2607 2408 2673 2459 ad
2736 2407 3003 2462 unitatem
3063 2409 3483 2479 contemplatur.

1896 2498 2132 2553 Proinde
2165 2513 2228 2553 ex
2264 2500 2371 2553 Deo
2396 2499 2614 2565 quidem
2646 2501 2936 2568 processit,
2976 2509 3035 2555 ut
3064 2500 3206 2555 Deus
3232 2518 3248 2555 :
3276 2516 3344 2555 ex
3376 2500 3488 2555 Vir-

1898 2591 2021 2657 gine
2051 2600 2249 2653 autem,
2287 2600 2345 2645 ut
2385 2592 2569 2649 homo.
2607 2591 2838 2646 Verbum
2870 2595 3015 2647 enim
3045 2595 3186 2662 quod
3235 2593 3488 2649 iueﬂabi-

1900 2682 2043 2746 itter,
2083 2696 2357 2750 Supraque
2400 2682 2739 2736 intellectum
2777 2686 3072 2737 humanum
3109 2699 3139 2738 e
3173 2682 3285 2740 Deo
3326 2683 3489 2739 Patre

1899 2771 2124 2834 clTuisit,
2159 2784 2344 2824 natum
2384 2787 2507 2826 esse
2538 2772 2741 2826 dicitur
2768 2774 2936 2827 etiant
2973 2789 3038 2830 ex
3076 2775 3327 2842 muliere,
3363 2790 3485 2829 cum

1900 2864 2294 2917 humanitatem
2340 2868 2654 2932 assumpsit,
2698 2874 2751 2918 et
2793 2866 3031 2934 selpsutn
3074 2868 3292 2922 demisit
3332 2870 3398 2922 ad
3433 2869 3489 2922 id

1898 2956 2169 3024 quodnon
2203 2963 2362 3017 erat;
2402 2970 2506 3009 non
2547 2966 2605 3009 ut
2637 2957 2972 3011 divinitatem
3013 2961 3248 3024 amittat,
3289 2960 3384 3015 sed
3429 2970 3488 3014 ut

1900 3047 2041 3102 Deus
2071 3062 2193 3102 esse
2239 3048 2521 3111 credatur,
2562 3059 2917 3118 nostramque
2953 3050 3184 3104 formam
3226 3054 3278 3106 in
3326 3057 3490 3108 terris

1899 3151 2162 3211 gestasse,
2211 3155 2316 3193 non
2378 3148 2637 3209 tanquam
2695 3142 2748 3195 in
2801 3141 3021 3196 homine
3070 3144 3352 3209 habitans.
3388 3148 3488 3202 sed

1902 3244 2157 3302 tanquam
2213 3233 2317 3286 hoc
2379 3232 2585 3300 ipsum,
2642 3234 2804 3286 homo
2857 3234 3117 3288 nimirutn
3165 3237 3491 3293 naturaliter

1899 3326 2097 3390 factus,
2128 3327 2346 3399 proyria
2381 3336 2562 3382 tamen
2609 3340 2705 3379 sua
2753 3324 2926 3396 gloria
2962 3327 3172 3396 integra
3208 3340 3485 3385 manente.

1899 3418 2105 3476 idcirco
2132 3419 2349 3472 divinus
2386 3418 2475 3471 ille
2507 3415 2708 3471 Paulus
2729 3458 2743 3480 ,
2775 3417 3168 3472 humanitatem
3195 3431 3249 3475 et
3286 3422 3482 3477 divini-

1899 3518 2063 3564 tatem
2111 3525 2232 3579 qua:
2287 3510 2441 3577 longe
2496 3524 2526 3563 a
2584 3509 3161 3566 eonsubstantialitate
3226 3513 3367 3569 inter
3429 3532 3491 3571 se

1898 3603 2122 3667 distant,
2159 3612 2209 3657 et
2250 3604 2513 3658 immensa
2548 3604 2782 3673 quadam
2823 3603 3131 3661 diﬂ‘erentia
3168 3607 3489 3680 disiungun-

1901 3706 2007 3762 tur,
2041 3696 2093 3751 in
2119 3713 2284 3750 unum
2320 3698 2532 3751 ratione
2574 3698 2967 3752 incarnationis
3001 3700 3294 3771 colligens,
3326 3710 3491 3773 atque

1898 3802 1959 3841 ex
1996 3787 2206 3841 duobus
2236 3802 2398 3840 unttnt
2426 3787 2718 3858 designans
2754 3788 3056 3858 Christum,
3087 3802 3142 3845 et
3178 3791 3399 3859 Filium,
3434 3804 3491 3848 et

1901 3879 2091 3943 Deum,
2118 3881 2187 3933 ita
2222 3879 2398 3949 inquit
2432 3897 2444 3933 :
2487 3899 2503 3931 t
2534 3880 2733 3935 Paulus
2764 3896 2960 3936 servus
2982 3879 3109 3937 Jesu
3138 3883 3375 3949 Christi,
3401 3902 3491 3940 vo-

1897 3981 2055 4025 catus
2113 3972 2427 4041 apostolus,
2473 3982 2790 4043 segregatus
2849 3972 2905 4026 in
2962 3972 3315 4046 Evangelium
3369 3977 3487 4035 Dei.

1898 4062 2050 4130 Quod
2077 4063 2408 4131 promiserat
2436 4078 2531 4131 per
2578 4064 2874 4133 prophetas
2918 4080 3049 4120 suos
3090 4067 3143 4121 in
3190 4066 3490 4139 Scripturis

1898 4156 2102 4209 sanctis
2142 4154 2209 4209 de
2252 4153 2393 4208 Filio
2423 4169 2542 4221 suo,
2589 4156 2680 4225 qui
2728 4156 2907 4211 iactus
2946 4166 3030 4212 est
3073 4158 3124 4213 ei
3168 4174 3236 4215 ex
3276 4164 3490 4219 semine

1903 4247 2066 4299 David
2129 4247 2425 4300 secundum
2474 4262 2718 4302 carnem.
2780 4248 2881 4314 Qui
2943 4250 3364 4319 praedestinatus
3405 4264 3491 4309 est

1897 4337 2070 4393 Filius
2098 4336 2191 4392 Dei
2230 4340 2280 4391 in
2312 4338 2512 4394 virtute
2539 4338 2841 4394 secundum
2885 4339 3152 4412 Spiritum
3185 4344 3491 4400 sanctiﬁca-

1900 4433 2062 4489 tionis
2090 4433 2157 4486 ⁸³.
2191 4451 2209 4483 ι
2245 4432 2382 4487 Ecce
2415 4432 2705 4487 manifeste
2731 4445 3079 4505 segregatum
3126 4450 3185 4491 se
3209 4451 3328 4493 csse
3357 4441 3491 4495 dicit

1898 4527 1951 4580 in
1984 4524 2331 4593 Evangeiium
2380 4524 2494 4590 Dei,
2523 4534 2709 4593 aperte
2741 4526 2941 4596 alioqui
2976 4527 3222 4582 scribens
3263 4546 3276 4583 :
3313 4546 3333 4582 ι
3367 4529 3484 4586 Non

204 4624 402 4692 ἔκρινά
425 4641 478 4677 τι
509 4624 711 4675 εἰδέναι
744 4624 800 4676 ὲν
828 4624 977 4693 ὑμῖν,
1004 4624 1052 4675 εί
1079 4624 1156 4693 μὴ
1188 4624 1394 4693 Ἰησοῦν
1426 4624 1679 4697 Χριστὸν,
1700 4627 1791 4678 καὶ

1897 4615 2039 4669 enim
2105 4613 2469 4681 nosmetipsos
2514 4616 2895 4682 praedicamus,
2936 4618 3030 4671 sed
3085 4616 3364 4674 Christum
3397 4619 3486 4675 Je-

201 4714 397 4769 τοῦτον
453 4714 886 4785 ἐσταυρωμένονο
922 4733 941 4764 ι
993 4714 1121 4766 Υῶν
1180 4715 1237 4767 δὲ
1291 4714 1453 4769 αὑτὸν
1516 4718 1788 4785 ὀνομάσας

200 4804 365 4867 Θεοῦ,
399 4807 492 4859 καὶ
542 4806 605 4858 ὲκ
646 4807 967 4883 σπέρματος
996 4807 1168 4859 Δαϐὶό
1202 4807 1560 4878 γεγεννῆσθαί
1599 4825 1785 4878 φησιν,

202 4897 439 4970 ὡρίσθαι
490 4912 549 4948 τε
596 4896 1011 4967 διϊσχυρίζεται,
1043 4898 1138 4951 καὶ
1185 4901 1263 4961 είς
1296 4898 1422 4951 Υἱὸν
1470 4899 1628 4952 Θεοῦ.
1663 4900 1787 4964 Πῶς

200 4986 319 5055 οὖν,
369 4990 492 5042 είπέ
539 5007 651 5059 μοι,
683 4989 836 5053 Θεὸς,
885 4992 913 5042 6
958 4991 1021 5043 ἐκ
1077 4992 1389 5061 σπέρματος
1436 4994 1645 5060 ἁναφίις
1691 4992 1785 5047 τοῦ

202 5078 400 5144 Δαδίδ;
429 5080 458 5130 6
476 5078 533 5130 δὲ
556 5078 619 5149 δὴ
648 5079 741 5132 καὶ
773 5079 878 5149 πρὸ
903 5079 1111 5133 αἰώνων
1139 5082 1232 5133 καὶ
1261 5081 1445 5144 ἀϊδίοις
1481 5083 1627 5146 Υἱὸς,
1653 5084 1787 5137 καθὸ

202 5170 449 5238 πέφηνεν
494 5168 559 5219 ὲκ
603 5165 770 5229 Θεοῦ,
797 5167 917 5219 τίνα
950 5166 1016 5238 δὴ
1058 5169 1257 5239 τρόπον
1299 5172 1377 5231 εἰς
1406 5169 1531 5221 Υὶὸν
1576 5169 1785 5240 ὡρίσθη

200 5259 361 5323 Θεοῦ,
382 5258 636 5330 καθάπερ
659 5260 736 5320 εἰς
761 5258 931 5329 ἀρχὰς
954 5260 1049 5312 τοῦ
1074 5260 1372 5329 ὑφεστάναι
1401 5260 1785 5331 παρενεχθείςς

204 5352 352 5422 Ἔφη
398 5351 508 5420 γὰρ
551 5350 710 5413 αὑτὸ;
758 5352 887 5421 περὶ
938 5351 1154 5416 ἑαυτοῦ,
1212 5372 1228 5403 ι
1260 5352 1461 5422 Κύριος
1498 5349 1618 5405 εἷπε
1652 5355 1785 5425 πρός

203 5459 293 5513 με·
325 5442 456 5506 Υἱός
502 5459 603 5512 μου
659 5438 707 5494 εἷ
752 5443 840 5507 σὺ,
870 5442 980 5512 ἐγὼ
1029 5445 1269 5515 σήμερον
1309 5445 1617 5520 γεγεννηκά
1652 5463 1730 5499 σε.
1764 5466 1781 5497 ι

201 5534 395 5588 Καίτοι
426 5532 523 5586 τοῦ
547 5532 812 5602 σήμερον
834 5536 921 5588 ἀεί
944 5531 1061 5597 πως
1085 5538 1235 5605 ἡμῖν,
1263 5537 1383 5605 οὐχ).
1409 5538 1498 5589 τὸν
1530 5556 1791 5610 παρῳχη-

200 5628 363 5689 κότα,
408 5624 502 5678 τὸν
533 5626 802 5678 ἐνεστῶτα
848 5626 905 5679 δὲ
947 5628 1147 5697 μᾶλλον
1194 5628 1622 5698 χαταδηλοῦντος
1670 5648 1790 5683 και-

205 5715 315 5781 ρύν.

280 5914 322 5947 ⁸⁸
348 5913 475 5969 ιιιιι.
508 5915 686 5969 l7-i9.

1896 4723 2015 4764 sum
2050 4707 2334 4765 Dominum
2365 4708 2433 4761 ".
2464 4725 2480 4757 ι
2513 4705 2578 4760 Et
2628 4723 2815 4763 rursus
2842 4726 2858 4762 :
2899 4728 2918 4761 ι
2942 4709 3125 4779 Neque
3158 4712 3303 4767 enim
3343 4714 3489 4782 judi-

1895 4796 2011 4850 cavi
2056 4797 2351 4866 quidquam
2404 4799 2547 4851 scire
2599 4797 2651 4850 itt
2707 4798 2880 4863 vobis,
2945 4800 3045 4854 nisi
3090 4800 3273 4857 Jesutn
3324 4803 3487 4859 Chri-

1895 4901 2063 4952 stum,
2100 4901 2155 4944 et
2206 4891 2426 4960 quidem
2469 4892 2884 4947 cruciﬁxum”.
2917 4911 2937 4945 ι
2974 4892 3166 4947 Filium
3213 4910 3339 4949 vero
3391 4897 3483 4954 Dci

1895 4982 2072 5049 ipsum
2103 4984 2421 5050 nominans,
2451 4985 2613 5039 etiam
2640 4999 2707 5039 ex
2738 4986 2951 5041 semine
2985 4986 3149 5041 David
3173 4999 3356 5043 nattun
3384 4990 3483 5053 ait,

1896 5085 2353 5145 segregatumque
2395 5091 2456 5131 se
2496 5075 2763 5141 affirmat,
2800 5078 2964 5133 etiam
3014 5080 3066 5134 in
3116 5078 3309 5134 Filium
3362 5076 3479 5137 Dei.

1894 5167 2177 5233 Quomodo
2209 5169 2371 5237 igitur
2399 5180 2481 5224 est
2511 5170 2684 5232 Deus,
2719 5173 2810 5241 qui
2839 5187 2903 5225 ex
2934 5172 3155 5226 semine
3179 5171 3344 5227 David
3383 5191 3482 5230 tta-

1898 5265 1985 5311 lus
2007 5257 2133 5313 est?
2167 5257 2233 5313 Et
2260 5261 2349 5326 qui
2386 5271 2511 5316 ante
2538 5259 2707 5333 696
2744 5263 2938 5317 smcula
2981 5274 3035 5317 et
3066 5266 3135 5318 ab
3159 5276 3367 5323 aeterno
3396 5280 3483 5323 est

1897 5348 2084 5414 i-‘ilius,
2121 5362 2390 5419 quatenus
2422 5366 2484 5406 ex
2538 5353 2647 5407 Deo
2695 5355 3001 5424 processit,
3040 5370 3150 5425 quo
3200 5369 3361 5424 pacto
3398 5373 3483 5415 est

1892 5452 2212 5512 segregatus
2251 5444 2303 5495 itt
2346 5441 2541 5497 Filium
2567 5443 2685 5508 Dei,
2737 5446 3075 5502 exsistenlire
3121 5456 3233 5502 sdze
3275 5451 3480 5521 ptinci-

1890 5535 2035 5604 pium
2061 5536 2465 5603 quodammodo
2494 5539 2730 5593 nactus?
2760 5539 2849 5593 Ait
2872 5540 3015 5594 enim
3044 5540 3164 5611 ipse
3190 5543 3253 5597 de
3275 5546 3479 5612 seipsn,

1891 5641 1911 5674 ι
1948 5621 2210 5677 Dominus
2258 5624 2396 5678 dixit
2432 5625 2497 5679 ad
2549 5642 2680 5682 me:
2731 5626 2901 5683 Filius
2954 5646 3109 5686 meus
3165 5648 3224 5687 es
3273 5642 3351 5699 tu,
3377 5650 3478 5703 ego

1887 5716 2046 5769 hodie
2086 5715 2244 5785 genui
2276 5726 2327 5771 te
2355 5718 2423 5774 ".
2460 5735 2479 5769 ι
2504 5717 2653 5773 Cum
2694 5720 2893 5792 alioqui
2934 5722 3087 5776 hodie
3120 5739 3225 5778 non
3256 5735 3477 5795 prater-

1886 5808 2041 5867 itntn.
2070 5808 2163 5861 sed
2196 5824 2434 5876 prmsens
2467 5820 2681 5881 tempus
2712 5829 2929 5883 semper
2961 5817 3254 5885 signiﬁcet.

768 5916 808 5945 ⁸¹
842 5917 993 5969 lium.
1027 5931 1063 5979 ι,
1111 5918 1129 5970 l
1168 5919 1219 5970 5.
1294 5921 1339 5950 "
1372 5919 1413 5972 il
1447 5920 1572 5974 Cur.
1606 5937 1675 5989 tv,
1708 5923 1760 5976 5.

1918 5921 1934 5972 l
1967 5920 2091 5975 Cor.
2121 5935 2180 5987 ιι,
2209 5920 2263 5974 2.
2340 5924 2387 5955 ⁸⁵
2416 5924 2555 5980 Pttai.
2592 5944 2651 5993 ll,
2685 5930 2754 5993 7;
2788 5929 2953 5985 lit-br.
2984 5944 3023 5997 I,
3054 5930 3109 5987 5.
