4006 6454
239 440 375 494 Ιῖἓῧ

1329 440 1417 495 DE
1466 430 1988 492 [NCARNATIONE
2030 438 2067 493 U
2080 437 2406 493 NIGENITI.

3382 446 3519 501 i226

234 536 438 601 μένων,
470 526 607 584 ἀλλὰ
638 520 908 600 λαλοῦμεν
930 529 1066 582 Θεοῦ
1094 527 1285 597 σοφίαν
1316 530 1375 581 ὲν
1410 527 1697 599 μυστηρίῳ
1724 527 1827 598 τὴν

1939 529 2025 582 sed
2085 530 2357 599 loquimur
2426 530 2519 584 Dei
2576 530 2899 599 sapientiam
2955 533 3008 588 in
3064 536 3347 604 mysterio,
3403 554 3519 607 quur

229 620 759 692 ἀποκεκρυμμένην,
782 620 851 690 ἢν
886 618 1191 690 προώρισεν
1214 619 1242 671 6
1264 616 1397 681 Θεὸς
1428 617 1535 688 πρὸ
1566 618 1673 669 τῶν
1696 614 1827 669 αίώ-

231 732 340 769 νων
386 716 467 777 εἰς
505 713 662 778 δόξαν
694 713 871 781 ὑμῶν,
914 713 982 782 ἢν
1029 711 1207 775 οὐδεὶς
1240 710 1348 764 τῶν
1396 708 1676 781 ἀρχόντων
1724 706 1823 762 τοῦ

231 805 432 868 αίῶνος
455 804 645 859 τούτου
674 806 931 871 ἔγνωκεν.
962 824 981 857 ι
1005 803 1069 858 El
1094 805 1202 876 γὰρ
1219 803 1483 871 ἔγνωσαν,
1503 804 1603 855 οὐκ
1634 801 1701 857 ἀν
1731 801 1825 857 τὸν

231 898 441 969 Κύριον
472 899 576 969 τῆς
607 900 763 970 δόξης
797 898 1171 969 ἐσταύρωσαν.
1203 898 1311 951 Καὶ
1335 897 1443 967 μὴν
1470 897 1562 950 ἐπὶ
1590 894 1825 959 τούτοις,

237 1009 256 1042 ι
276 992 372 1054 Ὃς
393 988 472 1044 ὣν
492 990 837 1060 ἀπαύγασμα
858 991 957 1061 τῆς
973 990 1131 1058 δόξης
1151 989 1245 1042 καὶ
1263 989 1551 1060 χαρακτὴρ
1569 991 1670 1059 τῆς
1690 989 1825 1042 ὑπο-

234 1083 481 1147 στάσεως
523 1082 713 1147 αὐτοῦ,
747 1084 928 1155 φέρων
956 1099 1016 1137 τε
1048 1082 1117 1136 τὰ
1147 1082 1323 1135 πάντα
1372 1081 1450 1152 τῷ
1495 1084 1700 1152 ῥήματι
1726 1081 1825 1151 τῆς

230 1176 519 1247 δυνάμεως
552 1175 739 1237 αὑτοῦ,
772 1174 1116 1246 καθαρισμὸν
1142 1174 1249 1227 τῶν
1277 1175 1561 1245 ἁμαρτιῶν
1594 1173 1825 1243 ποιησάο

237 1285 422 1340 μενος,
449 1269 703 1322 ἐκάθισεν
737 1270 793 1321 ὲν
825 1267 973 1339 δεξιᾷ
998 1267 1099 1339 τῆς
1144 1266 1535 1337 μεγαλωσύνης
1584 1268 1641 1319 ἓν
1689 1265 1827 1338 ὑψη-

234 1357 369 1423 λοῖς,
401 1357 643 1429 τοσούτῳ
671 1358 935 1428 κρείττων
962 1356 1251 1427 γενόμενος
1288 1356 1397 1409 τῶν
1423 1356 1691 1424 ἀγγέλων,
1717 1358 1828 1427 ὅσῳ

232 1449 642 1521 διαφορώτερον
669 1451 801 1519 παρ’
835 1450 1032 1511 αὐτοὺς
1057 1448 1536 1519 κεκληρονόμηκεν
1574 1449 1766 1518 ὄνομα.
1803 1467 1820 1499 ι

236 1543 433 1597 Καίτοι
484 1541 544 1593 τό
589 1558 653 1609 γε
690 1537 826 1594 εἷναί
874 1556 933 1593 τε
984 1539 1080 1593 κα)⁸
1124 1538 1485 1609 ὀνομάζεσθαι
1526 1540 1627 1608 τῆς
1671 1538 1828 1613 δόξης

236 1634 467 1705 Κύριον,
487 1632 604 1697 πῶς
627 1634 751 1703 οὐχὶ
774 1632 893 1685 λίαν
918 1630 1210 1703 ὐπερτενδς
1232 1632 1325 1686 καὶ⁵
1348 1631 1550 1693 παντὸς
1573 1632 1827 1685 ἐπέκεινα

233 1725 469 1797 γενητοῦ
504 1726 599 1779 καὶ
629 1724 986 1795 παρηγμένον
1017 1722 1156 1793 πρὸς
1179 1723 1424 1792 γένεσινς
1446 1725 1557 1777 Καὶ
1587 1723 1827 1793 παρίημι

237 1819 340 1890 μὶν
376 1817 447 1871 τὰ
488 1815 823 1887 ἀνθρώπινα·
855 1813 1067 1887 σμικρὰ
1092 1812 1200 1886 γάρ
1243 1812 1309 1886 δὴ
1354 1814 1497 1869 λίαν·
1530 1814 1641 1885 ἐρῶ
1665 1814 1710 1867 δ’
1733 1810 1828 1869 οὖν

232 1878 318 1965 δτι
353 1911 455 1964 κᾶν
494 1878 788 1977 ’Δγγέλους
819 1878 1116 1978 ὀνόμασαι,
1138 1878 1232 1961 καὶ
1260 1878 1461 1979 ’Ᾰρχάς
1483 1878 1578 1961 καί⁵
1596 1906 1832 1979 θρόνους
1866 1878 1905 1933 Β

236 2004 335 2057 καὶ
370 2001 713 2075 Κυριότητας
758 1998 1213 2071 ἀπαριθμήσαιτό
1240 2016 1344 2065 τις,
1377 2000 1471 2053 καὶ
1506 1998 1613 2071 μὴν
1654 1999 1749 2052 καὶ
1781 2001 1831 2053 εί

232 2094 347 2149 τῶν
377 2093 638 2148 ἀνωτάτω
667 2092 1097 2165 διαμεμνήσεται
1125 2091 1398 2163 Σεραφὶμ,
1419 2091 1653 2145 κατόπιν
1684 2091 1833 2145 ἰόντα

234 2186 338 2257 τῆς
356 2184 533 2249 οὕτως
557 2183 887 2255 ὑπερτενοῦς
907 2182 1294 2254 ὁμολογήσειεν
1318 2180 1384 2236 ἂν
1402 2182 1673 2246 εὐκλείας,
1695 2182 1751 2236 sl
1766 2199 1831 2251 γε

234 2278 365 2333 νοῦν
394 2278 507 2347 ἔχοι
536 2276 611 2347 μὴ
642 2268 1427 2347 παρεφοαρμένον.⁹Εκκριτον
1456 2275 1566 2347 γὰρ
1604 2270 1743 2329 εἶναι
1772 2274 1834 2327 τὺ

236 2369 410 2440 γέρας
450 2368 613 2439 φημι,
653 2367 747 2422 καὶ
784 2366 895 2420 δεῖν
926 2366 1247 2421 ἀνακεῖσθαι
1279 2366 1416 2437 μόνῃ
1446 2368 1512 2436 τῇ
1548 2366 1659 2418 τῶν
1692 2366 1832 2420 ὅλων

236 2460 599 2532 Μμῦασιλίδι
646 2460 824 2530 φύσει.
859 2460 983 2521 Πῶς
1011 2455 1105 2512 οὖν
1151 2458 1217 2512 ἂν
1268 2460 1480 2526 γένοιτο
1531 2461 1631 2529 τῆς
1673 2458 1833 2527 δόξης

237 2552 445 2625 Κύριος
484 2553 512 2604 6
540 2548 985 2620 ἐσταυρωμένος
1024 2548 1098 2601 Τὸ
1129 2548 1186 2601 δὲ
1217 2548 1560 2618 ἀπαύγασμα
1591 2548 1683 2600 τοῦ
1715 2549 1830 2601 Παο

235 2645 387 2715 τρὸς,
418 2643 513 2696 καὶ
542 2642 639 2712 τῆς
666 2640 852 2705 οὐσίας
884 2641 913 2692 6
946 2640 1255 2710 χαρακτὴρ,
1284 2641 1311 2693 ό
1340 2641 1522 2710 φέρων
1551 2639 1618 2692 τὰ
1651 2638 1832 2692 πάντα

234 2735 318 2806 τῷ
365 2736 573 2807 ῥήματι
619 2733 717 2803 τῆς
748 2732 1030 2802 δυνάμεως
1058 2731 1245 2795 αὐτοῦ,
1279 2732 1549 2801 κρείττων
1582 2731 1833 2799 ἀγγέλων

235 2825 567 2897 γεγενῆσθαι
584 2824 824 2893 λέγεται,
842 2826 982 2895 τάχα
1002 2840 1104 2877 που
1133 2822 1194 2877 τὸ
1222 2823 1461 2885 ἔλαττον,
1483 2824 1557 2887 ὼς
1591 2817 1830 2895 ἐγῷμαι,

235 2921 446 2987 λαϐὼν,
479 2922 568 2975 ὅτε
599 2920 840 2990 πέφηνεν
870 2918 1175 2989 ἄνθρωπος.
1209 2916 1523 2988 Γέγραπται
1570 2916 1697 2990 γὰρ,
1746 2918 1830 2969 ὅτι

243 3037 261 3068 ι
297 3016 401 3070 Τὸν
435 3014 490 3068 δὲ
528 3012 700 3087 βραχύ
731 3030 784 3065 τι
810 3013 939 3083 παρ’
971 3010 1235 3080 ἀγγέλους
1281 3009 1664 3081 ἠλαττωμένον
1709 3010 1831 3079 βλέ-

240 3125 421 3177 πομεν
461 3104 691 3175 Ἰησοῦν,
720 3105 809 3158 διά
838 3105 899 3157 τὸ
926 3102 1155 3174 πάὓημα
1185 3103 1278 3155 τοῦ
1316 3103 1547 3157 θανάτου
1583 3104 1708 3173 δόξῃ
1737 3104 1830 3156 καὶ

1930 621 2244 676 abscondita
2278 630 2395 689 est,
2422 636 2585 691 quam
2628 622 3038 692 praedestinavit
3076 624 3217 682 Deus
3251 638 3377 683 ante
3419 644 3519 685 sae-

1927 710 2045 766 cula
2078 712 2132 767 in
2175 713 2404 783 gloriam
2459 722 2726 778 nostram,
2781 730 2945 783 quam
3001 729 3165 773 nemo
3213 720 3522 791 principum

1930 804 2087 872 hujus
2112 805 2299 860 saeculi
2333 807 2607 874 cognovit.
2640 805 2698 862 Si
2731 808 2879 862 enim
2914 811 3341 879 cognovissent,
3380 828 3521 867 nun-

1927 910 2087 965 quam
2139 897 2429 952 Dominum
2469 897 2654 968 gloria:
2680 898 3172 956 cruciﬁxissent".
3223 921 3243 954 ι
3288 902 3523 959 Praeter-

1927 1001 1988 1040 ea
2021 1002 2032 1039 :
2096 1004 2115 1038 ι
2144 984 2245 1052 Qui
2294 1000 2418 1040 cum
2462 987 2535 1042 sit
2574 988 2832 1057 splendor
2861 987 3050 1059 gloriae
3089 998 3145 1044 et
3182 990 3356 1060 ﬁgura
3393 992 3515 1046 sub-

1928 1080 2145 1134 stantia:
2177 1080 2317 1147 ejus,
2350 1089 2688 1151 portansque
2715 1084 2902 1136 omnia
2934 1083 3102 1137 verbo
3136 1076 3356 1140 virtutis
3386 1100 3523 1151 sum,

1931 1171 2307 1242 purgationem
2340 1180 2685 1242 peccatorum
2708 1172 2939 1239 faciens,
2962 1176 3117 1231 sedet
3140 1176 3207 1231 ad
3237 1176 3523 1235 dexteram

1933 1268 2230 1339 majestatis
2272 1270 2326 1322 in
2372 1267 2645 1335 excelsis;
2700 1276 2851 1323 tanto
2900 1268 3091 1323 melior
3137 1270 3349 1339 angelis
3391 1270 3526 1329 elo-

1931 1369 2075 1422 ctus,
2110 1367 2318 1426 quanto
2356 1358 2695 1414 diﬂ‘erentius
2743 1376 2856 1429 pra:
2907 1360 3012 1415 illis
3061 1376 3258 1418 nomen
3301 1363 3526 1419 haeredi-

1934 1450 2066 1503 tavit
2088 1448 2153 1503 ⁸⁸.
2187 1468 2205 1501 ι
2241 1450 2407 1504 Porro
2430 1466 2552 1505 cum
2590 1452 2663 1506 sit
2690 1460 2745 1505 et
2786 1451 3088 1522 appelletur
3113 1453 3372 1510 Dominus
3405 1456 3529 1524 glo-

1931 1542 2047 1608 rim,
2098 1544 2371 1610 quomodo
2421 1559 2526 1598 non
2576 1544 2829 1599 omnibus
2885 1546 3089 1601 creatis
3138 1554 3193 1600 et
3242 1547 3311 1601 ad
3345 1555 3528 1602 ortum

1933 1634 2196 1689 traductis
2219 1636 2291 1691 sit
2317 1635 2903 1706 excellentioriAtque
2937 1648 2997 1691 ut
3023 1638 3260 1692 humana
3294 1648 3527 1707 praeter.

1931 1741 2089 1788 eam,
2132 1740 2252 1796 qua:
2281 1726 2441 1780 exilia
2480 1727 2717 1795 viliaque
2750 1736 2898 1793 sunt,
2928 1728 2973 1783 si
3020 1729 3142 1797 quis
3181 1728 3419 1800 Angelos
3472 1737 3529 1783 et

1936 1815 2300 1886 Principatus,
2328 1826 2381 1872 et
2413 1816 2663 1872 Thronos
2690 1832 2753 1872 ac
2776 1817 3191 1874 Duminationes
3215 1829 3532 1882 recenseat,

1934 1907 2067 1977 quin
2098 1916 2154 1961 et
2176 1922 2445 1976 supremae
2480 1908 2759 1978 dignitatis
2804 1907 3116 1979 Seraphim,
3150 1911 3419 1966 immenso
3457 1921 3533 1964 ta-

1934 2014 2057 2055 men
2082 2000 2397 2055 discrimine
2429 2015 2458 2053 a
2487 2015 2700 2055 summa
2728 2002 2832 2058 hac
2864 2002 3033 2073 gloria
3066 2002 3289 2059 diﬁ'erre
3315 2002 3532 2073 judica-

1935 2094 2030 2158 bit,
2089 2093 2133 2147 si
2190 2101 2423 2147 mentem
2475 2103 2792 2161 corruptam
2849 2110 2954 2149 non
3022 2096 3242 2151 haheat.
3281 2096 3536 2151 Eximius

1933 2185 2076 2239 enim
2108 2184 2282 2241 honor
2302 2195 2405 2252 est,
2432 2187 2634 2256 quique
2666 2188 2764 2241 soli
2808 2187 3004 2243 divina:
3031 2200 3243 2243 natura:
3284 2204 3405 2259 quae
3431 2190 3530 2246 toti

1934 2280 2186 2333 universo
2220 2280 2452 2349 imperat
2473 2280 2747 2335 convenit.
2778 2280 2849 2335 At
2872 2296 2982 2350 quo
3008 2291 3167 2350 pacto
3196 2280 3363 2336 fuerit
3410 2281 3522 2336 Do-

1937 2370 2113 2422 minus
2140 2369 2346 2440 gloriae.
2382 2371 2426 2425 is
2447 2376 2537 2440 qui
2562 2374 2712 2425 cruci
2740 2372 2931 2429 afﬁxus
2960 2372 3079 2429 eSL?
3098 2372 3370 2444 Splendor
3396 2389 3451 2427 vr
3496 2391 3530 2430 ο

1933 2460 2134 2528 Patris,
2183 2471 2238 2516 et
2291 2462 2578 2518 character
2642 2465 2897 2519 essentia
2950 2466 3140 2534 ipsius,
3198 2474 3536 2537 portansque

1935 2555 2117 2609 omnia
2166 2554 2333 2610 verbo
2378 2557 2593 2612 virtutis
2644 2572 2792 2621 suae,
2851 2559 3043 2613 melior
3094 2559 3303 2627 angelis
3353 2559 3534 2616 factus

1934 2662 2051 2704 esse
2080 2648 2297 2713 dicitur,
2328 2649 2508 2704 minor
2544 2650 2821 2718 nimirum,
2856 2660 2914 2704 ut
2954 2651 3213 2718 arbitror,
3241 2652 3321 2706 eis
3352 2652 3531 2708 decla-

1935 2751 2109 2806 ratus,
2153 2756 2275 2797 cum
2328 2741 2578 2811 apparuit
2623 2742 2804 2798 homo.
2863 2741 3140 2810 Scriptum
3196 2752 3278 2798 est
3324 2744 3470 2799 enim
3514 2764 3528 2799 :

1942 2851 1961 2885 ι
2001 2831 2167 2887 Paulo
2202 2833 2379 2897 minus
2409 2833 2478 2887 ab
2508 2835 2716 2903 angelis
2758 2833 3028 2895 minutum
3060 2833 3308 2890 videmus
3339 2833 3529 2890 Jesum

1937 2932 2157 2993 propter
2181 2924 2490 2993 passionem
2524 2926 2719 2980 mortis
2743 2933 2796 2980 et
2823 2926 3028 2981 honore
3061 2938 3383 2981 corOnatum
3412 2928 3478 2982 ⁸⁸.
3507 2946 3525 2979 ι

1935 3015 2075 3082 Quid
2111 3015 2316 3084 igitur?
2358 3014 2777 3071 Privabimusne
2825 3016 3060 3072 Verbum
3113 3020 3258 3086 quod
3306 3034 3375 3074 ex
3419 3018 3536 3075 Deo

1936 3124 1999 3162 ac
2032 3107 2191 3163 Patre
2222 3108 2485 3176 processit
2516 3108 2838 3162 excellentia
2876 3110 2960 3163 illa
2994 3110 3166 3181 698
3193 3126 3314 3181 quae
3340 3126 3536 3167 esseu-

235 3203 375 3271 τιμῇ
408 3196 873 3266 ἐστεφανωμένον.
900 3190 1051 3264 »Ἆρ’
1072 3191 1166 3247 οὖν
1189 3192 1464 3262 ἐξὼσομεν
1492 3194 1580 3247 τὸν
1608 3197 1671 3248 ἐκ
1695 3195 1829 3247 Θεοῦ

1940 3198 2137 3251 tialiter
2168 3198 2269 3267 ipsi
2308 3198 2471 3262 inest,
2494 3206 2550 3251 et
2580 3212 2607 3249 a
2639 3196 2883 3266 perlecta
2919 3214 3041 3253 cum
3076 3198 3237 3255 Patre
3270 3200 3533 3259 similitu-

240 3290 460 3363 Πατρός
486 3287 766 3357 πεφηνότα
790 3286 983 3355 Λόγον,
1008 3285 1107 3354 τῆς
1134 3284 1284 3352 αὐτῷ
1309 3284 1619 3354 προσούσης
1641 3283 1832 3335 οὖσιώ-

237 3385 367 3446 ξονς
417 3381 709 3451 ὑπεροχῆς,
744 3377 966 3445 καὶτῆς
996 3376 1133 3447 πρὸς
1159 3374 1321 3428 αὑτὸν
1358 3372 1620 3445 ἀκριϐοῦς
1668 3375 1837 3442 ἐμφε-

242 3477 420 3549 ρείας,
453 3476 547 3528 καὶ
590 3474 685 3542 τῆς
717 3471 965 3541 ἀγγέλων
999 3468 1247 3531 εὐκλείας
1279 3467 1588 3538 ἡττώμενον
1616 3464 1836 3533 βλέπονο

239 3587 333 3631 τις
362 3566 454 3621 διὰ
477 3565 537 3618 τὸ
566 3565 665 3634 τῆς
689 3562 1001 3630 οίκονομίας
1032 3558 1475 3628 σμικροπρεπέςς

316 3661 377 3713 Β.
421 3656 717 3727 Οὑμενοῦν.
751 3649 920 3724 Οἶμαι
954 3652 1063 3721 γὰρ
1094 3651 1223 3712 δεῖν,
1252 3649 1376 3703 οῦτε
1416 3649 1524 3701 τῶν
1558 3650 1836 3719 ἀνθρωπίμ

242 3768 353 3806 νων
388 3745 749 3803 ἀπαλλάττειν
797 3741 1077 3803 παντελῶς
1120 3740 1209 3792 τὸν
1240 3741 1304 3791 ἐκ
1333 3738 1467 3793 Θεοῦ
1497 3740 1665 3807 Λόγον
1700 3738 1836 3808 μετὰ

242 3844 345 3915 τὴν
379 3839 514 3910 πρὸς
538 3838 717 3909 σάρκα
745 3835 983 3897 σύνοδον,
1009 3833 1137 3887 οὔτε
1162 3832 1266 3902 μὴν
1292 3832 1449 3902 δόξης
1475 3834 1575 3896 τῆς
1611 3833 1839 3903 Θεοπρε-

246 3936 385 3998 ποῦς
416 3933 740 4003 ἀποστερεῖν
766 3928 825 3982 τδ
859 3925 1220 3997 ἀνθρώπινον,
1253 3927 1301 3977 εί
1329 3928 1386 3978 ὲν
1420 3924 1642 3996 Χριστῷ
1669 3930 1839 3979 νοοῖτο

246 4031 344 4083 καί
374 4027 604 4095 λέγοιτο.
641 4023 784 4092 Πλὴν
815 4021 1111 4092 ὲρομένους
1166 4018 1273 4070 ίσΘι
1300 4017 1379 4070 τοί
1420 4035 1569 4079 τινας
1594 4034 1605 4046 ·
1642 4018 1735 4080 Τίς
1776 4017 1839 4087 δὴ

245 4123 357 4193 ἄρα
387 4120 533 4174 ἐστὶν
559 4116 773 4186 ἀληθῶς
812 4114 1017 4182 Ἰησοῦς
1043 4114 1070 4164 ό
1096 4110 1361 4181 Χριστός;
1406 4111 1462 4161 ’0
1495 4112 1556 4161 ἑκ
1582 4110 1839 4177 γυναικὸς

247 4213 561 4284 ἄνθρωπος,
594 4209 761 4280 ἤγουν
794 4208 822 4257 ὁ
851 4206 915 4257 ὲκ
943 4202 1079 4255 Θεοῦ
1109 4202 1315 4269 Λόγοςς

319 4310 385 4358 Α.
418 4299 651 4357 Ἦλίθιον
703 4298 802 4368 μὲν
852 4294 1051 4363 κομιδῇ
1098 4293 1158 4345 τὸ
1186 4289 1544 4345 διατείνεσθαι
1587 4292 1837 4362 περιττὰ,

248 4396 347 4450 καὶ
390 4391 690 4462 φληνάφοις
723 4384 1125 4453 εἰκαιομυθὶαις
1166 4384 1590 4451 ἀνταναφωνεῖν.
1611 4381 1753 4451 Ἐρῶ
1794 4382 1839 4434 δ’

1938 3290 2082 3354 dine,
2111 3304 2235 3343 cum
2274 3289 2422 3343 illum
2464 3290 2532 3343 ob
2559 3289 2955 3346 incarnationis
2983 3292 3351 3349 humilitatem
3388 3292 3529 3347 infe-

1941 3381 2141 3435 riorem
2174 3381 2383 3450 angelis
2409 3380 2612 3435 factum
2651 3380 2938 3435 videmus?

2012 3638 2071 3692 Β.
2118 3638 2491 3710 Nequaquam.
2529 3641 2794 3697 Existimo
2826 3644 2973 3698 enim
2996 3652 3251 3714 oportere
3280 3660 3456 3717 neque
3482 3647 3538 3702 iu

1941 3733 2255 3789 universum
2284 3736 2637 3789 immanitatis
2667 3736 3095 3805 proprietatibus
3140 3738 3355 3805 privare
3397 3738 3535 3794 Ver-

1944 3825 2066 3878 bum
2106 3839 2173 3879 ex
2209 3826 2346 3886 Deo.
2385 3837 2674 3897 postquam
2728 3842 2949 3882 carnem
2988 3830 3327 3899 assumpsit:
3364 3846 3543 3902 neque

1944 3929 2133 3970 rursus
2182 3916 2576 3970 humanitatem
2626 3917 2807 3970 divina
2862 3917 3032 3987 gloria
3080 3917 3341 3987 spoliare,
3397 3920 3443 3973 si
3484 3919 3541 3973 iu

1942 4011 2157 4065 Christo
2187 4010 2521 4080 intelligatur
2551 4022 2606 4065 et
2639 4011 2873 4066 dicatur.
2904 4016 2976 4067 At
3014 4012 3202 4066 dicunt
3237 4012 3487 4067 nonnulli
3516 4033 3534 4067 :

1942 4105 2204 4171 Quisnam
2241 4119 2366 4158 vere
2397 4113 2480 4156 est
2502 4102 2661 4158 Jesus
2688 4103 2983 4159 Christus?
3023 4102 3271 4159 Howone
3306 4120 3374 4158 ex
3417 4122 3542 4159 mu-

1943 4200 2076 4255 liere
2111 4208 2293 4265 natus,
2324 4213 2390 4251 an
2421 4197 2655 4252 Verbum
2686 4213 2751 4251 ex
2797 4197 2951 4251 Deo?

2014 4291 2079 4345 Δ.
2125 4290 2334 4346 Stolida
2371 4288 2618 4359 profecto
2661 4305 2749 4344 res
2789 4300 2874 4344 est
2907 4290 2973 4344 de
3001 4289 3164 4343 rebus
3188 4291 3545 4357 supervacuis

1944 4384 2145 4438 acriter
2179 4382 2546 4443 contendere,
2587 4382 2997 4452 nugacibusque
3045 4396 3108 4435 ac
3146 4380 3302 4435 vanis
3348 4381 3545 4436 verbo-

246 4485 366 4548 οὖν,
396 4488 477 4539 ὅτι
516 4481 783 4552 σφαλερόν
808 4495 867 4531 τε
910 4477 1000 4531 καὶ
1035 4476 1134 4528 οὐκ
1166 4474 1400 4544 ἀζήμιον
1434 4474 1493 4527 τό
1531 4475 1831 4545 δισαέμνειιι

1950 4489 2064 4527 rum
2100 4473 2426 4527 commentis
2468 4468 2814 4535 oeclamare,
2871 4472 3000 4541 quin
3044 4473 3225 4541 potius
3270 4472 3544 4542 periculo-

248 4576 330 4638 είς
359 4574 451 4629 δύο
480 4549 573 4625 και
618 4549 891 4637 ἀνᾶμὲρος
920 4566 1073 4635 ίστᾷν
1123 4562 1407 4633 ἄνθρωπόν
1434 4581 1493 4616 τε
1524 4564 1617 4616 καὶ
1645 4564 1831 4631 Λόγον1

1947 4584 2064 4623 sum
2108 4567 2441 4634 noxiumque
2480 4580 2602 4620 esse
2644 4564 2960 4633 judicarim,
3010 4576 3199 4621 sedare
3245 4565 3301 4620 in
3344 4567 3452 4621 duo
3492 4579 3549 4622 et

247 4668 351 4723 οὐκ
403 4663 736 4733 ἀνεχομένης
786 4658 884 4728 τῆς
932 4656 1265 4725 οἰκονομίας,
1314 4656 1407 4709 καὶ
1459 4654 1693 4725 Χριστὸν
1744 4656 1831 4709 ἕνα

1948 4660 2238 4731 separatim
2286 4666 2530 4714 statuere
2570 4657 2843 4712 hominem
2898 4667 2953 4710 et
2984 4658 3219 4713 Verbum
3243 4696 3260 4724 ,
3298 4674 3420 4714 cum
3459 4659 3548 4713 in-

252 4758 467 4831 βοώσης
494 4755 593 4823 τῆς
628 4750 985 4807 θεοπνεύστου
1014 4747 1259 4817 Γραφῆς.
1291 4748 1500 4817 Χρῆναι
1532 4746 1641 4817 γὰρ
1666 4746 1831 4815 ἔγωγέ

1954 4752 2287 4806 carnationis
2325 4750 2461 4803 ratio
2509 4749 2563 4802 id
2610 4764 2716 4802 non
2772 4749 3035 4817 patiatur,
3092 4764 3329 4819 cumque
3384 4765 3546 4805 sacra

252 4867 418 4921 φημι,
456 4848 595 4918 μήτε
632 4844 725 4897 τὸν
771 4846 833 4896 ἐκ
872 4840 1008 4895 Θεοῦ
1038 4840 1211 4909 Λόγον
1244 4838 1665 4908 ἁνϐρωπότητος
1694 4840 1831 4909 δίχα1

1955 4844 2233 4912 Scriptura
2266 4856 2433 4896 unum
2472 4854 2594 4897 esse
2632 4838 2911 4895 Christum
2944 4842 3223 4910 praedicet.
3255 4841 3369 4912 Ego
3399 4844 3545 4897 enim

255 4945 393 5014 μήτε
417 4940 507 4993 τὸν
530 4940 593 4990 ὲκ
614 4934 870 5004 γυναικὸς
894 4931 1265 5002 ἀπο-τεχθέντα
1294 4930 1443 4993 ναὸν,
1460 4932 1556 5000 οὐχ
1580 4930 1831 4985 ἐνωθέντε

1952 4937 2023 4988 ita
2058 4943 2240 4990 statuo
2268 4941 2558 5001 oportere,
2594 4946 2768 4999 neque
2800 4931 3042 4987 Verbum
3089 4946 3154 4987 ex
3199 4932 3309 4987 Deo
3338 4931 3548 5002 absque

248 5034 329 5104 τῷ
347 5033 525 5101 Λόγῳ,
546 5028 782 5101 Χριστὸν
806 5026 1015 5098 Ἰησοῦν
1036 5023 1422 5095 ὀνομάζεσθαι.
1442 5024 1827 5096 ’Λνθρωπότητ

1951 5024 2311 5087 humanitate,
2344 5037 2518 5091 neque
2539 5021 2797 5090 templum
2835 5023 2979 5091 quod
3006 5037 3071 5076 ex
3106 5021 3328 5093 Virgine
3358 5032 3547 5077 uatum

252 5126 363 5195 γὰρ
388 5123 509 5177 καθ’
530 5123 724 5175 ἕνωσιν
742 5117 1091 5188 οἰκονομικὴν
1110 5117 1440 5189 ἀπορῤήτως
1464 5117 1831 5186 συνενηνεγμὲ

1949 5128 2170 5175 estnon
2205 5118 2414 5169 unitum
2450 5114 2651 5179 Verbo,
2675 5111 2859 5167 Jesum
2885 5114 3164 5169 Christum
3194 5114 3400 5169 vocari.
3434 5113 3551 5169 Hu-

254 5234 342 5278 νος
383 5218 410 5268 ὁ
455 5217 519 5266 ὲκ
560 5211 697 5266 Θεοῦ
740 5211 909 5279 Λόγος
938 5213 1141 5262 νοεῖται
1175 5209 1430 5280 Χριστὸς,
1463 5208 1723 5277 ἀνωτέρω
1756 5210 1831 5278 με

1954 5209 2203 5265 manitati
2234 5207 2378 5262 enim
2416 5206 2716 5262 secundum
2764 5206 3029 5261 unitatem
3071 5221 3169 5277 per
3208 5207 3549 5261 incarnatio-

254 5307 694 5380 ἀνδρωπότητος,
724 5304 798 5368 ὡς
830 5302 989 5373 φύσει
1015 5302 1147 5364 Θεὸς
1179 5302 1273 5355 καὶ¹
1304 5300 1453 5364 Υἱὸς,
1485 5302 1765 5370 ὑφιςανων
1791 5301 1831 5353 δι

1954 5316 2075 5356 nem
2109 5299 2307 5355 iactam
2342 5296 2688 5353 ineﬂabiliter
2713 5297 3029 5367 copulatum
3058 5296 3297 5353 Verbum
3321 5314 3387 5353 ex
3418 5298 3549 5364 Deo,

254 5417 307 5452 τι
360 5398 535 5469 βραχὺ
586 5394 680 5447 τοῦ
728 5396 785 5448 έν
834 5394 965 5465 δόξῃ
1006 5390 1367 5462 θεοπρεποῦς,
1417 5392 1490 5455 ὡς
1540 5391 1824 5463 ἄνθρωπος

1957 5394 2156 5449 dicitur
2184 5392 2458 5461 Christus,
2490 5392 2742 5462 superior
2772 5392 2990 5462 quidem
3029 5406 3192 5463 quam
3236 5401 3320 5447 est
3354 5392 3549 5447 huma-

256 5491 569 5561 Τοιγάρτοι,
600 5489 732 5541 ποτε
784 5488 881 5557 μὲν
940 5486 1177 5556 ἔφασκεν
1210 5502 1222 5517 ο
1254 5486 1354 5539 «Ὀ
1405 5484 1669 5555 ἃωρακὼς
1728 5485 1826 5553 ἐμὲ

1960 5484 2125 5550 nitas,
2158 5493 2216 5539 ut
2253 5493 2448 5539 natura
2477 5483 2623 5539 Deus
2648 5494 2703 5538 et
2725 5483 2896 5537 Filius
2924 5497 2939 5537 :
2969 5482 3199 5539 inferior
3246 5499 3375 5539 vero
3419 5500 3555 5539 non-

257 5584 471 5654 ἑώρακε
503 5581 593 5634 τὸν
627 5579 1029 5652 Πατέρα.Ὲγὼ
1072 5580 1166 5631 καὶ
1194 5581 1221 5631 6
1253 5578 1440 5649 Πατὴρ
1479 5579 1537 5631 Ξν
1587 5578 1753 5647 ἐσμεν
1781 5596 1790 5606 ·
1829 5598 1831 5627 ;

1959 5577 2093 5632 nihil
2125 5578 2293 5649 gloria
2321 5578 2542 5641 divina,
2578 5586 2633 5631 ut
2675 5577 2859 5632 homo.
2915 5577 3129 5633 idcirco
3170 5587 3224 5633 et
3264 5578 3379 5647 ipse
3426 5576 3553 5632 alibi

254 5678 345 5729 ὁτὲ
378 5678 433 5731 δὲ
464 5674 531 5731 αὖ
569 5674 727 5727 πάλιν
750 5691 762 5704 ·
801 5694 817 5723 ι
842 5673 899 5725 Ὀ
929 5673 1115 5740 Πατήρ
1151 5688 1249 5740 μου
1283 5669 1481 5737 μείζων
1518 5669 1615 5739 μού
1647 5672 1831 5721 istm;

1961 5669 2136 5723 dixit:
2181 5687 2198 5720 ι
2231 5668 2335 5736 Qui
2385 5670 2519 5724 vidit
2564 5684 2683 5733 me,
2718 5670 2852 5724 vidit
2893 5679 2948 5725 et
2992 5670 3207 5725 Patrem
3243 5670 3307 5723 ⁸ο.
3346 5668 3458 5740 Ego
3505 5681 3557 5722 et

334 5854 417 5908 ’Ἰ
450 5854 573 5907 Cor.
608 5867 667 5914 ιι,
703 5851 815 5913 6-8.
897 5849 942 5879 ⁸⁸
968 5848 1131 5902 "t‘lll‘.
1175 5866 1209 5909 ι,
1250 5849 1301 5908 5,
1343 5851 1383 5901 i.
1467 5851 1509 5879 δ’
1538 5848 1697 5901 iichr.
1740 5866 1795 5912 ιι,
1829 5860 1831 5875 ⁴

1962 5849 2004 5878 ⁸ο
2030 5846 2183 5903 Joau.
2228 5865 2334 5914 χιι,
2369 5848 2423 5903 9.

585 5946 855 6006 ΡΑτιιυι..
906 5945 1023 6003 Gn.
1064 5943 1153 6003 LX
1182 5942 1305 5999 XV.

3144 5942 3218 6003 39
