4006 6448
514 410 648 463 1227
1495 410 1548 461 S.
1593 410 1859 465 (IYRILLI
1902 413 2364 471 ALEXANDINNI
2408 418 2721 474 AiiCilllﬁl’.
3619 419 3751 479 im

511 526 671 576 Pater
712 538 871 575 unum
930 536 1115 575 smnus
1139 522 1203 573 ⁶¹.
1253 542 1270 573 ι
1307 523 1437 576 Cum
1489 540 1614 580 vero
1655 527 1787 582 dicit
1819 545 1829 581 :
1866 548 1882 580 ι
1916 532 2074 584 Pater

2177 533 2250 584 υῦ
2293 534 2461 602 μείων
2505 538 2613 607 γὰρ
2655 538 2729 589 ὢν
2762 536 2853 591 τοῦ
2890 537 3102 607 Πατρὸς
3139 538 3277 591 κατά
3307 554 3367 605 γε
3404 537 3463 589 τὸ
3508 537 3567 589 ὲν
3600 537 3750 606 οὐσίᾳ

511 614 682 680 major
714 626 798 665 me
821 610 962 665 est"
994 628 1005 662 :
1046 630 1063 662 ι
1088 627 1209 665 cum
1237 626 1343 667 non
1376 613 1446 668 sit
1470 615 1646 671 minor
1670 615 1831 673 Patre
1861 621 2067 675 ratione

2173 623 2387 687 ταυτὸν,
2418 625 2513 678 καὶ
2547 626 2687 678 κατά
2720 628 2827 680 πᾶν
2857 626 3033 680 ὁτιοῦν
3060 628 3122 681 τὸ
3155 626 3493 691 ἰσοστατοῦν,
3524 628 3585 679 ἐν
3612 627 3752 680 ἐλάτ-

510 702 805 756 identitatis
856 703 1145 768 essentia,
1197 712 1251 757 et
1301 704 1626 761 omnimodae
1676 709 2063 775 similitudinis,

2172 728 2320 766 τοσιν
2366 710 2503 770 εἷναί
2536 734 2667 788 φησι
2710 717 2796 771 διὰ
2827 717 2887 771 τὸ
2914 717 3271 789 ἀνθρώπινον.
3303 718 3658 790 Κηρύττεται
3696 718 3750 769 δὲ

504 792 765 846 minorem
805 805 863 846 se
894 806 1013 846 esse
1053 792 1183 847 dicit
1220 792 1429 848 ratione
1460 793 1831 854 humanitatis.
1861 797 2063 854 Praedi-

2172 802 2265 854 καὶ
2297 801 2383 855 διὰ
2412 804 2519 857 τῶν
2555 806 2715 876 ἱερῶν
2746 807 3115 879 Γραμμάτων,
3147 810 3276 863 ποτὲ
3303 812 3400 879 μὲν
3429 808 3505 869 ὡς
3539 808 3658 870 ὅλοι,
3679 806 3748 858 ὢν

502 892 656 935 catur
678 896 803 937 vero
823 882 984 937 etiam
1014 882 1066 936 in
1100 884 1269 938 sacris
1294 882 1533 950 Litteris,
1554 885 1818 942 interdum
1847 890 2062 959 quidem

2170 888 2471 960 ἄνθρωπος,
2509 896 2927 966 σεσιωπημένης
2956 898 3124 951 αὑτοῦ
3170 900 3269 968 τῆς
3314 900 3574 969 θεότητος
3611 898 3751 951 οἱκο-

502 980 559 1023 ιιι
587 974 796 1041 integre
822 970 1090 1026 exsistens
1120 973 1298 1035 homo,
1328 987 1432 1027 non
1457 988 1709 1043 expressa
1737 976 1903 1046 ipsius
1928 977 2063 1032 divi-

2170 983 2433 1050 νομικῶς·
2476 985 2608 1037 ποτὲ
2655 986 2711 1039 δὲ
2758 983 2824 1040 αὖ
2880 989 3037 1042 πάλιν
3069 990 3159 1043 καὶ
3187 990 3341 1054 Θεὸς,
3379 989 3748 1061 σεσιγημένης

501 1063 699 1125 nitate,
754 1064 961 1116 ratione
1013 1062 1446 1117 incarnationis:
1501 1064 1766 1119 interdum
1817 1082 1947 1122 vero
2003 1078 2061 1123 ut

2169 1072 2333 1126 αὐτοῦ
2379 1074 2476 1143 τῆς
2513 1074 2963 1148 ἀνθρωπότητος·
2998 1080 3263 1133 ἀδικεῖται
3307 1081 3363 1133 δὲ
3409 1081 3534 1134 κατ’
3560 1080 3749 1134 οὐδένα

504 1151 662 1213 Deus,
692 1165 795 1204 non
819 1164 1074 1218 expressa
1121 1152 1454 1207 humanitate
1484 1170 1497 1206 :
1526 1164 1713 1207 neutra
1758 1164 1934 1209 tamen
1975 1173 2061 1211 ra-

1975 1173 2061 1211 ra-
2166 1162 2364 1231 τρόπον
2397 1164 2483 1218 διά
2515 1167 2608 1218 καὶ
2642 1167 2840 1237 ἀμφοῖν
2868 1170 2948 1231 εἰς
2984 1170 3210 1242 ἑνότητα
3241 1172 3536 1243 σύμϐασιν.

501 1244 645 1295 tione
676 1241 772 1311 ipsi
808 1241 1003 1311 injuria
1051 1241 1126 1306 iit,
1162 1250 1381 1311 propter
1424 1244 1706 1314 utriusque
1746 1246 2059 1317 appellatio-

496 1332 580 1384 nis
606 1333 656 1384 in
681 1347 845 1385 unum
871 1345 1215 1387 concursum.

565 1425 621 1477 Β.
658 1425 936 1491 Quomodo
968 1426 1090 1481 ais?
1126 1440 1297 1496 neque
1324 1428 1467 1482 enim
1493 1429 1625 1485 satis
1649 1444 1908 1501 assequar
1931 1435 2056 1504 quid

1883 1447 1908 1485 ι·
1931 1435 2056 1504 quid
2233 1429 2291 1481 Β.
2338 1431 2456 1493 Πῶς
2495 1432 2704 1501 λέγεις;
2746 1437 2966 1508 συνίημι
3000 1439 3106 1509 γάρ
3140 1442 3201 1493 οὐ
3238 1443 3465 1515 σφόδρα.

492 1520 648 1574 velis.

564 1612 623 1662 Α.
671 1610 927 1667 Hebraeus
967 1625 1031 1666 ex
1072 1612 1310 1667 Hebraeis
1352 1621 1406 1668 et
1452 1614 1589 1670 tribu
1628 1616 1922 1688 Beniamin,
1959 1634 2055 1674 vo-

2234 1608 2295 1659 Α.
2328 1607 2386 1659 '0
2423 1607 2672 1679 Ἐϐραῖος
2710 1610 2769 1676 ἐξ
2801 1612 3069 1683 Ἐὄραιων
3104 1617 3198 1669 καὶ
3237 1618 3413 1687 φυλῆς
3454 1619 3739 1695 Βενιαμὶν,

490 1714 645 1757 catus
670 1704 963 1772 apostolus,
993 1704 1183 1759 scribit
1214 1704 1280 1759 iis
1327 1705 1417 1772 qui
1461 1720 1559 1776 per
1583 1707 1741 1763 ﬁdem
1776 1709 2052 1779 iustiﬁcati

2159 1698 2186 1748 6
2219 1698 2413 1768 κλητὸς
2440 1700 2754 1767 ἀπόστολος,
2783 1706 3084 1760 ἐπιστέλλει
3121 1711 3233 1773 τοῖς
3257 1710 3344 1766 διὰ
3376 1713 3623 1780 πίστεως
3652 1716 3738 1770 δι-

489 1803 641 1859 sunt,
682 1803 737 1848 et
778 1796 1172 1851 mortiﬁcarunt
1211 1798 1449 1851 membra
1490 1799 1695 1865 carnis,
1739 1800 2053 1857 fornicatio-

2159 1787 2554 1859 δικαιωμένοις,
2592 1794 2685 1847 καὶ
2716 1798 3160 1868 κατανεκρώσασι
3202 1800 3269 1854 τά
3306 1804 3441 1877 μέλη
3470 1806 3574 1877 τῆς
3604 1824 3740 1879 σαρ-

487 1898 609 1938 nem
667 1884 932 1950 videlicet,
982 1885 1405 1951 immunditiam,
1453 1887 1755 1954 libidinem,
1808 1894 2054 1962 concupi-

2155 1879 2269 1941 κὸς.
2303 1882 2557 1951 πορνείαν
2588 1884 2651 1971 δὴ
2683 1884 2826 1954 λέγω
2859 1890 2953 1941 καὶ
2980 1889 3171 1955 πάθος,
3203 1893 3499 1963 ἐπιθυμίαν
3536 1898 3736 1971 κακὴν,

486 1974 747 2031 sccntiam
801 1976 993 2029 malam
1038 1987 1091 2029 et
1135 1978 1456 2030 avaritiam:
1496 1996 1515 2029 ι
1550 1977 1855 2035 Mortillcati
1906 1974 2048 2038 enim

2152 1969 2246 2021 καὶ
2287 1970 2386 2041 τὴν
2436 1970 2765 2038 πλεονεξίαν.
2822 1976 3185 2034 ιἈπεθάνετε
3234 1984 3362 2054 γὰρ,
3393 1987 3489 2039 καὶ
3541 1990 3573 2059 ἡ
3620 1969 3734 2060 ζωὴ

483 2065 636 2125 estis,
673 2072 725 2117 et
756 2065 860 2117 vita
887 2074 1065 2118 vestra
1111 2064 1425 2119 abscondita
1466 2076 1548 2121 est
1582 2083 1702 2121 cum
1748 2068 1965 2126 Christo
1996 2074 2048 2126 in

2155 2060 2303 2128 ὑμῶν
2332 2062 2634 2133 κέκρυπται
2666 2068 2760 2120 σὺν
2788 2067 2864 2139 τῷ
2892 2071 3112 2141 Χριστῷ
3139 2075 3197 2125 ὲν
3231 2075 3307 2145 τῷ
3329 2077 3470 2145 Θεῷ.
3497 2097 3516 2129 ›
3560 2081 3737 2145 Αὐτός

486 2155 597 2208 Deo
619 2154 685 2207 ⁸³.
725 2173 744 2206 ι
777 2155 892 2223 Ipse
920 2154 1083 2208 etiam
1117 2155 1181 2210 de
1214 2154 1488 2223 discipulis
1519 2156 1629 2210 suis
1659 2158 1783 2213 alibi
1827 2160 2001 2230 inquit
2029 2180 2042 2216 :

2149 2164 2210 2216 γε
2235 2149 2340 2219 μὴν
2369 2150 2474 2220 ἔφη
2496 2154 2624 2223 περὶ
2655 2155 2762 2207 τῶν
2792 2158 2985 2212 ἑαυτοῦ
3020 2161 3298 2233 μαθητῶν·
3330 2183 3350 2216 ι
3375 2166 3559 2238 Πάτερ
3585 2169 3731 2236 ἅγιε,

489 2264 506 2295 ι
544 2242 703 2299 Pater
729 2254 940 2307 sancte,
976 2257 1130 2297 serva
1162 2259 1254 2298 eos
1299 2245 1351 2297 in
1396 2245 1609 2300 nomine
1652 2254 1744 2302 tuo
1787 2264 1923 2318 quos
1954 2250 2045 2306 de-

2147 2238 2384 2329 τήρησον
2414 2241 2611 2305 αὐτοὺς
2649 2245 2705 2296 ὲν
2735 2244 2812 2315 τῷ
2851 2248 3073 2318 ὀνόματί
3112 2269 3226 2316 σου,
3259 2248 3304 2323 ᾧ
3333 2255 3577 2321 δέδωκάς
3615 2276 3729 2329 μοι,

480 2337 607 2390 olisti
640 2335 790 2400 mihi,
818 2334 985 2406 699
1014 2344 1071 2389 ut
1099 2335 1209 2388 sint
1247 2350 1444 2401 unum,
1476 2336 1613 2390 sicut
1645 2347 1699 2392 et
1738 2355 1853 2395 nos.
1910 2340 2041 2396 Cum

2150 2328 2234 2420 ἵνα
2262 2322 2395 2384 ὦσιν
2425 2332 2503 2397 ἓν,
2522 2332 3034 2407 καθὼςήμείς.”οτε
3063 2343 3211 2415 ἤμην
3243 2322 3361 2415 μετ’
3388 2348 3591 2415 αὐτῶν,
3615 2322 3732 2420 ξγιῖν

477 2442 654 2480 essem
689 2439 810 2479 cum
836 2425 938 2489 eis,
966 2438 1065 2492 ego
1105 2426 1385 2478 servabam
1434 2438 1527 2478 eos
1570 2426 1622 2479 in
1668 2428 1883 2484 nomine
1929 2438 2038 2485 tuo.

2144 2419 2369 2490 ἐτήρουν
2400 2422 2597 2487 αὐτοὺς
2625 2426 2684 2478 ἐν
2709 2425 2785 2496 τῷ
2816 2429 3038 2500 ὀνόματί
3071 2450 3186 2501 σου,
3217 2436 3307 2500 οὓς
3336 2438 3573 2505 δέδωκάς
3612 2419 3726 2513 μοι,

476 2520 624 2583 Quos
651 2518 843 2572 dedisti
873 2517 1006 2571 mihi
1031 2533 1130 2588 ego
1150 2518 1514 2584 custodivi,'et
1547 2535 1703 2575 nemo
1725 2534 1787 2574 ex
1822 2521 1885 2575 iis
1915 2536 2041 2590 per-

2142 2512 2237 2564 καὶ
2276 2513 2517 2582 ιφύλαεα
2545 2518 2760 2583 αὐτοὺς,
2792 2521 2886 2574 καὶ
2922 2523 3097 2587 οὐδεὶς
3141 2526 3199 2592 ιε
3244 2528 3424 2583 αὐτῶν
3454 2512 3724 2598 ἀπώλετο,

474 2610 556 2673 iit,
600 2610 702 2665 nisi
742 2608 883 2663 [ilius
926 2609 1264 2677 perditionis,
1305 2620 1364 2661 nt
1398 2609 1677 2678 Scriptura
1727 2611 2036 2681 impleatur.

2142 2604 2307 2697 εξ-μὴ
2334 2608 2362 2658 6
2390 2606 2503 2670 υἱὸς
2547 2607 2647 2677 τῆς
2687 2610 2986 2679 ἀπωλείας,
3033 2615 3181 2687 ἴναὴ
3216 2618 3404 2691 Γραφὴ
3440 2624 3723 2697 πληρωθῇ.

474 2697 625 2753 Nunc
650 2706 831 2751 autem
865 2696 931 2752 ad
958 2707 1009 2751 te
1038 2699 1213 2760 venio,
1247 2708 1301 2752 ct
1342 2699 1455 2753 haec
1494 2699 1688 2767 loquor
1721 2701 1773 2754 in
1819 2702 2035 2768 mundo,

2142 2693 2255 2747 Νῦν
2308 2696 2363 2749 δὲ
2410 2697 2545 2769 πρὸς
2596 2700 2656 2752 σὲ
2706 2699 2956 2772 ἔρχομαι,
2988 2705 3082 2759 καὶ
3128 2707 3302 2763 ταῦτα
3356 2712 3503 2766 λαλῶ
3537 2693 3605 2769 θεν
3648 2693 3724 2789 τις)

472 2801 531 2843 ιιι
572 2789 805 2845 habeant
864 2788 1116 2858 gaudium
1176 2804 1351 2843 meum
1397 2790 1669 2860 impletum
1741 2792 1792 2845 in
1838 2803 2037 2849 semet-

2140 2790 2347 2861 κόσμῳ,
2387 2791 2473 2845 ῐνα
2511 2792 2676 2863 ἔχωσι
2715 2796 2816 2866 τὴν
2852 2798 3025 2870 χαρὰν
3052 2801 3151 2871 τὴν
3178 2804 3319 2875 ιμὴν
3348 2788 3722 2881 πεπληρωμέέ

474 2882 606 2949 ipsis
626 2879 695 2933 ⁸⁸.
732 2897 752 2930 ι
790 2876 1049 2946 lntelligis
1078 2877 1281 2949 itaque,
1322 2892 1428 2948 quo
1461 2888 1616 2947 pacto
1642 2880 1691 2931 in
1726 2881 1808 2935 his
1830 2896 1894 2935 ex
1926 2882 2036 2937 sola

2140 2896 2237 2950 νην
2266 2883 2324 2935 ἐν
2351 2885 2579 2948 ἑαυτοῖς.
2616 2906 2634 2938 ι
2668 2886 2862 2959 Συνίης
2891 2885 3003 2956 οὖν,
3028 2891 3177 2956 ὅπως
3205 2896 3312 2949 ἀπὸ
3343 2876 3722 2975 μόνηςνιῦσπερ

468 2968 866 3039 quodammodo
922 2969 1256 3023 humanitate
1313 2969 1467 3022 nobis
1515 2969 1805 3039 signiﬁcari
1858 2973 2037 3026 videa-

2140 2975 2269 3066 ἡμῖν
2301 2973 2402 3066 τῆς
2432 2976 2852 3051 ἀνθρωπότητος
2889 2981 2945 3035 ἔν
2992 3000 3055 3051 γε
3100 2968 3351 3043 τουτοισὶν
3374 2968 3722 3066 κατασημιιιεζ

470 3061 597 3116 tur?

2137 3063 2319 3119 νεσθαι
2357 3065 2505 3119 δοκεῖ
2522 3086 2534 3133 ;

536 3151 596 3206 Β.
639 3149 805 3207 Recte
834 3153 937 3207 ais.
2068 3223 2098 3231 Α

2068 3223 2098 3231 _
2208 3153 2267 3206 Β.
2304 3155 2598 3227 Ὀρθότατα
2622 3158 2792 3231 οεφης.

534 3247 600 3297 Α.
641 3245 993 3300 Censebimus
1018 3245 1161 3298 enim
1204 3246 1437 3299 nondum
1474 3245 1849 3299 absconditum
1889 3259 2028 3311 esse,
2058 3223 2099 3279 (ἶ

2204 3252 2267 3299 Α.
2309 3223 2617 3318 οἰησόμεθα
2835 3253 2949 3307 οὔτι
3006 3273 3108 3309 που
3158 3263 3463 3333 κεκρύφθαι
3513 3285 3573 3321 τε
3622 3271 3717 3326 καὶ

466 3348 639 3402 neque
702 3349 733 3388 e
775 3334 973 3387 mundo
1018 3334 1355 3397 excessisse,
1401 3348 1525 3389 cum
1570 3346 1777 3403 'aperte
1826 3336 1971 3390 dicat
2014 3354 2027 3389 :

2132 3337 2432 3408 ἀποδημεῖν
2449 3341 2540 3393 τοῦ
2564 3341 2790 3411 κόσμου,
2811 3347 2984 3399 καίτοι
3006 3348 3228 3417 λέγοντα
3247 3355 3455 3423 σαφῶς·
3475 3377 3493 3409 ι
3517 3360 3712 3433 Ἀμὴν,

470 3442 491 3475 ο
535 3423 728 3486 Amen,
766 3437 923 3476 amen
964 3423 1083 3476 dico
1110 3422 1283 3488 vobis,
1313 3423 1453 3491 quod
1495 3424 1582 3477 ubi
1623 3423 1730 3478 duo
1786 3436 1878 3478 aut
1922 3434 2032 3483 tres

2132 3429 2282 3499 ἀμὴν
2306 3430 2446 3499 λέγω
2470 3433 2619 3501 ὑμῖν,
2642 3434 2723 3487 ὅτι
2753 3436 2885 3490 ὅπου
2930 3439 3023 3492 ἐὰν
3063 3422 3367 3513 συναχοῶσι
3388 3448 3481 3501 δύο
3505 3453 3535 3521 ἢ

461 3513 771 3583 congregati
813 3510 1015 3566 fuerint
1075 3512 1125 3564 in
1173 3513 1390 3566 nomine
1446 3528 1597 3577 meo,
1652 3514 1758 3567 illic
1808 3530 1925 3569 sum
1978 3517 2030 3571 in

2133 3521 2211 3583 εἰς
2250 3520 2310 3573 τὸ
2344 3522 2476 3591 ἐμὸν
2516 3523 2708 3593 ὄνομα,
2744 3528 2861 3580 ἐκεῖ
2891 3530 3005 3599 εἰμι
3044 3533 3101 3586 ὲν
3137 3510 3284 3605 μέσῳ
3315 3510 3566 3594 αὐτῶν..)
3600 3510 3710 3598 ibi

461 3605 641 3659 medio
671 3618 857 3657 eorum
880 3602 944 3654 ⁸⁸.
987 3622 1005 3655 ι
1045 3602 1108 3656 Ει
1139 3618 1323 3658 rursus
1354 3620 1366 3655 :
1410 3621 1428 3653 ι
1468 3603 1603 3658 Ecce
1632 3620 1730 3674 ego
1758 3606 2029 3661 vobiscum

2131 3609 2312 3663 πάλιν·
2346 3630 2363 3662 ι
2390 3611 2518 3664 Ἰδοὺ
2551 3614 2663 3681 ἐγὼ
2684 3617 2804 3685 μεθ’
2833 3619 2986 3688 ὑμῶν
3013 3624 3125 3692 εἰμι
3140 3602 3326 3691 πάσας
3352 3628 3449 3693 τὰς
3474 3633 3707 3702 ἡμέρας,

459 3711 579 3750 sum
622 3694 874 3748 omnibus
928 3692 1135 3757 diebus,
1183 3709 1351 3761 usque
1400 3695 1466 3748 ad
1513 3698 2027 3753 consummationem

2129 3700 2232 3763 ἕως
2260 3701 2359 3771 τῆς
2393 3706 2701 3770 συντελείας
2733 3708 2827 3762 τοῦ
2861 3711 3074 3776 αἰῶνος.
3103 3717 3293 3780 »Ἴδοις
3316 3720 3361 3772 δ’
3390 3723 3454 3774 ἂν
3485 3718 3579 3777 καὶ
3612 3729 3709 3779 αὐ-

458 3785 639 3839 saecnli
667 3785 729 3837 “.
760 3804 779 3837 ι
813 3783 949 3850 Quin
972 3794 1027 3838 et
1054 3786 1477 3840 sacratissimum
1523 3788 1745 3841 Paulum
1789 3804 2028 3858 saepenu-

2128 3789 2218 3841 τὸν
2266 3790 2355 3843 τὸν
2404 3793 2693 3863 ἱερώτατον
2754 3798 2962 3852 Παῦλον
2997 3805 3525 3878 καταρῥᾳθυμοῦντα
3581 3816 3707 3867 πολ-

457 3890 609 3929 mero
643 3876 827 3929 videas
862 3884 1149 3943 negantem
1178 3874 1371 3929 debere
1400 3876 1575 3946 ipsum
1619 3879 1897 3945 praedicari
1925 3880 2025 3934 bo-

2130 3880 2285 3943 λάκις
2340 3884 2433 3935 τοῦ
2491 3887 2583 3937 καὶ
2615 3886 2899 3958 ἄνθρωπον
2943 3891 3050 3945 δεῖν
3091 3895 3487 3968 ἀνακηρύττειν
3521 3904 3702 3958 αὐτόν.

456 3968 652 4019 minem
685 3984 697 4017 :
742 3984 759 4016 ι
799 3964 1000 4018 Paulus
1032 3967 1197 4026 enim,
1233 3966 1425 4033 inquit,
1467 3968 1769 4037 apostolus,
1812 3985 1917 4025 non
1956 3974 2025 4027 ab

2136 3991 2153 4022 ι
2183 3972 2390 4036 Παῦλος
2436 3975 2565 4046 γὰρ,
2596 3979 2779 4047 φησὶν,
2812 3982 2840 4031 6
2880 3982 3193 4048 ἀπόστολος,
3224 3964 3322 4040 οθκ
3367 3991 3462 4043 ἀπ’
3496 3994 3702 4067 ἀνθρώ-

460 4055 789 4119 hominibus,
840 4071 1014 4124 neque
1070 4072 1164 4126 per
1217 4058 1484 4125 homines,
1540 4060 1633 4114 sed
1694 4076 1788 4129 per
1841 4061 2022 4117 Jesum

2128 4080 2264 4127 πων,
2302 4065 2418 4118 οὐδὲ
2444 4067 2510 4119 δι’
2538 4067 2864 4139 ἀνθρώπων,
2895 4073 3029 4126 ἀλλά
3054 4075 3143 4128 διὰ
3181 4076 3353 4148 Ἰησοῦ
3383 4055 3641 4154 Χριστοιῖ.
3680 4108 3695 4139 ι

455 4145 731 4200 Christum
746 4145 811 4200 ".
836 4164 853 4196 ι
875 4146 938 4199 Ει
966 4147 1123 4215 paulo
1148 4158 1267 4217 post
1292 4166 1303 4199 :
1331 4168 1347 4199 ι
1375 4148 1567 4204 Notum
1600 4152 1744 4205 enim
1768 4154 1916 4208 vobis
1952 4154 2028 4208 fa-

2124 4153 2232 4206 Καὶ
2252 4150 2317 4208 αὖ
2340 4157 2429 4208 ἐπὶ
2448 4158 2681 4222 τούτοις·
2707 4180 2725 4211 ‹
2751 4162 3005 4234 Γνωρίςω
3030 4166 3084 4219 δὲ
3109 4145 3322 4237 ὑμῖν-τὺ
3346 4145 3697 4243 Εὐαγγέλιον,

454 4238 561 4301 cio,
594 4237 809 4302 fratres,
845 4236 1193 4307 Evangelium
1219 4240 1360 4308 quod
1406 4242 1829 4312 evangelizatum
1873 4255 1956 4301 est
1991 4263 2021 4301 a

2123 4246 2273 4314 φησι,
2307 4247 2367 4325 τῆ)
2395 4248 2774 4318 εὐαγγελισθὲν
2820 4254 3090 4325 ὑπ’ὲμοῧ,
3119 4236 3199 4312 ὅτι
3250 4260 3349 4315 οὐκ
3394 4236 3523 4319 ἐστι⁷
3563 4236 3700 4324 κατά

453 4342 563 4389 me,
593 4325 718 4395 quia
746 4340 849 4381 non
874 4335 954 4380 est
987 4329 1280 4382 secundum
1326 4330 1615 4386 hominem.
1651 4331 1832 4403 Neque
1876 4337 2019 4391 enim

2120 4319 2424 4407 ἄνθρωπον.
2470 4339 2603 4391 Οὐδὲ
2651 4341 2758 4411 γάρ
2800 4344 2912 4411 ἐγὼ
3126 4350 3412 4420 ἀνθρώπου
3455 4319 3696 4427 παρὲλάῖ

454 4430 556 4483 ego
578 4415 646 4469 ab
678 4415 895 4470 homine
926 4416 1109 4486 accepi
1138 4417 1281 4481 illud,
1332 4432 1502 4487 neque
1546 4421 1704 4476 didici
1738 4440 1751 4475 :
1796 4425 1888 4479 sed
1926 4440 2021 4494 per

2122 4427 2213 4480 60v
2262 4428 2427 4489 αὐτὸ,
2482 4430 2602 4483 οὐδὲ
2658 4432 2939 4505 ἐδιδάχθην
2967 4477 2982 4501 ,
3036 4438 3171 4494 ἀλλὰ
3212 4415 3275 4495 δι’
3301 4415 3697 4518 ἀποκαλιᾎεως

454 4502 838 4558 revelationem
863 4503 987 4559 Iesu
1017 4504 1218 4562 Christi
1250 4507 1315 4559 “.
1359 4527 1377 4559 ι
1414 4509 1550 4574 Quin
1582 4522 1635 4565 et
1670 4513 1777 4566 alio
1816 4514 1867 4567 in
1902 4516 2020 4571 loco

2136 4519 2307 4590 Ἰησοῦ
2339 4522 2593 4591 Χριστοῦ.
2620 4543 2637 4574 ι
2678 4502 2923 4597 Καὶ
2951 4530 3041 4582 καὶ
3071 4533 3296 4605 ἑτέρωθί
3342 4556 3537 4608 φησιν·
3568 4502 3597 4592 lt

453 4596 527 4647 ait
561 4612 573 4647 :
633 4613 651 4645 ι
692 4595 747 4649 Si
799 4610 925 4650 vero
978 4596 1138 4650 etiam
1180 4599 1529 4668 cognovimus
1571 4605 1863 4657 secundum
1898 4621 2018 4661 car-

2124 4572 2320 4664 6t'xa‘t
2353 4572 2668 4685 ἐγνώκαμεν
2715 4572 2853 4672 κατά
2879 4572 3082 4692 ⁸σάρκα
3128 4572 3383 4695 Σίριστὸιῖ
3404 4572 3557 4684 ιάλλά
3581 4572 3694 4685 ινξν

452 4701 574 4739 nem
611 4686 904 4749 Christum,
961 4687 1054 4741 sed
1107 4704 1249 4743 nunc
1294 4690 1403 4755 jam
1457 4706 1560 4744 non
1613 4694 1859 4749 novimus
1884 4695 1948 4750 ".
1992 4716 2011 4748 ι

2124 4701 2221 4755 οὐκ
2245 4702 2325 4757 ἔτι
2362 4705 2719 4777 γινώσκομεν.
2755 4726 2773 4759 ι
2807 4710 2901 4773 Τίς
2929 4708 3022 4764 οὖν
3054 4716 3201 4768 ἐστιν
3245 4719 3450 4787 Ἰησοῦς
3494 4722 3523 4772 6
3562 4724 3693 4793 Χρι-

450 4777 709 4843 Quisnam
740 4777 901 4845 igitur
946 4787 1027 4831 est
1060 4778 1214 4832 Jesus
1258 4781 1524 4844 Christus,
1574 4784 1663 4851 qui
1709 4785 1842 4840 adeo
1881 4788 2017 4842 incf-

2124 4791 2265 4855 στος,
2298 4794 2327 4846 6
2353 4793 2451 4863 τὴν
2493 4794 2665 4859 οὕτως
2696 4799 3007 4872 ἀπόρρητον
3035 4804 3245 4877 ἀπλανῆ
3298 4777 3355 4861 τε
3405 4777 3499 4864 καὶ
3546 4777 3690 4867 θεὲαν

451 4867 667 4922 labilem
716 4876 1030 4939 certamque
1076 4880 1129 4923 et
1178 4872 1409 4924 divinam
1464 4876 1841 4943 mysteriorum
1887 4893 2012 4932 suo-

2122 4882 2462 4973 ἀποκάλυιξιν
2528 4886 2635 4938 τῶν
2704 4867 2910 4943 ιὶαυτοῐι⁷
2951 4867 3261 4967 μυστηρίων
3306 4901 3688 4973 ὲναστράπτων

449 4975 566 5014 rum
590 4958 974 5028 revelationem
1003 4961 1100 5029 ipsi
1129 4962 1401 5016 immittit?
1424 4979 1602 5019 nonne
1631 4964 1857 5021 Verbum
1886 4984 2014 5024 caro

718 5048 953 5067 ---η-,η
984 5058 1193 5067 μή.--
1284 5066 1325 5067 η
1372 5066 1379 5067 ,
1589 5055 1598 5064 -
1856 5057 1864 5067 .

2123 4971 2330 5041 ἑαυτῷς
2379 4968 2467 5043 ἄρ’
2503 4977 2622 5045 οὐχὶ
2668 4958 2963 5049 γενόμενος⁷
2992 4958 3143 5056 σὰρξ
3165 4989 3193 5038 6
3216 4990 3407 5057 Λόγος,
3460 4958 3551 5046 καὶ
3592 4996 3692 5067 τὴν

448 5050 670 5111 factum,
711 5048 958 5118 quodque
982 5058 1199 5119 propter
1238 5066 1332 5105 nos
1361 5066 1424 5105 ex
1456 5051 1673 5121 Virgine
1719 5057 1866 5111 nasci
1907 5073 2010 5112 non

1907 5073 2010 5112 non
2121 5064 2183 5113 ὲκ
2219 5065 2474 5129 γυναικὸς
2503 5066 2568 5119 δι’
2596 5071 2743 5137 ἡμᾶς
2768 5048 2868 5124 οὐκ
2898 5048 3171 5145 ἀτιμάσας
3197 5048 3477 5150 γέννησιν;

448 5148 529 5193 est
561 5138 906 5209 dedignatum
929 5140 951 5191 ?

517 5227 577 5282 Β.
620 5229 871 5284 Omnino.
912 5228 1124 5285 Memini
1159 5233 1301 5287 enim
1349 5233 1488 5288 beati
1526 5234 1793 5290 Gabrielis
1835 5237 1902 5289 ita
1945 5241 2010 5293 ad

2192 5239 2249 5291 Β.
2293 5240 2440 5292 Πάνυ
2486 5243 2583 5311 μὲν
2614 5240 2725 5299 οὖν.
2759 5251 3209 5324 Διαμεμνήσομαι
3236 5256 3342 5329 γὰρ
3385 5260 3476 5313 τοῦ
3515 5281 3689 5333 μακα-

448 5331 689 5373 sanctam
754 5319 1022 5389 Virginem
1050 5323 1327 5378 dicentis:
1370 5343 1387 5375 ι
1452 5324 1527 5381 Ne
1573 5327 1784 5392 timeas,
1813 5327 2010 5395 Maria;

2123 5330 2236 5398 ρίου
2283 5332 2528 5398 λέγοντος
2578 5337 2813 5411 Γαϐριὴλ
2861 5319 2989 5413 πρδς
3028 5319 3132 5415 *τὴν
3177 5319 3335 5416 ἁγιαν
3385 5319 3682 5423 Παρθένον·

446 5423 572 5463 ecce
610 5411 754 5463 enim
798 5412 1071 5478 concipies
1105 5413 1156 5467 in
1208 5424 1377 5481 utero,
1410 5425 1463 5471 et
1508 5418 1683 5486 paries
1722 5418 1907 5484 tilium,
1956 5432 2010 5474 ct

2124 5441 2140 5473 t
2174 5423 2262 5495 Μὴ
2288 5424 2473 5492 φοϐοῦ,
2505 5429 2757 5500 Μαριάμ·
2791 5411 2906 5488 ἱδοὺή
2931 5437 3040 5507 γὰρ
3076 5411 3317 5512 άυλλιῇψῃ
3365 5445 3421 5496 ἐν
3470 5411 3683 5517 γαστρὶ,

446 5500 661 5552 vocabis
696 5515 888 5554 nomen
917 5503 1031 5571 ejus
1063 5502 1244 5558 Jesum
1274 5506 1339 5558 ".
1377 5527 1393 5557 ι
1445 5506 1647 5560 Novum
1695 5521 1870 5565 autem
1908 5512 2005 5566 hoc

2115 5515 2207 5565 καὶ
2238 5514 2365 5586 τέξῃ
2392 5518 2528 5581 υἱὸν,
2564 5522 2654 5573 καὶ
2689 5523 2934 5588 καλέσεις
2961 5528 3020 5579 τὸ
3052 5528 3219 5600 ὄνομα
3246 5534 3408 5586 αὐτοῦ
3429 5536 3678 5608 Ἰησοῦν.»

514 5698 1055 5794 :d‘oanfléohn"
1075 5705 1371 5794 13:12.}iv,
1399 5710 1489 5794 28_.
1577 5711 1872 5794 ,ξῆβρμοςξεί
1915 5731 1995 5794 ιιι,
2346 5717 2500 5794 Joftn.
2560 5738 2688 5783 xm,
2732 5726 2920 5781 “-15.
3034 5731 3075 5759 "‘
3130 5730 3317 5788 Matth.
3388 5753 3537 5794 xt'm.
3591 5741 3660 5794 20

442 5770 487 5799 “
517 5768 689 5823 \iatth.
724 5786 906 5839 xn'itt,
935 5773 1019 5829 20.
1100 5777 1139 5805 ⁸⁷
1165 5768 1412 5845 (ὶςιιιιι.ἰ,
1449 5782 1497 5834 1.
1577 5782 1618 5810 "
1648 5784 1775 5839 ibid.
1815 5786 1897 5846 ll,
1933 5768 2016 5838 lit.

2350 5768 2359 5770 -
2564 5768 2688 5783 .-...,
2737 5768 2787 5777 ..
2842 5768 2920 5781 ιν.
3130 5768 3317 5788 μιαιιιι.
3388 5768 3537 5807 λιιιι,
3594 5768 3677 5797 zu.

2098 5789 2139 5816 ⁶⁹
2165 5787 2200 5840 il
2235 5790 2356 5842 Cor.
2402 5806 2447 5851 γ,
2486 5793 2563 5843 lii.
2641 5794 2839 5851 "Luc.
2880 5815 2915 5861 ι,
2947 5800 3037 5866 30,
3071 5801 3156 5855 Si.
