4006 6444
504 446 632 499 ιῆπι

1479 449 1534 502 S.
1576 407 1846 506 CYRILLI
1893 451 2354 508 ALEXANDBINI
2396 457 2715 511 ARClllEP.

3611 461 3741 514 123!

509 584 526 617 ι
559 565 780 630 Quando
810 565 1162 619 introduxerit
1200 565 1614 638 l‘rimogenitum
1647 573 1698 626 in
1738 574 1920 626 orbem
1948 584 2054 627 ter—

2171 592 2244 636 ιες
2274 577 2493 645 ἄγγελοι
2533 577 2686 632 Θεοῦ.
2721 597 2737 627 ι
2783 578 2837 628 'U
2875 576 2981 648 γὰρ
3017 577 3238 646 ἰδιότητι
3289 578 3492 646 φυσικῇ
3539 577 3639 646 τῆς
3671 580 3741 631 οι,

505 672 597 718 ne,
625 657 756 709 dixit
786 674 798 710 :
850 653 914 709 Et
953 655 1174 711 adorent
1219 673 1341 714 eum
1374 675 1563 715 omnes
1596 663 1770 724 angeli
1817 663 1908 718 Dei
1932 665 1999 719 ".
2036 681 2053 714 ι

508 744 634 797 Nam
667 744 992 812 proprietate
1021 754 1227 801 natura:
1252 747 1321 802 ab
1347 749 1601 804 universo
1632 752 1763 806 orbe
1797 763 2058 806 terrarum

505 834 702 897 differt,
743 845 1000 904 extraque
1027 836 1199 906 ipsum
1248 840 1479 906 exsistit,
1511 851 1570 896 ut
1598 841 1770 907 Deus;
1809 859 1930 897 eum
1973 844 2057 897 in-

502 937 718 993 gressus
744 935 846 990 est,
885 940 1008 994 pars
1055 928 1234 982 mundi
1270 929 1597 995 declaratus,
1640 942 1696 985 ut
1749 935 1938 1000 homo,
1969 934 2061 989 sed

503 1030 608 1068 non
634 1015 834 1071 idcirco
867 1031 896 1070 ιι
923 1017 1101 1071 divina
1146 1017 1311 1087 gloria
1351 1021 1571 1074 excidit.
1606 1021 1878 1076 Adoratur
1917 1024 2059 1077 enim

503 1111 562 1158 ut
588 1105 911 1175 unigenitus,
953 1108 1166 1161 tametsi
1207 1119 1425 1162 vocetur
1467 1111 1872 1178 primogenitum.
1909 1111 2062 1178 Quod

502 1196 717 1264 quidem
746 1204 828 1250 est
861 1196 1143 1251 manifeste
1189 1197 1535 1253 humanitatis
1571 1202 1861 1257 conditioni
1899 1217 2059 1270 quam

501 1285 734 1338 maxime
766 1285 1114 1340 conveniens.

569 1374 628 1428 Β.
671 1377 809 1447 ΕΙ·αο
848 1388 902 1431 ut
935 1379 1202 1433 hominem
1245 1379 1587 1433 adorahimtts
1637 1380 2058 1436 Ennmuuelem.

569 1575 637 1629 Α.
680 1573 853 1629 Absit.
884 1573 1245 1627 Vanissimnm
1286 1574 1428 1626 enim
1475 1573 1576 1626 hoc
1618 1583 1719 1637 est,
1765 1585 1818 1626 et
1858 1573 2061 1630 fraudis

499 1678 659 1735 atque
711 1665 913 1719 erroris
959 1663 1350 1731 plenissimum.
1405 1661 1533 1714 Nam
1580 1665 1679 1716 hoc
1723 1675 1878 1730 pacto
1927 1667 2057 1718 nihil

498 1754 807 1810 differemus
837 1755 904 1807 ab
936 1754 999 1805 iis
1028 1754 1116 1822 qui
1147 1761 1448 1805 creaturam
1490 1753 1664 1819 potius
1708 1768 1868 1821 quam
1904 1755 2061 1808 Crea-

498 1857 667 1900 torem
699 1845 900 1907 colunt,
934 1843 1022 1912 qui
1071 1842 1285 1912 quidem
1326 1853 1730 1896 commutaruut
1779 1846 2057 1898 veritatem

2164 665 2429 736 κουμένης
2462 666 2674 735 ἀπάσης
2699 664 3010 732 διενεγκὼν,
3042 667 3147 731 ἕξω
3179 682 3239 718 τε
3280 665 3449 735 αὐτῆς
3480 666 3743 738 ὑπάρχων

2159 756 2234 818 ώς
2259 757 2412 820 Θεὸς,
2442 758 2759 827 είσσέδηκεν
2793 760 2872 818 εἰς
2897 757 3087 825 αὐτὴν,
3121 757 3288 828 μέρος
3318 757 3529 826 κόσμου
3559 772 3740 827 πεφη-

2160 843 2265 907 νὼς
2313 845 2384 908 ώς
2431 847 2744 918 ἄνθρωπος,
2795 847 2935 917 πλὴν
2986 848 3047 899 ού
3099 847 3188 900 διὰ
3239 847 3398 900 τοῦτο
3443 846 3548 916 τῆς
3593 847 3742 910 θείας

2161 937 2435 989 ἀπώλισθε
2475 940 2653 1009 δόξης.
2691 941 3081 1009 Προσκυνεϊται
3127 939 3236 1008 γάρ
3285 940 3360 1004 ὡς
3417 940 3739 1009 μονογενὴς.

2160 1027 2253 1078 καὶ
2279 1028 2325 1078 εἰ
2356 1028 2573 1081 καλοῖτο
2608 1030 2971 1099 πρωτότοκος,
3006 1031 3142 1098 ὅπερ
3170 1030 3322 1083 ἐστὶν
3361 1031 3612 1103 ἐναργῶς
3635 1034 3741 1095 τοῖς

2161 1116 2258 1182 τῆς
2290 1114 2704 1185 ἀνθρωπότητος
2733 1115 2955 1186 μέτροις
2980 1117 3064 1168 ὅτι
3098 1116 3336 1185 μάλιστα
3367 1119 3604 1187 πρέπον.

2231 1373 2290 1427 Β.
2318 1375 2438 1444 ’Ἆρ’
2471 1368 2562 1426 οὖν
2585 1375 2657 1437 ὡς
2687 1375 2968 1443 ἄνθρωπον
2996 1378 3450 1448 προσκυνήσομεν
3484 1379 3576 1432 τὸν
3613 1380 3743 1452 Ἐμ-

2163 1465 2420 1533 μανουήλ.

2227 1556 2291 1607 Α.
2331 1556 2420 1625 Μὴ
2454 1556 2680 1623 γένοιτο.
2714 1556 2890 1626 Λῆρος
2924 1558 3024 1629 ήδη
3058 1560 3226 1623 τουτὶ,
3259 1562 3352 1613 καὶ
3394 1562 3604 1632 ἀπάτη.
3647 1563 3742 1616 καὶ

2160 1647 2439 1715 πλανησις.
2482 1648 2763 1718 Διοίσομεν
2813 1649 2869 1701 δὲ
2915 1653 3038 1702 κατ’
3070 1651 3220 1704 οὐδὲν
3281 1652 3390 1703 τῶν
3459 1656 3526 1723 τῇ
3564 1654 3743 1708 κτίσει

2159 1736 2591 1806 λελατρευκότων
2642 1740 2793 1810 παρά
2835 1739 2928 1791 τὸν
2960 1741 3200 1810 κτίστην
3247 1743 3340 1794 καὶ
3370 1743 3625 1813 Ποιητὴν,
3661 1746 3741 1798 οϊ-

2158 1844 2300 1890 τινες
2351 1829 2688 1898 μετήλλαξαν
2738 1829 2834 1900 τὴν
2895 1831 3149 1901 ἀλήθειαν
3197 1833 3293 1885 τοῦ
3346 1832 3481 1885 Θεοῦ
3549 1836 3609 1886 ἐν
3662 1836 3742 1904 τῷ

498 1939 590 1992 Dei
627 1939 676 1991 in
715 1935 1074 1999 mendacium,
1121 1934 1263 1986 sicut
1302 1934 1556 2002 set-iptutn
1599 1933 1771 1986 est".
1821 1933 2057 2000 Quorum

2171 1918 2368 1986 θεύδει,
2404 1921 2542 1973 κατά
2592 1921 2653 1973 τὸ
2695 1923 3100 1992 γεγραμμένον.
3131 1918 3214 1985 οἷς
3266 1927 3315 1976 εἰ
3365 1925 3742 1995 φρονήσαιμεν

497 2029 818 2085 sententiam
867 2028 909 2081 si
949 2040 1044 2079 nos
1109 2039 1418 2095 sequamur,
1463 2039 1566 2078 una
1611 2025 1772 2076 etiam
1818 2041 1937 2077 cum
1981 2029 2060 2079 eis

499 2118 778 2173 audiemus
805 2131 818 2168 :
859 2134 876 2166 ι
919 2115 1163 2170 Dicentes
1190 2129 1246 2167 se
1276 2127 1395 2167 esse
1423 2113 1714 2181 sapientes,
1746 2112 1892 2166 stulti
1932 2113 2056 2167 facti

499 2217 640 2270 sunt,
679 2215 732 2259 et
761 2212 1100 2258 mutaverunt
1146 2203 1370 2272 gloriam
1415 2203 1840 2270 incorruptibilis
1873 2203 1965 2256 Dei
2005 2203 2057 2256 in

496 2297 899 2353 similitudinem
965 2294 1212 2362 imaginis
1261 2292 1623 2362 corruptibilis
1683 2295 1950 2356 hominis,
2007 2303 2059 2349 ct

499 2389 937 2460 quadrupedum,
964 2395 1016 2440 et
1049 2385 1378 2454 serpentium
1405 2384 1470 2439 ".
1507 2402 1523 2434 ι
1561 2384 1713 2455 701
1756 2383 1869 2438 Non
1913 2385 2056 2439 enim

495 2483 652 2535 etiam
673 2496 766 2534 nos
783 2477 1104 2546 ejuscemodi
1125 2477 1348 2540 erimus,
1364 2476 1548 2530 eadem
1568 2492 1682 2544 qua:
1703 2477 1772 2529 illi
1801 2477 2059 2532 facientes

495 2588 556 2624 ac
575 2570 867 2623 sentientes
883 2568 905 2604 ν
932 2578 980 2620 ct
1000 2567 1221 2635 gloriam
1236 2566 1328 2619 Dei
1361 2566 1413 2618 iu
1439 2567 1770 2620 mendacium
1793 2577 2059 2623 mutantes

498 2665 550 2715 in
599 2660 1001 2714 similitudinem
1059 2658 1307 2726 imaginis
1367 2657 1732 2724 corruptibilis
1785 2659 2053 2726 hominis,

497 2764 748 2820 tanquam
781 2747 920 2801 nudo
949 2745 1173 2808 homini,
1205 2754 1363 2812 atque
1387 2742 1474 2796 uni
1508 2757 1570 2796 et
1603 2744 1754 2798 nobis
1787 2745 2058 2817 adoratio-

495 2854 617 2892 nem
653 2835 956 2889 deferemus
983 2832 1314 2887 Emmanueli
1339 2832 1361 2885 ?

561 2926 622 2979 Β.
654 2925 902 2981 Omnino.

564 3020 628 3071 Α.
671 3015 861 3071 Nonne
894 3029 1018 3070 vero
1051 3014 1212 3070 etiam
1266 3013 1499 3070 caelestis
1540 3015 1848 3084 angelorum
1889 3025 2060 3072 coetus

494 3111 681 3162 eadem
725 3123 827 3177 qua
870 3107 940 3161 illi
970 3107 1175 3161 insania
1207 3107 1450 3161 laborare
1490 3108 1695 3161 dicetur
1731 3109 1753 3159 ?

567 3198 624 3251 Β.
669 3200 744 3250 Ita
785 3198 1048 3266 profecto.

564 3291 630 3344 A.
673 3288 810 3355 Quin
865 3299 921 3341 et
1000 3285 1235 3356 gentium
1314 3286 1466 3339 turba
1548 3286 1939 3352 inevitabilem,
2002 3285 2126 3342 ut“

496 3381 746 3442 arbitror,
771 3377 971 3434 erroris
1003 3378 1391 3437 accusationem
1425 3377 1680 3439 incurret,
1711 3385 1764 3430 et
1795 3377 2055 3432 iucluihili

495 3473 690 3529 veteris
727 3471 892 3540 culpa:
923 3469 1040 3524 labe
1070 3467 1263 3521 infecta
1295 3470 1412 3519 erit.
1470 3466 1681 3520 Erravit
1717 3472 1856 3521 enim
1895 3473 2056 3523 etiam

496 3581 656 3629 nunc,
689 3572 739 3618 et
767 3563 979 3631 quidem
1025 3560 1189 3614 nihilo
1222 3561 1395 3614 secius
1441 3575 1598 3628 quam
1634 3561 1784 3624 olim,
1820 3573 1873 3614 et
1922 3563 2058 3615 viam

494 3672 611 3725 quia
663 3656 728 3708 ad
791 3655 1065 3707 veritatem
1131 3652 1273 3704 ducit
1308 3652 1588 3719 ignoravit.
1641 3653 1790 3717 Quod
1841 3655 2058 3722 quidem

495 3747 706 3800 abunde
754 3753 1008 3801 testatur,
1037 3750 1092 3792 ιιι
1131 3749 1382 3808 apparet,
1421 3739 1650 3804 Paulus,
1688 3742 1757 3794 ita
1789 3758 1878 3794 eas
1910 3759 2057 3795 cum-

495 3837 696 3904 pellans
730 3849 791 3886 ac
845 3833 1027 3887 dicens
1075 3850 1089 3883 -.
1136 3849 1153 3880 ι
1189 3831 1290 3885 Sed
1323 3842 1446 3885 tunc
1493 3833 1703 3900 quidem
1753 3833 2058 3902 ignorantes

493 3925 691 3988 Deum,
734 3925 797 3978 iis
848 3925 936 3991 qui
999 3931 1188 3976 natura
1247 3937 1348 3974 non
1402 3930 1527 3975 sunt
1584 3924 1654 3974 dit
1719 3925 2057 3979 serviehatis.

493 4019 642 4071 Νυηρ
699 4026 874 4069 autem
926 4029 1046 4068 cum
1086 4012 1442 4080 cognoveritis
1477 4011 1677 4075 Deum,
1715 4013 1821 4066 itno
1864 4018 2057 4080 cogniti

494 4110 610 4162 sitis
636 4124 662 4160 a
689 4107 796 4160 Deo
827 4121 842 4158 :
870 4105 1135 4176 quomodo
1153 4104 1519 4158 convertimini
1538 4103 1727 4158 iterum
1750 4105 1814 4158 ad
1850 4108 2057 4159 infirma

492 4213 546 4256 et
579 4215 742 4270 egena
777 4199 1059 4262 elementa,
1085 4195 1278 4264 quibus
1299 4197 1470 4248 denuo
1497 4197 1697 4250 servire
1725 4199 1882 4251 vultis
1905 4198 1949 4227 ⁷⁸
1982 4201 2003 4250 1’
2034 4217 2052 4248 ι

495 4291 714 4357 Qualem
747 4287 888 4342 enim
925 4287 1088 4340 Deum
1144 4295 1471 4350 cognorunt,
1515 4287 1555 4337 si
1609 4300 1710 4338 non
1742 4297 1823 4340 est
1873 4296 2059 4341 natura

491 4382 634 4436 Dens
653 4379 918 4440 Christus,
951 4377 1001 4429 itt
1025 4389 1181 4443 quem
1208 4376 1585 4428 crediderunt?
1617 4385 1668 4429 et
1697 4377 1738 4430 si
1762 4379 2060 4432 servierunt

493 4471 722 4535 homini,
794 4471 843 4523 in
898 4467 1150 4536 pristinos
1201 4467 1400 4522 erroris
1457 4465 1674 4535 laqueos
1733 4469 2052 4526 inciderunt.

492 4567 644 4617 Anne
674 4578 796 4616 vere
828 4561 917 4614 tibi
955 4560 1134 4613 dicere
1170 4561 1342 4614 “deer
1369 4560 1391 4610 ?

561 4655 617 4708 Β.
658 4651 905 4707 Prorsus.

557 4749 624 4800 A.
662 4745 794 4798 Vide
830 4746 1028 4812 itaque,
1076 4743 1341 4812 quomodo
1379 4741 1490 4809 jam
1540 4745 1855 4798 necessariis
1897 4755 2056 4814 atque

493 4837 832 4892 evidentibus
866 4835 1224 4902 argumentis,
1260 4844 1313 4889 et
1349 4843 1552 4888 tantum
1590 4849 1693 4888 non
1724 4833 1963 4890 nolentes
1992 4851 2056 4889 eo

489 4927 899 4996 compellantur,
935 4937 988 4979 ut
1018 4925 1301 4980 debeamus
1335 4926 1602 4996 sapienter
1631 4936 1878 4997 tauquam
1909 4941 2058 4982 natu-

491 5022 675 5074 raliter
707 5018 872 5073 Deum
904 5019 1123 5071 adorare
1153 5016 1366 5083 Filium,
1390 5019 1551 5070 etiam
1586 5017 1635 5071 iu
1667 5027 1852 5072 nostra
1885 5020 2054 5074 forma

489 5120 868 5182 apparentem,
919 5124 1038 5163 cum
1086 5108 1443 5162 eoalescentia
1498 5110 1609 5163 sive
1662 5124 1953 5166 concursus
2005 5113 2055 5166 in

488 5200 746 5253 unitatem
773 5212 876 5250 non
911 5197 1086 5263 inepte
1116 5198 1283 5265 possit
1310 5196 1449 5250 illam
1483 5210 1598 5264 qua:
1624 5197 1688 5251 de
1715 5197 2058 5254 humanitatis

489 5287 790 5356 suspicione
825 5286 1056 5338 incidere
1095 5296 1270 5351 posset
1306 5287 1665 5342 difﬁcultatem
1711 5290 1911 5343 tollere.

561 5379 621 5435 B.
660 5381 773 5444 Quo
808 5389 962 5448 pacto
992 5377 1114 5431 ais?

556 5471 622 5522 A.
665 5468 862 5521 Natura
896 5465 1036 5521 enim
1063 5467 1244 5531 Verbi,
1278 5479 1544 5538 assumpta
1576 5471 1923 5537 humanitate,
1956 5488 2056 5526 non

488 5573 568 5618 est
604 5561 742 5614 nuda
774 5561 1099 5622 humanitas,
1127 5561 1217 5614 sed
1250 5564 1422 5630 potius
1452 5565 1666 5617 vincens
1708 5565 1921 5633 propria
1965 5583 2057 5619 sua

488 5654 652 5724 gloria
706 5652 754 5706 id
799 5655 939 5721 quod
983 5663 1310 5723 assumptum
1361 5663 1461 5722 est,
1518 5656 1846 5712 divinitatem
1907 5673 2056 5712 suam

560 5827 607 5858 ”
638 5825 805 5886 ilebr.
838 5843 874 5894 ι,
906 5829 958 5886 6.

1037 5831 1082 5864 ⁷⁸
1115 5831 1270 5888 Rom.
1299 5851 1332 5898 ι,
1368 5834 1455 5888 25.
1535 5836 1577 5865 "
1605 5835 1731 5889 ibid.
1771 5835 1859 5900 2'2,
1898 5836 1984 5888 "25.

2160 2003 2383 2072 ἀδελφὰ,
2428 2007 2523 2059 καὶ
2571 2008 3012 2079 συνακουσόμεθα
3061 2010 3278 2074 πάντως
3303 2029 3316 2041 ·
3374 2030 3392 2064 ι
3435 2014 3743 2078 Φάσκοντες

2162 2087 2299 2146 εἶναι
2323 2095 2497 2160 σοφοὶ,
2530 2096 2943 2167 ἐμωράνθησαν,
2965 2098 3058 2151 καὶ
3082 2099 3315 2168 ἣλλαξαν
3341 2100 3438 2170 τὴν
3462 2101 3622 2168 δόξαν
3646 2104 3741 2157 τοῦ
3797 2085 3801 2088 ἢ

2159 2183 2435 2254 ἀφθάρτου
2482 2185 2617 2238 Θεοῦ
2669 2189 2726 2239 ἐν
2771 2189 3073 2257 ὁμοιώματι
3116 2192 3324 2254 εἰκόνος
3369 2193 3612 2263 φθαρτοῦ
3645 2197 3741 2249 ἀν-

2159 2273 2397 2344 θρώπου,
2413 2276 2508 2328 καὶ
2525 2278 2801 2343 πετεινῶν,
2823 2280 2916 2332 καὶ
2935 2281 3298 2350 τετραπόδων,
3323 2283 3415 2335 καὶ
3433 2285 3703 2353 ἑρπετῶν.
3719 2305 3738 2338 ι

2158 2363 2234 2418 Ἦ
2263 2368 2371 2437 γὰρ
2399 2369 2518 2437 οὐχὶ
2549 2370 2640 2422 καὶ
2667 2371 2822 2440 ἡμεῖς
2848 2372 3019 2433 αὐτοὶ,
3047 2372 3139 2425 καὶ
3187 2376 3428 2445 ἰσουργολ⁸
3475 2379 3569 2430 καὶ
3602 2379 3743 2449 σύμ-

2160 2473 2356 2526 φρονες
2394 2461 2507 2522 τοῖς
2556 2462 3004 2530 μνημονευθεῖσιν
3035 2464 3270 2533 ἐσόμεθα
3292 2504 3306 2528 ,
3349 2451 3448 2536 τὴν
3475 2467 3569 2519 τοῦ
3605 2468 3741 2522 Θεοῦ

2158 2549 2312 2616 δόξαν
2361 2553 2419 2605 ἐν
2467 2552 2543 2622 τῷ
2588 2553 2772 2622 ψεύδει
2823 2554 3297 2624 μεταλλάττοντες,
3333 2560 3388 2612 ἐν
3431 2561 3742 2631 ὁμοιώματι

2161 2640 2363 2704 εἰκόνος
2399 2642 2635 2712 φθαρτοῦ
2663 2643 2969 2715 ἀνθρώπου,
2999 2646 3046 2697 ει
3075 2647 3148 2710 ὠς
3182 2647 3456 2719 ἀνθρώπῳ
3483 2651 3627 2722 ψιλῷ
3648 2655 3743 2708 καὶ

2162 2730 2240 2781 ἐνὶ
2265 2730 2373 2782 τῶν
2406 2732 2524 2784 καθ’
2554 2734 2700 2802 ἡμᾶς
2745 2734 3100 2803 προσοίσομεν
3130 2735 3229 2805 τὴν
3264 2739 3636 2809 προσκύνησιν
3667 2743 3742 2811 τῷ

2176 2820 2522 2893 Ἐμμανουήλ
2543 2839 2558 2888 ;

2233 2914 2290 2968 Β.
2334 2915 2442 2967 Καὶ
2485 2914 2650 2983 μάλα.

2231 3005 2295 3056 Δ.
2336 3005 2401 3057 Τί
2439 3005 2529 3070 δέ;
2569 3006 2690 3076 οὐχὶ
2724 3005 2818 3058 καὶ
2848 3008 2983 3077 αὐτὴ
3017 3008 3124 3062 τῶν
3166 3011 3416 3079 ἀγγέλων
3449 3014 3482 3082 ἡ
3533 3013 3741 3067 ἀνωθεν

2161 3094 2389 3166 πληθὺς,
2407 3098 2518 3161 τοίς
2545 3099 2623 3160 εις
2653 3097 2808 3151 τοῦτο
2832 3100 3026 3169 μανίας
3054 3101 3248 3170 ἥκουσι
3283 3105 3693 3172 ωντετάξεται;

2231 3188 2290 3241 Β.
2323 3187 2585 3260 Ἀνάγκη.

2230 3279 2292 3331 Δ.
2325 3280 2659 3350 Ἀνεξίτητον
2686 3280 2764 3344 δὲ,
2792 3277 2944 3351 οἶμαί
2979 3299 3100 3345 που,
3131 3284 3230 3354 τὴν
3257 3286 3440 3356 ἐπὶτῴ
3461 3287 3741 3356 πεπλανῆο

2164 3369 2283 3422 σθαι
2317 3371 2535 3441 γραφὴν
2563 3372 2656 3424 καὶ
2705 3374 2770 3442 τῇ
2809 3372 2915 3424 τῶν
2959 3372 3126 3425 ἐθνῶν
3153 3375 3322 3446 ἀγέλῃ
3346 3377 3736 3448 περιθήσομεν,

2163 3460 2254 3514 καὶ
2286 3462 2684 3514 δυσαπόνιπτον
2733 3464 2841 3527 ἕξει
2886 3464 2991 3516 τῶν
3040 3465 3284 3534 ἀρχαίων
3312 3469 3653 3538 αἰτιαμάτων
3680 3472 3741 3523 τὸ

2164 3551 2376 3620 βλάϐος.
2398 3553 2666 3605 Πλανᾶται
2689 3553 2815 3622 γὰρ,
2845 3547 3020 3622 οἶμαι,
3039 3556 3130 3606 καὶ
3158 3554 3272 3622 νῦν,
3289 3558 3380 3609 καὶ
3407 3558 3558 3610 οὐδὲν
3581 3555 3740 3630 ἦττον

2162 3644 2193 3711 ἢ
2249 3644 2434 3706 πάλαι,
2483 3645 2575 3696 καὶ
2623 3643 2718 3713 τὴν
2767 3645 2847 3706 εἰς
2895 3646 3023 3697 εὐθὺ
3058 3645 3738 3720 διαστείχουσαννὴγνόηκε

2162 3735 2362 3802 τρίὸον.
2397 3733 2505 3787 Καὶ
2537 3735 2805 3804 περιττὸς,
2829 3735 2902 3798 ώς
2929 3737 3123 3800 ἔοικεν,
3153 3738 3181 3789 ὁ
3204 3742 3476 3809 μακάριος
3508 3741 3736 3805 Παῦλος,

2161 3825 2496 3894 προσφωνῶν
2517 3842 2575 3877 τε
2598 3828 2775 3888 αὐτοῖς
2806 3827 2899 3879 καὶ
2928 3826 3151 3894 λέγων’(
3176 3828 3334 3883 Ἀλλά
3361 3830 3482 3883 τότε
3515 3831 3615 3902 μὲν
3641 3834 3740 3886 ούκ

2162 3917 2360 3978 εἰδότες
2381 3915 2530 3980 Θεὸν,
2556 3915 2898 3968 ἐδουλεύσατε
2942 3919 3054 3980 τοῖς
3107 3918 3181 3989 μὴ
3234 3919 3389 3987 φύσει
3421 3921 3582 3985 θεοῖς.
3603 3923 3738 3976 Νυνὶ

2161 4009 2217 4060 δὲ
2244 4007 2460 4074 γνόντες
2491 4007 2641 4072 Θεὸν,
2670 4007 2868 4077 μᾶλλον
2893 4007 2947 4058 δὲ
2975 4009 3304 4076 γνωσθέντες
3334 4011 3436 4062 ὑπὸ
3458 4010 3554 4063 τοῦ
3576 4011 3734 4078 Θεοῦ,

2163 4100 2276 4161 πῶς
2309 4100 2661 4168 ἐπιστρέφετε
2692 4099 2853 4151 πάλιν
2899 4101 2989 4174 ἐπεὶ
3035 4098 3105 4152 τὰ
3149 4099 3351 4170 ἀσθενῆ
3406 4106 3500 4155 καὶ
3545 4107 3734 4174 πτωχά

2163 4195 2420 4261 στοιχεῖα,
2450 4187 2527 4255 οἷς
2560 4193 2719 4246 πάλιν
2748 4193 2951 4246 ἄνωθεν
2979 4193 3246 4248 δουλεύειν
3280 4195 3462 4249 θέλετε
3486 4215 3500 4263 ;
3522 4217 3542 4250 ι
3580 4199 3736 4252 Ποῖον

2161 4283 2267 4353 γὰρ
2292 4285 2370 4335 ἔτι
2398 4283 2529 4335 Θεὸν
2560 4283 2879 4352 ἐγνώκασιν,
2913 4288 2958 4338 εἰ
2990 4287 3063 4356 μὴ
3096 4287 3252 4355 φύσει
3278 4288 3410 4350 Θεὸς
3429 4291 3457 4341 ὁ
3481 4291 3734 4361 Χριστὸς,

2161 4377 2240 4436 εἰς
2264 4375 2322 4426 ὃν
2355 4375 2785 4441 πεπιστεύκασι;
2816 4377 2924 4428 Καὶ
2942 4378 2988 4428 εἰ
3009 4377 3426 4448 λελατρεύκασιν
3441 4379 3732 4452 ἀνθρώπῳ,

2161 4466 2272 4525 τοῖς
2305 4464 2403 4531 τῆς
2447 4465 2677 4534 ἀρχαίας
2730 4465 3046 4535 πλανήσεως
3088 4465 3358 4536 ἐνέχονται
3387 4468 3625 4540 βρόχοις.
3666 4474 3736 4524 ἰι

2091 4577 2136 4630 ι)
2164 4559 2260 4610 οὐκ
2299 4557 2494 4627 ἀληθὲς
2532 4559 2558 4611 ὃ
2597 4575 2771 4628 φημι;

2239 4649 2298 4701 Β.
2341 4649 2487 4702 Πάνυ
2533 4651 2632 4717 μὲν
2671 4645 2780 4701 οὖν.

2235 4742 2296 4790 Λ.
2324 4739 2511 4808 Ἀθρει
2540 4738 2603 4806 δὴ
2632 4736 2744 4805 οὖν,
2786 4741 2930 4802 ὅπως
2975 4741 3031 4805 ἐξ
3080 4742 3393 4811 ἀναγκαίων
3422 4745 3520 4815 ἤδη
3553 4747 3738 4799 συλλοο

2164 4828 2373 4898 γισμῶν
2431 4831 2709 4898 μονονουχὶ
2767 4832 2861 4882 καὶ
2925 4831 3019 4899 οὐχ
3074 4832 3288 4896 ἑκόντες
3346 4835 3734 4906 συνωθούμεθα

2165 4920 2301 4989 πρός
2329 4936 2390 4987 γε
2422 4919 2481 4970 τὸ
2504 4919 2610 4970 δεῖν
2638 4921 2921 4991 ἐμφρόνως
2947 4921 3019 4983 ώς
3050 4919 3171 4990 Θεῷ
3212 4924 3352 4976 κατά
3386 4923 3549 4992 φύσιν
3571 4944 3743 4995 προσ-

2166 5012 2345 5061 κυνεῖν
2376 5009 2454 5078 τῷ
2482 5009 2616 5078 Υῐῷ,
2653 5014 2746 5062 καὶ
2791 5012 2845 5062 ὲν
2876 5012 2951 5080 τῷ
2982 5010 3102 5063 καθ’
3129 5014 3276 5082 ἡμᾶς
3317 5021 3577 5084 πεφηνότι
3613 5017 3745 5086 σχή-

2169 5120 2332 5170 ματι,
2375 5101 2475 5168 τῆς
2519 5105 2595 5163 εἰς
2645 5104 2870 5170 ἑνότητα
2945 5104 3248 5175 συνδρομῆς
3317 5108 3418 5158 οὐκ
3470 5108 3744 5172 ἀνικάνως

2165 5192 2393 5262 ἐχούσης
2415 5193 2492 5253 εἱς
2513 5191 2570 5244 τὸ
2599 5193 2858 5261 ἀφανίσαι
2887 5193 3044 5263 τυχὸν
3065 5194 3126 5245 τὸ
3155 5197 3249 5247 καὶ
3295 5195 3406 5248 ἔσθ’
3427 5197 3514 5250 ὅτε
3537 5196 3742 5251 λυποῦν

2166 5288 2244 5348 εἱς
2275 5284 2371 5337 ἀνθ
2382 5285 2690 5354 ρωπότητος
2725 5285 2978 5352 ὑποψίαν.

2195 5369 2204 5380 ’
2238 5375 2295 5427 Β.
2341 5374 2463 5436 Πῶς
2505 5375 2672 5444 ἔφης

2236 5470 2298 5520 Δ.
2344 5467 2726 5536 Προσλαὸοῦσα
2750 5467 2854 5538 γὰρ
2887 5468 2917 5536 ἡ
2946 5467 3036 5520 τοῦ
3057 5469 3225 5536 Λόγου
3259 5468 3417 5538 φύσις
3443 5470 3502 5520 τὸ
3530 5469 3743 5538 ἀνθρώ-

2169 5578 2339 5621 πινον,
2377 5561 2474 5612 οὐκ
2509 5561 2862 5630 evagatam;
2892 5562 3004 5612 ἐστὶ
3037 5562 3187 5631 ψιλὴ,
3217 5561 3421 5614 νικῶσα
3452 5560 3507 5613 δὲ
3541 5563 3743 5631 μᾶλλον

2170 5654 2274 5723 ἰδίᾳ
2308 5653 2433 5723 δόξῃ
2476 5655 2531 5704 τὸ
2568 5655 2931 5724 προσληςςηὲν,
2966 5658 3019 5708 ἐν
3056 5654 3332 5725 ἁκλονῆτῳ
3367 5653 3592 5717 σώζεται
3620 5655 3741 5709 δια-

2069 5836 2111 5866 τδ
2136 5834 2311 5888 Galat.
2353 5849 2423 5900 tv,
2455 5835 2504 5898 8,
2540 5835 2590 5891 9.
