4006 6452
274 433 413 491 ιεδσ

1372 427 1461 480 οε
1501 425 1609 481 lNC
1629 420 2019 480 \RNATIONE
2061 418 2441 479 UNIGENITI.

3427 413 3567 466 ιεδι

271 556 411 626 μονῇ
441 552 538 624 τῆς
573 548 913 619 θεοπρεποῦς
943 547 1214 611 εὐκλείας.
1248 548 1418 601 Ταυτὶ
1453 548 1776 618 φρονοῦντες
1813 547 1862 598 oi

1977 545 2238 614 integram
2279 552 2443 611 atque
2473 541 2850 595 inconcussam
2884 534 3103 592 retinet.
3145 532 3298 600 Quod
3344 530 3567 601 quidem

270 643 533 716 μαθηταὶ,
561 641 932 714 προσεκύνουν
956 639 1223 708 λέγοντες·
1258 659 1276 690 ι
1304 639 1539 708 Ἀληθῶς
1569 637 1707 691 Θεοῦ
1737 637 1861 700 Υἱὸς

264 732 336 790 εἴ·
372 755 392 788 ι
427 736 606 790 καίτοι
637 733 803 804 βάδην
841 733 988 786 ίόντα
1020 731 1327 801 βλέποντες,
1348 731 1442 782 καὶ
1468 731 1525 782 ὲν
1551 731 1715 800 σαρκὶ
1739 729 1859 782 καθ’

262 827 441 896 ἡμᾶς’
478 826 565 878 ἐπ’
590 824 761 894 ἄκρου
796 823 907 892 γὰρ
949 821 1015 892 δὴ
1054 820 1218 875 διέθει
1246 819 1486 892 κύματος
1518 819 1860 891 παραδόξως,

263 915 340 981 ὡς
377 916 531 980 Θεός.

343 1097 405 1149 Β.
448 1095 557 1148 Καὶ
589 1096 672 1157 τίς
702 1089 770 1164 ἦν
797 1093 826 1144 δ
855 1093 1029 1161 λέγων
1065 1091 1202 1161 πρὸς
1237 1089 1336 1160 τὴν
1382 1094 1438 1145 ἐν
1462 1095 1526 1162 τῇ
1574 1091 1858 1163 Σαμαρείᾳ

269 1189 532 1255 γυναῖκα·
576 1185 810 1256 «Ὑμεῖς
862 1185 1218 1255 προσκυνεῖτε
1255 1182 1284 1235 δ
1327 1183 1428 1235 οὐκ
1467 1183 1670 1246 οἴδατε,
1703 1184 1864 1253 ἡμεῖς

267 1275 687 1347 προσκυνοῦμεν
711 1275 742 1329 δ
768 1274 1024 1344 οίδαμενς
1059 1293 1080 1327 ι
1114 1269 1248 1327 Εἶτα
1277 1275 1396 1338 πῶς
1425 1275 1578 1328 ἔσται
1615 1292 1862 1346 προσκυ-

270 1369 454 1437 νητὸς.
483 1371 510 1422 ό
535 1371 648 1431 τοῖς
673 1364 1043 1439 προσκυνοῦσι
1072 1367 1541 1438 συντεταγμένοςς

339 1461 404 1513 Δ.
449 1461 558 1514 Καὶ
583 1453 1030 1531 μὴν,ὧφιλότης,
1061 1458 1124 1511 τὸ
1153 1459 1249 1524 Τίς
1273 1459 1336 1528 δὴ
1359 1457 1518 1511 τοῦτο
1543 1458 1864 1522 πλειστάκις

271 1553 573 1620 ἀναφωνετς
609 1552 670 1605 τὸ
700 1549 976 1616 λεξείδιον,
1006 1551 1106 1604 οὐκ
1134 1546 1232 1604 οἷδ’
1261 1552 1409 1615 ὅπως
1440 1555 1552 1616 τοῖς
1583 1553 1864 1616 ἀσυνέτοις

271 1643 656 1717 ιξευρημένον.
705 1643 1052 1715 Μεμέρισται
1087 1644 1196 1716 γὰρ
1231 1644 1482 1714 οὐδαμῶς
1530 1647 1558 1699 ὁ
1603 1645 1861 1717 Χριστός.

283 1734 342 1788 Ὀ
366 1734 422 1788 δὲ
441 1733 522 1805 τῷ
545 1732 758 1804 γυναίῳ
787 1734 1128 1805 προσλαλῶν,
1154 1737 1182 1787 ὁ
1215 1729 1295 1798 εἷς
1331 1753 1390 1788 τε
1423 1735 1514 1789 καὶ
1549 1735 1711 1806 μόνος
1747 1735 1862 1789 Κό-

271 1843 386 1898 ριος
434 1821 502 1896 ἦν
539 1826 747 1898 Ἰησοῦς
779 1828 808 1880 6
837 1807 1091 1898 Χριστὸς,
1126 1826 1189 1879 ἔκ
1225 1844 1282 1880 τε
1321 1828 1415 1899 τῆς
1450 1829 1865 1897 προσκυνούσης

271 1914 696 1986 ἀνθρωπότητος
749 1917 846 1969 καὶ·
879 1919 942 1970 ἐκ
969 1917 1068 1986 τῆς
1100 1917 1582 1990 προσκυνουμένης
1613 1919 1865 1990 θεότητος

273 2005 635 2075 συγκείμενος
661 2006 1012 2078 ἀπορρήτως,
1042 2008 1295 2080 καθάπερ
1315 2008 1510 2078 ἀμέλει
1534 2010 1667 2079 φαίη
1694 2027 1776 2074 τις
1799 2009 1866 2064 ἂν

271 2098 366 2149 καὶ
395 2097 597 2166 ἑτέρως
632 2099 758 2169 περὶ
789 2093 1057 2170 αὑτοῦῘῌ
1088 2101 1187 2170 μὲν
1224 2101 1333 2171 γάρ
1376 2103 1490 2154 ἑστι
1523 2101 1678 2165 Θεὸς,
1709 2105 1866 2156 νοοῖτ’

271 2187 337 2241 ἂν
385 2187 648 2258 ὑπάρχων
678 2189 841 2254 αὐτὸς
868 2193 895 2243 ὁ
933 2192 1031 2260 τῆς
1075 2191 1234 2262 δόξης
1273 2192 1498 2263 Κύριος·
1589 2193 1646 2247 δὲ
1674 2195 1864 2262 γέγονε

271 2279 413 2332 κατά
447 2279 663 2350 μέθεξιν
704 2280 803 2353 τὴν
829 2283 982 2352 παρὰ
1007 2281 1140 2334 Θεοῦ
1170 2282 1524 2355 δοξαζόμενος
1555 2284 1865 2356 ἄνθρωπος,

272 2369 444 2423 ἐδεῖτο
491 2371 586 2423 καὶ
628 2369 808 2439 δόξης,
839 2371 1014 2438 λέγων
1038 2387 1049 2401 ·
1102 2391 1119 2422 ι
1152 2371 1355 2443 Πάτερ,
1395 2373 1620 2440 δόξασόν
1650 2393 1743 2428 σου
1775 2377 1868 2429 τὸν

272 2461 420 2514 Υἱόν.
449 2480 469 2512 ι
493 2461 653 2525 ⁹Αλλ’,
679 2482 696 2513 ι
723 2459 815 2525 Εἷς
831 2461 1060 2531 Κύριος,
1089 2463 1186 2533 μία
1210 2465 1411 2529 πίστις,
1439 2465 1496 2517 ἓν
1521 2468 1860 2538 βάπτισμα.»

273 2551 416 2605 κατὰ
439 2552 502 2604 τὸ
527 2551 1155 2623 γεγραμμένον.⁸Ὠσπερ
1183 2549 1273 2606 οὖν
1308 2555 1423 2607 ὲστι
1452 2555 1548 2625 μία
1589 2556 1793 2622 πίστις,
1834 2560 1866 2628 ἡ

272 2647 349 2707 εἰς
379 2645 637 2714 Χριστὸν,
678 2646 772 2697 καί
803 2644 860 2696 ἒν
892 2644 1110 2713 ἀληθῶς
1133 2645 1192 2697 τὸ
1219 2645 1525 2716 βάπτισμα,
1560 2650 1738 2702 καίτοι
1776 2649 1868 2718 βαι

271 2735 615 2805 πτιζομένων
641 2736 734 2790 καὶ
767 2736 1211 2790 πεπιστευκότων
1235 2738 1394 2808 ήμῶν
1416 2741 1494 2801 είς
1525 2740 1745 2810 Πατέρα
1773 2742 1867 2794 καὶ

274 2828 405 2882 Υἱὸν
431 2829 524 2882 καὶ
549 2829 704 2896 ἆγιον
727 2827 952 2899 Πνεῦμα
969 2847 980 2859 ·
1013 2831 1155 2883 κατᾶ
1177 2831 1268 2883 τὸν
1291 2830 1868 2905 αὑτὸν,οἷμαι,τρόπον

273 2936 332 2972 τε
351 2921 446 2973 καὶ
471 2919 628 2986 λόγον
649 2921 746 2990 μία
762 2921 1132 2992 προσκύνησις
1150 2923 1380 2993 Πατρὸς,
1401 2926 1491 2976 καὶ
1510 2925 1868 2996 ἐνανορωπή-

277 3028 469 3075 σαντος
489 3011 644 3077 Υίοῦ,
667 3029 759 3066 και
780 3014 939 3080 ἁγίου
967 3013 1303 3083 Πνεῦματος.
1339 3016 1739 3087 Ἐξωσθήσεται
1761 3019 1868 3091 γὰρ

272 3103 528 3173 οὐδαμῶς
555 3105 650 3157 τοῦ
680 3105 1104 3175 προσκυνεῖσθαι
1125 3105 1254 3170 δεῖν,
1296 3108 1432 3178 πρός
1473 3126 1531 3160 τε
1573 3110 1730 3179 ἡμῶν
1773 3112 1868 3164 αὖ·

272 3193 382 3249 τῶν
409 3197 503 3248 καὶ
530 3195 641 3249 τῶν
674 3196 846 3264 ἁγίων
876 3196 1125 3266 ἀγγέλων
1151 3199 1177 3250 6
1212 3199 1542 3272 Μονογενὴς,
1577 3204 1670 3255 καὶ
1700 3206 1748 3255 εξ
1777 3204 1867 3271 γέ-
1896 3239 1937 3295 C

273 3302 400 3354 γονε
449 3285 608 3357 σὰρξ,
637 3288 730 3340 καὶ
772 3289 1084 3357 ἐσκήνωσεν
1121 3289 1178 3340 ὲν
1221 3292 1372 3360 ἡμῖν,
1403 3294 1776 3362 κεχρημάτικέ
1807 3311 1866 3346 τε

275 3378 622 3450 πρωτότοκος
652 3381 709 3432 ὲν
737 3381 951 3444 πολλοῖς
980 3381 1245 3449 ἀδελφοῖς.
1267 3384 1419 3436 Ἐπεὶ
1449 3386 1531 3446 τίς
1572 3387 1636 3438 ἂν
1659 3387 1870 3454 γένοιτο

276 3471 464 3524 λοιπὸν
490 3473 518 3524 ό
548 3471 645 3540 τῆς
676 3473 763 3524 ἐπ’
789 3472 938 3543 αὑτῷ
965 3474 1198 3536 πίστεως
1228 3475 1404 3541 λόγος,
1434 3477 1550 3540 πῶς
1582 3478 1681 3530 οὐκ
1721 3479 1870 3543 ἄξιον

279 3562 409 3616 ἰδεῖν
429 3581 442 3627 ;
464 3562 600 3615 Οὐδὲ
626 3563 755 3634 γὰρ,
779 3560 954 3634 οἶμαι,
974 3568 1131 3632 φαῖεν
1155 3566 1219 3617 ἂν
1244 3566 1400 3636 οἷπερ
1426 3568 1492 3620 ἂν
1518 3569 1720 3622 ἕλοιντο
1745 3590 1872 3640 φρο-

280 3655 389 3705 νεῖν
418 3650 616 3722 ὀρθῶς,
645 3653 718 3715 ὡς
751 3654 833 3716 εἰς
874 3655 1032 3724 μόνον
1057 3655 1505 3726 πεπιστεύκαμεν
1531 3659 1621 3710 τὸν
1647 3661 1707 3711 ὲκ
1730 3662 1868 3715 Θεοῦ

279 3743 458 3812 φύντα
485 3744 678 3812 Λόγον,
705 3746 1149 3816 ἀπο-γυμνοῦντες
1183 3749 1344 3801 αὐτὸν
1377 3749 1476 3817 τῆς
1517 3752 1734 3822 σαρκός·
1761 3753 1870 3805 οὐδ’

279 3829 345 3888 αὖ
389 3836 565 3886 ἐκεῖνο
606 3835 930 3906 παρήσομεν
968 3838 1163 3889 εἰπεῖν·
1197 3837 1472 3904 λελέξεται
1513 3842 1648 3912 γάρ.

349 3926 410 3980 Β.
453 3925 527 3978 Τὸ
563 3926 616 3978 τί
654 3926 717 3996 δὴ
751 3929 897 3997 Διρήςς

350 4018 416 4072 Δ.
459 4017 531 4070 Οὐ
574 4018 683 4088 γὰρ
721 4018 797 4082 ὡς
843 4020 922 4082 εἰς
954 4019 1050 4072 ἕνα
1095 4021 1200 4072 τῶν
1247 4021 1367 4074 καθ’
1399 4023 1566 4091 ἡμᾶς,
1595 4023 1717 4076 οὔτε
1764 4026 1871 4096 μὴν

279 4109 356 4173 ὡς
399 4110 480 4171 είς
520 4109 807 4179 ἄνθρωπον
843 4113 873 4182 ἡ
907 4111 1107 4176 πίστις,
1139 4113 1251 4165 ἀλλ’
1282 4117 1360 4178 εἰς
1404 4116 1536 4167 Θεὸν
1575 4118 1871 4188 πράττεται

281 4202 372 4254 τὴν
411 4199 570 4270 φύσει
613 4201 708 4255 καὶ
752 4201 967 4272 ἀληθῶς
997 4205 1055 4255 ὲν
1085 4206 1363 4276 προσώπῳ
1389 4208 1648 4277 Χριστοῦ·
1679 4211 1872 4282 συλλή-

279 4295 442 4364 ψεται
476 4294 533 4348 δὲ
558 4293 636 4364 τῷ
672 4294 815 4365 λόγῳ
850 4296 944 4348 καὶ
975 4298 1005 4348 δ
1033 4297 1193 4365 σοφὸς
1221 4300 1447 4367 γράφων
1475 4301 1707 4364 Παῦλος·
1745 4324 1762 4354 ι
1794 4305 1870 4357 Οὐ

282 4388 390 4457 γὰρ
438 4387 664 4450 ἑαυτοὺς
715 4387 1134 4458 ὲκηρύσσομεν,
1200 4388 1335 4444 ἀλλὰ
1384 4393 1616 4460 Χριστὸν
1663 4397 1872 4462 Ἰησοῦν

283 4477 511 4550 Κύριονο
547 4478 777 4542 ἑαυτοὺς
815 4477 872 4530 δὲ
909 4478 1127 4541 δούλους
1171 4479 1326 4550 ὑμῶν
1366 4481 1452 4535 διὰ
1489 4485 1748 4553 Χριστοῦ,
1791 4489 1872 4540 ὅτι

1966 638 2262 690 sentientes
2321 631 2605 703 discipuli,
2649 630 2946 685 adorarunt
2990 627 3235 682 dicentes
3277 641 3290 678 :
3343 641 3363 675 ι
3428 620 3571 677 Vero

1967 725 2134 780 Filius
2182 724 2278 779 Dei
2331 738 2422 788 es,
2463 741 2482 775 ι
2543 737 2667 777 cum
2709 720 2858 774 illum
2921 714 3345 772 inambulantem
3412 710 3571 782 aquis

1966 825 2273 880 cernerent,
2303 812 2518 870 tametsi
2546 812 2598 866 in
2624 827 2789 866 carne
2820 819 3134 866 versaretur
3167 817 3228 860 ut
3256 819 3352 860 nos
3379 821 3394 858 :
3417 818 3568 859 sum-

1968 923 2090 962 mos
2144 909 2289 963 enim
2352 905 2550 963 ﬂuctus
2609 901 2960 976 percurrebat
3023 893 3459 958 admirabiliter,
3510 901 3570 947 ut

1971 999 2135 1052 Deus.

2039 1091 2099 1145 Β.
2131 1090 2294 1160 Atqui
2329 1090 2576 1160 quisnam
2611 1096 2729 1143 erat
2757 1085 2946 1140 dicens
2970 1084 3037 1137 ad
3061 1082 3344 1137 mulierem
3378 1077 3576 1133 Sama-

1969 1184 2200 1238 ritanam
2245 1201 2260 1238 :
2316 1201 2335 1236 ι
2391 1183 2501 1238 Vos
2543 1182 2782 1238 adoratis
2819 1179 2964 1249 quod
3006 1175 3278 1233 nescitis:
3323 1187 3422 1228 nos
3471 1170 3570 1226 ad-

1967 1290 2192 1331 oramus
2219 1277 2364 1345 quod
2404 1274 2608 1330 scimus
2653 1273 2699 1305 "
2730 1273 2753 1326 ἲ
2788 1290 2809 1326 ι
2842 1273 3115 1327 Praeterea
3161 1263 3433 1337 quomodo
3467 1264 3573 1318 erit

1969 1367 2302 1432 adorandus,
2335 1368 2427 1437 qui
2467 1377 2551 1423 est
2580 1367 2633 1421 in
2672 1379 2904 1422 numero
2930 1376 3119 1419 eorum
3149 1359 3240 1430 qui
3291 1355 3572 1412 adorant?

2038 1460 2105 1514 A.
2141 1459 2508 1529 Frequenter,
2547 1471 2581 1512 ο
2603 1457 2808 1522 amice,
2836 1456 2978 1511 hanc
3006 1466 3218 1514 vocem,
3253 1450 3411 1517 otiis,
3439 1448 3568 1502 mihi

1968 1551 2198 1614 occinis,
2253 1550 2435 1606 nescio
2473 1549 2744 1620 quomodo
2810 1549 2882 1603 ab
2929 1545 3198 1618 imperitis
3267 1544 3566 1597 inventam.

1969 1642 2123 1697 Nulla
2153 1642 2314 1713 702
2345 1641 2489 1696 εηίιη
2520 1641 2728 1696 ratione
2773 1640 2978 1694 divisus
3019 1645 3105 1692 est
3142 1633 3414 1690 Christus.
3465 1630 3568 1698 Qui

1969 1748 2098 1788 vero
2145 1733 2426 1786 mulierem
2475 1729 2800 1800 alloquitur,
2830 1743 2971 1783 unus
3004 1742 3070 1782 ac
3116 1724 3266 1780 solus
3307 1721 3570 1777 Dominus

1969 1836 2088 1880 erat
2118 1823 2278 1880 Jesus
2323 1823 2596 1891 Christus,
2645 1839 2710 1878 ex
2744 1822 3081 1878 humanitate
3113 1834 3232 1888 qua:
3265 1817 3486 1879 adorat,
3517 1825 3572 1870 et

1898 1898 1940 1952 Β
1971 1918 2257 1974 divinitate
2287 1932 2408 1986 quae
2433 1917 2688 1970 adoratnr
2721 1913 2978 1971 ineliabili
3014 1913 3173 1966 modo
3206 1909 3565 1978 compositus.

1969 2008 2436 2077 Quemadmodum
2459 2006 2690 2061 fortasse
2732 2004 3001 2076 quispiam
3045 2003 3204 2058 aliter
3244 2015 3458 2070 quoque
3505 1999 3574 2052 de

1972 2103 2089 2169 ipso
2123 2100 2340 2154 dixerit.
2373 2099 2651 2165 Quatenus
2671 2097 2816 2152 enim
2847 2105 2930 2152 est
2954 2096 3116 2159 Deus,
3139 2100 3428 2149 censeatur
3451 2097 3573 2148 eSse

1973 2192 2230 2247 Dominus
2277 2191 2508 2260 gloriae:
2564 2202 2833 2260 quatenus
2877 2203 3009 2244 vero
3055 2187 3231 2242 factus
3279 2193 3360 2240 est
3411 2187 3570 2240 homo

1970 2287 2267 2339 secundum
2298 2281 2772 2353 participationem
2805 2295 2836 2334 a
2869 2281 2977 2334 Deo
3005 2278 3364 2347 gloriﬁcatus,
3394 2275 3568 2346 gloria

1971 2373 2182 2442 egebat,
2219 2373 2444 2428 dicens:
2479 2391 2497 2424 ι
2530 2370 2712 2434 Pater,
2749 2371 2990 2440 glorilica
3027 2368 3222 2423 Filium
3261 2377 3412 2421 tuum
3439 2365 3507 2419 ⁷⁸.
3548 2381 3566 2416 ι

1970 2467 2260 2533 Caeterum,
2300 2483 2317 2516 ι
2361 2463 2510 2519 Unus
2541 2475 2620 2518 est
2655 2463 2936 2523 Dominus.
2961 2477 3066 2516 una
3089 2461 3244 2527 ﬁdes,
3279 2475 3444 2513 unum
3477 2457 3574 2510 ba-

1972 2560 2194 2629 ptisma,
2223 2578 2240 2610 »
2263 2560 2404 2614 sicut
2425 2560 2687 2628 scriptum
2704 2565 2788 2612 est
2816 2557 2882 2612 ⁷³.
2908 2554 3372 2623 Quemadmodum
3411 2552 3574 2623 igitur

1974 2667 2078 2704 una
2139 2659 2222 2705 est
2282 2651 2413 2705 lides
2465 2649 2520 2703 in
2578 2649 2890 2713 Christum,
2929 2658 3090 2716 atque
3150 2662 3314 2700 unum
3381 2657 3571 2700 revera

1973 2744 2272 2812 baptisma,
2314 2741 2528 2796 tametsi
2564 2741 2822 2811 baptizati
2860 2741 3030 2795 simus
3074 2748 3131 2794 et
3179 2740 3469 2793 credamus
3515 2737 3574 2790 in

1972 2835 2211 2901 Patrem,
2249 2834 2467 2898 Filium,
2495 2843 2548 2888 et
2575 2833 2837 2902 Spiritum
2865 2843 3114 2886 sanctum
3145 2848 3158 2886 :
3192 2830 3385 2884 endam
3414 2830 3573 2897 plani:

1972 2928 2185 2982 ratione
2221 2941 2287 2980 ac
2351 2926 2510 2979 modo
2574 2940 2680 2979 una
2719 2934 2802 2979 est
2865 2923 3110 2980 adoratio
3159 2921 3334 2976 Patris
3365 2929 3417 2975 et
3449 2918 3569 2974 Filii

1974 3016 2265 3082 incarnati,
2309 3026 2363 3070 et
2395 3014 2632 3087 Spiritus
2660 3015 2860 3070 sancti.
2893 3013 3078 3081 Neque
3105 3016 3248 3068 enim
3281 3009 3389 3064 ullo
3412 3019 3572 3079 pacto

1973 3123 2002 3161 a
2059 3107 2212 3162 nobis
2248 3109 2452 3176 pariter
2502 3117 2557 3162 et
2611 3107 2813 3162 sanctis
2869 3108 3076 3175 angelis
3135 3107 3202 3159 ab
3256 3103 3571 3158 adoratione

1974 3199 2338 3254 excludendos
2367 3209 2452 3255 est
2469 3201 2830 3271 Unigenitus,
2867 3201 3078 3254 tametsi
3113 3200 3289 3253 l‘aetus
3312 3197 3382 3252 sit
3414 3211 3569 3260 caro,

1971 3302 2026 3347 et
2056 3292 2316 3346 habitarit
2351 3293 2401 3346 in
2427 3293 2605 3357 nobis,
2627 3303 2960 3361 vocatusque
2989 3292 3059 3346 sit
3092 3290 3485 3360 primogenitus
3512 3288 3565 3340 in

1970 3382 2156 3438 multis
2184 3382 2439 3439 iratribus
2459 3385 2526 3437 ⁸⁸.
2549 3383 2630 3438 Ad
2649 3384 2763 3438 haec
2791 3397 3040 3454 quaenam
3072 3383 3138 3437 sit
3173 3381 3294 3434 fidei
3319 3382 3368 3433 in
3395 3380 3568 3448 ipsum

1971 3475 2144 3540 ratio,
2175 3479 2448 3545 quomodo
2490 3491 2596 3530 non
2637 3475 2708 3530 sit
2735 3489 2915 3544 operae
2959 3475 3190 3544 pretium
3240 3471 3571 3542 inquirere?

1969 3564 2089 3620 Non
2143 3568 2286 3622 enim
2345 3568 2611 3632 dixerint,
2645 3577 2704 3620 ut
2748 3567 2968 3637 Opinor,
3024 3566 3114 3636 qui
3171 3577 3314 3620 recte
3369 3566 3571 3618 sentire

1973 3656 2178 3720 velint,
2216 3672 2314 3711 nos
2349 3655 2401 3710 in
2435 3657 2608 3710 solum
2647 3653 2879 3710 Verbum
2910 3657 3052 3724 quod
3086 3671 3148 3709 ex
3182 3654 3290 3709 Deo
3328 3653 3570 3722 procedit

1973 3748 2270 3802 credidisse
2291 3789 2305 3812 ,
2337 3749 2603 3802 nudantes
2643 3748 2819 3817 ipsum
2860 3762 3046 3802 carne.
3080 3745 3188 3800 Sed
3219 3761 3393 3813 neque
3441 3745 3567 3799 illud

1974 3856 2188 3895 rursum
2221 3841 2400 3895 dicere
2425 3842 2759 3895 omittemus.
2792 3839 3013 3896 Dicetur
3037 3839 3181 3895 enim
3213 3840 3420 3894 statim.

2045 3933 2106 3986 Β.
2137 3932 2405 3997 Quidnam
2436 3934 2606 3989 dicis?

2045 4021 2109 4073 Α.
2140 4020 2327 4090 Neque
2354 4021 2500 4075 enim
2533 4030 2790 4091 tanquam
2828 4022 2879 4076 in
2905 4037 3068 4076 unum
3099 4036 3165 4076 ex
3197 4019 3375 4087 nobis,
3396 4035 3571 4091 neque

1975 4123 2034 4167 ut
2073 4115 2125 4167 in
2159 4114 2361 4168 nudum
2411 4113 2685 4168 hominem
2719 4114 3028 4177 credimus,
3060 4115 3155 4168 sed
3191 4113 3244 4167 in
3284 4112 3452 4168 Deum
3477 4114 3570 4182 qui

1976 4205 2297 4260 naturaliter
2358 4219 2421 4261 ac
2477 4220 2623 4260 vere.
2659 4215 2745 4261 est
2789 4207 2841 4261 in
2891 4219 3120 4276 persona
3183 4204 3385 4260 Christi
3438 4203 3572 4259 lides

1977 4307 2165 4354 nostra
2216 4297 2412 4365 vergit.
2476 4296 2575 4353 Cui
2630 4299 2846 4367 quidem
2903 4297 3186 4353 sententiae
3245 4296 3570 4372 astipulatur

1976 4389 2193 4458 sapiens
2220 4389 2306 4442 ille
2332 4387 2532 4443 Paulus
2558 4389 2629 4443 ita
2654 4389 2903 4444 scribens
2935 4407 2987 4444 ιι
3006 4388 3123 4443 Non
3154 4391 3303 4444 enim
3326 4401 3567 4445 nosmet-

1977 4479 2124 4548 ipsos
2151 4478 2578 4546 praedicabamus
2599 4517 2613 4541 ,
2644 4477 2737 4531 sed
2761 4475 2946 4532 Jesum
2976 4475 3250 4532 Christum
3281 4475 3565 4531 Dominum

281 4568 414 4633 Θεὸς
437 4571 466 4622 ὁ
489 4569 658 4622 εἰπὼν
693 4571 759 4622 ὲκ
800 4570 1022 4633 σκότους
1050 4569 1159 4639 φῶς
1192 4571 1423 4641 λάμψαι.
1447 4574 1505 4638 ὃς
1541 4576 1782 4646 ἔλαμψεν
1816 4581 1868 4632 ἐν

1979 4573 2271 4628 nostrum;
2320 4579 2418 4618 nos
2477 4574 2656 4618 autem
2707 4580 2894 4620 servos
2946 4575 3151 4620 vestros
3210 4580 3305 4636 per
3358 4563 3562 4620 Jesum.

281 4663 402 4724 ταῖς
438 4660 690 4731 καρδίαις
729 4659 889 4730 ἡμῶν
920 4663 1055 4732 πρὸς
1077 4663 1355 4732 φωτισμὸν
1380 4665 1476 4735 τῆς
1497 4667 1753 4734 γνώσεως
1777 4669 1876 4739 τῆς

281 4751 442 4823 δόξης
483 4751 650 4805 αὑτοῦ
693 4753 751 4804 ὲν
802 4751 1080 4822 προσώπῳ
1116 4753 1374 4824 Χριστοῦ.
1407 4773 1422 4804 ι
1447 4755 1576 4808 Ἰδοὺ
1600 4756 1662 4826 δὴ
1694 4758 1879 4826 σαφῶς

283 4860 342 4897 τε
381 4843 478 4897 καὶ
519 4842 766 4914 ἐναργῶς
812 4845 840 4896 ὁ
864 4845 1144 4914 φωτισμὸς
1183 4845 1282 4914 τῆς
1322 4845 1574 4914 γνώσεως
1610 4848 1704 4901 τοῦ
1741 4849 1875 4902 Θεοῦ

283 4938 378 4991 καὶ
413 4937 631 5007 Πατρὸς
665 4939 724 4989 ὲν
759 4937 1037 5007 προσώπῳ
1070 4938 1332 5009 διέλαμψε
1355 4938 1446 4992 τοῦ
1472 4942 1728 5011 Χριστοῦ.
1755 4944 1877 4996 Τοι-

284 5031 477 5098 γάρτοι
514 5029 609 5081 καὶ
654 5027 892 5097 ἔφασκεν
920 5045 932 5058 ο
965 5047 981 5079 ι
1004 5029 1062 5082 '0
1110 5030 1370 5100 ἑωρακὼς
1393 5031 1515 5100 ἐμὲ,
1543 5031 1755 5103 ἑώρακε
1780 5034 1871 5086 τὸν

284 5122 523 5193 Πατέρα·
552 5118 664 5187 ἐγὼ
687 5121 783 5174 καὶ
803 5121 832 5172 ὁ
853 5118 1040 5190 Πατὴρ
1068 5120 1125 5171 ἓν
1147 5122 1335 5189 ἐσμεν.
1373 5140 1391 5172 ι
1440 5122 1743 5194 Χαρακτὴρ
1765 5124 1819 5176 δὲ
1844 5127 1870 5176 ὁ

285 5215 427 5278 θεῖος
463 5216 522 5268 οὐ
567 5212 898 5283 σωματικὸς,
923 5211 1039 5265 ἀλλ’
1065 5212 1121 5263 ὲν
1145 5211 1373 5281 δυνάμει
1395 5214 1485 5266 καὶ
1507 5214 1633 5287 δόξῃ
1655 5219 1721 5287 τῇ
1751 5216 1870 5270 Θεο-

285 5307 664 5382 πρεπεστάτῃ,
684 5305 843 5360 τοῦτο
873 5305 929 5360 δὲ
960 5301 1028 5376 ἦν
1063 5307 1362 5376 ἀκραιφνὲς
1389 5308 1444 5360 ἐν
1466 5309 1703 5379 Χριστῴ-
1733 5326 1873 5378 γνω-

287 5396 534 5471 ρίζεσθαι
571 5413 631 5449 τε
674 5397 767 5452 καὶ
806 5397 895 5450 διὰ
931 5397 1134 5450 τούτων
1176 5395 1352 5467 ἠξίου,
1378 5399 1472 5448 καὶ
1503 5397 1592 5450 διὰ
1629 5400 1726 5468 τῆς
1765 5400 1872 5452 τῶν

285 5490 582 5563 δρωμένων
621 5489 931 5560 ὑπεροχῆς,
979 5490 1060 5552 εἰς
1113 5489 1323 5553 ἑννοίας
1364 5490 1741 5562 ἁναῦρώσκειν
1781 5494 1876 5554 τὰς

287 5585 374 5637 ιττ*
403 5581 554 5653 αὑτῷ
577 5580 703 5644 τοὺς
724 5580 1106 5652 ἀκροωμένους
1129 5580 1306 5650 ἤθελε,
1323 5583 1874 5652 κατασμικρυνούσης

289 5674 451 5730 αὐτὸν
473 5674 660 5746 ἠρέμα
690 5673 787 5744 τῆς
813 5673 1098 5744 ὁρωμένης
1126 5672 1348 5742 σαρκός.
1383 5691 1400 5724 ι
1434 5673 1492 5725 ΕΞ
1517 5674 1625 5744 γὰρ
1647 5674 1706 5725 οὐ
1735 5673 1872 5726 ποιῶ

367 5851 594 5910 "Joan.
637 5868 710 5921 tv,
747 5853 838 5908 ετ.
937 5851 1159 5908 "Joan.
1193 5867 1325 5914 xui,
1366 5853 1408 5906 ι.

1490 5856 1521 5882 ττ
1561 5855 1754 5923 Ιῦιι1ιεε.
1796 5869 1867 5919 tv,
1910 5855 1959 5908 ἐν.

1977 4655 2242 4722 Quoniam
2296 4655 2436 4710 Dens
2471 4657 2562 4725 qui
2613 4657 2749 4711 dixit
2778 4658 2845 4712 de
2895 4658 3140 4713 tenebris
3174 4659 3347 4712 lucem
3382 4658 3567 4726 splen-

1979 4748 2357 4818 descere,ipse
2390 4749 2565 4802 illuxit
2599 4749 2651 4803 in
2673 4749 2926 4804 cordibus
2955 4751 3156 4806 nostris
3194 4752 3259 4804 ad
3297 4749 3569 4804 illumina-

1975 4841 2177 4895 tioncnt
2227 4842 2468 4896 scicntia:
2502 4842 2768 4899 claritatis
2799 4843 2923 4912 Dei,
2960 4843 3012 4898 in
3045 4844 3183 4897 facie
3238 4843 3370 4898 Jesn
3409 4843 3568 4899 Chri-

1975 4933 2042 4987 sti
2071 4932 2137 4985 ⁶¹.
2178 4951 2198 4985 ι
2253 4931 2391 4987 Ecce
2413 4949 2576 5004 quam
2622 4943 2808 5004 aperte
2831 4950 2895 4991 ac
2929 4934 3214 4991 manifeste
3247 4935 3570 4991 illuminatio

1978 5026 2225 5080 Sciettlizn
2262 5025 2355 5082 Dei
2389 5042 2452 5080 ac
2504 5026 2680 5083 Patris
2736 5030 2788 5083 in
2841 5044 3070 5098 persona
3118 5028 3318 5084 Christi
3373 5030 3569 5084 illuxit.

1981 5117 2185 5175 Llcirco
2210 5123 2371 5175 etiam
2401 5123 2535 5176 dixit
2567 5136 2581 5175 :
2615 5140 2632 5172 ι
2671 5123 2767 5188 Qui
2802 5123 2935 5177 vidit
2958 5138 3063 5191 me,
3093 5124 3225 5178 vidit
3252 5133 3302 5177 et
3331 5123 3566 5178 Patrem.

1984 5207 2095 5279 Ego
2112 5220 2166 5265 et
2190 5209 2348 5264 Pater
2378 5227 2541 5265 unum
2563 5228 2800 5268 sumus.»
2834 5214 3128 5270 Character
3150 5225 3329 5270 autem
3355 5216 3570 5270 divinus

1981 5321 2088 5358 non
2118 5313 2202 5358 est
2230 5319 2544 5375 corporeus,
2572 5305 2665 5358 sed
2705 5306 2756 5359 in
2793 5307 2992 5360 virtute
3018 5322 3082 5361 ac
3113 5307 3281 5376 gloria
3313 5323 3435 5378 quse
3459 5309 3568 5364 Deo

1983 5395 2216 5450 maxime
2245 5397 2564 5460 conveniat,
2602 5398 2702 5452 hoc
2728 5408 2810 5452 est
2841 5399 2892 5452 in
2933 5399 3153 5454 Christo
3183 5419 3195 5462 ς
3230 5410 3283 5454 ct
3323 5416 3418 5470 per
3456 5401 3568 5457 haec

1982 5489 2320 5545 innotescere
2372 5491 2568 5554 voluit,
2621 5501 2679 5548 et
2733 5507 2829 5562 per
2888 5494 3152 5549 factorum
3187 5497 3564 5551 excellentiam

1981 5582 2257 5638 auditores
2297 5583 2361 5636 ad
2394 5583 2475 5638 sui
2504 5585 2751 5638 notitiam
2793 5588 2969 5652 evehi,
2999 5604 3119 5642 t'ttttt
3155 5588 3350 5658 alioqui
3383 5590 3568 5646 carnis

1976 5685 2228 5745 a~pectus
2285 5676 2459 5744 ipsum
2520 5677 2761 5732 nonnihil
2808 5681 3144 5736 obscuraret.
3207 5700 3223 5733 ι
3285 5682 3339 5736 Si
3395 5684 3563 5749 enim,

2041 5853 2083 5885 "’
2113 5853 2268 5911 llom.
2310 5871 2423 5923 \‘lll,
2458 5855 2546 5912 29.
2627 5858 2666 5888 "
2696 5857 2734 5914 ΙΙ
2769 5857 2896 5915 Cor.
2936 5874 3006 5924 μ’,
3038 5859 3093 5925 5,
3132 5862 3184 5915 6.
