4006 6444
497 386 636 441 1255

1487 386 1540 436 ὃ.
1583 383 1856 439 (li'lllLLl
1897 382 2362 438 ALEXANDIHNI
2403 382 2716 438 AllL’illlii'.

3622 383 3642 436 Ι
3655 382 3749 437 256

491 509 699 579 inquit.
751 525 851 562 non
909 508 1045 562 facio
1077 523 1239 576 opera
1295 508 1469 563 Patris
1495 510 1632 573 mei,
1686 508 1842 581 703
1902 509 2049 562 uolitt

2166 509 2230 563 τὰ
2255 508 2390 581 ἔργα
2420 509 2512 562 τοῦ
2555 509 2761 578 Πατρός
2789 527 2910 578 μου,
2939 507 3091 577 φησὶ,
3120 507 3196 576 μὴ
3223 502 3514 558 πιστεύετὲ
3557 519 3667 572 μοι.
3694 503 3749 554 ΕΞ

490 603 712 655 (rt-edere
740 601 888 654 mihi.
919 600 972 654 Si
1002 610 1180 656 autem
1205 599 1382 665 facio,
1419 610 1473 654 et
1503 601 1546 654 si
1581 601 1706 654 mihi
1749 616 1851 655 nou
1903 599 2061 652 vultis

490 691 741 756 credere,
786 691 1037 759 operibus
1075 691 1208 745 meis
1253 691 1457 745 credite
1488 691 1552 742 ⁸¹.
1588 711 1604 742 ι
1640 689 1808 744 Porro
1835 705 2060 745 censue-

488 785 588 837 rim
627 782 898 837 Christum
945 793 1053 837 tttm
1103 783 1356 851 temporis
1387 783 1484 838 hoc
1517 783 1752 848 dixisse,
1787 784 1926 850 quod
1957 797 2060 834 nou

490 876 679 930 inutile
719 876 769 928 id
815 877 927 929 fore
960 874 1139 929 sciret.
1179 876 1311 928 Cum
1356 875 1497 928 cnim
1537 875 1907 928 existimarent
1958 887 2061 926 non

487 980 612 1022 esse
660 966 977 1021 naturaliter
1041 965 1238 1026 Deum,
1274 965 1364 1034 qui
1416 981 1511 1034 pro
1561 966 1711 1019 nobis
1753 957 2062 1020 incarnatus

490 1070 607 1114 erat
644 1080 655 1114 :
693 1061 783 1115 sed
812 1060 1124 1126 simpliciter
1162 1058 1361 1110 nudum
1407 1057 1712 1121 hominem,
1742 1057 1879 1112 sicut
1919 1072 2057 1122 nos;

490 1168 716 1222 eamque
766 1155 835 1206 ob
884 1166 1100 1204 causam
1157 1149 1395 1204 nonnulli
1435 1149 1591 1203 fidem
1631 1149 1678 1202 ei
1721 1151 2057 1218 derogarent,

490 1245 690 1309 utiliter
723 1257 787 1296 ac
828 1243 1133 1296 necessario
1169 1250 1365 1294 metum
1407 1239 1616 1295 i!lorum
1645 1241 2060 1306 tarditatemque

489 1336 553 1388 ad
629 1336 952 1390 credendum
1023 1348 1360 1404 praesecaus,
1405 1344 1460 1385 et
1501 1343 1704 1386 natura:
1767 1333 2061 1387 divinitatis

487 1427 644 1480 tidem
679 1426 944 1488 tribuens,
988 1437 1238 1494 tanquam
1273 1426 1322 1478 in
1348 1440 1572 1495 persona
1619 1425 1794 1479 Patris
1827 1443 1842 1490 ;
1873 1433 2057 1479 etnon

488 1527 687 1572 nostra:
715 1517 1000 1572 humilitati
1048 1517 1356 1580 ascribens,
1388 1517 1521 1581 dixit
1553 1533 1564 1566 :
1597 1535 1613 1566 ι
1657 1515 1756 1583 Qui
1797 1517 1964 1570 credit
2006 1519 2055 1569 iu

487 1624 594 1670 me,
623 1623 726 1662 non
761 1608 810 1661 in
849 1623 932 1661 me
959 1607 1149 1669 credit,
1184 1607 1274 1661 sed
1309 1607 1359 1659 in
1385 1621 1504 1658 eum
1532 1608 1618 1675 qui
1655 1605 1795 1660 misit
1829 1621 1910 1659 me
1932 1607 1996 1659 "3.
2035 1625 2052 1656 ι

487 1697 675 1754 Nonne
713 1700 814 1754 hoc
839 1698 1059 1766 perinde
1081 1706 1162 1752 est
1189 1712 1249 1750 ac
1277 1699 1322 1751 si
1353 1697 1494 1752 dicat
1526 1715 1535 1748 :
1570 1698 1612 1749 0
1640 1713 1733 1749 vos
1762 1698 1850 1764 qui
1877 1697 2054 1752 verbis

487 1791 619 1842 meis
678 1789 834 1843 (idem
888 1771 1186 1850 adhibetis,
1227 1803 1329 1841 non
1393 1788 1590 1841 humile
1635 1798 1725 1840 aut
1787 1785 2052 1854 abjectum

483 1878 681 1948 aliquid
717 1879 781 1932 de
812 1893 894 1931 me
924 1879 1155 1946 cogitate
1187 1897 1198 1930 :
1231 1877 1356 1946 quin
1399 1877 1573 1946 potius
1609 1879 1704 1929 hoc
1735 1891 2052 1944 persuasum

485 1971 704 2032 habete,
749 1969 889 2036 quod
938 1970 1029 2036 qui
1073 1967 1201 2022 mihi
1249 1982 1406 2035 quem
1455 1966 1503 2019 in
1540 1981 1698 2019 carne
1750 1965 2058 2034 conspicitis

484 2061 842 2125 credideritis,
875 2077 976 2115 non
1014 2062 1063 2114 in
1099 2060 1367 2114 hominem
1414 2057 1728 2126 simpliciter
1774 2057 2058 2111 ercdeutes

483 2153 668 2216 eritis,
712 2157 804 2206 sed
851 2153 900 2204 in
959 2152 1130 2221 ipsum
1173 2149 1417 2213 Patrem,
1476 2164 1570 2217 per
1607 2165 1688 2201 me
1732 2146 1924 2202 Filium
1965 2152 2054 2218 qui

481 2243 841 2297 onmimodam
894 2242 1253 2310 mquaiitatem
1311 2240 1832 2309 similitudinemque
1886 2241 2056 2294 habeo

479 2352 600 2390 cum
636 2335 792 2389 Patre
827 2355 839 2389 τ
874 2345 1031 2404 atque
1068 2336 1379 2390 incarnatus
1425 2334 1638 2402 quidem
1669 2349 1786 2386 sum
1839 2347 2056 2403 propter

481 2443 595 2490 vos,
633 2427 997 2495 humilemque
1029 2426 1284 2480 amictum
1327 2425 1456 2478 mihi
1523 2425 1714 2488 ascivi,
1746 2425 2054 2478 humanita-

481 2528 587 2572 tem
620 2522 871 2574 nimirum
895 2562 907 2584 ,
934 2518 1236 2586 :cqttalizale
1267 2527 1440 2571 tamen
1486 2527 1687 2571 naturae
1710 2527 1760 2572 et
1786 2518 2055 2586 operatio-

481 2613 585 2676 nis,
617 2621 774 2681 atque
806 2613 1082 2666 identitate
1107 2612 1289 2681 gloria:
1319 2610 1708 2681 perl‘cmissime
1743 2609 1884 2661 Patri
1909 2609 2054 2662 simi-

481 2702 547 2756 lis
576 2718 693 2765 sutu
725 2717 786 2756 ac
827 2718 936 2771 par.

551 2793 610 2846 Β.
651 2794 722 2846 lla
759 2795 987 2848 videtur.

551 2883 614 2932 Α.
645 2881 801 2948 Atqui
837 2881 941 2934 alio
965 2883 1127 2936 etiam
1156 2883 1312 2935 modo
1339 2884 1640 2953 intelligere
1668 2885 1843 2952 possis
1874 2883 2048 2952 ipsum

481 2975 637 3025 tidem
670 2988 774 3025 non
805 2972 1152 3042 repellentem
1178 2993 1189 3026 :
1216 2975 1310 3028 sed
1335 2976 1538 3042 absque
1563 2975 1742 3044 aliqua
1782 2974 2049 3030 divisione

480 3074 640 3130 atque
664 3061 964 3116 dili‘ercntia
1003 3065 1350 3133 recipientem
1387 3065 1556 3132 ipsam
1594 3065 1645 3118 iu
1677 3066 1908 3135 propria
1933 3081 2046 3133 per-

2165 601 2218 653 δὲ
2245 601 2402 666 ποιῶ,
2431 601 2533 656 κᾶν
2556 603 2677 670 ἐμοὶ
2716 601 2791 671 μὴ
2832 599 3145 668 πιστεύητε,
3170 599 3284 659 τοῖς
3308 596 3499 665 ἔργοις
3531 611 3636 663 μου
3671 611 3752 645 ττι-

2171 693 2408 746 στεύετε.
2434 713 2452 745 ›
2477 695 2644 748 Φάναι
2681 693 2735 746 δὲ
2773 688 2926 762 οἶμαι
2950 693 3107 746 ταυτὶ
3130 691 3190 743 τὸ
3207 687 3465 760 τηνικάδε
3499 686 3749 756 Χριστὸν,

2165 784 2260 836 οὐκ
2305 784 2594 848 ἀσυντελὲς
2638 785 2717 846 εἰς
2757 781 2942 852 ὄνησιν
2983 781 3161 834 εἰδότα
3194 779 3256 832 τὸ
3303 778 3517 849 χρῆμα.
3538 773 3752 842 Ἐτΰιδή

2163 875 2270 942 γὰρ
2301 873 2465 944 ᾤοντο
2493 875 2623 928 Θεὸν
2653 875 2748 944 μὲν
2770 875 2869 926 οὐκ
2888 869 3025 926 εἶναι
3051 871 3192 926 κατὰ
3213 870 3375 939 φύσιν
3397 869 3488 922 τὸν
3514 867 3583 919 δι’
3607 868 3751 936 ἡμᾶς

2170 965 2819 1036 ἐ“ιηνθρωπηκότα,ψιλὸν
2845 965 2900 1017 δε
2926 965 3108 1026 ἁπλῶς
3129 963 3419 1033 ἄνθρωπον
3443 959 3569 1013 καθ’
3585 959 3750 1027 ἡμᾶς,

2163 1055 2536 1124 ἁπαρέιδεδιτόν
2591 1073 2650 1108 τε
2702 1055 2788 1110 διὰ
2832 1056 2989 1108 τοῦτο
3049 1054 3149 1123 τὴν
3214 1053 3301 1104 ἐπ’
3359 1050 3510 1120 αὐτῷ
3570 1051 3752 1101 πίστιν

2163 1145 2612 1210 ἐποιοῦντότινες·
2628 1148 2936 1215 ἀναγκαίως
2956 1145 3184 1212 τὸδείμα
3210 1145 3301 1195 καὶ
3325 1144 3414 1194 τὶν
3437 1141 3754 1204 ὲπὶτούτοις

2164 1237 2318 1288 ὗκνον
2349 1237 2805 1306 ὑποτεμνόμενος,
2831 1240 2894 1307 τῇ
2930 1237 3026 1305 τῆς
3061 1235 3317 1304 Θεότητος
3342 1233 3507 1301 φύσει
3531 1233 3632 1302 τὴν
3661 1232 3750 1284 πί-

2166 1343 2277 1379 στιν
2313 1327 2604 1391 ἀνατιθεὶς,
2629 1329 2703 1392 ὡς
2741 1332 2798 1381 εν
2839 1327 3114 1399 προσώπῳ
3153 1325 3386 1397 Πατρὸς,
3411 1325 3507 1378 καὶ
3533 1325 3659 1394 οὑχί
3686 1326 3748 1394 τῇ

2163 1417 2282 1470 καθ’
2304 1420 2450 1488 ἡμᾶς
2493 1421 2934 1491 σμικροπρεπεια
2976 1422 3318 1492 προσνέμων,
3343 1420 3586 1487 ἔφασκεν
3611 1435 3624 1448 ο
3654 1437 3673 1468 ι
3695 1418 3750 1470 ’0

2163 1509 2434 1561 πιστεύων
2470 1513 2552 1572 εἰς
2594 1512 2716 1579 ἐμὲ,
2739 1511 2799 1562 οὐ
2844 1511 3088 1564 πιστεύει
3134 1513 3213 1573 εἰς
3256 1511 3374 1578 ἐμὲ.
3403 1509 3520 1562 ἀλλ’
3543 1510 3625 1570 εἰς
3662 1509 3751 1559 τὸν

2159 1601 2453 1670 πέμψαντὰ
2484 1619 2576 1670 με.
2605 1621 2622 1652 i
2650 1599 2773 1672 Ἆρ’
2809 1603 2906 1655 οὐκ
2950 1603 3062 1656 ἴσον
3105 1603 3312 1654 εἰπεῖν·
3337 1597 3408 1652 Ὠ
3455 1600 3565 1652 τῶν
3604 1599 3751 1669 ἐμῶν

2161 1695 2418 1762 κατήκοοι
2445 1693 2640 1761 λόγων,
2669 1694 2744 1764 μὴ
2771 1694 2942 1764 μικρὰ
2963 1695 3056 1746 καὶ
3082 1693 3430 1764 χαμαιρριςῆ
3457 1691 3528 1742 τὰ
3549 1693 3631 1752 εἰς
3653 1691 3752 1759 ἐμὲ

2158 1784 2404 1850 δοξάζετε
2425 1803 2436 1814 ·
2467 1785 2580 1838 ἴστε
2610 1787 2666 1839 δὲ
2710 1789 2791 1838 ὅτι
2827 1787 2927 1856 τὴν
2950 1789 3029 1848 εἰς
3051 1787 3214 1839 αὐτὸν
3237 1785 3335 1854 ἐμὲ
3355 1783 3447 1836 τὸν
3469 1782 3752 1853 ὁρώμενον

2160 1878 2216 1928 ἐν
2243 1878 2406 1947 σαρκὶ
2429 1877 2740 1948 προϊέμενοι
2766 1877 2968 1942 πίστιν,
2994 1879 3092 1930 οὐκ
3128 1879 3208 1940 εἰς
3242 1876 3528 1946 ἄνθρωπον
3559 1873 3750 1938 ἁπλῶς

2162 1969 2348 2022 ἔσεσθε
2379 1971 2826 2032 πεπιστευκότες,
2851 1970 2962 2022 ἀλλ’
2989 1971 3066 2032 εἰς
3104 1969 3264 2021 αὐτὸν
3289 1968 3382 2020 τὸν
3414 1966 3659 2035 Πατέρα,
3681 1963 3750 2018 δι’

2160 2062 2294 2131 ἐμοῦ
2321 2061 2414 2114 τοῦ
2437 2063 2575 2114 κατὰ
2598 2065 2704 2115 πᾶν
2740 2061 2919 2114 ὁτιαῦν
2951 2062 3078 2124 ἴσως
3103 2078 3159 2113 τε
3187 2060 3281 2113 καὶ
3305 2058 3750 2128 ἀπαραλλάκτως

2160 2153 2373 2223 ἔχοντος
2400 2153 2561 2217 Υξοῦ,
2589 2152 2960 2223 σαρκωθέντος
2999 2151 3096 2219 μὲν
3131 2150 3197 2202 δι’
3224 2150 3400 2218 ὑμᾶς.
3446 2148 3541 2200 καὶ
3585 2145 3746 2216 περί-

2159 2246 2343 2316 ϐλημα
2397 2243 2806 2314 σμικροπρεπὲς
2859 2239 3230 2311 οἰκειουμένου
3260 2280 3274 2302 ,
3318 2241 3415 2308 τὴν
3453 2236 3745 2307 ἀνθρωπό-

2155 2353 2293 2407 τητα
2315 2377 2327 2401 ,
2350 2337 2411 2389 τό
2438 2354 2498 2404 γε
2521 2336 2624 2406 μὴν
2656 2335 2873 2404 ἱσοφυές
2895 2351 2950 2386 τε
2978 2335 3068 2387 καὶ
3095 2333 3364 2402 ἱσουργὺν,
3395 2332 3490 2385 καὶ
3525 2332 3582 2382 ἐν
3610 2346 3745 2381 ταυ-

2156 2428 2340 2497 τότητι
2381 2427 2535 2498 δόξης
2581 2425 2950 2496 ἁδιαλώδητον
2999 2425 3277 2488 παντελῶς
3333 2425 3548 2495 ἔχοντος
3607 2420 3745 2496 πρὸς

2157 2535 2317 2570 αντον
2328 2562 2336 2571 .

2231 2789 2288 2839 li.
2336 2788 2570 2838 Ἔοικεν.

2229 2882 2293 2935 Α.
2348 2879 2672 2950 ’Λναμὰθοις
2694 2880 2736 2930 δ’
2769 2880 2834 2932 ἂν
2859 2881 2952 2933 καὶ
2985 2878 3184 2949 ἑτέρως
3215 2879 3380 2931 αὐτὸν
3420 2878 3516 2948 τὴν
3558 2878 3742 2931 πίστιν

2156 2976 2216 3026 οὐ
2254 2973 2635 3042 διωθούμενον,
2673 2973 2825 3035 ἀλλὰ,
2867 2973 3040 3041 τομῆς
3067 2989 3213 3034 τινος
3247 2972 3371 3042 δίχα
3405 2974 3500 3025 καὶ
3549 2971 3741 3040 διαφο-

2161 3061 2277 3128 ρᾶς,
2313 3059 2713 3128 εἰσδεδεγμένον
2744 3061 2912 3130 αὐτὴν
2954 3061 3029 3123 ὡς
3071 3061 3128 3113 ἐν
3165 3060 3278 3131 ἰδίῳ
3314 3061 3613 3132 προσώπῳ,
3649 3061 3742 3114 καὶ

478 3171 633 3219 sona,
659 3156 871 3210 tametsi
896 3155 1071 3212 factus
1096 3157 1166 3212 sit
1190 3171 1336 3209 caro.
1369 3156 1656 3224 Postquam
1681 3159 1823 3210 enim
1848 3171 2046 3211 cmcum

2158 3156 2205 3205 εἰ
2241 3154 2431 3221 γέγονε
2465 3154 2620 3220 σάρξ.
2668 3152 2885 3220 Ἐπειδὴ
2918 3152 3026 3223 γὰρ
3047 3153 3137 3204 τὸν
3164 3154 3227 3204 ἐκ
3258 3154 3529 3222 γεννητῆς
3558 3153 3743 3218 satam

479 3246 627 3300 illum
660 3263 687 3300 a
727 3248 1008 3301 nativitate
1040 3250 1252 3303 sanavit
1281 3246 1351 3313 3",
1385 3258 1440 3302 et
1472 3249 1627 3302 dulce
1667 3248 2049 3317 insolitumque

479 3341 658 3393 lumen
729 3343 776 3394 ei
834 3343 1098 3405 immisit,
1156 3342 1407 3396 omnibus
1465 3343 1658 3394 merito
1705 3342 2046 3395 admirationi

478 3440 616 3485 erat.
656 3434 832 3502 Atque
878 3433 965 3487 hic
1008 3433 1224 3502 quidem
1272 3433 1400 3486 vitio
1441 3433 1530 3486 illo
1573 3433 1832 3486 liberatus
1881 3449 1908 3485 ξι
1957 3431 2049 3485 Ju-

477 3524 607 3577 d-.eis
639 3525 1005 3593 judicabatur,
1054 3536 1109 3579 et
1145 3525 1411 3580 medicum
1455 3526 1848 3594 protitebatur:
1891 3526 2048 3580 Chri-

477 3627 593 3670 stus
627 3631 754 3671 vero
789 3631 908 3670 eum
965 3618 1270 3671 accedens:
1314 3637 1330 3666 ι
1379 3615 1460 3670 Tu
1503 3619 1775 3683 credisne,
1849 3618 2045 3687 inquit,

479 3709 529 3758 in
565 3706 757 3759 Filium
797 3704 930 3758 Dei?
966 3725 984 3758 ι
1017 3706 1116 3772 Qui
1162 3721 1282 3759 cum
1312 3706 1678 3761 exclamaret:
1714 3726 1731 3757 ι
1772 3707 1904 3775 Quis
1943 3717 2044 3767 est,

481 3799 726 3859 Domine,
759 3808 814 3850 ut
859 3798 1073 3852 credam
1127 3798 1177 3850 in
1214 3797 1474 3865 ipsum?»
1508 3799 1787 3867 respondit
1817 3800 2039 3853 dicens:

487 3908 501 3935 ι
541 3886 602 3939 Et
635 3886 812 3940 vidiSIi
844 3886 1040 3954 ipsum,
1067 3897 1120 3939 et
1149 3887 1239 3954 qui
1276 3887 1512 3954 loquitur
1543 3875 1743 3951 tecum,
1774 3887 1860 3942 ille
1884 3899 1985 3942 est.
2022 3914 2038 3939 ο

477 3978 574 4045 Qui
602 3979 902 4046 rCSpoudit:
931 3996 947 4028 ι
972 3977 1168 4042 Credo,
1193 3979 1434 4034 Domine.
1459 3980 1524 4033 Et
1543 3981 2005 4035 adoraviteum“.
2024 4002 2040 4033 ι

477 4070 760 4136 Quomodo
789 4070 949 4138 igitur
981 4086 1086 4124 non
1133 4073 1203 4125 sit
1231 4072 1479 4126 omnibus
1513 4072 1881 4136 manifestum,
1908 4075 2046 4128 diri-

480 4177 602 4215 nam
633 4177 694 4216 ac
717 4177 1024 4230 supremam
1061 4173 1308 4216 naturam
1333 4164 1504 4218 oculis
1535 4166 1684 4218 cerni
1718 4182 1744 4218 a
1771 4181 2042 4236 quoquam

478 4271 582 4309 nou
617 4256 810 4322 posse?
848 4273 864 4306 ι
913 4255 1076 4308 Deum
1107 4255 1249 4307 enim
1281 4271 1439 4310 nemo
1479 4257 1612 4309 vidit
1639 4272 1897 4326 unquam,
1936 4278 1953 4309 ι
1987 4266 2045 4313 ut

475 4349 734 4416 scriptum
765 4357 849 4400 est
885 4345 950 4400 ⁸⁸.
999 4347 1053 4401 Si
1088 4363 1216 4416 ergo
1248 4347 1584 4417 di~tingueus
1611 4363 1760 4402 suam
1793 4350 2043 4403 humani-

476 4449 660 4502 tatem,
695 4449 748 4490 ut
787 4439 885 4491 hoc
924 4439 1098 4504 ipsum
1138 4454 1404 4506 apparens
1440 4454 1504 4492 es
1558 4439 1663 4494 Deo
1701 4439 1859 4495 Patre
1911 4442 2042 4495 νυτ-

2153 3245 2372 3313 τυφλὸν,
2411 3247 2502 3296 καὶ
2533 3245 2591 3295 τὸ
2620 3243 2793 3310 γλυκὺ
2827 3243 2945 3312 μὲν,
2975 3242 3140 3311 ἄηθες
3181 3243 3224 3294 δ’
3255 3242 3368 3309 οὖν,
3400 3243 3740 3312 ἑπεφότευσε

2155 3335 2272 3405 φῶς
2303 3335 2472 3404 αὐτῷ,
2507 3335 2656 3404 παρὰ
2684 3336 2898 3388 πάντων
2934 3335 3158 3397 εἰκότως
3189 3335 3551 3405 ἐθαυμάζετο.
3599 3338 3738 3390 Ἀλλ’

2152 3431 2178 3481 ὁ
2228 3429 2327 3497 μὲν
2377 3427 2470 3479 τοῦ
2515 3429 2720 3491 πάθους
2773 3427 3193 3498 ἀπηλλαγμένος
3249 3429 3400 3498 παρὰ
3441 3433 3553 3494 τοῖς
3610 3433 3739 3485 ἰο-ι-

2150 3518 2321 3580 δαίοις
2368 3516 2635 3589 ἐκρίνετο,
2678 3518 2772 3570 καὶ
2811 3517 3079 3587 ὡμολόγει
3125 3517 3216 3570 τὸν
3255 3519 3462 3587 ἰατρόν·
3503 3520 3738 3586 Χριστὸς

2151 3610 2206 3662 δὲ
2240 3609 2383 3677 αὑτῷ
2431 3609 2767 3678 περιτυχὼν,
2819 3628 2835 3657 ι
2882 3610 2951 3661 ΣΞ)
3009 3608 3306 3672 πιστεύεις,
3364 3611 3624 3678 ἔφασκεν,
3662 3615 3739 3674 εἰς

2151 3709 2242 3759 τὶν
2273 3706 2399 3758 Υἱὲνν
2431 3705 2523 3759 τοῦ
2543 3705 2678 3758 Θεοῦ
2705 3722 2718 3769 ;
2762 3725 2778 3754 ι
2815 3705 2920 3758 Τοῦ
2943 3705 3020 3771 δὲ,
3050 3707 3131 3771 τὺ,
3157 3727 3175 3758 ι
3203 3707 3298 3770 Τίς
3328 3709 3466 3773 ἐστι,
3491 3709 3685 3779 Κύριε,
3715 3731 3732 3762 ι

2149 3797 2592 3869 διακεκραγότος,
2625 3817 2642 3848 ι
2684 3799 2770 3850 ἵνα
2804 3797 3077 3850 πιστεύσω
3104 3801 3182 3861 εἰς
3205 3800 3406 3864 αὐτόν;
3440 3819 3457 3849 ι
3491 3803 3738 3872 ἀντεφώ-

2150 3909 2228 3943 νει
2263 3890 2456 3957 λέγων·
2501 3910 2517 3940 ι
2567 3890 2678 3943 Καὶ
2713 3889 2963 3958 ἑώρακας
3001 3890 3183 3955 αὑτὸν,
3213 3893 3304 3943 καὶ
3334 3892 3362 3942 6
3394 3892 3570 3945 λαλῶν
3601 3896 3738 3964 μετὰ

2150 3980 2266 4042 σοῦ,
2297 3980 2498 4042 ἐκεῖνός
2531 3982 2695 4032 ἐστιν.
2739 3999 2755 4029 ›
2805 3981 2862 4031 '0
2893 3979 2947 4031 δὲ
3006 3978 3130 4048 ἔφη·
3170 3998 3184 4030 ι
3238 3981 3508 4044 Πιστεύω,
3541 3982 3732 4053 Κύριε.

2150 4072 2258 4125 Καὶ
2293 4071 2693 4140 προσεκύνησεν
2739 4070 2904 4140 αὐτῷ.
2951 4089 2969 4122 ι
3014 4071 3204 4124 Καίτοι
3249 4071 3362 4135 πῶς
3417 4074 3516 4142 οὐχ
3563 4073 3734 4127 ἆπασι

2151 4164 2450 4233 συμφανὲς,
2480 4162 2554 4225 ὡς
2601 4163 2799 4224 ἄοπτος
2831 4161 3108 4226 παντελῶς
3136 4165 3168 4232 ἡ
3205 4162 3323 4215 Θεία
3354 4181 3414 4216 τε
3461 4165 3556 4216 καὶ
3593 4167 3734 4219 ἀνω-

2148 4255 2293 4308 τάτω
2343 4255 2539 4324 φύσις;
2592 4273 2610 4305 ι
2663 4254 2794 4308 Θεὸν
2823 4254 2931 4326 γὰρ
2972 4254 3143 4317 οὐδεὶς
3177 4254 3384 4326 ἑώρακε
3426 4257 3666 4323 πώποτε,
3707 4278 3724 4309 ι

2146 4347 2286 4401 κατὰ
2315 4347 2374 4400 τὸ
2408 4347 2810 4418 γεγραμμένον.
2843 4349 3012 4418 Εἴπερ
3062 4343 3155 4400 οὖν
3200 4348 3406 4412 διιστὰς
3447 4351 3640 4403 ἑαυτοῦ
3675 4352 3735 4404 τὸ

2149 4439 2512 4511 ἀνθρώπινον,
2547 4439 2620 4501 ὡς
2660 4440 2792 4492 αὐτὸ
2839 4441 2902 4508 δὴ
2950 4439 3109 4492 τοῦτο
3143 4439 3401 4510 πεφηνὼς
3435 4443 3462 4493 6
3497 4444 3559 4494 ὲκ
3597 4441 3732 4494 Θεοῦ

473 4531 621 4591 bum,
655 4531 828 4582 nudus
872 4544 936 4582 ac
981 4529 1126 4583 solus
1170 4531 1314 4584 credi
1363 4531 1549 4594 voluit,
1587 4541 1639 4584 et
1681 4547 1883 4586 mecum
1927 4533 2039 4600 jam

2158 4530 2367 4600 Πατρὸς
2393 4529 2583 4596 Λόγος,
2617 4529 2822 4600 γυμνὸς
2853 4531 2944 4584 καὶ
2975 4531 3132 4600 μόνος
3165 4531 3318 4602 ἠξίου
3355 4532 3731 4597 πιστεύεσθαι,

474 4627 717 4673 curatum
767 4621 1046 4686 hortatur,
1092 4637 1157 4673 ne
1206 4623 1382 4689 potius
1417 4637 1662 4689 quamam
1724 4623 1794 4676 sit
1851 4636 2040 4677 natura

476 4711 566 4762 llei
616 4723 796 4763 secum
841 4710 1079 4779 cogitet:
1107 4711 1200 4763 sed
1237 4713 1415 4778 potius
1460 4712 1820 4778 corporaliter
1861 4723 2043 4768 osten-

472 4802 570 4862 dit,
597 4801 666 4852 ita
689 4800 934 4855 utoculis
960 4801 1088 4870 ipsis
1112 4803 1427 4870 conspicere
1454 4804 1640 4857 liceret
1679 4804 1831 4872 (dixit
1861 4806 2002 4858 enim
2026 4825 2039 4860 :

474 4894 635 4966 704
666 4895 730 4947 Et
764 4895 911 4949 rides
945 4895 1144 4962 ipsum,
1199 4906 1252 4950 et
1292 4897 1380 4966 qui
1429 4897 1665 4965 loquitur
1703 4910 1906 4963 tecum,
1955 4901 2042 4955 ille

473 4986 574 5054 is!)
606 5005 617 5038 :
649 5003 826 5041 nonne
858 5003 1072 5043 carnem
1106 4989 1408 5044 ostendisse
1431 4990 1814 5045 censebimus?

545 5167 602 5220 li.
630 5167 880 5221 Omnino.

545 5261 607 5309 Α.
650 5258 808 5324 Atqui
849 5259 1118 5328 quomodo
1155 5259 1406 5329 deinceps
1450 5260 1564 5330 ipse
1623 5263 1692 5316 sit
1737 5277 1898 5326 caro,
1941 5262 2044 5316 nisi

473 5349 800 5417 intelligatur
828 5351 1121 5403 secundum
1153 5355 1427 5416 unionem,
1460 5360 1717 5419 tauquam
1755 5354 1867 5420 ipse
1897 5355 2044 5407 exsi-

474 5451 621 5493 stens
667 5441 936 5508 proprimn
974 5443 1141 5508 ipsius
1180 5459 1192 5494 :
1229 5445 1679 5510 quemadmodum
1730 5444 1841 5498 fere
1875 5446 2040 5498 etiam

475 5531 530 5586 in
576 5531 729 5585 nobis
765 5532 998 5585 accidit?
1048 5532 1230 5601 Neque
1280 5533 1422 5587 enim
1467 5536 1750 5604 quisquam
1787 5537 2042 5590 ostendat

474 5625 760 5693 Separatitn
789 5664 804 5690 ,
837 5639 1008 5695 neque
1040 5626 1354 5698 imperfecte
1389 5630 1658 5684 hominem
1693 5632 1847 5687 nobis
1883 5632 2036 5686 simi-

541 5801 581 5832 "
608 5799 760 5858 Jean.
799 5819 849 5864 λ,
885 5804 968 5869 ῡἹ,
1003 5801 1089 5857 £35.
1169 5805 1210 5832 "
1236 5804 1383 5860 δολί),
1425 5822 1517 5870 λιιι,
1570 5807 1644 5860 ιι.

1725 5808 1762 5835 ⁵·
1792 5805 1942 5864 iam.
1977 5824 2047 5877 ts,
2094 5809 2200 5862 l-‘t’.

2149 4621 2209 4671 τὸ
2261 4621 2334 4690 μὴ
2392 4619 2589 4688 μᾶλλον
2636 4625 2734 4691 τὴν
2779 4621 2873 4674 τοῦ
2925 4619 3059 4673 Θεοῦ
3113 4621 3275 4691 φύσιν
3318 4623 3733 4692 ἁναλογξζεσθαι

2149 4711 2277 4773 δεῖν,
2327 4711 2448 4778 ἥτις
2493 4710 2620 4764 ποτέ
2660 4713 2797 4778 ἐστι,
2844 4713 2933 4764 τὸν
2980 4710 3037 4766 εὖ
3082 4713 3328 4768 παθόντα
3374 4715 3729 4781 διεκελεύετο,

2152 4803 2435 4872 παρέδειξε
2487 4804 2540 4857 δὲ
2591 4804 2952 4874 σωματικῶς,
3012 4805 3088 4868 ὡς
3137 4806 3231 4859 καὶ
3281 4808 3464 4869 αὐτοῖς
3519 4807 3730 4878 ὄμμασι

2148 4894 2516 4948 καταθεᾶσθαι
2563 4896 2734 4965 παρὸν
2777 4896 2902 4965 (ἔφη
2937 4899 3070 4968 γὰρ,
3103 4899 3186 4951 ὅτι
3217 4901 3327 4953 Καὶ
3359 4901 3606 4970 ἑώρακας
3636 4905 3732 4955 αὺ-

2145 4986 2256 5051 τὸν,
2299 4987 2389 5038 καὶ
2437 4987 2464 5038 ὁ
2511 4987 2684 5040 λαλῶν
2719 4990 2855 5058 μετὰ
2893 4990 3006 5053 σοῦν
3053 4992 3258 5055 ἐκεῖνός
3302 4988 3498 5065 ’ἐστινγ
3533 4990 3568 5065 ἦ
3610 4997 3730 5068 οὐκὶ

2149 5079 2245 5150 τὴν
2282 5079 2462 5149 σάρκα
2491 5078 2812 5149 παραδεῖξαι
2842 5084 3124 5152 φήσομεν;

2218 5173 2278 5224 ll.
2322 5173 2428 5223 Καὶ
2462 5175 2621 5228 πάνυ.

2217 5269 2281 5318 Α.
2324 5260 2457 5317 Εἶτα
2503 5265 2615 5329 πῶς
2649 5266 2809 5329 αὐτὸς
2841 5267 2906 5320 ἂν
2937 5268 3021 5338 εἴη
3077 5268 3262 5324 λοιπὸν
3295 5275 3327 5342 ἡ
3371 5274 3526 5343 σὰρξ,
3563 5276 3608 5326 εἰ
3654 5277 3727 5344 μὴ

2145 5359 2316 5410 νοοῖτο
2352 5356 2470 5409 καθ’
2495 5357 2684 5410 ’ἐνωσιν
2708 5357 2781 5421 ὡς
2819 5361 2978 5423 αὐτὸς
3002 5361 3260 5433 ὑπάρχων
3289 5367 3349 5417 τὸ
3381 5368 3513 5419 ἴδιον
3537 5370 3725 5433 αὑτοῦ,

2153 5450 2404 5519 καθάπερ
2434 5451 2621 5519 ἀμέλει
2672 5453 2764 5505 καὶ
2810 5455 2895 5522 ἐφ’
2953 5456 3103 5524 ἡμῶν
3149 5457 3348 5524 γένοιτ’
3394 5460 3493 5525 iv;
3555 5479 3725 5515 κατα-

2150 5539 2338 5608 δείξειε
2374 5540 2480 5610 γὰρ
2516 5542 2579 5594 ἄν
2617 5559 2698 5604 τις
2761 5544 2818 5594 οὐ
2881 5547 3294 5615 μεμερισμένως
3339 5550 3458 5603 οὐδὲ
3520 5552 3725 5615 ἀτελῶς

2147 5633 2238 5685 τὸν
2288 5633 2406 5684 καθ’
2446 5635 2590 5701 ἡμᾶς
2629 5633 2934 5705 ἄνθρωπον,
2995 5637 3085 5690 τὸν
3140 5640 3203 5691 ἐκ
3250 5641 3430 5712 ψυχῆς
3476 5642 3538 5714 δὴ
3585 5644 3724 5713 λέγω

2285 5809 2480 5864 ibid.
2513 5809 2580 5864 ss
2611 5811 2698 5866 δε.
2779 5811 2998 5869 "Juan.
3043 5833 3078 5882 ι,
3125 5816 3204 5871 ts.
