4006 6452
279 444 415 501 ιεῦῗ

1386 439 1473 493 DE
1513 433 2027 493 INCAliNA'I‘lONE
2074 439 2451 497 L‘NICENITI.

3433 431 3569 486 1258

274 564 374 620 καὶ
426 564 697 637 σώματος.
752 564 844 617 καὶ
894 565 1001 617 ἀπὸ
1050 564 1216 634 μόνης
1251 563 1417 616 αὐτοῦ
1479 564 1577 633 τῆς
1640 561 1861 632 σαρκός.

1975 564 2100 627 leui,
2142 580 2207 620 ex
2250 568 2457 630 anima,
2488 566 2729 635 inquam,
2759 569 2813 617 et
2847 574 3081 628 corpore
3120 564 3487 619 constantem,
3514 564 3567 608 et

349 744 409 798 Β.
456 745 739 814 Σύμφημι·
774 744 955 811 λέγεις
981 745 1089 815 γὰρ
1119 744 1314 816 ὀρθῶς.

344 839 412 891 Δ.
457 837 706 906 Γέγραφε
741 838 796 890 δέ
835 856 938 891 που
986 838 1079 891 καὶ
1130 841 1157 891 6
1207 838 1369 907 σοφὸς
1410 840 1541 909 ἡμῖν
1592 837 1863 909 Ἰωάννης,

273 929 357 981 ὃτι
406 947 423 979 ι
468 927 647 980 Πολλά
696 928 795 998 μὲν
854 926 947 983 οῦν
992 930 1084 983 καὶ
1106 928 1259 983 ἄλλα
1293 933 1497 1001 σημεῖα
1534 932 1791 1001 ἐποίησεν
1838 933 1867 983 6

290 1018 499 1087 Ἰησοῦς
544 1018 775 1074 ἐνώπιον
825 1020 932 1073 τῶν
982 1019 1241 1090 μαθητῶν
1277 1023 1464 1083 αὑτοῦ,
1515 1022 1550 1075 ὃ.
1599 1024 1700 1075 οὐκ
1748 1023 1867 1076 ἐστι

277 1109 643 1180 γεγραμμένα
680 1112 738 1162 έν
783 1112 861 1181 τῷ
896 1111 1087 1181 βιϐλίῳ
1119 1112 1314 1182 τούτῳ.
1348 1112 1533 1165 Ταῦτα
1563 1113 1618 1167 δὲ
1658 1114 1865 1183 γέγρα-

274 1214 427 1262 πται,
467 1198 552 1251 ἶνα
617 1200 907 1271 πιστεύητε
947 1201 1030 1253 ὃτι
1082 1200 1286 1271 Ἰησοῦς
1336 1202 1482 1254 ἐστιν
1514 1204 1541 1253 6
1571 1201 1806 1273 Χριστὸς
1839 1202 1867 1253 6

274 1291 404 1354 Υίδς
453 1291 546 1345 τοῦ
595 1292 731 1345 Θεοῦ
773 1292 866 1346 τοῦ
918 1292 1141 1357 ζῶντος,
1189 1294 1281 1346 καὶ
1332 1294 1417 1346 ἵνα
1472 1292 1865 1357 πιστεύσαντες

272 1379 420 1451 ζωὴν
453 1380 614 1453 ἔχητε
649 1384 710 1435 ἑν
738 1382 815 1451 τῷ
844 1383 1069 1453 ὀνόματι
1108 1384 1297 1437 αὐτοῦ.
1346 1404 1364 1437 ι
1402 1385 1787 1455 Κατατεθήποι
1821 1386 1867 1437 6‘

272 1472 337 1525 ἄν
372 1490 456 1537 τις
504 1475 564 1527 ού
631 1475 784 1544 μεῖον
842 1477 935 1528 καὶ
985 1477 1076 1529 τὸν
1132 1476 1419 1531 Θεσπέσιον
1472 1480 1676 1549 Πέτρον
1739 1479 1868 1531 ’1ου-

270 1561 441 1625 δαίοις
475 1564 982 1635 προσπεφωνηκότα
1016 1566 1206 1635 σαφῶς
1239 1568 1332 1620 καὶ
1349 1568 1677 1637 ἀναφανδόν
1702 1569 1869 1638 «Ἀρ-

272 1670 461 1723 χοντες
485 1653 578 1707 τοῦ
608 1656 740 1709 λαοῦ
781 1656 877 1709 καὶ⁵
916 1657 1302 1728 πρεσϐύτεροι,
1340 1663 1388 1712 εἰ
1422 1663 1583 1731 ἡμεῖς
1625 1662 1866 1731 σήμερον

272 1752 683 1822 ἀνακρινόμεθα
737 1755 829 1807 ἐπὶ
878 1754 1201 1825 εὐεργεσίαν
1241 1755 1532 1825 ἀνθρώπου
1580 1756 1863 1822 ἀσθενοῦς,

271 1848 329 1897 ὲν
363 1845 473 1897 τίνι
518 1839 675 1909 οὗτος
731 1848 1020 1913 σέσωσται,
1054 1850 1296 1917 γνωστὸν
1330 1850 1469 1902 ἔστω
1514 1852 1678 1904 πᾶσιν
1712 1851 1863 1919 ύμῖν,

274 1936 366 1989 καὶ
402 1938 561 1991 παντὶ
589 1938 671 2008 τῷ
709 1938 824 2009 λαῷ
869 1940 1105 2011 Ἰσραὴλ,
1142 1942 1222 1994 ὅτι
1270 1942 1327 1994 ὲν
1365 1941 1439 2011 τῷ
1471 1942 1696 2013 ὀνόματι
1762 1943 1863 2012 Ἰη-
1898 1921 1940 1980 Β

272 2027 368 2080 σοῦ
425 2029 664 2100 Χριστοῦ
714 2032 809 2085 τοῦ
866 2031 1207 2103 Ναζωραίου,
1253 2034 1313 2086 ὂν
1372 2036 1529 2103 ὑμεῖς
1583 2036 1861 2103 ἐσταυρώ-

272 2136 424 2183 σατε,
457 2122 516 2173 ὃν
548 2125 577 2174 6
615 2123 749 2186 Θεὸς
776 2124 999 2195 ἤγειρεν
1032 2128 1093 2178 ὲκ
1136 2128 1365 2197 νεκρῶν,
1409 2129 1467 2179 ὲν
1500 2126 1678 2197 τούτῳ
1708 2120 1863 2190 οὗτος

271 2213 618 2283 παρέστηκεν
646 2214 877 2269 ἐνώπιον
919 2218 1072 2287 ὑμῶν
1104 2219 1281 2287 ὑγιής.
1327 2238 1341 2267 ι
1385 2220 1494 2273 Καὶ
1539 2218 1657 2288 μεθ’
1701 2218 1864 2288 ἕτερα

270 2302 433 2355 πάλιν
458 2320 470 2333 ο
510 2323 528 2354 ι
570 2306 679 2358 Καὶ
709 2308 809 2360 οὐκ
846 2306 995 2362 ἔστιν
1030 2312 1087 2363 ὲν
1116 2311 1260 2379 ἄλλῳ
1291 2312 1466 2365 οὐδενὶ
1511 2314 1544 2382 ἡ
1596 2310 1859 2381 σωτηρία.

269 2396 409 2449 Οὐδὲ
457 2398 565 2469 γὰρ
616 2398 787 2469 ὄνομα
828 2401 1017 2473 ἔτερόν
1065 2405 1211 2455 ἐστιν
1258 2404 1361 2457 ὑπὸ
1406 2406 1498 2457 τὸν
1544 2405 1776 2475 οὐρανὸν
1804 2404 1865 2457 τὸ

267 2489 551 2560 δεδομένον
597 2494 655 2544 ὲν
689 2493 1017 2564 ἀνθρώποις,
1052 2496 1110 2547 ἐν
1142 2489 1185 2562 ᾧ
1228 2496 1308 2548 δεῖ
1356 2497 1596 2566 σωθῆναι
1629 2498 1795 2567 ἡμᾶς.
1840 2514 1857 2547 ι

270 2583 365 2647 ἰ’ίς
396 2580 491 2638 οὖν
535 2585 643 2655 ἄρα
675 2587 844 2654 ἐστὶν,
875 2590 903 2641 6
945 2589 1041 2641 καὶ
1074 2588 1305 2643 θάνατον
1341 2590 1561 2655 ὑποδὺς,
1601 2592 1693 2643 καὶ
1731 2593 1863 2660 ἐγη-

270 2676 535 2746 γερμένος
574 2678 631 2729 ἐν
660 2676 808 2748 δόξῃ,
837 2680 933 2733 καὶ
978 2681 1042 2732 ἑκ
1090 2678 1365 2750 Ναζαρὲτ,
1416 2684 1463 2733 εί
1512 2684 1587 2751 μὴ
1650 2681 1862 2753 Ἰησοῦς

269 2767 525 2837 Χριστὸς,
559 2770 860 2836 τουτέστιν,
912 2773 939 2823 6
993 2772 1102 2842 πρὸ
1155 2773 1357 2835 παντὸς
1406 2772 1507 2841 μὲν
1554 2773 1752 2837 αἰῶνος
1801 2776 1865 2827 ὲκ

269 2858 486 2929 Πατρὸς
512 2861 839 2933 ἀπορρήτως
876 2865 1270 2935 γεγεννημένος
1308 2904 1321 2927 ,
1368 2866 1423 2916 ἰν
1453 2864 1509 2917 δέ
1542 2882 1603 2933 γε
1645 2865 1723 2936 τῷ
1750 2866 1860 2919 λοί-

268 2947 382 3018 σθῳ
417 2951 513 3002 καὶ
560 2951 640 3012 είς
690 2950 861 3021 πέρας
903 2952 1093 3021 ἥκοντι
1136 2950 1229 3003 τοῦ
1281 2952 1477 3015 αίῶνος
1536 2952 1733 3021 καιρῷ,
1770 2952 1863 3004 καὶ

268 3042 601 3111 σωματικῶς
636 3044 701 3096 ὲκ
729 3044 1010 3112 γυναικός
1052 3044 1110 3097 '0
1151 3044 1334 3097 πίστιν
1374 3041 1468 3097 οὖν
1509 3044 1617 3114 ἄρα
1649 3046 1747 3115 τὴν
1782 3046 1862 3107 είς

267 3134 432 3187 αὐτὸν
462 3134 842 3206 προσιέμενος,
890 3137 1059 3206 γέρας
1106 3138 1395 3190 ἀποίσεται
1451 3139 1513 3189 τὸ
1558 3138 1860 3209 ἐξαίρετον·

265 3227 688 3297 διακεκλήσεται
732 3227 841 3299 γὰρ
882 3228 996 3292 υἱὸς
1042 3228 1177 3282 Θεοῦ
1202 3244 1217 3259 ⁸
1271 3249 1288 3279 ι
1324 3230 1477 3281 ’Ὀσοι
1518 3229 1625 3301 γὰρ
1671 3227 1862 3283 ἔλαϐον

265 3318 455 3378 αὑτὸν.
494 3320 693 3372 ἔδωκεν
726 3322 907 3385 αὐτοῖς
936 3321 1208 3387 ἐξουσίαν,
1244 3324 1399 3393 φησι,
1423 3324 1588 3376 τέκνα
1610 3322 1745 3376 Θεοῦ
1774 3338 1864 3386 γε-

267 3412 478 3478 νέσθαι,
512 3414 691 3467 οἳοούκ
723 3414 781 3480 ὲξ
812 3415 1082 3485 αἱμάτων,
1126 3417 1246 3468 οὐδὲ
1286 3418 1350 3469 ὲκ
1397 3416 1699 3487 Θελήματος
1734 3434 1865 3486 σαρ-

269 3508 386 3571 κὸς,
427 3508 550 3561 οὐδὲ
596 3510 660 3562 ὲκ
703 3508 1008 3579 θελήματος
1047 3509 1258 3578 ἀνδρὸς,
1288 3509 1401 3562 ἀλλ’
1443 3512 1506 3563 ἐκ
1536 3508 1670 3563 Θεοῦ
1715 3512 1865 3578 ἐγεν-

267 3601 535 3671 νήθησαν.
596 3621 614 3653 ι
676 3602 793 3654 Ἵνα
832 3602 939 3675 γὰρ
985 3603 1209 3671 γένηται
1253 3603 1549 3673 πρωτεύων
1604 3604 1659 3656 ὲν
1701 3604 1865 3655 πᾶσιν

268 3693 454 3757 αὐτὸς,
490 3692 635 3747 καθὰ
668 3692 1001 3764 γέγραπται,
1037 3694 1363 3763 γεγέννηται
1418 3695 1516 3765 μὲν
1559 3694 1647 3747 διὰ
1676 3712 1865 3763 γυναι-

270 3785 388 3847 κός.
432 3784 651 3856 Ἐπειδὴ
682 3786 738 3837 δέ
768 3788 917 3839 ἐστιν
967 3786 1193 3857 ἀπαρχὴ
1236 3787 1335 3853 τῆς
1369 3788 1868 3859 ἀναμορφουμένης

271 3877 507 3940 κτίσεως
535 3877 600 3930 δι’
629 3878 903 3948 ἀγιασμοῦ
936 3879 1071 3950 πρὸς
1097 3878 1253 3943 Θεὸν,
1274 3880 1369 3933 καὶ
1405 3881 1509 3951 πρό
1540 3897 1602 3948 γε
1638 3879 1746 3933 τῶν
1770 3880 1863 3935 ἀλα

272 3970 381 4022 λων
429 3969 594 4033 αὐτὸς
628 3972 852 4040 γενητὸς
886 3971 1100 4042 ἐδείχθη
1150 3971 1493 4041 Πνεῦματος,
1530 3974 1628 4043 τὴν
1674 3972 1868 4043 ἀνδρός

273 4078 331 4115 τε
364 4062 462 4115 καὶ
489 4062 748 4131 γυναικὸς
792 4062 1202 4133 ὑπερθρώσκων
1236 4063 1471 4130 σύνοδον,
1507 4064 1597 4117 καὶ
1627 4066 1728 4117 οὐκ
1753 4065 1870 4119 ἀτι-

278 4158 377 4226 μίᾳ
407 4156 501 4208 καὶ
535 4158 711 4227 μώμῳ
757 4156 1138 4221 καταδικάζων
1167 4156 1266 4224 τὴν
1309 4158 1473 4226 φύσιν
1522 4158 1721 4226 (τίμιος
1761 4158 1869 4228 γάρ

273 4246 303 4296 6
333 4246 531 4315 γάμος,
565 4246 660 4298 καὶ
691 4247 719 4297 6
754 4245 967 4310 πλάσας
1000 4247 1276 4317 ἀπαρχῆς,
1311 4247 1478 4318 ἄρσεν
1506 4248 1598 4300 καὶ
1616 4247 1749 4318 θῆλυ
1776 4265 1869 4302 πε-

278 4338 507 4408 ποίηκεν
554 4339 796 4404 αὐτοὺς),
837 4340 974 4395 ἀλλά
1003 4340 1080 4410 τῷ
1132 4341 1339 4410 μείζονι
1379 4341 1474 4394 καὶ
1523 4340 1871 4412 ἀσυγκρίτως

277 4432 661 4502 ὑπερκειμένῳ
720 4434 1043 4503 προσνέμων
1094 4434 1193 4503 ἢδη
1251 4452 1367 4498 πως
1412 4434 1479 4487 τὰ
1526 4432 1869 4503 ἀνθρώπινα.

277 4523 576 4594 Γεννητοὺς
630 4525 735 4595 γὰρ
784 4526 1124 4595 ΙΙνεύματος,
1179 4528 1278 4579 οὐκ
1333 4525 1564 4597 ἀνδρῶν,
1617 4526 1765 4596 ἡμᾶς
1790 4526 1870 4579 ἔτι

1972 674 2036 711 ex
2068 657 2182 711 sola
2224 658 2400 725 ipsius
2442 670 2628 711 carne.

2044 749 2102 802 Β.
2148 750 2450 805 Assentior.
2487 749 2655 803 Recte
2688 747 2831 802 cnim
2868 746 3027 801 dicis.

2042 842 2105 894 A.
2136 840 2341 897 Scribit
2371 856 2504 896 vero
2535 841 2700 896 etiam
2734 838 2863 893 alibi
2892 837 3113 905 sapiens
3149 833 3240 888 ille
3282 830 3523 888 Joannes
3549 846 3561 883 :

1975 952 1995 985 ι
2030 934 2195 988 Multa
2234 936 2451 1003 quidem
2498 942 2553 988 et
2598 934 2702 986 alia
2746 932 2900 1001 signa
2950 930 3077 985 fecit
3116 926 3275 982 Jesns
3332 926 3384 979 in
3435 938 3569 979 con-

1971 1038 2161 1098 spectu
2192 1027 2579 1097 discipulorum
2616 1038 2867 1087 suorum,
2897 1037 3019 1093 qua:
3055 1036 3162 1075 non
3200 1029 3329 1074 sunt
3360 1018 3567 1085 scripta

1973 1120 2026 1175 in
2060 1120 2199 1175 libro
2228 1120 2351 1173 hoc.
2392 1118 2516 1172 Hzec
2549 1127 2733 1171 autem
2779 1116 2983 1184 scripta
3037 1122 3187 1173 sunt,
3219 1119 3277 1164 ut
3324 1108 3563 1163 credatis

1972 1208 2101 1275 quia
2134 1206 2291 1263 Jcsus
2316 1216 2399 1261 est
2424 1205 2593 1261 Filius
2622 1205 2713 1259 Dei
2743 1204 2873 1267 vivi,
2905 1214 2959 1258 et
2988 1212 3045 1256 ιιι
3072 1202 3362 1256 credentes
3396 1198 3563 1253 vitam

1974 1299 2218 1354 habeatis
2254 1301 2304 1353 in
2340 1300 2562 1353 nomine
2596 1297 2768 1367 ipsius
2799 1297 2862 1349 ".
2910 1316 2927 1346 ι
2963 1293 3279 1348 Adtnirctnr
3314 1307 3439 1345 vero
3477 1291 3571 1343 ali-

1972 1391 2093 1458 quis
2135 1405 2240 1443 non
2269 1389 2449 1444 minus
2488 1389 2731 1444 divinum
2768 1386 3011 1449 Petrum,
3044 1386 3109 1439 ad
3148 1384 3369 1438 Judaeos
3404 1397 3566 1450 aper-

1974 1493 2025 1538 te
2066 1484 2139 1538 ita
2178 1486 2525 1553 loquentem:
2560 1502 2578 1536 ι
2620 1483 2904 1551 Principes
2936 1480 3145 1551 populi,
3186 1488 3241 1532 et
3272 1476 3519 1533 seniores
3552 1517 3565 1538 ,

1972 1576 2016 1627 si
2060 1590 2156 1629 nos
2217 1574 2376 1628 hodie
2424 1575 2740 1643 iudicamur
2786 1574 2839 1626 in
2880 1570 3169 1626 benefacto
3204 1569 3445 1623 hominis
3485 1568 3570 1620 in-

1974 1667 2139 1730 lirmi,
2193 1668 2243 1720 in
2282 1681 2390 1735 quo
2427 1668 2531 1721 iste
2559 1666 2741 1721 salvus
2785 1664 2960 1719 factus
2986 1673 3090 1727 est,
3126 1672 3313 1716 notum
3348 1662 3418 1714 sit
3451 1676 3570 1713 om-

1974 1758 2137 1814 nibus
2171 1762 2347 1823 vobis,
2391 1771 2445 1815 ct
2476 1760 2623 1815 omni
2662 1758 2805 1829 plebi
2846 1758 3036 1821 Israel,
3084 1758 3211 1824 quia
3260 1755 3312 1807 in
3349 1752 3570 1807 nomine

1973 1851 2189 1905 Domini
2236 1853 2411 1906 nostri
2466 1850 2593 1906 .Iesu
2646 1850 2855 1906 Christi
2919 1848 3211 1911 Nazareni,
3257 1862 3419 1915 quem
3472 1861 3569 1899 vos

1971 1942 2355 2007 cruciﬁxtstis,
2387 1956 2550 2010 quem
2602 1940 2745 1995 Deus
2791 1940 3081 1995 suscitavit
3128 1953 3157 1990 ιι
3208 1936 3461 1998 mortuis.
3512 1952 3566 1989 tu

1972 2034 2072 2088 hoc
2098 2034 2199 2087 iste
2226 2042 2367 2087 astat
2405 2033 2557 2086 vobis
2591 2046 2757 2086 sanus
2792 2030 2859 2085 ".
2898 2049 2915 2082 ι
2951 2028 3019 2085 Et
3052 2028 3213 2099 paulo
3242 2037 3363 2097 post
3396 2045 3408 2080 :
3448 2045 3466 2078 ι
3502 2026 3566 2081 Et

1970 2141 2075 2181 non
2105 2136 2193 2180 est
2221 2130 2273 2178 in
2312 2124 2419 2179 alio
2445 2125 2630 2195 aliquo
2675 2124 2847 2178 salus.
2894 2121 3082 2192 Neque
3116 2123 3262 2177 enim
3298 2134 3384 2174 est
3417 2119 3568 2174 aliud

1970 2233 2166 2273 nomen
2198 2218 2301 2273 sub
2332 2221 2473 2271 creto
2506 2219 2693 2270 datum
2729 2214 3064 2279 hominibus,
3105 2215 3157 2267 in
3179 2229 3285 2283 quo
3315 2221 3570 2282 oporteat

1970 2325 2069 2364 nos
2112 2310 2295 2365 salvos
2342 2311 2457 2365 ﬁeri
2506 2310 2571 2364 ".
2632 2329 2647 2361 ι
2686 2308 2953 2376 Quisnam
3008 2308 3174 2376 igitur
3218 2314 3323 2371 est,
3372 2304 3463 2373 qui
3515 2312 3571 2359 et

1971 2412 2201 2455 mortem
2248 2402 2384 2455 obiit
2422 2409 2477 2455 et
2511 2400 2811 2454 resurrexit
2846 2399 2900 2452 in
2934 2397 3129 2466 gloria,
3163 2404 3328 2465 atque
3363 2411 3429 2449 ex
3460 2392 3569 2453 Na-

1977 2494 2190 2558 zareth,
2219 2494 2320 2547 nisi
2354 2491 2514 2547 Jesus
2545 2492 2818 2555 Christus,
2849 2489 2951 2545 hoc
2974 2500 3077 2554 est,
3112 2491 3203 2559 qui
3235 2500 3362 2543 ante
3386 2490 3568 2543 outnia

1969 2586 2163 2640 saecula
2222 2601 2287 2639 ex
2338 2585 2499 2639 Patre
2545 2582 2893 2639 inell'abiliter
2948 2583 3168 2651 genitus
3201 2583 3321 2637 est?
3366 2582 3571 2638 Ultimo

1969 2692 2099 2733 vero
2142 2688 2197 2733 et
2250 2680 2316 2732 ad
2370 2680 2577 2734 exitum
2630 2688 2891 2747 vergente
2923 2677 3246 2731 saeculorum
3302 2686 3568 2745 tempore,

1968 2771 2330 2838 corporaliter
2375 2772 2540 2826 etiam
2594 2786 2655 2825 ex
2713 2769 2934 2840 Virgine
2980 2779 3141 2823 natus
3176 2780 3282 2823 est.
3336 2768 3572 2823 Proinde

1968 2866 2058 2932 qui
2094 2865 2145 2917 in
2176 2864 2351 2933 ipsum
2383 2864 2575 2929 credit,
2605 2862 2865 2918 eximium
2890 2862 3175 2932 praemium
3210 2860 3441 2925 auferet;
3474 2876 3567 2912 vo-

1969 2954 2180 3008 cabitur
2231 2955 2376 3009 enim
2440 2953 2580 3009 lilios
2625 2954 2737 3008 Dei.
2774 2973 2790 3005 ι
2827 2952 3104 3023 Quotquot
3146 2952 3294 3008 enim
3340 2968 3571 3021 accepe-

1970 3055 2095 3100 runt
2134 3060 2281 3108 eum,
2315 3047 2465 3100 dedit
2509 3048 2592 3102 eis
2640 3054 2987 3114 potestatem,
3042 3045 3244 3114 inquit,
3296 3045 3434 3099 lilios
3475 3044 3567 3097 Dei

1970 3138 2107 3201 lieri,
2124 3140 2214 3207 qui
2234 3154 2339 3193 non
2360 3154 2424 3193 ex
2444 3139 2826 3209 sanguinibns,
2853 3153 3031 3208 neque
3055 3152 3121 3193 ex
3150 3138 3429 3191 voluntate
3448 3152 3569 3190 car-

1973 3228 2075 3291 nis,
2108 3244 2281 3297 neque
2301 3244 2367 3283 ex
2390 3229 2664 3284 voluntate
2684 3230 2807 3295 viri,
2833 3230 2928 3284 sed
2951 3246 3017 3284 ex
3041 3230 3149 3285 Deo
3177 3230 3285 3283 nati
3311 3238 3437 3282 sunt
3461 3227 3528 3280 ".
3546 3247 3565 3273 ι

1971 3322 2101 3376 Nam
2180 3333 2238 3377 ut
2317 3322 2410 3377 ﬁat
2488 3324 2781 3392 primatum
2863 3332 3058 3378 tenens
3149 3324 3202 3377 in
3271 3323 3567 3383 omnibus.

1969 3415 2105 3468 sicut
2138 3414 2400 3485 scriptum
2427 3414 2595 3479 est“,
2618 3423 2776 3468 natos
2802 3415 3019 3483 quidem
3051 3426 3133 3469 est
3157 3430 3222 3468 ex
3252 3414 3567 3468 muliere”.

1968 3509 2103 3563 Cum
2141 3524 2269 3563 vero
2321 3508 2391 3563 sit
2449 3508 2700 3576 primitiae
2733 3508 2782 3539 ”
2816 3518 3084 3563 creatura:
3136 3507 3445 3561 reformata:
3501 3507 3570 3558 ad

1972 3600 2136 3653 Deum
2172 3616 2269 3669 per
2318 3600 2839 3664 sanctiﬁcationem,
2878 3600 2997 3668 ipse
3044 3600 3210 3654 etiam
3260 3607 3389 3651 ante
3432 3597 3572 3651 alios

1972 3703 2129 3746 natus
2167 3708 2233 3745 ex
2297 3691 2504 3761 Spiritu
2554 3691 2868 3746 declaratus
2916 3702 3022 3755 est,
3074 3691 3173 3743 viri
3225 3700 3279 3744 et
3328 3687 3571 3743 mulieris

1972 3798 2322 3854 congressum
2354 3785 2673 3849 excedens;
2709 3799 2815 3837 non
2866 3784 3013 3853 quod
3049 3794 3301 3835 naturam
3336 3782 3571 3851 alicujus

1974 3877 2255 3930 dedecoris
2285 3883 2379 3929 aut
2405 3876 2541 3929 labis
2567 3886 2782 3929 notaret
2818 3891 2878 3929 ac
2912 3877 3195 3929 damnaret
3223 3874 3567 3943 (honoranda

1973 3969 2119 4022 enim
2193 3984 2278 4022 res
2318 3976 2407 4022 est
2455 3968 2792 4038 conjugium,
2840 3977 2894 4021 et
2943 3968 3037 4036 qui
3093 3967 3367 4021 hominem
3422 3968 3575 4021 initio

1972 4060 2199 4124 creavit,
2232 4060 2533 4115 masculum
2584 4069 2638 4115 et
2681 4060 2938 4115 feminam
2973 4059 3101 4115 fecit
3131 4059 3252 4113 illos
3275 4059 3366 4129 ³⁷⁵),
3408 4058 3571 4130 705

1975 4150 2068 4206 sed
2102 4154 2245 4219 quod
2268 4150 2382 4219 jam
2419 4152 2654 4206 humana
2702 4154 2963 4220 majorem
3016 4162 3181 4223 atque
3228 4154 3573 4223 incompara-

1975 4246 2159 4301 biliter
2182 4244 2629 4301 excellentiorem
2657 4247 2705 4299 ei
2750 4245 3037 4300 tribueret.
3080 4244 3249 4300 Natos
3280 4249 3425 4301 enim
3480 4264 3577 4299 no.

1976 4353 2039 4393 ex
2076 4339 2296 4408 spiritu,
2336 4353 2442 4394 non
2470 4352 2535 4392 ex
2568 4337 2702 4391 viris
2722 4352 3040 4408 nuncupare
3069 4337 3256 4392 voluit.
3295 4356 3311 4387 ι
3342 4337 3573 4397 idcirco.

1976 4426 2215 4498 Patrem,
2258 4431 2455 4502 inquit,
2491 4430 2659 4485 nolite
2692 4444 2890 4484 vocare
2934 4428 3087 4484 vobis
3130 4444 3296 4500 super
3330 4439 3531 4485 terram
3561 4450 3571 4481 :

1976 4539 2115 4578 unus
2157 4533 2241 4578 est
2286 4522 2431 4577 enim
2482 4522 2645 4577 Pater
2689 4532 2893 4586 vester,
2947 4522 3037 4590 qui
3081 4522 3133 4575 in
3183 4523 3339 4575 cmlis
3375 4531 3461 4575 est
3504 4522 3569 4572 ’⁸.

277 4618 638 4691 χρηματίζειν
676 4618 858 4687 ἦθελε.
907 4639 923 4669 ι
984 4619 1093 4672 Καὶ
1127 4618 1277 4687 γοῦν,
1314 4620 1554 4690 Πατέρα,
1592 4622 1747 4690 φησι,
1796 4623 1867 4692 μὴ

1978 4618 2181 4672 Omnes
2212 4625 2394 4671 autem
2437 4630 2534 4669 vos
2586 4614 2787 4669 fratres
2820 4614 2955 4669 estis
3003 4612 3069 4667 “.
3110 4632 3127 4663 ι
3171 4612 3575 4681 lrreprehenst-

280 4711 547 4781 καλέσητε
580 4710 734 4779 ὑμῶν
778 4710 871 4763 ἐπὶ
896 4711 991 4781 τῆς
1018 4710 1120 4780 γῆς
1142 4727 1154 4740 ’
1195 4705 1274 4775 εἷς
1306 4713 1414 4783 γάρ
1445 4714 1592 4765 ἐστιν
1621 4716 1647 4766 ὁ
1683 4714 1875 4785 Πατὴρ

280 4804 409 4875 ὑμῖν
442 4806 471 4856 6
518 4804 805 4873 οὐράνιος·
846 4805 1048 4867 πάντες
1095 4804 1153 4857 δὲ
1199 4806 1355 4875 ὑμεῖς
1410 4805 1628 4874 ἀδελφοί
1662 4808 1805 4860 ἔστε.
1853 4827 1870 4860 ι

280 4895 491 4949 Οὐκοῦν
521 4895 823 4965 ἀμώμητον
858 4896 1135 4957 παντελῶς
1178 4897 1240 4949 τὸ
1270 4897 1549 4951 πιστεύειν
1582 4901 1658 4963 είς
1687 4900 1871 4965 αὑτὸν,

284 4989 485 5058 μᾶλλον
516 4989 573 5041 δὲ
600 4989 694 5043 καὶ
725 4991 791 5061 τῇ
818 4988 927 5043 τῶν
964 4990 1456 5061 πλημμελημάτων
1483 4994 1761 5066 ἀμνηστίᾳ
1792 5012 1876 5047 τε-

278 5082 529 5153 τίμηται.
577 5082 786 5153 Γράφει
816 5082 923 5153 γὰρ
954 5078 1055 5136 ὦδε
1098 5083 1259 5136 πάλιν
1288 5086 1315 5138 6
1344 5084 1593 5155 ἔκκριτος
1628 5084 1837 5149 Παῦλος
1858 5103 1870 5115 ·

287 5196 305 5229 ι
350 5176 568 5239 Εἰδότες
611 5176 667 5229 δὲ
696 5177 778 5229 ὅτι
813 5177 872 5229 οὐ
904 5173 1206 5229 δικαιοῦται
1260 5177 1545 5249 ἄνθρωπος
1592 5178 1649 5243 ἐξ
1698 5179 1876 5250 ἔργων

282 5271 468 5343 νόμον,
492 5270 587 5325 ἐὰν
615 5272 688 5342 μὴ
716 5270 804 5324 διὰ
835 5273 1071 5334 πίστεως
1107 5272 1279 5341 Ἰησοῦ
1311 5271 1569 5343 Χριστοῦ,
1595 5273 1687 5325 καὶ
1717 5275 1877 5343 ἡμεῖς

284 5366 363 5428 εἰς
402 5365 639 5435 Χριστὸν
682 5363 887 5434 Ἰησοῦν
927 5362 1349 5433 ἐπιστεύσαμεν.
1392 5383 1409 5415 ι
1453 5366 1791 5433 Κατοκνήσω
1820 5364 1876 5416 δὲ

283 5458 559 5527 οὐδαμῶς,
588 5456 726 5525 ὅπερ
766 5456 867 5525 ήδη
914 5456 1128 5524 φθάσας
1171 5456 1325 5526 ἔφην,
1369 5457 1756 5524 ἀνακυκλήσας
1800 5459 1875 5510 εί-

284 5549 429 5614 πεῖν,
461 5551 540 5604 ὅτι
570 5549 804 5619 Χριστὸς
848 5549 1055 5619 Ἰησοῦς
1083 5550 1141 5601 οὐ
1176 5549 1379 5619 γυμνὸς
1412 5551 1507 5602 καὶ
1539 5549 1659 5603 καθ’
1688 5553 1878 5603 ὲαυτδν

283 5642 313 5699 ὁ
338 5644 403 5698 ἐκ
434 5640 570 5696 Θεοῦ
603 5643 804 5694 νοεῖται
850 5643 1040 5709 Λόγος,
1075 5641 1187 5694 ἀλλ’
1230 5644 1317 5695 ὅτε
1353 5643 1655 5712 προσέλαϐε
1685 5643 1744 5695 τὸ
1784 5645 1876 5696 ἀν-

1046 5845 1091 5875 “
1123 5847 1235 5895 ,λι-Ι.
1275 5862 1342 5899 |\'.
1379 5845 1525 5896 S-lll,

1096 5920 1136 5947 λ’*
1164 5917 1295 5971 Cen.
1336 5934 1371 5981 ι,
1408 5916 1494 5966 £7.

370 5847 412 5877 '”
442 5846 598 5901 .loan.
635 5861 725 5907 xx,
751 5845 841 5905 30,
879 5844 966 5896 5|.

290 5933 362 5987 tv,
400 5919 435 5975 ι.
524 5916 608 5971 "l
645 5919 767 5973 Cor.
806 5933 893 5982 sv,
928 5917 1013 5970 ‘20.

1612 5844 1651 5867 ἰθ
1682 5842 1813 5893 ibid.
1851 5842 1929 5903 ll,
1978 5843 2056 5895 l‘l.

1576 5916 1619 5937 “‘
1644 5917 1833 5969 .llalllt.
1876 5931 2024 5983 \Mtl,
2060 5918 2111 5969 υ.

1979 4709 2086 4763 bile
2122 4709 2303 4777 itaque
2335 4722 2560 4776 prorsus
2597 4718 2683 4760 est
2713 4708 2766 4759 in
2800 4708 2977 4776 ipsum
3005 4706 3257 4760 credere.
3312 4703 3427 4758 lmo
3476 4721 3571 4774 po-

1978 4802 2084 4855 tius
2116 4809 2467 4871 peccatorum
2502 4797 2781 4852 oblivione
2839 4794 2974 4851 fides
3024 4796 3076 4849 in
3132 4796 3307 4865 ipsum
3344 4794 3569 4849 decora-

1979 4903 2064 4945 tur
2094 4903 2257 4961 atque
2307 4890 2647 4960 rependitur.
2677 4887 2755 4942 Ita
2805 4889 2952 4943 enim
3002 4888 3161 4943 nobis
3208 4888 3445 4942 eximius
3489 4889 3579 4943 ilio

1982 4985 2179 5039 Paulus
2208 4984 2437 5038 scribit:
2473 5000 2491 5032 ι
2531 4980 2779 5036 Scieutes
2808 4982 2951 5050 quod
2983 4996 3091 5035 non
3116 4979 3451 5050 justificatur
3484 4983 3580 5037 ho-

1984 5093 2072 5131 mo
2110 5093 2175 5131 ex
2204 5076 2465 5144 eperibus
2509 5074 2667 5142 legis,
2711 5073 2816 5128 nisi
2859 5087 2955 5143 per
2991 5073 3155 5128 tidem
3189 5071 3317 5128 Jesu
3345 5075 3577 5138 Christi,

1980 5183 2033 5226 et
2076 5187 2176 5226 nos
2215 5170 2267 5222 in
2306 5169 2526 5223 Christo
2564 5166 2694 5221 Jesu
2729 5166 3061 5220 credidimus
3103 5163 3195 5219 “2
3237 5182 3254 5215 ι
3304 5168 3575 5221 Caeterum

1984 5280 2328 5334 nequaquam
2357 5263 2623 5333 gravabor
2654 5275 2717 5315 ea
2744 5275 2865 5327 quae
2900 5258 3074 5315 fusius
3104 5275 3133 5314 a
3166 5274 3251 5313 me
3287 5259 3435 5314 dicta
3456 5270 3583 5314 sunt

1986 5358 2035 5411 in
2066 5372 2335 5413 summam
2365 5354 2621 5424 colligere
2659 5372 2671 5407 :
2709 5352 2968 5408 nimirum
3006 5354 3147 5422 quod
3192 5352 3445 5407 Christus
3476 5369 3581 5406 non

1983 5452 2054 5504 sit
2095 5451 2298 5505 nudum
2338 5465 2402 5502 ac
2430 5464 2523 5517 per
2568 5462 2627 5501 se
2655 5462 2719 5503 ex
2766 5445 2924 5501 Patre
2963 5446 3266 5514 procedens
3302 5444 3535 5500 Verbum
3568 5465 3577 5495 :

1987 5544 2082 5598 sed
2109 5542 2407 5611 assumpsit
2445 5540 2843 5593 humanitatem
2896 5546 2951 5589 et
2999 5552 3166 5590 carne
3197 5536 3444 5589 indutum
3477 5548 3580 5598 est,

1989 5647 2154 5705 atque
2182 5634 2251 5687 ita
2283 5649 2341 5687 se
2371 5633 2659 5686 habentem
2690 5638 2853 5697 atque
2898 5637 3273 5697 apparentem,
3325 5626 3585 5680 formant—

2138 5842 2183 5871 ³ο
2206 5837 2361 5893 Joan.
2400 5852 2433 5888 ι.
2478 5834 2559 5898 l2,
2598 5832 2677 5886 l5.
2758 5830 2796 5859 "
2830 5826 3037 5898 Coloss.
3076 5841 3111 5889 ι,
3159 5826 3240 5883 18.
3337 5829 3381 5856 ”
3407 5824 3584 5881 Galeri.

2192 5914 2234 5935 σε
2266 5909 2395 5963 tum.
2424 5909 2475 5964 δ.
2550 5896 2641 5935 π’
2673 5901 2847 5957 Calai.
2882 5913 2939 5967 ιι,
2981 5896 3059 5951 to.
