4006 6468
494 419 630 476 i239

1467 418 1523 475 S.
1564 417 1837 477 CYRILLI
1870 417 2336 475 ALEXANDRINI
2370 419 2687 477 ARCHIEP.

3598 430 3725 487 £240

491 551 601 606 que
655 542 893 614 nostram
942 540 1264 603 gestantem,
1324 532 1483 587 Pater
1537 534 1747 588 sanctis
1796 532 2054 602 apostolis

2166 532 2450 602 θρὼπινον,
2494 536 2765 605 ὲνεπλάκη
2791 540 2970 606 σαρκίι
3016 537 3190 602 οὕτως
3237 538 3428 610 ἕχοντα
3464 541 3562 597 καὶ
3592 542 3733 614 ὀρώ-

494 610 762 693 οειεηὰἰῖ,
812 624 1175 693 hujuscemodi
1220 639 1349 679 voce
1400 623 1612 679 caelitus
1640 625 1781 679 edita
1837 642 1849 677 :
1896 642 1913 678 ι
1959 621 2057 678 llic

496 726 576 771 est
606 714 774 770 Filius
805 730 958 770 meus
994 716 1244 780 dilectus,
1276 717 1328 771 in
1360 732 1466 785 quo
1500 718 1630 771 mihi
1662 716 1794 773 bene
1820 717 2057 787 compla-

496 807 620 862 cui:
654 808 827 877 ipsum
872 807 1056 863 audite
1084 810 1153 863 ".
1192 828 1210 861 ι
1250 808 1512 879 lntolligis
1546 811 1749 881 itaque,
1789 812 2056 880 quomodo

495 913 603 955 non
638 898 782 954 dicat
807 921 819 953 :
854 900 909 953 In
933 902 1034 954 hoc
1061 910 1143 954 est
1173 900 1341 955 Filius
1371 916 1541 966 mens,
1577 918 1643 956 ne
1673 901 1906 957 vicissim
1941 912 2055 955 tan-

494 1002 655 1056 quam
689 988 826 1043 alter
872 988 924 1042 in
955 990 1124 1043 altero
1148 1004 1269 1045 esse
1294 1001 1631 1054 censeretur,
1670 992 1764 1045 sed
1803 1006 1941 1046 unus
1970 1001 2055 1045 at-

494 1094 601 1147 que
648 1080 790 1134 idem
836 1078 1131 1133 secundum
1161 1080 1419 1133 unitatem
1465 1081 1868 1135 incarnationis.
1903 1082 2054 1148 Quod

496 1185 625 1225 vero
652 1169 1011 1240 periculosum
1058 1169 1483 1239 damnosumque
1522 1171 1787 1240 imprimis
1815 1172 1886 1225 sit
1932 1173 2057 1227 huic

498 1259 779 1314 sententiae
812 1258 1088 1325 reluctari,
1128 1256 1366 1315 Joannes
1400 1259 1557 1315 facile
1589 1263 1939 1332 persuaserit,
1982 1263 2055 1316 ita

494 1351 701 1413 dicens,
732 1350 875 1417 quod
907 1348 1046 1402 idem
1077 1349 1148 1401 sit
1179 1350 1555 1405 testimonium
1602 1351 1693 1404 Dei
1720 1351 1866 1419 quod
1898 1360 2057 1406 testa-

495 1453 580 1496 tus
614 1452 698 1497 est
732 1442 798 1497 de
844 1440 981 1497 Filio
1023 1457 1161 1497 suo:
1189 1461 1207 1493 ι
1241 1440 1342 1507 Qui
1398 1440 1569 1495 credit
1610 1440 1662 1495 in
1707 1440 1899 1495 Filium
1940 1441 2054 1506 Dei,

494 1540 659 1594 habet
701 1539 1063 1595 testimonium
1099 1537 1189 1592 Dei
1224 1538 1275 1590 in
1328 1552 1405 1592 se.
1454 1537 1553 1602 Qui
1586 1551 1692 1590 non
1724 1537 1893 1590 credit
1928 1536 2053 1601 Deo,

496 1632 813 1685 mendacem
843 1629 973 1683 facit
1012 1644 1174 1693 eum;
1213 1627 1339 1698 quia
1379 1641 1483 1681 non
1528 1627 1699 1681 credit
1733 1628 1784 1680 in
1818 1627 2056 1680 testimo-

495 1721 640 1774 nium
663 1721 804 1790 quod
822 1719 1137 1773 testificatus
1150 1729 1232 1772 est
1250 1719 1387 1772 Deus
1403 1720 1466 1771 de
1484 1716 1619 1771 Filio
1634 1731 1749 1770 suo.
1766 1735 1783 1768 ι
1806 1715 2054 1770 Testatus

493 1822 671 1864 autem
711 1819 793 1865 est
832 1809 971 1879 quod
1002 1809 1098 1863 llic
1125 1810 1213 1877 qui
1267 1810 1318 1862 in
1351 1823 1513 1863 carne
1554 1818 1605 1862 et
1654 1811 1705 1861 in
1740 1808 1908 1861 forma
1941 1823 2052 1863 ser-

490 1902 543 1953 vi
570 1899 924 1969 conspicitur,
959 1906 1041 1953 est
1072 1897 1419 1968 singulariter
1444 1911 1506 1950 ac
1534 1897 1877 1965 peculiariter
1899 1908 2057 1950 verus

493 2005 644 2045 meus
674 1989 860 2044 Filius.
896 1988 1033 2055 Quid
1060 1988 1224 2042 vere?
1254 2002 1431 2041 nonne
1469 1996 1523 2041 et
1557 1988 1784 2057 gratiam
1814 2004 1931 2056 quae
1963 2004 2059 2057 per

492 2097 704 2137 sacrum
731 2082 1049 2151 baptismum
1099 2079 1390 2146 confertur,
1416 2088 1469 2135 et
1504 2080 1915 2133 vivilicationetn
1940 2094 2060 2147 qua:

495 2177 546 2230 in
586 2175 703 2242 ipso
747 2184 849 2237 est,
890 2182 944 2225 et
993 2170 1457 2241 participationem
1496 2169 1587 2224 Dei
1621 2186 1717 2238 per
1753 2169 2059 2223 sanctiﬁca-

495 2268 693 2319 tionem
733 2264 784 2317 in
822 2263 1049 2331 Spiritu,
1077 2280 1179 2343 per
1219 2260 1402 2316 Jesum
1449 2262 1719 2317 Christum
1768 2262 1904 2312 facta
1938 2275 2057 2313 esse

491 2356 769 2413 dicemus?

565 2538 626 2593 Β.
647 2536 901 2593 Omnino.
933 2532 1153 2588 Memini
1190 2532 1333 2586 enim
1358 2530 1581 2586 Joannis
1604 2530 1831 2586 dicentis
1858 2549 1870 2583 :
1906 2548 1923 2581 ι
1956 2530 2054 2595 Qui

494 2640 616 2698 post
646 2645 729 2683 me
763 2628 927 2693 venit,
964 2629 1156 2682 fortior
1203 2641 1287 2680 me
1326 2634 1446 2688 est,
1492 2625 1645 2693 cujus
1689 2637 1792 2675 non
1830 2637 1947 2675 sum
1979 2624 2058 2674 «Ιὶ-

494 2737 630 2789 gnus
665 2722 1032 2776 calceamenta
1079 2729 1294 2787 portare
1337 2736 1348 2770 :
1397 2715 1509 2782 ipse
1555 2728 1647 2767 vos
1680 2712 1971 2782 baptizabit
2004 2716 2055 2765 in

495 2812 694 2879 Spiritu
730 2820 919 2867 sancto
949 2818 1002 2865 et
1038 2809 1159 2877 igne
1191 2807 1256 2859 ”.
1295 2825 1313 2857 ι

567 2996 632 3048 Α.
668 2990 1103 3047 llumanitatisne
1144 2988 1307 3059 igitur
1346 2997 1543 3043 nostra;
1597 3000 1733 3055 Opus
1769 2998 1889 3038 esse
1932 2998 2060 3037 cen-

495 3087 782 3150 sebimus,
844 3083 897 3138 in
979 3082 1185 3153 Spiritu
1243 3091 1432 3135 sancto
1500 3089 1551 3133 et
1606 3080 1725 3145 igne
1786 3076 2059 3143 baptizare

492 3190 645 3246 posse
661 3174 683 3227 ἲ

567 3269 626 3323 Β.
655 3267 772 3333 Quo
796 3273 951 3334 pacto
984 3264 1033 3317 id
1064 3262 1181 3318 ﬂeri
1206 3260 1406 3329 possit?

563 3362 725 3433 706
743 3362 805 3414 A.
826 3360 984 3428 Atqui
1020 3359 1191 3411 virum
1217 3354 1434 3423 jamjam
1464 3364 1745 3407 venturum
1775 3363 1934 3420 atque
1964 3368 2057 3421 ap-

494 3456 789 3524 pariturum
845 3451 1050 3515 dicens,
1085 3450 1256 3516 ipsum
1309 3448 1361 3499 in
1398 3447 1517 3516 igne
1552 3454 1605 3499 et
1642 3444 1842 3511 Spiritu
1875 3455 2060 3497 sancto

493 3548 770 3617 baptizare
802 3543 1244 3607 allirmat,neque
1284 3539 1515 3595 alienum
1564 3538 1849 3607 haptizatis
1887 3535 2060 3605 Spiri-

495 3651 607 3695 tnm
640 3638 932 3693 immittere
956 3632 1133 3691 servili
1157 3648 1219 3686 ac
1239 3630 1630 3688 ministratorio
1665 3627 1845 3690 modo,
1885 3627 1978 3680 sed
2006 3634 2061 3679 ut

498 3731 663 3784 Deum
717 3724 1010 3781 secundum
1071 3732 1316 3777 naturam
1363 3735 1483 3776 cum
1525 3732 1732 3772 summa
1772 3725 2055 3785 potestate,

496 3818 758 3888 Spiritum
785 3831 851 3870 ex
879 3829 938 3869 se
966 3813 1173 3881 sibique
1211 3811 1486 3883 preprium
1530 3808 1735 3878 largiri.
1763 3823 1860 3877 per
1896 3822 2057 3877 quem

494 3908 655 3962 etiam
699 3904 911 3959 divinus
949 3902 1235 3957 character
1283 3901 1437 3957 nobis
1481 3899 1823 3967 insigniatur.
1862 3898 2055 3955 nefor-

496 4012 704 4050 mamur
746 3995 888 4049 enim
940 3993 1005 4046 ad
1054 3993 1341 4064 imaginem
1387 3991 1620 4046 divinam
1671 3991 1724 4045 in
1782 3990 2057 4045 Christum

493 4085 701 4147 Jesum,
742 4097 851 4136 non
898 4082 1230 4151 corporalem
1285 4081 1723 4136 reformationem
1768 4082 2060 4136 subeuntes

496 4177 642 4245 (nam
701 4174 752 4228 id
808 4174 1155 4227 vehementer
1197 4172 1485 4227 absurdum
1531 4172 1674 4227 dictu
1714 4172 1918 4243 fuerit),
1966 4172 2059 4227 sed

496 4283 591 4336 per
619 4264 1091 4337 participationem
1124 4264 1297 4319 sancti
1323 4263 1559 4334 Spiritus
1606 4264 1777 4334 ipsum
1812 4266 1863 4319 in
1906 4265 2061 4320 nobis

494 4360 625 4428 ipsis
676 4359 939 4415 habentes
977 4372 991 4410 :
1045 4360 1179 4413 adeo
1225 4365 1285 4411 ut
1312 4356 1557 4411 laetantes
1584 4356 1713 4409 illud
1755 4356 2062 4412 exclamare

494 4451 764 4520 possimus
813 4469 827 4505 :
880 4469 897 4501 t
954 4448 1257 4505 Exsultabit
1308 4447 1487 4503 anima
1534 4465 1650 4502 mea
1704 4449 1755 4502 in
1809 4450 2057 4517 Domino,

2086 3199 2133 3261 C

2158 640 2337 692 μενον,
2370 626 2460 679 καὶ⁵
2496 628 2553 679 ὲν
2588 626 2714 679 εἴδει
2762 626 2839 697 τῷ
2882 627 3003 681 καθ’
3029 630 3175 698 ἡμᾶς
3206 633 3579 701 τυγχάνοντα,
3617 636 3729 696 τοῖς

2155 715 2332 783 ἁγίοις
2356 716 2672 781 ἀποστόλοις
2695 716 3009 789 παρέδειξεν
3028 721 3057 772 6
3082 720 3293 791 Πατὴρ,
3320 723 3503 792 φωνῆς
3526 722 3735 777 ἄνωθεν

2155 806 2593 878 ἑκπεποιημένης
2640 808 2852 861 τοιᾶσδε
2876 824 2888 838 ·
2927 827 2946 860 t
2985 804 3150 873 Οὗτός
3180 811 3329 865 ἐστιν
3354 813 3383 864 6
3416 811 3545 875 Υίός
3577 814 3723 882 μουὰ

2155 898 2455 968 ἀγαπητὸς,
2488 898 2546 951 ιν
2574 892 2618 966 ᾧ
2664 900 2959 970 ηὑδόκησα,
3001 900 3161 953 αὑτοῦ
3207 902 3454 956 ἀκούετε.
3510 923 3529 956 ι
3567 904 3727 968 Σύνες

2155 986 2247 1042 οῦν
2302 990 2449 1052 ὅπως
2476 990 2577 1042 οὐκ
2623 991 2681 1043 ὲν
2709 991 2903 1060 τούτῳ,
2936 993 3116 1062 φησὶν,
3166 993 3315 1046 ἐστὶν
3347 996 3375 1045 6
3427 994 3555 1057 Υίός
3606 1012 3726 1062 μου,

2158 1078 2243 1132 ἵνα
2275 1078 2349 1149 μὴ
2384 1080 2657 1150 ἀναμέρος
2704 1080 2777 1142 ὼς
2803 1080 2987 1149 ἔτερος
3014 1082 3070 1135 ὲν
3101 1082 3273 1153 ἑτέρῳ
3302 1084 3481 1153 τυχὸν,
3512 1084 3631 1143 ἀλλ’
3654 1080 3728 1150 εἷς

2157 1170 2341 1239 νοῆται
2382 1172 2473 1222 καί
2503 1172 2529 1222 6
2570 1171 2726 1233 αὐτὸς
2769 1171 2891 1224 καθ’
2920 1174 3110 1225 ἕνωσιν
3143 1175 3509 1243 οἰκονομικήν.
3544 1175 3727 1246 mw.

2160 1262 2317 1333 μελὲς
2342 1263 2397 1316 δὲ
2434 1265 2515 1315 ὅτι
2538 1265 2598 1316 τὸ
2627 1266 2939 1317 ἀντιτείνειν
2970 1267 3106 1331 ἐστὶ,
3134 1265 3227 1318 καὶ
3254 1265 3364 1318 τῶν
3385 1268 3465 1319 ὅτι
3498 1267 3730 1337 μάλιστα

2157 1353 2623 1423 σφαλερωτάτων,
2680 1355 2960 1407 ἀναπείσει
3008 1355 3235 1425 γράφων
3305 1355 3558 1424 Ἰωάννης
3612 1355 3729 1417 ὡδὶ,

2156 1445 2236 1496 ὅτι
2271 1444 2406 1514 αὕτη
2443 1445 2650 1514 ὲστὶνή
2695 1444 2961 1516 μαρτυρία
2994 1445 3086 1500 τοῦ
3134 1444 3289 1508 Θεοῦ,
3329 1446 3412 1499 ὅτι
3458 1444 3741 1515 μεμαρτύ-

2160 1552 2289 1605 ρηκε
2321 1534 2449 1605 περὶ
2480 1534 2572 1589 τοῦ
2596 1535 2722 1589 Υίοῦ
2747 1537 2931 1590 αὐτοῦ’
2957 1555 2975 1588 t
3000 1538 3057 1590 ὐ
3077 1536 3347 1590 πιστεύων
3378 1539 3454 1597 εἰς
3490 1537 3583 1590 τὸν
3608 1536 3733 1589 Υἰὸν

2155 1626 2247 1678 τοῦ
2292 1625 2448 1689 Θεοῦ,
2486 1626 2597 1695 ἔχει
2636 1626 2733 1697 τὴν
2785 1628 3089 1698 μαρτυρίαν
3128 1627 3221 1680 τοῦ
3253 1626 3387 1680 Θεοῦ
3432 1630 3492 1679 ὲν
3529 1626 3729 1698 ἑαυτῷ.

2168 1716 2226 1767 '0
2272 1714 2344 1785 μὴ
2398 1714 2667 1767 πιστεύων
2705 1715 2782 1785 τῷ
2816 1714 2952 1785 θεῷ,
3002 1715 3241 1785 ψεύστην
3286 1717 3589 1785 πεποίηκεν
3637 1716 3733 1769 αὐ-

2156 1804 2265 1868 τὸν,
2306 1806 2386 1859 ὅτι
2430 1806 2527 1859 οὐκ
2564 1805 2881 1859 ἐπίστευσεν
2914 1808 2991 1868 είς
3033 1806 3132 1877 τὴν
3167 1806 3492 1876 μαρτυρίαν,
3539 1808 3608 1877 ἢν
3647 1822 3735 1877 μευ

2163 1897 2511 1968 μαρτύρηκεν
2548 1898 2575 1949 6
2607 1898 2737 1960 Θεὸς
2768 1900 2893 1968 περὶ
2922 1896 3015 1950 τοῦ
3047 1896 3174 1951 Υίοῦ
3205 1896 3388 1952 αὑτοῦ.
3432 1916 3449 1947 ι
3498 1898 3735 1968 Μεμαρο

2158 1987 2364 2057 τύρηκε
2403 1987 2479 2051 δὲ,
2518 1988 2599 2040 ὅτι
2632 1981 2818 2051 Οὗτος,
2849 1990 2877 2041 6
2909 1988 3045 2058 μετὰ
3090 1987 3289 2057 σαρκὸς
3321 1987 3414 2039 καὶ
3453 1987 3513 2039 ὲν
3539 1988 3605 2057 τῇ
3638 1986 3733 2041 τοῦ

2157 2080 2345 2133 δούλου
2376 2083 2579 2150 μορφῇ,
2610 2079 2905 2150 μοναδικῶς
2934 2096 2990 2131 τε
3023 2078 3115 2131 καὶ
3150 2077 3327 2140 ίδικῶς
3350 2077 3478 2147 ἐμὸς
3515 2077 3735 2147 ἀληθῶς

2160 2168 2306 2231 Υἱός.
2341 2170 2405 2221 Τί
2437 2169 2526 2233 es;
2562 2169 2789 2238 οὐχὶκαὶ
2808 2168 2908 2239 τὴν
2927 2166 3020 2219 διὰ
3048 2165 3141 2219 τοῦ
3171 2165 3325 2233 ἁγίου
3358 2164 3736 2234 βαπτίσματος

2158 2259 2357 2312 εὐκλεᾶ
2393 2260 2570 2329 χάριν,
2606 2258 2699 2311 καὶ
2726 2257 2824 2327 τὴν
2851 2259 2907 2308 ὲν
2928 2254 3075 2325 αὺτῷ
3118 2256 3461 2324 ζωοποίησιν,
3505 2254 3601 2307 καὶ
3634 2255 3733 2326 τὴν

2156 2351 2293 2405 Θεοῦ
2328 2350 2540 2419 μέθεξιν
2579 2348 2644 2401 δι’
2676 2347 2950 2417 ἀγιασμοῦ
2991 2348 3048 2399 ὲν
3093 2343 3506 2416 Πνεύματιρδιὰ
3552 2342 3731 2416 Ἰησοῦ

2157 2442 2392 2513 Χριστοῦ
2428 2441 2741 2512 πεπρᾶχθαι
2782 2440 3024 2507 δώσομεν
3045 2455 3058 2504 ;

2228 2534 2287 2586 Β.
2351 2533 2717 2599 Ἀναγκαίωςο
2774 2532 3122 2601 μεμνήσομαι
3173 2530 3282 2599 γὰρ
3335 2528 3581 2582 Ἰωάννου
3638 2530 3730 2582 λ(-

2159 2642 2376 2692 γοντος·
2425 2644 2441 2675 t
2489 2624 2547 2693 '_0
2593 2623 2648 2676 δὲ
2683 2623 2855 2674 ὀπίσω
2890 2639 2991 2692 μου
3042 2621 3353 2692 ἐρχόμενος,
3386 2620 3733 2693 ἰσχυρότερός

2163 2690 2261 2785 μού
2297 2715 2458 2775 ἐστιν,
2494 2690 2553 2767 ἐξ)
2578 2714 2678 2766 οὐκ
2708 2713 2825 2782 είμὶ
2862 2690 3043 2775 lim/6;
3163 2690 3482 2782 ὑποδήματα
3513 2690 3732 2781 *βαστά-

2162 2824 2281 2859 σαιο
2326 2800 2704 2877 ἐκεῖνος’ὑμᾶς
2744 2804 2994 2879 βαπτίσει
3041 2806 3098 2857 ἐν
3144 2802 3419 2873 Πνεύματι
3459 2803 3599 2875 ἁγίῳ
3639 2803 3733 2857 καὶ

2161 2899 2312 2969 πυρί.
2358 2917 2375 2947 ι

2230 2991 2292 3043 Α.
2311 2985 2434 3059 Ἆρ’
2464 2983 2577 3052 οὖν,
2596 2981 2640 3040 ὦ
2667 2987 2866 3057 ἑταῖρε,
2888 2989 2982 3055 τῆς
3013 2986 3131 3040 καθ’
3155 2987 3298 3056 ἡμᾶς
3317 2986 3733 3059 ἀνθρωπόττ,τος

2160 3080 2317 3149 ἔργον
2357 3073 2494 3129 εἶναι
2534 3075 2745 3145 φῶμεν,
2782 3076 2843 3128 τὸ
2877 3077 2933 3126 ὲν
2976 3074 3250 3144 Πνεύματι
3282 3075 3420 3146 ἁγίῳ
3450 3074 3733 3145 βαπτίζειν

2162 3168 2419 3223 δύνασθαι
2450 3168 2543 3221 καὶ
2590 3166 2723 3236 πυρί
2742 3184 2755 3232 ;

2232 3261 2291 3313 Β.
2334 3260 2443 3313 Kai.
2475 3258 2589 3321 πῶς
2617 3257 2682 3311 ἂν
2720 3258 2804 3327 εἴη
2845 3257 2998 3310 τοῦτὸ
3031 3274 3134 3326 γε;

2233 3354 2296 3405 Α.
2338 3354 2447 3408 Καὶ
2477 3351 2581 3422 μὴν
2607 3351 2773 3423 ἄνδρα
2802 3351 2992 3417 λέγων,
3035 3350 3123 3404 τδν
3154 3352 3276 3405 ὅσον
3332 3351 3543 3415 οὐδέπω
3601 3368 3737 3422 παρ-

2163 3444 2417 3515 εσόμενόν
2457 3460 2516 3496 τε
2538 3444 2631 3497 καὶ
2674 3443 3063 3514 ὀφθησόμενον,
3097 3444 3257 3497 αὐτὸν
3303 3444 3403 3513 ἔφη
3453 3444 3734 3513 βαπτίζειν

2163 3540 2219 3589 ὲν
2271 3538 2403 3607 πυρὶ
2456 3536 2550 3591 καὶ
2591 3536 2729 3605 ἁγίῳ
2778 3534 3073 3605 Πνεύματι,
3121 3534 3242 3589 οὔτε
3289 3536 3570 3608 ἀλλότριον
3617 3539 3734 3600 τοῖς

2160 3629 2580 3699 βαπτιζομένοις
2641 3629 2849 3681 ἐνιέντα
2905 3626 3128 3697 Πνεῦμα
3181 3627 3563 3700 δουλοπρεπῶς
3638 3630 3735 3683 καὶ

2163 3719 2530 3790 ὑπουργικῶς,
2562 3719 2673 3775 ἀλλ’
2703 3719 2775 3783 ὡς
2814 3720 2946 3772 Θεὸν
2976 3719 3113 3773 κατὰ
3148 3719 3305 3789 φύσιν
3342 3722 3459 3790 μετ’
3484 3721 3734 3788 ἐξουσίας

2162 3810 2259 3878 τῆς
2286 3810 2564 3874 ἀνωτάτω,
2597 3810 2656 3862 τὸ
2691 3810 2747 3877 ἐξ
2786 3796 2950 3864 αὑτοῦ
2983 3829 3041 3864 τε
3083 3813 3174 3865 καὶ
3204 3811 3333 3865 ίδιον
3363 3812 3548 3876 αὐτοῦ,
3578 3812 3645 3865 δι’
3673 3808 3735 3868 οὗ

2163 3902 2254 3954 καὶ
2291 3903 2318 3954 6
2353 3901 2493 3963 θεῖος
2534 3902 2664 3971 ἡμῖν
2707 3903 3090 3972 ἐνσημαίνεται
3118 3904 3423 3974 χαρακτὴρ.
3470 3903 3735 3973 Ἀναμορ-

2164 3992 2410 4064 φούμεθα
2439 3992 2547 4063 γὰρ
2583 3992 2657 4056 ὡς
2700 3994 2779 4057 είς
2811 3994 2994 4047 εἰκόνα
3039 3994 3136 4065 τὴν
3174 3993 3342 4060 θείαν,
3384 3997 3463 4058 είς
3499 3996 3734 4066 Χριστὸν

2176 4084 2401 4155 Ἰησοῦν,
2434 4086 2485 4138 λὺ
2514 4086 2823 4154 σωματικὸν
2864 4087 3225 4156 ὑπομένοντες
3266 4086 3355 4140 τὸν
3375 4087 3733 4157 ἀναπλασμὸν

2166 4176 2381 4247 (κομιδῇ
2410 4176 2518 4245 γὰρ
2542 4175 2734 4247 εὔηθες
2771 4176 2976 4232 οἴεσθαι
3012 4177 3313 4247 τουτὶ),διὰ
3346 4178 3401 4232 δὲ
3432 4179 3527 4232 τοῦ
3564 4197 3733 4250 μετα-

2164 4268 2346 4338 λαχεῖν
2371 4268 2527 4336 ἁγίου
2555 4268 2888 4339 Πνεῦματος,
2920 4270 3080 4329 αὑτὸν
3110 4271 3168 4324 ὲν
3198 4272 3407 4335 ἑαυτοῖς
3438 4271 3732 4326 πλουτοῦν-

2161 4378 2249 4424 τες
2306 4360 2572 4431 Χριστὸν,
2628 4360 2703 4425 ὡς
2758 4360 2859 4432 ἤδη
2918 4363 3205 4433 χαίροντας
3262 4364 3437 4416 ἐκεῖνο
3500 4368 3729 4434 φωνεῖν·

2170 4474 2188 4511 ι
2244 4453 2615 4523 ’Δγαλλιάσθω
2655 4452 2860 4523 ἡψυχὴ
2904 4470 3002 4523 μου
3034 4454 3125 4506 ἐπὶ
3154 4453 3231 4524 τῷ
3275 4454 3481 4525 Κυρίῳ·
3520 4456 3732 4509 ἐνέδυσε

492 4547 619 4615 quia
660 4546 832 4600 induit
874 4558 959 4598 me
1006 4540 1346 4597 vestimentis
1392 4542 1602 4605 salutis,
1651 4551 1705 4595 et
1746 4542 2058 4595 indumento

2166 4547 2274 4618 γάρ
2304 4564 2370 4617 με
2406 4547 2619 4616 ίμὰτιον
2646 4547 2937 4616 σωτηρίου,
2970 4548 3063 4600 καὶ
3093 4546 3291 4618 χιτῶνα
3317 4548 3672 4620 εὐφροσύνης,
3709 4569 3727 4600 ι

486 4636 710 4705 iustitiae
738 4632 1093 4689 circumdedit
1121 4646 1207 4687 me
1234 4632 1271 4687 ¹.
1310 4650 1328 4683 ι
1354 4631 1629 4699 Quotquot
1658 4632 1799 4687 enim
1828 4632 1879 4687 in
1904 4631 2057 4687 Chri-

493 4737 634 4783 stum
664 4726 917 4795 baptizati
946 4724 1102 4791 estis,
1133 4723 1406 4779 Christum
1437 4723 1685 4778 induistis
1717 4724 1757 4776 ⁸.

563 4821 623 4874 Β.
651 4821 706 4875 1η
744 4820 1012 4874 hominem
1042 4833 1169 4890 ergo
1215 4816 1472 4889 baptizati
1499 4831 1716 4881 sumus,
1759 4818 1919 4889 idque
1969 4832 2058 4872 ve-

492 4929 607 4969 rum
644 4926 764 4967 esse
795 4908 1076 4967 dicemus?

559 5005 623 5061 Α.
660 5004 805 5058 Bona
862 5003 1063 5067 verba,
1128 5002 1318 5057 amice.
1371 5000 1507 5073 Quid
1552 5000 1711 5070 agis?
1770 5000 2059 5057 Transfers

493 5096 635 5150 enim
666 5104 905 5149 nostram
948 5109 1095 5163 spem
1126 5094 1177 5147 in
1223 5104 1443 5150 terram.
1485 5091 1753 5162 Baptizati
1794 5092 2058 5163 siquidem

492 5201 698 5251 sumus,
733 5201 838 5240 non
872 5186 923 5239 in
961 5184 1231 5239 hominem
1281 5184 1617 5254 simpliciter,
1660 5185 1753 5239 sed
1792 5184 1844 5238 in
1893 5184 2057 5239 Deum

498 5264 871 5336 incarnatum,
930 5286 985 5329 et
1031 5277 1391 5329 remittentem
1446 5290 1657 5344 penam
1716 5287 2058 5345 veteremque

494 5363 708 5431 culpam
738 5364 801 5418 iis
832 5365 919 5433 qui
964 5366 1015 5417 in
1046 5363 1217 5432 ipsum
1251 5365 1614 5419 crediderunt.
1650 5364 1807 5421 Unde
1838 5376 1889 5418 et
1924 5366 2058 5420 divi-
2106 5380 2123 5395 ν’

498 5469 596 5507 nus
622 5453 712 5506 ille
742 5452 933 5513 Petrus
960 5452 1174 5507 Judaaos
1200 5453 1479 5524 alloquens
1508 5454 1645 5508 dixit
1669 5469 1684 5509 :
1725 5474 1742 5506 ι
1782 5454 2057 5509 Ρωιιὶῑεη-

498 5543 629 5598 tiam
675 5544 838 5615 agite,
878 5552 935 5599 et
969 5544 1271 5623 baptiaetur
1302 5546 1673 5615 unusquisque
1710 5554 1948 5599 vestrum
2003 5548 2053 5600 in

500 5637 713 5691 nomine
754 5635 877 5693 Jesu
922 5637 1122 5693 Christi
1180 5640 1232 5694 in
1287 5639 1655 5695 remissionem
1714 5651 2053 5709 peccatorum

2167 4638 2321 4691 Ὅσοι
2368 4636 2475 4707 γὰρ
2523 4637 2603 4698 είς
2648 4636 2881 4706 Χριστὸν
2948 4636 3330 4709 ἐϐαπτίσθητε,
3377 4639 3611 4708 Χριστὸν
3658 4641 3734 4692 ὲνο

2165 4729 2449 4795 εδύσασθε,
2496 4730 2677 4797 φησίν.

2235 4822 2296 4877 Β.
2337 4817 2464 4891 Ἆρ’
2517 4816 2608 4873 οὖν
2668 4821 2745 4883 εἰς
2799 4819 3086 4889 ἄνθρωπον
3140 4819 3584 4891 βεδαπτίσμεθα,
3641 4822 3733 4875 καὶ

2164 4913 2319 4967 τοῦτο
2349 4906 2487 4965 εἶναι
2514 4912 2756 4981 φήσομεν
2791 4910 3023 4981 ἀληθές;

2231 5004 2297 5055 Α.
2339 5001 2608 5071 Εὐφήμει,
2643 4999 2916 5069 ἄνθρωπε.
2956 5000 3023 5053 Τί
3052 4999 3203 5072 δρᾷς,
3231 4993 3276 5054 ὦ
3319 4996 3502 5071 οὗτος;
3552 5003 3733 5058 Καταο

2163 5091 2409 5162 κομίζεις
2450 5090 2605 5159 ἡμῶν
2656 5090 2736 5153 είς
2780 5091 2881 5159 γῆν
2927 5088 3022 5161 τὴν
3065 5088 3274 5143 ἐλπίδα.
3313 5087 3733 5159 Βεϐαπτίσμεθα

2164 5184 2272 5257 γὰρ
2303 5184 2401 5237 οὐκ
2424 5185 2503 5246 εἰς
2530 5182 2815 5254 ἄνθρωπον
2842 5180 3048 5247 ἁπλῶς,
3072 5182 3186 5235 ἀλλ’
3210 5184 3289 5245 εἰς
3315 5181 3446 5235 Θεὸν
3471 5182 3731 5252 ὲνηνθρω-

2163 5272 2397 5345 πηκότα,
2428 5272 2521 5325 καὶ
2549 5272 2769 5326 ἀνιέντα
2797 5272 2987 5342 ποινῆς
3027 5272 3121 5326 καὶ
3162 5270 3270 5325 τῶν
3298 5270 3539 5342 ἀρχαίων
3564 5272 3732 5325 αἰτια-

2166 5350 2349 5435 μάτων
2409 5364 2535 5427 τοὺς
2573 5364 2671 5435 τὴν
2712 5366 2793 5428 είς
2836 5363 2997 5418 αὑτὸν
3039 5362 3221 5417 πίστιν
3267 5363 3729 5433 είσδεδεγμένονς.

2161 5452 2271 5509 Καὶ
2314 5453 2445 5523 γοῦν
2492 5457 2519 5507 6
2560 5454 2839 5518 θεσπέσιος
2878 5455 3078 5526 Πέτρος
3120 5455 3391 5517 Ἰουδαίοις
3434 5454 3538 5525 ἔφη
3576 5470 3730 5527 προσ-

2162 5552 2337 5605 λαλῶν
2358 5568 2370 5583 ο
2410 5572 2427 5603 ι
2464 5551 2843 5621 Μετανοήσατε
2871 5546 2984 5613 οὖν,
3017 5550 3107 5603 καὶ
3134 5548 3483 5619 βαπτισθήτω
3502 5547 3730 5612 ἕκαστος

2162 5644 2316 5713 ὑμῶν
2358 5643 2449 5695 ἐπὶ
2494 5642 2570 5713 τῷ
2608 5643 2831 5713 ὀνόματι
2873 5641 3043 5714 Ἰησοῦ
3090 5640 3346 5712 Χριστοῦ,
3397 5641 3475 5703 είς
3538 5639 3729 5710 ἄφεσιν

570 5815 614 5850 ”
641 5816 828 5875 Matth.
864 5835 993 5883 mi,
1036 5823 1087 5876 5.
1166 5819 1431 5879 "lJoan.
1468 5839 1519 5887 ν,
1554 5824 1605 5887 9,
1651 5823 1731 5876 lO.
1808 5823 2058 5880 "Matth.

2170 5865 2181 5883 .
2220 5825 2297 5879 li.
2381 5822 2519 5879 ‘lsa.
2549 5838 2658 5889 ut,
2700 5822 2783 5877 l0.
2862 5820 3076 5877 'Galat.
3115 5836 3192 5887 nt,
3218 5820 3305 5873 27.
