4006 6518
313 508 448 563 ιειι

1402 496 1489 549 DE
1528 485 2034 550 INCMUVATIONE
2085 491 2453 545 UNIGLMTI.

3439 490 3582 546 118

307 626 423 681 τῶν
466 620 752 699 ἁμαρτιῶν
776 617 970 698 ,ὗμῶη
1020 618 1113 673 καὶ
1143 611 1378 687 λήψεσθε
1421 612 1521 683 τὴν
1548 608 1757 682 δωρεὰν
1795 611 1882 663 τοῦ

1996 617 2325 671 vestrorum,
2367 616 2422 662 et
2458 604 2737 675 accipietis
2767 605 2965 661 donum
3009 604 3246 675 Spiritus
3274 606 3447 659 sancti
3477 605 3518 661 ⁸.
3551 623 3571 656 ι

311 715 472 784 ἁγίου
526 712 857 785 Πνεῦματος.
916 730 936 764 ι
1002 705 1278 763 ’Δπολύων
1324 702 1434 775 γὰρ
1482 700 1755 773 ἁμαρτίας
1798 699 1889 752 τὸν

312 804 467 875 αὐτῷ
500 804 915 874 προσκείμενον,
958 798 1037 871 τῷ
1068 799 1179 868 ίδίῳ
1206 795 1391 850 λοιπὸν
1420 792 1702 864 καταχρίει
1726 790 1891 845 Πνεῦ-

314 913 467 965 ματι,
503 897 642 968 ὅπερ
686 895 866 966 ινίησι
911 892 1010 964 μὲν
1052 890 1233 955 αὐτὸς,
1276 888 1352 952 ὡς
1396 888 1461 940 ὲκ
1493 884 1631 938 Θεοῦ
1679 881 1889 954 [ἰατρὸς

313 985 508 1053 Λόγος,
538 986 631 1039 καὶ
656 985 714 1054 ἐξ
743 984 879 1047 ἰδίας
901 983 1038 1054 ἡμῖν
1074 979 1415 1049 ἀναηγάζει
1442 975 1676 1046 φύσεως·
1708 974 1887 1027 κοινὸν

314 1075 375 1129 δὲ
411 1075 600 1147 ὥσπερ
637 1075 697 1127 τὸ
720 1074 910 1145 χρῆμα
947 1072 1117 1136 τιθεῖς
1161 1074 1226 1142 τῇ
1270 1069 1409 1140 μετὰ
1450 1065 1649 1139 σαρκὸς
1680 1067 1886 1119 οίκονο-

317 1164 420 1236 μίᾳ
461 1163 552 1217 διὰ
574 1164 675 1235 τὴν
720 1163 935 1227 ῑνωαιν,
967 1163 1061 1216 καὶ
1104 1163 1180 1225 ὡς
1209 1160 1494 1229 ἄνθρωπος
1535 1158 1746 1211 ὲνέπνει
1790 1172 1890 1208 σω-

317 1254 583 1325 ματικῶς.
644 1254 978 1325 Ἐνεφῦσησε
1002 1251 1112 1324 γάρ
1143 1252 1257 1313 τοῖς
1305 1248 1658 1312 ἀποστόλοις,
1695 1244 1885 1299 είπώνο

314 1363 335 1395 ι
358 1343 566 1419 Λάϐετε
602 1343 825 1415 Πνεῦμα
852 1343 1006 1413 ἅγιον
1026 1362 1041 1374 θ
1078 1362 1097 1395 ι
1131 1343 1224 1395 καὶ
1246 1332 1346 1395 οὐκ
1374 1342 1437 1393 ὲκ
1474 1339 1676 1409 μέτρου
1704 1336 1889 1391 δίδωσι

308 1430 371 1483 τὸ
412 1428 659 1501 Πνεῦμα,
701 1433 843 1487 κατὰ
882 1433 982 1501 τὴν
1028 1432 1276 1485 Ἰωάννου
1318 1429 1524 1499 φωνὴν,
1575 1426 1691 1481 ἀλλ’
1729 1425 1891 1488 αὐτὸς

310 1522 518 1593 ἐνίησιν
561 1522 619 1589 ἐξ
666 1520 882 1585 ἑαυτοῦ,
930 1520 1183 1593 καθάπερ
1229 1518 1426 1590 ἀμέλει
1468 1518 1563 1572 καὶ
1606 1519 1635 1571 ὁ
1674 1516 1884 1585 Πατήρ.

309 1613 422 1666 Καὶ
447 1612 581 1681 γοῦν
615 1614 643 1665 ό
669 1611 954 1675 Θεσπέσιος
996 1611 1229 1677 Παῦλος,
1249 1612 1567 1680 ἀποστήσας
1600 1609 1700 1680 τὴν
1729 1606 1785 1660 ἐν
1826 1623 1890 1675 γε

307 1702 483 1774 τούτῳ
508 1704 794 1777 διαφορὰν,
825 1705 955 1759 ποτὲ
994 1704 1093 1775 μὲν
1128 1703 1275 1774 αὐτῷ
1310 1702 1389 1774 τῷ
1432 1702 1550 1773 Θεῷ
1577 1702 1668 1755 καὶ
1713 1701 1889 1771 Πατρὶ

308 1797 632 1867 προσνέμων
654 1798 870 1868 δρᾶται,
903 1797 1031 1852 ποτὲ
1064 1796 1121 1850 δὲ
1166 1793 1236 1851 αὖ
1276 1796 1353 1867 τῷ
1380 1796 1513 1867 Υἱῷ.
1549 1797 1754 1866 Γράφει
1779 1794 1886 1865 γὰρ

305 1881 409 1942 ὧδε
434 1905 449 1919 ·
485 1906 503 1939 t
555 1888 747 1960 Ὑμεῖς
776 1889 833 1942 δὲ
876 1889 976 1943 οὒκ
1015 1889 1137 1943 ἐστὲ
1180 1891 1237 1943 ὲν
1268 1890 1453 1961 σαρκὶ.
1494 1887 1609 1940 ἀλλ’
1638 1890 1694 1940 ἐν
1726 1887 1889 1940 πνεύ-

308 1996 463 2049 ματι,
498 1978 653 2050 εῖπερ
683 1980 901 2051 πνεῦμα
933 1980 1068 2036 Θεοῦ
1116 1982 1257 2033 οἰκεῖ
1300 1982 1357 2032 ἐν
1406 1980 1566 2049 ὑμῖν·
1612 1982 1661 2031 εί
1703 1978 1760 2032 δέ
1800 1996 1886 2041 τις

306 2065 532 2137 Πνεῦμα
562 2068 799 2140 Χριστοῦ
821 2070 922 2124 οὐκ
954 2069 1089 2140 ἔχει,
1115 2062 1269 2133 οὗτος
1293 2070 1393 2123 οὐκ
1421 2067 1566 2122 ἔστιν
1593 2066 1778 2122 αὑτοῦ.
1821 2069 1885 2123 Εἰ

299 2157 359 2211 δὲ
400 2160 632 2229 Χριστὸς
677 2162 735 2215 ὲν
775 2162 924 2235 ὑμῖν,
967 2161 1028 2215 τὸ
1076 2162 1175 2229 μὲν
1227 2160 1383 2231 σῶμα
1426 2159 1618 2229 νεκρὸν
1658 2160 1747 2214 διὰ
1786 2158 1885 2230 τὴν

303 2248 602 2320 ἁμαρτίαν,
633 2252 692 2305 τὸ
715 2251 773 2308 δι
803 2250 1051 2322 Πνεῦμα,
1089 2252 1204 2323 ζωὴ
1228 2252 1319 2305 διὰ
1350 2252 1716 2320 δικαιοσύνην.
1754 2270 1772 2303 ι

374 2339 435 2391 Β.
482 2340 719 2411 Ἀραρεν
758 2334 887 2407 οῦν,
937 2342 1019 2397 ὅτι
1062 2340 1198 2394 ἴδιόν
1244 2342 1359 2393 ἐστι
1411 2340 1472 2392 τὸ
1522 2338 1745 2409 Πνεῦμα
1788 2338 1882 2391 τοῦ

302 2428 459 2486 Υίοῦ.
484 2430 578 2482 καὶ
620 2428 738 2483 οὔτι
774 2446 877 2484 που
906 2432 1087 2503 μόνον,
1119 2425 1153 2504 ᾖ
1181 2431 1353 2499 Λόγος
1386 2432 1502 2484 ἐστὶ
1530 2428 1786 2500 πεφηνὼς
1819 2431 1883 2483 ὲκ

300 2517 540 2585 Πατρός,
572 2518 705 2572 ἀλλὰ
729 2520 822 2575 καὶ
841 2514 878 2595 ᾗ
899 2519 1073 2579 νοοῖτο
1102 2519 1227 2574 καθ’
1250 2522 1397 2592 ἡμᾶς
1418 2520 1517 2575 ἄνθ
1526 2537 1709 2591 ρωπος
1737 2519 1885 2588 γιενό⁴

302 2626 486 2679 μενος.

372 2701 438 2753 Α.
483 2701 640 2753 Ἰδιον
663 2702 738 2766 ὡς
764 2704 829 2756 ἑκ
857 2702 1089 2777 Πατρός,
1110 2703 1167 2756 ὲν
1187 2704 1459 2775 όμοουσίῳ
1482 2705 1781 2775 γεννήματι
1807 2703 1883 2775 τῷ

299 2791 361 2859 δξ
397 2792 563 2846 αὐτοῦ
592 2794 746 2862 φύντι
778 2794 957 2866 Λόγῳ.
988 2797 1083 2848 καὶ
1116 2796 1165 2847 εί
1191 2795 1403 2863 λέγοιτο
1435 2796 1639 2858 λαὸεἰν,
1672 2798 1760 2849 ὅτε
1790 2796 1883 2865 γέ»

297 2898 457 2948 γονεν
480 2882 767 2954 ἄνθρωπος
807 2887 836 2939 ό
858 2886 967 2939 τῶν
987 2885 1090 2955 τῆς
1114 2885 1367 2956 θεότητος
1409 2889 1714 2959 ἰδιωμάτων
1733 2889 1808 2952 ὡς
1826 2892 1881 2943 ὲν

302 2970 413 3043 ίδέᾳ
453 2971 611 3039 φύσει
644 2971 973 3045 τητώμενος.
1011 2975 1120 3028 Καὶ
1158 2974 1291 3043 γοῦν
1336 2975 1500 3040 αὐτὸς
1546 2977 1808 3046 ὑπάρχων
1846 2979 1878 3048 ἡ

298 3063 522 3117 πάντων
546 3062 677 3135 ζωὴ,
698 3065 786 3119 διὰ
816 3066 917 3136 τὴν
943 3067 1005 3119 ἑκ
1029 3066 1228 3132 ζῶντος
1258 3068 1469 3140 Πατρδς
1498 3068 1736 3140 ἄρρητον
1766 3070 1882 3138 γέν-

298 3172 476 3226 νησιν,
506 3157 884 3220 ζωοποιεῖσθαι
916 3158 1133 3228 λέγεται
1169 3158 1287 3230 μεθ’
1318 3160 1493 3230 ἡμῶν.
1531 3162 1689 3233 Πάρα
1715 3162 1758 3214 δ’
1787 3158 1880 3216 οῦν

296 3247 450 3318 ὅμως
493 3247 637 3314 ίδεῖν,
672 3249 1028 3320 χαριζόμενον
1062 3251 1157 3320 μὲν
1185 3253 1250 3321 τῇ
1309 3251 1412 3322 ίδία
1447 3253 1605 3324 σαρκὶ
1635 3253 1732 3323 τῆς
1765 3255 1881 3305 θεο-

1996 699 2307 756 Dissolvens
2368 700 2513 757 enim
2565 707 2789 769 peccata
2846 697 2968 769 ejus
3012 698 3105 769 qui
3161 698 3261 767 ipsi
3312 696 3583 763 adlmret,

1993 792 2215 862 proprio
2240 805 2340 846 suo
2371 790 2575 859 Spiritu
2603 790 2839 862 inungit,
2869 806 3030 861 quem
3078 791 3296 860 quidem
3336 788 3578 842 immittit

1996 880 2130 952 ipse,
2165 890 2223 936 ut
2250 880 2485 936 Verbum
2521 894 2585 935 ex
2629 879 2742 939 Deo
2789 880 2971 945 Patre,
3021 890 3076 934 et
3118 895 3185 935 ex
3232 879 3449 950 prapria
3480 891 3577 931 sua

1997 984 2187 1028 natura
2235 974 2288 1029 in
2331 988 2429 1029 nos
2460 972 2811 1029 transfundit.
2845 971 3202 1029 Communem
3261 985 3391 1025 vero
3443 985 3579 1039 quo-

1994 1060 2283 1115 dammodo
2303 1062 2444 1116 hanc
2476 1077 2590 1116 rem
2623 1061 2827 1117 faciens
2855 1077 2977 1116 cum
3015 1061 3491 1116 administratione
3522 1059 3577 1112 iu

1994 1166 2159 1205 carne
2197 1159 2417 1220 propter
2445 1152 2736 1217 unitatem,
2770 1152 2935 1205 etiam
2970 1160 3028 1207 ut
3073 1152 3237 1205 homo
3287 1150 3579 1220 inspiravit

1992 1243 2365 1311 corporaliter.
2416 1242 2697 1313 lnspiravit
2778 1243 2923 1299 enim
2989 1240 3296 1312 apostolis,
3354 1242 3574 1294 dicens-

1999 1352 2019 1387 ι
2072 1334 2315 1403 Accipite
2357 1333 2623 1403 Spiritum
2670 1344 2925 1389 sanctum
2958 1333 2999 1386 ⁸.
3042 1354 3061 1386 ι
3095 1331 3282 1403 Neque
3321 1348 3388 1387 ex
3429 1347 3579 1385 nicu-

1994 1442 2117 1482 sura
2146 1426 2242 1481 dat
2272 1428 2560 1496 Spiritum,
2595 1437 2654 1480 ut
2690 1428 2869 1497 inquit
2894 1426 3153 1490 Joannes,
3186 1425 3280 1481 sed
3314 1426 3427 1494 ipse
3453 1438 3576 1477 eum

1995 1520 2238 1574 immittit
2267 1534 2333 1574 ex
2365 1524 2569 1591 seipso,
2606 1520 2745 1575 sicut
2778 1528 2835 1576 et
2873 1519 3053 1575 Pater.
3098 1520 3305 1576 Idcirco
3335 1529 3391 1573 et.
3436 1520 3580 1573 divi-

1995 1626 2097 1667 nus
2148 1611 2346 1667 Paulus
2389 1612 2585 1667 tollens
2612 1627 2828 1667 omnem
2878 1611 2978 1666 hac
3013 1612 3065 1665 in
3102 1627 3160 1665 re
3192 1609 3576 1676 differentiam,

1995 1703 2263 1757 interdum
2289 1702 2392 1772 ipsi
2425 1703 2534 1757 Deo
2560 1717 2624 1756 ac
2659 1700 2808 1757 Patri
2839 1701 2889 1754 id
2934 1701 3173 1756 tribuere
3205 1700 3468 1765 cernitur,
3497 1698 3580 1753 in-

1995 1798 2205 1851 terdum
2233 1806 2436 1862 autem,
2467 1795 2628 1851 Filio.
2659 1794 2737 1849 Ita
2764 1794 2908 1849 enim
2939 1795 3129 1849 scribit
3155 1812 3169 1848 :
3206 1812 3225 1845 ι
3264 1791 3370 1848 Vos
3395 1801 3577 1845 autem

1995 1906 2101 1944 non
2126 1891 2258 1945 estis
2280 1890 2333 1943 in
2361 1904 2545 1953 carne,
2576 1888 2668 1944 sed
2697 1888 2748 1941 in
2783 1886 2975 1957 spiritu
2999 1926 3012 1949 ,
3046 1886 3309 1955 siquidem
3343 1884 3579 1953 Spiritus

1918 1963 1959 2017 Β
1998 1982 2091 2036 Dei
2130 1980 2341 2035 ιιειιιίιιιι
2372 1981 2424 2035 in
2476 1981 2648 2037 vobis.
2683 1980 2739 2033 Si
2772 1994 2901 2033 vero
2926 1978 3048 2047 quis
3094 1975 3353 2046 Spiritum
3377 1974 3577 2028 Christi

1996 2088 2100 2127 non
2139 2073 2322 2136 habet,
2343 2071 2430 2127 hic
2458 2085 2562 2124 non
2582 2058 2683 2125 est
2706 2069 2896 2139 ipsius.
2924 2068 2982 2124 Si
3009 2076 3190 2122 autem
3218 2063 3470 2121 Christus
3494 2072 3579 2119 est

1995 2164 2047 2219 in
2083 2164 2254 2229 vobis,
2284 2178 2481 2231 corpus
2516 2162 2737 2232 quidem
2779 2170 3050 2215 mortuum
3082 2168 3423 2228 estpropter
3453 2170 3579 2225 pec-

1996 2256 2205 2319 catum,
2236 2255 2464 2324 spiritus
2487 2268 2616 2308 vero
2642 2254 2750 2306 vita
2776 2249 3462 2321 propterjustilicatimieui
3481 2248 3525 2302 '.
3553 2265 3570 2296 ι

2066 2346 2128 2401 Β.
2161 2346 2401 2414 Spiritus
2436 2346 2618 2414 itaque
2666 2344 2828 2414 707
2865 2343 3115 2412 proprius
3151 2351 3234 2396 est
3280 2340 3425 2405 Filii,
3470 2354 3576 2394 nou

1991 2439 2165 2495 solum
2204 2446 2473 2507 quatenus
2519 2442 2604 2488 est
2651 2431 2890 2487 Verbum
2934 2446 3002 2486 ex
3047 2429 3212 2484 Patre
3252 2429 3575 2499 procedens.

1991 2544 2179 2583 verum
2236 2528 2400 2583 etiaut
2467 2534 2739 2595 quatenus
2788 2532 2872 2579 est
2933 2523 3096 2577 homo
3154 2520 3327 2577 nostri
3380 2519 3576 2577 similis

1990 2621 2190 2677 factus.

2062 2715 2127 2768 A.
2194 2711 2451 2780 Proprius
2489 2709 2707 2779 quidem
2742 2717 2799 2764 ut
2824 2722 2886 2762 ex
2916 2706 3079 2762 Patre
3119 2707 3171 2761 in
3205 2706 3573 2761 consubstan-

1991 2806 2105 2861 tiali
2143 2803 2280 2860 Filio
2314 2818 2377 2858 ex
2438 2817 2561 2858 sese
2605 2803 2789 2873 genito
2853 2798 3045 2865 Verbo,
3079 2799 3295 2854 tametsi
3357 2796 3576 2852 dicatur

1988 2910 2111 2952 eum
2168 2895 2418 2963 accipere
2450 2896 2666 2963 quando
2702 2894 2879 2947 factus
2934 2900 3018 2947 est
3065 2891 3251 2956 homo,
3321 2889 3410 2960 qui
3443 2901 3570 2959 pro-

1989 2987 2320 3057 prietstibus
2359 2986 2664 3040 divinitatis
2715 2985 2769 3037 in
2823 2998 2917 3037 sua
2952 2992 3147 3038 natura
3173 2990 3345 3037 caret.
3395 2982 3576 3050 Atque

1990 3077 2191 3131 idcirco
2236 3076 2352 3147 ipse
2395 3091 2517 3130 cum
2554 3077 2623 3129 sit
2680 3075 2922 3129 omnium
2970 3074 3099 3142 vita,
3138 3074 3265 3142 quia
3317 3069 3573 3127 iueﬂ‘abili

1990 3171 2148 3222 modo
2200 3184 2267 3223 ex
2331 3169 2454 3223 vivo
2510 3166 2670 3222 Patre
2722 3167 2935 3237 genitus
2972 3176 3074 3228 est,
3137 3180 3242 3220 una
3293 3164 3574 3219 nobiscum

1989 3262 2288 3313 viriticatus
2313 3274 2435 3313 esse
2478 3260 2694 3314 dicitur.
2745 3255 2939 3312 Videre
2997 3268 3178 3313 tamen
3228 3268 3343 3320 est,
3396 3258 3573 3327 ipsum

299 3313 544 3409 πρεποῦς
576 3313 987 3411 ἐνεργείαςΙτὴν
1014 3313 1192 3406 δόξαν,
1220 3313 1593 3412 όίκειοῦμενον
1623 3313 1783 3397 δὲἀῦ
1811 3347 1880 3397 τὰ

1994 3350 2138 3405 carni
2166 3365 2276 3404 suae
2328 3350 2528 3403 divinae
2576 3349 2907 3418 operationis
2940 3348 3169 3418 gloriam
3211 3348 3492 3412 tribuisse,
3520 3356 3577 3402 et

299 3427 524 3497 σαρκὸς,
554 3430 647 3481 καὶ
674 3430 839 3483 οίονεί
865 3447 981 3495 πως
1010 3432 1133 3484 καθ’
1169 3433 1361 3486 ἕνωσιν
1390 3432 1759 3505 οίκονομικὴν,
1786 3435 1881 3487 καὶ

296 3520 367 3591 τῇ
404 3518 508 3590 ίδία
535 3520 881 3592 περιτιθέντα
918 3521 1095 3591 φύσει.

370 3695 433 3748 Β.
476 3695 610 3748 Τίνα
640 3697 745 3766 φὴς
775 3696 1006 3767 τρόπους

370 3789 436 3841 Δ.
477 3782 556 3840 Ἶι
586 3787 706 3857 οὐχὶ
736 3788 800 3859 δὴ
838 3789 1071 3858 μάλιστα
1105 3788 1338 3858 πρέπειν
1379 3791 1522 3859 ἐρεῖς
1563 3790 1641 3861 τῷ
1672 3808 1733 3859 γε
1768 3791 1881 3845 ὄντι

299 3879 444 3933 κατὰ
478 3876 639 3947 φύσιν
672 3880 734 3931 ὲκ
761 3878 896 3931 Θεοῦ
931 3880 1142 3951 Πατρδς
1190 3880 1367 3950 Λόγῳ,
1400 3881 1457 3933 τὸ
1491 3881 1697 3935 ἀνωθεν
1726 3884 1881 3953 ἥκειν

300 3971 394 4024 καὶ
429 3969 488 4036 ἐξ
527 3968 786 4041 οὐρανοῦ,
824 3971 920 4023 καὶ
955 3970 1014 4023 τὸ
1054 3971 1338 4039 ζωογονεῖν
1386 3971 1645 4027 δύνασθαι
1675 3974 1774 4041 τὰ,
1802 3970 1883 4039 οἷς

301 4064 370 4119 ἂν
410 4064 613 4116 ἐνιέναι
645 4062 889 4133 βούλοιτο
916 4060 1014 4132 τὴν
1048 4061 1230 4131 Cum;

372 4154 436 4209 B.
476 4155 643 4225 Φημί.

374 4249 439 4301 Α.
483 4246 547 4300 Τί
570 4246 661 4311 δές
697 4246 758 4301 τὸ
781 4246 1156 4318 δημιουργεῖν,
1192 4244 1312 4298 εἰπέ
1340 4260 1449 4315 μοι,
1478 4243 1697 4312 θεῖκῶς,
1734 4247 1882 4322 δοίης

298 4338 369 4394 ἂν
406 4337 547 4392 εἷναί
583 4356 635 4392 τι
668 4338 770 4393 τῶν
812 4340 1203 4411 άνθρωπίνων;

371 4430 433 4486 Β.
476 4432 589 4484 Οὐκ
626 4431 821 4500 ἔγωγε.

368 4524 434 4581 Δ.
477 4523 541 4575 Τί
583 4522 761 4576 τοίνυν
812 4525 958 4594 ἡμᾶς
1002 4525 1259 4590 ζωοποιεῖ
1288 4531 1387 4601 μὲν
1447 4532 1523 4598 ὡς
1550 4531 1705 4597 Θεὸς,
1742 4530 1881 4601 πλὴν

1987 3444 2226 3498 vicissim
2254 3442 2433 3497 carnis
2451 3443 2810 3510 proprietates
2839 3457 2933 3510 per
2973 3442 3234 3496 unitatem
3283 3440 3425 3495 illam
3454 3455 3576 3510 qua:

1984 3549 2049 3589 ex
2106 3535 2485 3589 incarnatione
2537 3534 2681 3589 facta
2733 3534 2925 3590 estad
2976 3534 3250 3604 propriam
3294 3548 3446 3589 suam
3477 3547 3578 3588 na-

1987 3636 2160 3679 turain
2202 3627 2487 3681 ascivisse.

2055 3716 2115 3771 Β.
2145 3717 2263 3783 Quo
2284 3729 2442 3786 pacto
2464 3717 2546 3772 ais
2575 3716 2599 3771 ἲ

2054 3809 2120 3863 A.
2161 3807 2353 3883 Nonne
2397 3808 2634 3863 maxime
2689 3808 2985 3863 convenire
3024 3808 3174 3863 dices
3210 3806 3387 3863 Verbo
3427 3807 3574 3877 quod

1984 3907 2070 3955 est
2098 3900 2399 3954 secundum
2426 3906 2675 3953 naturam
2704 3913 2770 3952 ex
2805 3898 2934 3962 Deo,
2982 3912 3219 3968 superne
3248 3909 3305 3953 et
3340 3913 3408 3953 ex
3434 3898 3578 3953 coelo

1983 3994 2190 4059 venire,
2244 4000 2298 4045 et
2348 3988 2627 4043 viviﬁcare
2690 4001 2848 4058 posse
2902 4002 2962 4043 ea
3020 3987 3220 4057 quibus
3259 3988 3426 4043 vitam
3477 3988 3583 4042 int-

1985 4084 2201 4140 mittere
2245 4079 2476 4134 voluerit
2506 4078 2529 4133 ί

2053 4174 2117 4231 Β.
2151 4172 2407 4228 Omnino.

2054 4268 2118 4322 A.
2182 4267 2320 4331 Quid
2370 4262 2778 4322 vero?Creare
2835 4262 3019 4318 divino
3078 4278 3253 4331 more,
3298 4263 3577 4324 dixerisne

1983 4360 2145 4418 etiam
2173 4374 2236 4413 ex
2272 4359 2524 4413 humanis
2553 4358 2811 4429 operibus
2834 4370 2958 4411 esse
2986 4356 3009 4410 ?

2054 4451 2117 4505 Β.
2160 4451 2273 4520 Ego
2303 4461 2451 4506 certe
2486 4464 2849 4520 nequaquam.

2054 4541 2120 4597 Δ.
2158 4543 2295 4610 Quid
2346 4541 2533 4610 igitur,
2580 4541 2821 4595 viviﬁcat
2872 4542 3090 4608 quidem
3139 4559 3239 4599 nos
3283 4554 3341 4597 ut
3404 4545 3572 4610 Deus,

295 4613 360 4705 οῦ
422 4612 583 4705 μόνον
628 4612 707 4684 τῷ
757 4615 1080 4687 μεταλαχεῖν
1144 4620 1299 4689 ἁγίου
1363 4624 1713 4696 Πνεῦματος,
1763 4623 1879 4677 ἀλλ’

1994 4648 2241 4692 caeterum
2292 4652 2396 4690 non
2450 4636 2560 4689 sola
2613 4634 3026 4704 participatione
3073 4635 3309 4705 Spiritus
3351 4636 3570 4701 sancti;

297 4703 522 4775 ἑδεστὴν
572 4706 841 4777 παραθεὶς
902 4709 996 4763 καὶ
1052 4710 1150 4781 τὴν
1206 4714 1608 4784 ἀναληφθεῖσαν
1663 4718 1876 4788 σάρκα;

304 4794 451 4863 Ἐςςη
489 4794 618 4864 γὰρ,
654 4796 735 4848 ὅτι
789 4814 807 4847 ι
871 4798 1060 4869 Ἀμὴν,
1109 4801 1255 4873 ἀμὴν
1299 4802 1441 4873 λέγω
1475 4807 1624 4876 ὑμῖν,
1660 4809 1754 4861 ἐὰν
1800 4809 1876 4880 μὴ

295 4886 510 4956 φάγητε
535 4886 633 4957 τὴν
656 4887 833 4957 σάρκα
856 4889 951 4945 τοῦ
978 4890 1106 4944 Υίοῦ
1132 4893 1225 4945 τοῦ
1253 4895 1561 4965 ἀνθρώπου,
1593 4898 1688 4951 καὶ
1714 4900 1875 4967 πίητε

293 4978 463 5033 αὐτοῦ
501 4980 562 5031 τὸ
591 4973 751 5049 αἷμα,
784 4980 884 5034 οὐκ
910 4979 1061 5051 ἔχετε
1096 4982 1240 5056 ζωὴν
1273 4986 1331 5039 ὲν
1362 4989 1591 5051 ἑαυτοῖς.
1634 5006 1651 5040 ι
1691 4990 1875 5043 Κατα-

294 5072 712 5145 κερτομούντων
740 5074 798 5127 δὲ
832 5075 992 5129 αὑτὸν
1017 5078 1124 5130 τῶν
1169 5079 1439 5134 Ἰουδαίων
1474 5082 1624 5142 ποτὲ.
1653 5084 1744 5136 καὶ
1773 5084 1871 5154 τὴν

295 5164 391 5217 ἐπὶ
442 5167 555 5227 τοῖς
607 5165 855 5235 ἀμείνοσι
884 5167 1062 5237 ψῆφον
1110 5170 1392 5237 ἀνάπτειν,
1438 5173 1538 5226 οῦκ
1564 5167 1660 5226 οἷδ’
1697 5175 1873 5243 ὅπως,

294 5258 796 5326 ἐπικεχειρηκότων
843 5258 922 5329 τῷ
958 5262 1213 5331 μακαρίῳ
1250 5264 1457 5331 Μωσεῖ,
1494 5267 1795 5337 εἰρηκότων
1824 5268 1879 5321 δὲ

294 5347 621 5415 ἀναφανδόν·
662 5365 683 5397 ι
727 5351 788 5403 Oi
835 5351 1067 5421 πατέρες
1097 5354 1253 5423 ἡμῶν
1282 5354 1482 5425 ἔφαγον
1511 5357 1573 5411 τὸ
1608 5359 1783 5428 μάννα
1819 5362 1876 5413 ὲν

294 5439 362 5509 τῇ
403 5439 619 5509 ἐρήμῳ,
657 5440 839 5506 καθώς
862 5445 976 5496 ἐστι
1011 5446 1394 5516 γεγραμμένον
1414 5464 1427 5476 °
1464 5449 1661 5518 ’Λρτον
1686 5451 1751 5504 ὲκ
1779 5450 1873 5505 τοῦ

293 5531 528 5602 οὐρανοῦ
562 5533 763 5588 ἔδωκεν
789 5536 967 5603 αὐτοῖς
992 5542 1183 5608 φαγεῖν
1204 5556 1218 5571 ·
1252 5540 1301 5593 τί
1333 5544 1506 5606 ποιεῖς
1540 5542 1603 5595 σὺ
1627 5547 1871 5614 σημεῖον,

296 5624 383 5677 ίνα
423 5625 803 5697 πιστεύσωμέν
855 5645 972 5695 σοις
1015 5630 1067 5683 τί
1120 5629 1350 5706 ἐργάζῃ,
1382 5632 1456 5697 ὡς
1491 5633 1695 5688 ἄνωθεν
1742 5638 1872 5707 ἡμῖν

294 5716 391 5770 καὶ
433 5718 491 5783 ἐξ
541 5719 771 5787 οὐρανοῦ
808 5724 1181 5793 κατακομίσας
1230 5726 1289 5777 τὸ
1341 5726 1535 5797 σῶμα;
1594 5748 1613 5778 ι
1672 5729 1868 5799 φησίν·

367 5893 526 5949 'Act.
554 5910 612 5963 tt,
644 5896 733 5951 58.
813 5884 1009 5954 ‘Jna'n.
1044 5916 1133 5967 xx,
1169 5901 1259 5958 29.
1332 5904 1533 5963 “llam.
1570 5924 1684 5971 Viti,
1718 5911 1770 5976 9,
1814 5910 1895 5966 l0.

1987 4734 2079 4786 sed
2134 4728 2528 4784 comestibilem
2597 4727 2843 4797 praebens
2898 4728 3063 4782 etiam
3124 4744 3339 4783 carnem
3407 4744 3571 4799 quam

1983 4822 2296 4892 assumpsit.
2330 4821 2478 4875 Dixit
2539 4821 2683 4874 enim
2735 4822 2898 4888 ipse:
2938 4840 2955 4872 (
2994 4822 3186 4886 Amen,
3241 4837 3396 4877 amen
3448 4821 3573 4876 dico

1982 4916 2156 4980 vobis,
2211 4915 2315 4968 nisi
2364 4910 2713 4968 comederitis
2763 4927 2985 4967 carnem
3039 4911 3160 4965 Filii
3200 4912 3457 4980 hominis,
3515 4921 3572 4967 et

1982 5005 2231 5060 biberitis
2260 5003 2377 5073 eius
2404 5005 2747 5071 sanguinem,
2813 5018 2920 5057 non
2975 5004 3244 5058 habebitis
3291 5004 3458 5060 vitam
3515 5003 3569 5060 in

1977 5096 2130 5150 vobis
2165 5094 2204 5149 ⁸.
2246 5113 2264 5147 ι
2312 5095 2445 5148 Cum
2477 5109 2604 5148 vero
2636 5092 2805 5148 Judaei
2858 5109 2983 5148 eum
3036 5095 3293 5149 conviciis
3343 5095 3571 5149 lacesse-

1980 5198 2121 5252 rent,
2167 5197 2221 5241 et
2263 5186 2396 5241 Mosi
2458 5187 2718 5240 doctrina:
2778 5186 3069 5255 pluritnum
3118 5187 3241 5240 lidei
3270 5186 3566 5252 deferrent,

1978 5290 2272 5350 aperteque
2335 5279 2696 5333 clamarent:
2771 5296 2791 5331 ι
2852 5277 3042 5333 Patres
3106 5280 3272 5334 nostri
3340 5282 3567 5334 mando.

1982 5379 2241 5424 caverunt
2280 5385 2476 5424 manna
2531 5368 2584 5423 in
2644 5372 2879 5435 deserto,
2914 5371 3055 5425 sicut
3110 5372 3369 5442 scriptum
3424 5381 3561 5430 est:

1982 5456 2181 5513 Panem
2235 5459 2303 5514 de
2346 5462 2485 5515 cmlo
2536 5460 2683 5514 dedit
2735 5460 2817 5515 eis
2860 5463 3191 5517 manducare
3241 5482 3253 5517 :
3296 5472 3352 5518 tu
3420 5467 3565 5534 quod

1980 5552 2191 5618 signum
2224 5550 2379 5615 facis,
2420 5560 2477 5605 ut
2503 5553 2793 5607 credamus
2825 5553 2968 5608 tibi?
3018 5555 3149 5623 quid
3202 5557 3469 5623 opcraris,
3505 5568 3567 5611 ut.

1978 5656 2214 5712 superne
2265 5642 2423 5697 nobis
2487 5651 2543 5697 et
2608 5656 2675 5697 ex
2727 5643 2866 5703 cmlo
2919 5641 3153 5701 σπείρεις
3198 5661 3395 5717 corpus
3425 5646 3494 5699 7?
3539 5665 3559 5699 ι

1983 5735 2260 5804 respondit
2294 5733 2494 5790 Jesus:
2536 5753 2554 5787 ι
2596 5736 2791 5802 Am‘cn,
2842 5752 2997 5793 amen
3051 5738 3169 5795 dico
3226 5741 3415 5806 vobis;
3452 5753 3558 5796 non

1977 5912 1997 5944 ⁸
2024 5910 2181 5970 Joan.
2219 5930 2292 5983 ιι,
2328 5916 2415 5971 5i.
2513 5916 2530 5945 ⁷
2555 5915 2683 5973 ibid.
2715 5914 2803 5985 50,
2833 5916 2923 5974 5i.
