4006 6490
494 436 630 499 ιοιδ

1512 434 1568 487 S.
1609 431 1880 488 CYRILLI
1919 432 2383 488 ALEXANDRINI
2424 434 2741 490 ARCIIIEP.

3618 437 3752 494 l2“

491 555 639 611 dedit
694 551 842 607 vobis
888 550 1098 621 Moyses
1146 562 1343 617 panem
1380 563 1445 603 ex
1475 549 1615 604 coelo
1664 563 1873 603 verum.
1924 548 2055 603 Nam

2166 567 2183 599 ι
2234 549 2423 620 Ἀμὴν,
2456 549 2603 621 ἀμήν
2634 550 2776 619 λέγω
2815 550 2965 618 ὑμῖν,
3012 548 3071 601 οὐ
3106 548 3311 619 Μωσῆς
3339 547 3577 602 δέδωκεν
3621 550 3748 617 ὑμῖν

490 648 646 719 panis
680 648 767 701 Dei
811 656 895 701 est
921 646 1011 715 qui
1048 644 1111 699 de
1146 644 1286 699 caelo
1318 643 1616 706 descendit,
1652 653 1707 699 et
1759 646 1850 699 dat
1896 646 2060 699 vitam

492 740 691 795 mundo
722 739 761 791 '.
803 757 820 789 ι
865 738 928 791 Et
956 737 1115 805 paulo
1165 744 1285 804 post
1315 746 1523 790 tantum
1553 752 1655 791 non
1688 737 1879 805 digito,
1916 737 2058 806 quod

493 834 664 895 aiunt,
721 837 1156 883 commonstrans
1181 828 1414 895 seipsum
1467 828 1805 881 iucarnatum
1832 847 1844 882 :
1876 846 1895 879 ι
1928 828 2059 896 Ego,

496 922 688 990 inquit,
718 935 834 975 sum
864 919 1017 987 panis
1044 918 1214 983 vivus,
1242 918 1331 987 qui
1382 918 1448 972 de
1504 918 1640 972 caelo
1674 918 1947 971 descendi.
2000 915 2058 971 Si

490 1014 613 1080 quis
641 1012 1048 1066 manducaverit
1077 1025 1141 1065 ex
1176 1010 1277 1065 hoc
1313 1024 1469 1078 pane,
1507 1010 1646 1063 vivet
1679 1010 1730 1062 in
1762 1017 2055 1063 aeternum:

488 1115 539 1159 et
576 1104 727 1173 panis
769 1119 927 1172 quem
954 1116 1054 1170 ego
1093 1102 1251 1165 dabo,
1282 1115 1409 1156 caro
1446 1114 1563 1155 mea
1604 1109 1684 1154 est
1731 1115 1828 1170 pro
1875 1100 2059 1154 mundi

489 1196 595 1247 vita
622 1196 664 1249 ’.
712 1193 810 1260 Qui
854 1192 1141 1247 manducet
1164 1205 1336 1247 meam
1369 1204 1609 1255 carnem,
1645 1200 1698 1244 et
1725 1191 1856 1245 bibit
1882 1206 2057 1246 meum

488 1286 823 1355 sanguinem,
866 1285 916 1337 in
963 1297 1049 1337 me
1081 1292 1286 1347 manet,
1345 1293 1401 1339 et
1434 1298 1531 1352 ego
1568 1284 1619 1337 in
1646 1282 1754 1337 illo.
1812 1283 1878 1337 Et
1920 1283 2060 1338 sicut

488 1376 633 1430 misit
664 1389 747 1429 me
786 1375 971 1431 vivens
989 1372 1171 1440 Pater,
1201 1383 1370 1443 etego
1397 1373 1518 1427 vivo
1564 1382 1781 1443 propter
1819 1372 2054 1427 Patrem.

488 1467 554 1522 Et
582 1468 671 1536 qui
706 1467 1002 1522 mandueat
1046 1480 1151 1530 me,
1201 1474 1257 1522 et
1303 1467 1417 1535 ipse
1460 1466 1602 1520 vivet
1647 1474 1867 1534 propter
1897 1463 2061 1534 708

489 1574 574 1613 me
603 1560 664 1612 ¹⁶.
708 1577 726 1610 ›
786 1556 949 1626 Atqui
981 1556 1252 1627 quomodo
1304 1571 1412 1611 non
1475 1571 1601 1611 vere
1650 1556 1863 1609 dicatur
1915 1553 2057 1624 quod

488 1663 594 1703 non
644 1631 980 1703 descenderit
1027 1662 1057 1700 e
1104 1647 1243 1701 caelo
1308 1661 1455 1709 caro,
1505 1646 1600 1701 sed
1641 1646 1783 1714 quod
1818 1653 1934 1700 erat
1989 1659 2055 1699 ex

487 1739 727 1807 Virgine,
763 1740 904 1793 sicut
929 1736 1186 1805 scriptum
1212 1744 1295 1792 est
1327 1736 1366 1768 “
1399 1738 1422 1789 ?
1478 1736 1629 1804 Quod
1656 1751 1780 1791 vero
1810 1752 1912 1791 non
1947 1736 2057 1791 sint

485 1837 765 1899 separatae,
831 1829 922 1883 sed
973 1830 1023 1882 in
1090 1844 1255 1883 unum
1286 1838 1498 1895 coeant,
1553 1839 1607 1883 et
1658 1830 2055 1898 quodammodo

2162 641 2253 693 τδν
2281 642 2442 712 ἀρτον
2470 646 2534 695 ὲκ
2560 641 2653 695 τοῦ
2690 640 2919 712 οὐρανοῦ
2961 640 3053 693 τὸν
3080 638 3354 710 ἀληθινόν.
3406 639 3465 692 '0
3507 639 3619 709 γὰρ
3654 641 3748 709 ἄρ-

2162 750 2252 797 τος
2283 734 2375 787 τοῦ
2419 735 2551 787 Θεοῦ
2584 738 2728 787 ὲστιν
2780 735 2808 786 ὁ
2860 732 3203 786 καταϐαίνων
3236 733 3297 783 ἐκ
3345 732 3438 784 τοῦ
3491 730 3742 802 ούρανοῦ,

2164 828 2260 879 καὶ
2298 826 2443 895 ζωὴν
2474 827 2653 889 διδοὺς
2680 824 2759 895 τῷ
2789 825 2999 893 κόσμῳ.
3054 841 3071 874 ι
3109 824 3218 877 Καὶ
3248 822 3383 893 πρός
3420 838 3482 889 γε
3511 818 3745 872 τουτοισὶ

2162 916 2344 981 πάλιν,
2392 918 2672 986 μονονουχὶ
2718 916 2809 970 καὶ
2845 914 3094 983 δακτύλῳ
3140 914 3503 974 καταδεικνϋς
3554 909 3745 963 ἑαυτὸν

2163 1008 2507 1078 ἑνσώματον,
2545 1026 2562 1058 ι
2616 1007 2757 1076 Ἐγώ
2803 1008 2937 1077 ειμι,
2988 1006 3174 1076 φησὶν,
3222 1006 3251 1056 ὁ
3285 1005 3448 1075 ἄρτος
3483 1004 3513 1056 ὁ
3561 1001 3689 1066 ζῶν,
3718 1004 3745 1052 ὁ

2163 1098 2227 1151 ἐκ
2257 1099 2351 1151 τοῦ
2378 1097 2604 1167 ούρανοῦ
2649 1098 2913 1161 καταϐάς,
2960 1098 3085 1150 Ἐάν
3112 1113 3194 1159 τις
3225 1096 3375 1165 φάγῃ
3406 1097 3467 1146 ἐκ
3514 1091 3607 1144 τοῦ
3649 1090 3743 1159 ἀρ-

2160 1209 2253 1244 του
2283 1191 2493 1255 τούτου,
2527 1193 2749 1261 ζήσεται.
2793 1191 2873 1253 είς
2911 1190 3000 1242 τὸν
3034 1188 3237 1242 αἰῶνα*
3273 1185 3366 1239 καὶ
3413 1187 3441 1237 ὁ
3471 1186 3638 1254 ἄρτος
3665 1182 3742 1246 δὲ,

2162 1281 2220 1335 ὃν
2243 1280 2352 1348 ἐγὼ
2376 1280 2549 1345 δώσω,
2586 1283 2617 1350 ή
2649 1280 2785 1349 σάρξ
2818 1278 2919 1347 μού
2952 1282 3100 1333 ἐστιν
3127 1278 3265 1348 ὑπὲρ
3291 1278 3388 1347 τῆς
3410 1274 3507 1327 τοῦ
3538 1273 3743 1343 κόσμου

2162 1372 2305 1442 ζωῆς
2326 1388 2338 1402 ·
2379 1375 2407 1425 ὁ
2433 1371 2661 1443 τρώγων
2702 1389 2805 1441 μου
2834 1370 2932 1441 τὴν
2969 1371 3170 1440 σάρκα,
3201 1369 3293 1421 καί
3337 1368 3507 1419 πίνων
3551 1382 3656 1435 μου
3686 1364 3744 1415 τὸ

2161 1457 2317 1532 αἷμα,
2363 1464 2420 1515 ὲν
2470 1461 2595 1532 ἐμοὶ
2644 1462 2819 1531 μένει,
2870 1459 3023 1528 κάγὼ
3066 1461 3123 1511 ὲν
3174 1457 3340 1526 αὐτῷ.
3397 1457 3503 1508 Καὶ
3556 1452 3739 1516 καθὼς

2160 1551 2442 1605 ἀπέστειλέ
2478 1568 2546 1621 με
2591 1553 2618 1603 ὀ
2647 1550 2756 1613 ζῶν
2805 1550 3009 1621 Πατὴρ.
3044 1547 3198 1616 κάγὼ
3242 1545 3319 1611 ζῶ
3360 1546 3448 1599 διὰ
3495 1546 3591 1598 τὸν
3635 1545 3744 1596 Ila-

2158 1645 2321 1715 τέρα·
2373 1641 2770 1714 καὶὸτρώγων
2796 1659 2884 1713 με,
2938 1642 3187 1703 κάκεῖνος
3234 1639 3389 1710 ζήσει
3437 1637 3505 1690 δι’
3542 1636 3666 1707 ἐμέ.
3722 1654 3741 1687 ι

2157 1738 2351 1790 Καίτοι
2378 1737 2493 1801 πῶς
2519 1737 2619 1789 οὑκ
2649 1736 2882 1807 ἀτρεκὲς
2906 1737 3101 1797 εἰπεῖν,
3132 1734 3208 1795 ὡς
3247 1732 3307 1786 ού
3338 1730 3748 1799 καταπεφοίτη-

2158 1848 2251 1883 κεν
2279 1829 2339 1894 ἐξ
2371 1828 2615 1899 οὐρανῶν
2653 1830 2685 1898 ή
2720 1826 2877 1899 σὰρξ,
2908 1826 3024 1881 ἀλλ’
3061 1823 3129 1898 ἦν
3159 1829 3223 1880 ἐκ
3250 1824 3555 1895 Παρθένου,
3605 1824 3745 1875 κατά

486 1922 628 1975 inter
678 1934 736 1974 se
784 1918 1238 1975 commisceantur
1297 1932 1615 1975 naturarum
1671 1922 2053 1989 proprietates,

2166 1922 2255 1984 τὰς
2288 1898 2542 1989 Γραφάς;
2586 1922 2739 1973 Ἔστι
2769 1898 2825 1972 δὲ
2856 1921 2937 1971 ὅτι
2983 1918 3044 1971 οὑ
3090 1917 3296 1979 διιστὰς
3338 1919 3366 1969 ὁ
3396 1916 3593 1981 Λόγος.
3632 1914 3744 1968 ἀλλ’

482 2026 515 2065 e
547 2009 958 2080 quamplurimis
994 2009 1130 2063 locis
1178 2017 1408 2065 constat.
1454 2010 1744 2064 Nicodemo
1776 2012 1916 2064 enim
1952 2025 2058 2065 non

486 2100 805 2167 intelligeuti
860 2100 1199 2170 mysterium,
1253 2102 1345 2157 sed
1394 2102 1645 2169 imperite
1690 2101 2057 2155 reclamanti:

488 2209 509 2244 ε
547 2192 823 2259 Quomodo
864 2201 1089 2261 possunt
1120 2191 1237 2247 ﬁeri
1283 2193 1396 2245 haec
1424 2192 1446 2242 ?
1476 2191 1532 2245 Si
1572 2200 1805 2255 terrena,
1863 2191 2057 2259 inquit,

482 2282 594 2337 dixi
626 2282 797 2347 vobis,
835 2290 890 2338 et
928 2297 1032 2336 non
1083 2282 1306 2336 creditis
1341 2298 1355 2335 :
1391 2297 1498 2351 quo
1545 2291 1701 2351 pacto
1760 2283 1804 2334 si
1867 2281 2057 2335 dixero

481 2373 637 2429 vobis
695 2373 957 2438 cmlestia,
1002 2372 1303 2427 credetis?
1362 2372 1427 2427 Et
1484 2387 1641 2427 nemo
1696 2372 1939 2426 ascendit
2001 2374 2053 2424 in

481 2462 699 2531 ccelum,
752 2466 854 2521 nisi
885 2465 974 2533 qui
1018 2480 1047 2519 e
1086 2463 1222 2519 caelo
1263 2464 1545 2519 descendit
1586 2463 1755 2517 Filius
1790 2464 1882 2516 Dei
1923 2464 1987 2518 ".
2031 2483 2048 2515 ι

478 2555 678 2611 Judaeis
716 2571 840 2611 vero
884 2571 1034 2626 reque
1080 2566 1238 2625 atque
1288 2554 1373 2610 ille
1423 2555 1706 2623 imperitis.
1774 2555 2056 2625 ipsumque

482 2646 831 2703 irridentibus
884 2665 897 2702 :
941 2648 983 2702 si
1046 2647 1327 2701 viviﬂcans
1398 2656 1559 2716 atque
1613 2660 1677 2699 ex
1736 2645 1873 2701 caelo
1924 2662 2051 2715 pro-

480 2720 655 2810 prium
683 2754 898 2809 corpus,
924 2758 941 2791 ι
974 2738 1083 2793 lloc
1113 2752 1209 2794 vos
1224 2737 1575 2800 scandalizat,
1606 2738 1799 2805 inquit,
1856 2738 1898 2791 si
1924 2752 2052 2807 ergo

481 2830 725 2885 videritis
778 2830 970 2885 Filium
1046 2829 1279 2885 hominis
1354 2829 1733 2884 ascendentem
1791 2830 1880 2883 ubi
1938 2839 2056 2883 erat

481 2921 629 2989 prius
661 2921 754 2974 ”?
822 2940 839 2971 ι
902 2922 1096 2985 Annon
1171 2929 1356 2974 natum
1412 2934 1477 2973 ex
1539 2919 1761 2975 muliere
1813 2921 2057 2975 dicemus

482 3012 878 3069 Emmanuelem
907 3014 928 3065 ?

2161 2014 2238 2074 είς
2269 2011 2325 2065 ἓν
2356 2011 2523 2082 ἄμφω
2558 2011 2855 2080 συλλέγων,
2890 2011 2983 2063 καὶ
3019 2008 3209 2081 ῶσπερ
3238 2008 3491 2078 ἀλλήλοις
3526 2008 3747 2074 ἀνακιρ·

2161 2101 2255 2165 νὰς
2294 2102 2363 2154 τά
2394 2102 2501 2154 τῶν
2536 2102 2749 2170 φύσεων
2784 2101 3069 2172 ἰδιώματα,
3096 2100 3183 2154 διὰ
3209 2099 3419 2170 μυρίων
3449 2100 3593 2150 ὅσων
3614 2098 3747 2166 ἡμῖν

2160 2194 2351 2262 ὁρᾶται
2382 2192 2573 2260 λόγων.
2618 2194 2911 2263 Νικοδήμῳ
2962 2193 3062 2262 μὲν
3110 2192 3239 2263 γάρ,
3288 2192 3350 2244 ού
3405 2189 3644 2242 συνιέντι
3689 2189 3753 2240 τὸ

2162 2284 2480 2353 μυστήριον,
2512 2285 2909 2354 άνακεκραγότι
2936 2283 2992 2336 δὲ
3022 2282 3269 2353 ἀμαθῶς·
3308 2301 3325 2331 t
3370 2282 3493 2343 Πῶς
3523 2280 3751 2331 δύναται

2158 2375 2327 2428 ταῦτα
2369 2375 2661 2443 γενέσθαι,
2705 2374 2767 2429 Ei
2795 2375 2864 2427 τὰ
2892 2374 3130 2441 ἐπίγεια,
3187 2374 3372 2446 φησιν,
3407 2367 3564 2423 εἷπον
3593 2370 3749 2441 ὑμῖν,

2159 2466 2251 2519 καὶ
2288 2467 2347 2519 οὑ
2378 2466 2683 2530 πιστεύετε,
2718 2466 2835 2529 πῶς
2864 2466 2958 2519 ἐὰν
2991 2467 3128 2519 εἴπω
3162 2465 3291 2533 ὑμῖν
3320 2464 3389 2516 τὰ
3420 2462 3749 2532 ἐπουράνια.

2160 2556 2477 2621 πιστεύετε;
2524 2556 2633 2609 Καὶ
2678 2556 2855 2619 οὐδεὶς
2889 2554 3228 2625 ἀναϐέϐηκεν
3259 2554 3339 2617 είς
3372 2552 3462 2605 τὸν
3492 2550 3747 2621 οὐρανὸν,

2158 2650 2207 2701 εί
2237 2649 2309 2718 μὴ
2348 2650 2375 2700 ὁ
2404 2650 2466 2701 ὲκ
2491 2648 2585 2701 τοῦ
2617 2647 2851 2719 ούρανοῦ
2881 2646 3146 2711 καταϐάς,
3177 2650 3205 2700 ὁ
3234 2647 3365 2708 Υἱὸς
3412 2645 3508 2697 τοῦ
3536 2642 3696 2697 Θεοῦ.
3725 2662 3745 2694 ο

2173 2738 2446 2801 Ἰουδαίοις
2474 2738 2530 2791 δὲ
2572 2738 2757 2805 πάλιν,
2789 2738 2885 2809 τὴν
2915 2740 3039 2808 ἴσην
3067 2738 3261 2808 ἐκείνῳ
3289 2734 3541 2790 νοσοῦσιν
3579 2736 3745 2787 ἀπαιο

2160 2830 2397 2894 δευσίαν,
2446 2831 2539 2884 καὶ
2578 2831 2851 2903 διαγελᾷν,
2883 2834 2981 2886 οὐκ
3010 2828 3105 2885 οἷδ’
3132 2834 3301 2898 ὅπως,
3343 2830 3625 2899 ἑλομένοις
3649 2828 3751 2882 αὖ·

2157 2924 2562 2999 τὸν,.ὲπείπερ
2636 2926 2738 2996 ἔφη
2808 2924 3070 2989 ζωοποιὺν
3142 2926 3235 2977 καὶ
3278 2923 3339 2989 ἐξ
3383 2920 3621 2992 οὐρανοῦ
3689 2920 3751 2972 τὸ

2164 3015 2293 3068 ῐδιον
2324 3017 2502 3086 σῶμα,
2528 3036 2546 3068 t
2566 3017 2734 3070 Τοῦτο
2752 3019 2895 3087 ὑμᾶς
2922 3016 3286 3081 σκανδαλίζει,
3321 3014 3625 3086 φησὶν,ὲάν
3655 3009 3750 3067 οῦν

480 3106 719 3177 θεωρῆτε
755 3106 847 3160 τὸν
893 3107 1018 3160 Υίὸν
1050 3106 1140 3160 τοῦ
1188 3105 1474 3177 ἀνθρώπου
1541 3105 1901 3161 ἀναϐαίνοντα
1948 3108 2081 3163 ὅπου
2119 3105 2187 3181 ἦν
2216 3112 2276 3165 τὸ
2308 3112 2606 3183 πρότερονς
2654 3132 2670 3163 ι
2703 3108 2781 3165 Ἦ
2810 3113 2930 3182 ούχὶ
2986 3112 3246 3181 τετάχθαι
3277 3113 3526 3181 φήσομεν
3556 3112 3622 3161 ὲκ
3647 3126 3748 3175 γυο

478 3201 662 3265 ναικὸς
696 3202 785 3255 τὸν
833 3201 1179 3273 Ἐμμανουήλ
1197 3218 1210 3269 ;

548 3293 606 3347 Β.
650 3292 903 3349 Omnino.

550 3384 615 3439 A.
667 3382 897 3439 Ubinam
954 3386 1115 3454 igitur
1167 3388 1318 3455 prius
1376 3390 1544 3443 erat?
1590 3399 1682 3444 aut
1743 3405 1849 3458 quo
1901 3400 2060 3454 pacto

478 3474 767 3542 ascendit,
811 3491 931 3529 cum
978 3492 1037 3531 se
1087 3476 1157 3531 ibi
1214 3493 1333 3534 esse
1383 3480 1547 3543 dicat,
1593 3480 1756 3533 etiam
1816 3493 1940 3536 nato
1993 3497 2057 3537 ex

478 3575 666 3620 sancta
713 3567 933 3635 Virgine
974 3582 1202 3637 corpore
1237 3571 1339 3626 sibi
1390 3573 1588 3625 unito?
1627 3570 1816 3627 Nonne
1879 3582 2057 3627 autem

478 3673 695 3714 carnem
724 3675 844 3730 quae
883 3675 949 3714 ex
990 3670 1132 3715 terra
1168 3671 1403 3728 constat,
1431 3662 1710 3717 viviﬁcare
1737 3677 1841 3715 non
1879 3678 2057 3731 posse,

480 3761 748 3820 quatenus
822 3754 887 3808 ad
962 3753 1233 3823 propriam
1278 3768 1430 3808 suam
1504 3764 1750 3809 naturam
1843 3754 2055 3819 attinet,

480 3845 764 3899 dicemus?

548 3931 608 3986 B.
645 3930 741 3987 Ita.

549 4027 615 4076 Α.
675 4022 957 4089 Quomodo
1019 4024 1181 4093 igitur
1236 4034 1319 4080 est
1375 4024 1699 4080 vivilicatrix
1756 4039 1884 4079 caro
1917 4026 2059 4083 .’aut

479 4116 748 4183 quomodo
818 4124 1105 4171 censeatur
1180 4131 1249 4173 ex
1314 4119 1453 4172 caelo
1512 4132 1651 4183 esse,
1707 4131 1827 4171 cum
1869 4119 1941 4174 sit
1992 4135 2057 4175 ex

479 4217 619 4260 terra
645 4207 667 4258 τ

555 4295 615 4351 Β.
645 4296 874 4353 Ratione
924 4300 1171 4364 unitatis,
1228 4310 1287 4355 ut
1332 4302 1586 4371 arbitror,
1645 4320 1765 4359 cum
1823 4307 1944 4363 vivo
2002 4316 2057 4363 et

476 4388 693 4444 coalitus
716 4390 950 4447 demisso
984 4390 1179 4446 Verbo.

552 4484 619 4537 A.
662 4482 829 4540 Recte
850 4484 1137 4541 admodum
1167 4487 1360 4549 sentis,
1384 4494 1438 4540 et
1472 4488 1859 4542 convenienter
1882 4491 2055 4544 sacris

477 4575 794 4643 Scripturis.
852 4574 1035 4644 Neque
1083 4578 1226 4631 enim
1276 4578 1439 4633 aliter
1489 4578 1676 4643 fuerit,
1738 4587 1791 4633 et
1840 4590 2053 4635 creator

2086 3301 2128 3359 ο
2234 3296 2291 3349 Β.
2340 3294 2463 3359 Πῶς
2496 3297 2603 3366 γάρ
2635 3296 2732 3361 οῦ;

2232 3390 2297 3440 Α.
2341 3387 2449 3441 Ποῦ
2481 3387 2766 3459 τοιγαροῦν
2794 3388 2855 3440 τὸ
2887 3389 3150 3458 πρότερον
3183 3385 3275 3459 ἦν;
3311 3388 3343 3456 ἢ
3391 3388 3511 3452 πῶς
3546 3390 3745 3443 ἀναϐέ-

2164 3480 2329 3549 ϐηκεν
2376 3479 2611 3548 ἔνθαπερ
2640 3475 2778 3531 εἷναί
2826 3494 2989 3548 φησιν
3018 3480 3199 3543 αὐτὸς,
3234 3480 3410 3533 καίτοι
3461 3481 3745 3550 τεχθέντος

2162 3570 2248 3624 διὰ
2275 3571 2374 3639 τῆς
2406 3572 2563 3638 ἁγίας
2599 3571 2873 3641 Παρθένου
2908 3572 3002 3624 τοῦ
3045 3570 3335 3634 ἑνωθέντος
3368 3572 3517 3643 αύτῷ
3560 3572 3746 3643 σώμαι

2160 3680 2284 3728 τοςς
2328 3663 2460 3732 Οὐχὶ
2493 3662 2549 3715 δὲ
2599 3664 2691 3716 καὶ
2740 3664 3040 3734 ἀπρακτεῖν
3077 3662 3514 3734 ὁμολογήσαιμεν
3546 3664 3613 3718 ἂν
3646 3666 3744 3734 τὴν

2160 3755 2268 3808 ἀπὸ
2306 3752 2409 3822 γῆς
2460 3754 2636 3823 σάρκα
2694 3758 2829 3823 πρὸς
2871 3754 2932 3808 τὸ
2979 3754 3239 3807 δύνασθαι
3282 3754 3586 3821 ζωοποιεῖν,
3620 3758 3744 3811 ὅσον

2158 3843 2292 3919 ἧκεν
2328 3849 2404 3909 είς
2444 3847 2579 3898 ίδίαν
2621 3846 2823 3914 φύσιν;

2233 3938 2294 3993 Β.
2348 3938 2589 4006 Ἀληθές.

2232 4034 2296 4085 Α.
2342 4032 2465 4094 Πῶς
2494 4028 2606 4095 οὖν,
2644 4032 2764 4085 εἰπέ
2808 4050 2915 4103 μοι,
2948 4031 3205 4096 ζωοποιὸς
3236 4034 3266 4102 ἡ
3306 4030 3474 4102 ccipe;
3518 4032 3589 4086 Ἣ
3625 4033 3740 4097 πῶς

2158 4122 2225 4178 ἂν
2250 4128 2422 4179 νοοῖτο
2449 4125 2545 4177 καὶ
2588 4123 2645 4189 ἐξ
2673 4124 2901 4195 οὐρανοῦ
2928 4124 2987 4177 τὸ
3010 4124 3117 4178 ἀπὸ
3146 4125 3244 4193 τῆς
3282 4124 3419 4194 γῆς;

2230 4307 2288 4359 Β.
2331 4306 2465 4359 Καθ’
2486 4305 2699 4367 ἕνωσιν,
2728 4300 2901 4374 οἶμαι,
2922 4305 3018 4375 τὴν
3051 4303 3183 4375 πρὸς
3216 4304 3305 4356 τὸν
3340 4303 3518 4368 ζῶντά
3556 4323 3613 4359 τε
3649 4308 3741 4361 καὶ

2156 4398 2445 4470 οὐρανόθεν
2490 4399 2681 4467 Λόγον.
3286 4464 3289 4467 γ

2226 4492 2291 4549 Α.
2328 4488 2699 4560 Πεφρονηκὼς
2746 4488 2855 4541 ίσθι
2883 4489 2953 4543 τά
2988 4488 3106 4542 λίαν
3128 4488 3284 4560 ὀρθὰ,
3315 4489 3544 4552 καὶτοῖς
3578 4490 3739 4560 ίεροῖς

2158 4583 2522 4655 συμϐαίνοντα
2566 4581 2762 4649 λόγοις.
2814 4580 2913 4650 Είη
2968 4580 3076 4648 γὰρ
3127 4580 3193 4633 ἂν
3243 4580 3339 4649 οὐχ
3387 4580 3610 4651 ἑτέρως,
3648 4584 3740 4635 καὶ

478 4666 687 4721 ratione
726 4667 1045 4735 divinitatis,
1074 4676 1129 4723 et
1164 4686 1286 4725 cum
1337 4686 1440 4725 non
1494 4672 1701 4741 absque
1753 4686 1919 4727 carne
1970 4674 2051 4726 in-

2166 4674 2485 4745 5ημιουργὸς
2523 4672 2739 4736 θεῖκῶς,
2777 4672 2870 4726 καὶ
2902 4674 2991 4725 ὅτε
3024 4672 3097 4742 μὴ
3130 4670 3252 4741 δίχα
3298 4674 3469 4725 νοοῖτο
3518 4673 3736 4743 σαρκός.

476 4758 750 4828 telligitur.
782 4758 916 4814 Nam
938 4769 991 4815 et
1033 4760 1245 4817 divinus
1278 4762 1471 4818 Paulus
1506 4781 1600 4832 pro
1644 4766 1743 4819 hac
1780 4765 2046 4819 sententia

475 4848 627 4914 facit,
679 4849 751 4904 ita
805 4852 1101 4907 scribens:
1177 4872 1195 4905 ι
1266 4852 1481 4909 Gratias
1545 4865 1766 4925 agentes
1826 4856 1937 4911 Deo
1987 4871 2051 4911 ac

475 4941 645 5003 l‘atri.
686 4944 775 5012 qui
801 4944 990 5015 dignos
1036 4960 1133 5001 nos
1159 4946 1285 5001 fecit
1318 4948 1368 5001 in
1400 4956 1608 5018 partem
1638 4949 1799 5004 sortis
1836 4960 2051 5005 sancto-

475 5047 620 5096 rum,
653 5032 705 5087 in
736 5034 957 5089 lumine.
988 5031 1089 5103 Qui
1120 5039 1318 5107 eripuit
1350 5054 1446 5093 nos
1480 5041 1545 5093 de
1590 5049 1861 5108 potestate
1898 5050 2051 5095 tene-

475 5127 718 5192 brarum,
785 5136 840 5180 et
891 5129 1168 5183 transtulit
1196 5131 1248 5184 in
1295 5146 1519 5201 regnum
1574 5132 1695 5186 Filii
1750 5134 2053 5189 dilectionis

472 5231 604 5272 suae.
662 5216 720 5273 in
755 5234 861 5289 quo
902 5220 1159 5277 habemus
1190 5222 1633 5293 redemptionem,
1681 5233 1735 5278 et
1780 5226 2053 5279 remissio-

474 5325 595 5364 nem
650 5322 996 5379 peccatorum
1039 5330 1054 5368 :
1092 5315 1181 5383 qui
1235 5325 1319 5371 est
1360 5317 1536 5387 imago
1595 5315 1689 5371 Dei
1741 5317 2050 5381 invisibilis,

474 5403 862 5473 primogenitus
910 5407 1086 5463 omnis
1144 5419 1426 5463 creaturae.
1482 5410 1751 5475 Quoniam
1808 5410 1859 5463 in
1935 5410 2052 5478 ipso

475 5495 690 5548 condita
720 5506 845 5550 sunt
878 5499 1150 5564 universa,
1180 5501 1231 5553 in
1266 5502 1417 5556 cmlis
1436 5512 1489 5555 et
1526 5504 1575 5554 in
1609 5512 1775 5567 terra,
1816 5501 2047 5555 visibilia

474 5591 531 5637 et
566 5585 877 5653 invisibilia,
917 5591 1031 5644 sive
1058 5590 1279 5655 Throni,
1320 5594 1433 5648 sive
1468 5594 1896 5659 Dominatioues,
1933 5594 2050 5649 sive

548 5777 569 5809 '
591 5779 847 5860 {qaugn
870 5789 956 5854 52,
989 5790 1076 5845 s3.
1154 5794 1173 5824 ι’
1202 5794 1327 5848 una.
1362 5795 1447 5860 δι,
1481 5795 1563 5849 5:.

486 5866 557 5916 τι,
591 5852 677 5917 62,
702 5854 789 5908 65.

1650 5797 1689 5826 ¹⁰
1724 5796 1851 5851 Ηήςί.
1890 5796 1977 5852 57.
2010 5796 2097 5849 58.
2179 5797 2214 5827 ¹¹
2246 5793 2373 5848 Luc.
2411 5808 2444 5856 I,
2477 5791 2563 5844 5i.

2158 4768 2511 4837 Συλλήπτορα
2540 4766 2597 4818 δὲ
2634 4764 2728 4817 τοῦ
2772 4764 2933 4831 λόγου
2971 4763 3263 4833 ποιήσομαι
3297 4764 3459 4818 πάλιν
3505 4765 3602 4817 ώδὶ
3649 4784 3739 4833 γε-

2157 4860 2406 4931 γραφότα
2455 4859 2547 4911 τὸν
2594 4857 2879 4911 θεσπέσιον
2913 4856 3159 4909 Παῦλον·
3203 4875 3221 4908 r
3278 4858 3739 4928 Εὐχαριστοῦντες

2156 4952 2234 5022 τῷ
2265 4952 2385 5022 Θεῷ
2423 4952 2517 5005 καὶ
2545 4952 2741 5020 Πατρὶ,
2773 4950 2851 5020 τῷ
2886 4949 3209 5003 ἱκανώσαντι
3243 4953 3388 5021 ήμᾶς
3415 4954 3493 5015 είς
3518 4952 3615 5022 τὴν
3646 4970 3740 5023 με·

2159 5045 2278 5116 ρίδα
2306 5044 2402 5096 τοῦ
2435 5043 2635 5115 κλήρου
2663 5043 2770 5095 τῶν
2802 5043 2970 5110 ἁγίων
3001 5043 3057 5095 ἐν
3085 5042 3163 5111 τῷ
3190 5045 3347 5112 φωτὶ,
3377 5043 3435 5105 ὃς
3466 5046 3737 5114 ὲρῤύσατο

2154 5139 2304 5209 ἡμᾶς
2339 5138 2401 5188 ὲκ
2437 5137 2533 5205 τῆς
2576 5134 2823 5200 ἐξουσίας
2854 5132 2949 5187 τοῦ
2993 5134 3239 5198 σκότους,
3276 5135 3370 5187 καὶ
3404 5137 3734 5205 μετέστησεν

2156 5229 2235 5291 είς
2264 5228 2361 5297 τὴν
2393 5225 2667 5295 βασιλείαν
2700 5223 2795 5277 τοῦ
2841 5223 2971 5276 Υίοῦ
3004 5224 3102 5294 τῆς
3136 5225 3353 5294 ἀγάπης
3388 5226 3573 5287 αὑτοῦ,
3607 5228 3664 5279 ἐν
3692 5221 3739 5293 ᾧ

2156 5318 2353 5389 ἔχομεν
2379 5317 2477 5386 τὴν
2507 5315 2901 5388 ἀπολύτρωσιν,
2933 5315 3027 5387 τὴν
3057 5313 3250 5382 ἄφεσιν
3278 5316 3385 5369 τῶν
3426 5318 3733 5388 ἁμαρτιῶν,

2156 5411 2213 5473 ὃς
2248 5413 2393 5463 ἐστιν
2428 5396 2589 5461 εἰκὼν
2636 5406 2729 5460 τοῦ
2762 5406 2899 5461 Θεοῦ
2943 5406 3034 5458 τοῦ
3084 5407 3339 5477 ἀοράτου,
3393 5410 3735 5479 πρωτότοκος

2157 5503 2338 5569 πάσης
2382 5500 2631 5561 κτίσεως,
2668 5500 2751 5552 ὅτι
2784 5499 2842 5552 ἐν
2874 5498 3023 5568 αὐτῷ
3067 5500 3287 5569 ἐκτίσθη
3331 5499 3399 5552 τὰ
3433 5500 3632 5557 πάντα.
3667 5504 3732 5555 τά

2156 5609 2213 5645 τε
2261 5594 2317 5644 ἐν
2356 5593 2465 5652 τοῖς
2498 5591 2743 5661 οὐρανοῖς
2774 5591 2868 5647 καὶ
2900 5592 2965 5645 τὰ
3000 5590 3089 5643 ἐπὶ
3141 5592 3238 5660 τῆς
3287 5595 3408 5661 γῆς,
3446 5592 3511 5645 τὰ
3560 5596 3728 5661 ὁρατὰ

2683 5789 2897 5845 "Juan.
2948 5807 3024 5854 Ill,
3063 5794 3114 5857 9,
3161 5791 3242 5859 l2,
3302 5794 3380 5847 l3.
3501 5792 3721 5849 “Joau.
