  <div class='ocr_page' id='page_1' title='image "/cluster/home/n/w/nwhite01/storage/ocr_20150623/75/ien.35556001661032/634.png"; bbox 0 0 4006 6520; ppageno 0'>
   <div class='ocr_carea' id='block_1_1' title="bbox 326 465 470 520">
    <p class='ocr_par' dir='ltr' id='par_1_1' title="bbox 326 465 470 520">
     <span class='ocr_line' id='line_1_1' title="bbox 326 465 470 520; baseline 0.014 -2"><span class='ocrx_word' id='word_1_1' title='bbox 326 465 470 520; x_wconf 68' lang='grc' dir='ltr'><strong>12ιό</strong></span> 
     </span>
    </p>
   </div>
   <div class='ocr_carea' id='block_1_2' title="bbox 1438 466 2493 526">
    <p class='ocr_par' dir='ltr' id='par_1_2' title="bbox 1438 466 2493 526">
     <span class='ocr_line' id='line_1_2' title="bbox 1438 466 2493 526; baseline 0.001 -5"><span class='ocrx_word' id='word_1_2' title='bbox 1438 466 1526 521; x_wconf 84' lang='lat' dir='ltr'><strong>DE</strong></span> <span class='ocrx_word' id='word_1_3' title='bbox 1568 466 2078 525; x_wconf 69' lang='lat' dir='ltr'><strong>INCARNATIONE</strong></span> <span class='ocrx_word' id='word_1_4' title='bbox 2117 466 2493 526; x_wconf 76' lang='lat' dir='ltr'><strong>UNIGENlTl.</strong></span> 
     </span>
    </p>
   </div>
   <div class='ocr_carea' id='block_1_3' title="bbox 3481 461 3626 518">
    <p class='ocr_par' dir='ltr' id='par_1_3' title="bbox 3481 461 3626 518">
     <span class='ocr_line' id='line_1_3' title="bbox 3481 461 3626 518; baseline 0.014 -2"><span class='ocrx_word' id='word_1_5' title='bbox 3481 461 3626 518; x_wconf 72' lang='lat' dir='ltr'><strong>me</strong></span> 
     </span>
    </p>
   </div>
   <div class='ocr_carea' id='block_1_4' title="bbox 322 577 1893 662">
    <p class='ocr_par' dir='ltr' id='par_1_4' title="bbox 322 585 1888 662">
     <span class='ocr_line' id='line_1_4' title="bbox 322 585 1888 662; baseline 0.005 -26"><span class='ocrx_word' id='word_1_6' title='bbox 322 588 422 639; x_wconf 80' lang='grc' dir='ltr'><strong>καί</strong></span> <span class='ocrx_word' id='word_1_7' title='bbox 471 587 536 640; x_wconf 70' lang='grc' dir='ltr'><strong>τὰ</strong></span> <span class='ocrx_word' id='word_1_8' title='bbox 586 585 808 656; x_wconf 80' lang='grc' dir='ltr'>ἀόρατα,</span> <span class='ocrx_word' id='word_1_9' title='bbox 839 586 949 640; x_wconf 66' lang='grc' dir='ltr'>εἴτε</span> <span class='ocrx_word' id='word_1_10' title='bbox 983 587 1196 659; x_wconf 81' lang='grc' dir='ltr'>Θρόνοι,</span> <span class='ocrx_word' id='word_1_11' title='bbox 1235 588 1342 642; x_wconf 81' lang='grc' dir='ltr'>εἴτε</span> <span class='ocrx_word' id='word_1_12' title='bbox 1396 590 1756 662; x_wconf 82' lang='grc' dir='ltr'>Κυριότητες,</span> <span class='ocrx_word' id='word_1_13' title='bbox 1809 593 1888 644; x_wconf 78' lang='grc' dir='ltr'><strong>εῖτ</strong></span> 
     </span>
    </p>
   </div>
   <div class='ocr_carea' id='block_1_5' title="bbox 2001 577 3619 662">
    <p class='ocr_par' dir='ltr' id='par_1_5' title="bbox 2023 577 3619 661">
     <span class='ocr_line' id='line_1_5' title="bbox 2023 577 3619 661; baseline -0.009 -15"><span class='ocrx_word' id='word_1_14' title='bbox 2023 590 2389 661; x_wconf 88' lang='lat' dir='ltr'><strong>Principatus,</strong></span> <span class='ocrx_word' id='word_1_15' title='bbox 2427 588 2544 643; x_wconf 88' lang='lat' dir='ltr'><strong>sive</strong></span> <span class='ocrx_word' id='word_1_16' title='bbox 2600 585 2931 647; x_wconf 81' lang='lat' dir='ltr'><strong>Patestales,</strong></span> <span class='ocrx_word' id='word_1_17' title='bbox 2982 577 3166 634; x_wconf 87' lang='lat' dir='ltr'><strong>omnia</strong></span> <span class='ocrx_word' id='word_1_18' title='bbox 3207 592 3305 649; x_wconf 90' lang='lat' dir='ltr'><strong>per</strong></span> <span class='ocrx_word' id='word_1_19' title='bbox 3362 577 3539 648; x_wconf 85' lang='lat' dir='ltr'><strong>ipsum</strong></span> <span class='ocrx_word' id='word_1_20' title='bbox 3566 585 3619 631; x_wconf 86' lang='grc' dir='ltr'><strong>ει</strong></span> 
     </span>
    </p>
   </div>
   <div class='ocr_carea' id='block_1_6' title="bbox 319 677 1915 747">
    <p class='ocr_par' dir='ltr' id='par_1_6' title="bbox 319 677 1915 747">
     <span class='ocr_line' id='line_1_6' title="bbox 319 677 1915 747; baseline 0.006 -19"><span class='ocrx_word' id='word_1_21' title='bbox 319 677 540 746; x_wconf 77' lang='grc' dir='ltr'>Ἀρχαὶ,</span> <span class='ocrx_word' id='word_1_22' title='bbox 564 677 974 745; x_wconf 81' lang='grc' dir='ltr'>εῖτεἘξουσῐαι,</span> <span class='ocrx_word' id='word_1_23' title='bbox 1002 682 1069 735; x_wconf 81' lang='grc' dir='ltr'>τὰ</span> <span class='ocrx_word' id='word_1_24' title='bbox 1100 681 1278 735; x_wconf 83' lang='grc' dir='ltr'>πάντα</span> <span class='ocrx_word' id='word_1_25' title='bbox 1302 681 1368 735; x_wconf 85' lang='grc' dir='ltr'><strong>δι’</strong></span> <span class='ocrx_word' id='word_1_26' title='bbox 1401 683 1568 736; x_wconf 84' lang='grc' dir='ltr'>αὑτοῦ</span> <span class='ocrx_word' id='word_1_27' title='bbox 1595 687 1686 736; x_wconf 78' lang='grc' dir='ltr'>καὶ</span> <span class='ocrx_word' id='word_1_28' title='bbox 1713 685 1792 747; x_wconf 75' lang='grc' dir='ltr'><strong>εἰς</strong></span> <span class='ocrx_word' id='word_1_29' title='bbox 1817 685 1915 738; x_wconf 84' lang='grc' dir='ltr'>αὐ-</span> 
     </span>
    </p>
   </div>
   <div class='ocr_carea' id='block_1_7' title="bbox 317 769 1914 844">
    <p class='ocr_par' dir='ltr' id='par_1_7' title="bbox 317 769 1914 844">
     <span class='ocr_line' id='line_1_7' title="bbox 317 769 1914 844; baseline 0.004 -22"><span class='ocrx_word' id='word_1_30' title='bbox 317 769 412 822; x_wconf 84' lang='grc' dir='ltr'><strong>τὸν</strong></span> <span class='ocrx_word' id='word_1_31' title='bbox 440 769 707 835; x_wconf 78' lang='grc' dir='ltr'><strong>ἔκτισται,</strong></span> <span class='ocrx_word' id='word_1_32' title='bbox 745 772 838 824; x_wconf 77' lang='grc' dir='ltr'><strong>καὶ</strong></span> <span class='ocrx_word' id='word_1_33' title='bbox 890 773 1051 837; x_wconf 85' lang='grc' dir='ltr'>αὑτός</span> <span class='ocrx_word' id='word_1_34' title='bbox 1091 774 1208 826; x_wconf 78' lang='grc' dir='ltr'>ἐστι</span> <span class='ocrx_word' id='word_1_35' title='bbox 1257 774 1364 844; x_wconf 87' lang='grc' dir='ltr'><strong>πρὸ</strong></span> <span class='ocrx_word' id='word_1_36' title='bbox 1411 775 1652 841; x_wconf 78' lang='grc' dir='ltr'>πάντων,</span> <span class='ocrx_word' id='word_1_37' title='bbox 1706 775 1799 828; x_wconf 78' lang='grc' dir='ltr'>καὶ</span> <span class='ocrx_word' id='word_1_38' title='bbox 1842 775 1914 828; x_wconf 83' lang='grc' dir='ltr'>τὰ</span> 
     </span>
    </p>
   </div>
   <div class='ocr_carea' id='block_1_8' title="bbox 321 860 1911 936">
    <p class='ocr_par' dir='ltr' id='par_1_8' title="bbox 321 860 1911 936">
     <span class='ocr_line' id='line_1_8' title="bbox 321 860 1911 936; baseline 0.003 -25"><span class='ocrx_word' id='word_1_39' title='bbox 321 861 505 912; x_wconf 74' lang='grc' dir='ltr'>πάντα</span> <span class='ocrx_word' id='word_1_40' title='bbox 531 862 587 912; x_wconf 77' lang='grc' dir='ltr'>ὲν</span> <span class='ocrx_word' id='word_1_41' title='bbox 616 860 764 931; x_wconf 85' lang='grc' dir='ltr'>αὑτῷ</span> <span class='ocrx_word' id='word_1_42' title='bbox 794 864 1109 934; x_wconf 75' lang='grc' dir='ltr'><strong>συνέστηκε,</strong></span> <span class='ocrx_word' id='word_1_43' title='bbox 1141 864 1237 917; x_wconf 78' lang='grc' dir='ltr'>καὶ</span> <span class='ocrx_word' id='word_1_44' title='bbox 1265 865 1428 926; x_wconf 85' lang='grc' dir='ltr'>αὑτός</span> <span class='ocrx_word' id='word_1_45' title='bbox 1457 867 1606 918; x_wconf 79' lang='grc' dir='ltr'>ἐστιν</span> <span class='ocrx_word' id='word_1_46' title='bbox 1633 868 1664 936; x_wconf 86' lang='grc' dir='ltr'>ὴ</span> <span class='ocrx_word' id='word_1_47' title='bbox 1701 865 1911 935; x_wconf 81' lang='grc' dir='ltr'>κεφαλὴ</span> 
     </span>
    </p>
   </div>
   <div class='ocr_carea' id='block_1_9' title="bbox 315 951 1909 1029">
    <p class='ocr_par' dir='ltr' id='par_1_9' title="bbox 315 951 1909 1029">
     <span class='ocr_line' id='line_1_9' title="bbox 315 951 1909 1029; baseline 0.004 -25"><span class='ocrx_word' id='word_1_48' title='bbox 315 953 415 1004; x_wconf 86' lang='grc' dir='ltr'><strong>τοῦ</strong></span> <span class='ocrx_word' id='word_1_49' title='bbox 452 951 703 1022; x_wconf 83' lang='grc' dir='ltr'>σώματος</span> <span class='ocrx_word' id='word_1_50' title='bbox 761 957 861 1025; x_wconf 86' lang='grc' dir='ltr'><strong>τῆς</strong></span> <span class='ocrx_word' id='word_1_51' title='bbox 902 955 1250 1025; x_wconf 84' lang='grc' dir='ltr'>Ἐκκλησὶας,</span> <span class='ocrx_word' id='word_1_52' title='bbox 1284 957 1342 1019; x_wconf 81' lang='grc' dir='ltr'>ὅς</span> <span class='ocrx_word' id='word_1_53' title='bbox 1376 958 1524 1010; x_wconf 76' lang='grc' dir='ltr'>ἔστιν</span> <span class='ocrx_word' id='word_1_54' title='bbox 1558 958 1724 1029; x_wconf 81' lang='grc' dir='ltr'>ἀρχὴ,</span> <span class='ocrx_word' id='word_1_55' title='bbox 1754 975 1909 1027; x_wconf 85' lang='grc' dir='ltr'>πρω-</span> 
     </span>
    </p>
   </div>
   <div class='ocr_carea' id='block_1_10' title="bbox 311 1043 1910 1118">
    <p class='ocr_par' dir='ltr' id='par_1_10' title="bbox 311 1043 1910 1118">
     <span class='ocr_line' id='line_1_10' title="bbox 311 1043 1910 1118; baseline 0.004 -23"><span class='ocrx_word' id='word_1_56' title='bbox 311 1043 539 1104; x_wconf 86' lang='grc' dir='ltr'>τότοκος</span> <span class='ocrx_word' id='word_1_57' title='bbox 572 1045 635 1096; x_wconf 85' lang='grc' dir='ltr'>ὲκ</span> <span class='ocrx_word' id='word_1_58' title='bbox 664 1045 771 1100; x_wconf 86' lang='grc' dir='ltr'><strong>τῶν</strong></span> <span class='ocrx_word' id='word_1_59' title='bbox 807 1045 1039 1115; x_wconf 87' lang='grc' dir='ltr'>νεκρῶν,</span> <span class='ocrx_word' id='word_1_60' title='bbox 1074 1047 1161 1100; x_wconf 82' lang='grc' dir='ltr'>ἵνα</span> <span class='ocrx_word' id='word_1_61' title='bbox 1193 1048 1418 1118; x_wconf 78' lang='grc' dir='ltr'>γένηται</span> <span class='ocrx_word' id='word_1_62' title='bbox 1459 1050 1515 1101; x_wconf 82' lang='grc' dir='ltr'>ὲν</span> <span class='ocrx_word' id='word_1_63' title='bbox 1552 1051 1717 1101; x_wconf 80' lang='grc' dir='ltr'>πᾶσιν</span> <span class='ocrx_word' id='word_1_64' title='bbox 1746 1049 1910 1112; x_wconf 82' lang='grc' dir='ltr'>αὐτὸς</span> 
     </span>
    </p>
   </div>
   <div class='ocr_carea' id='block_1_11' title="bbox 315 1135 1907 1210">
    <p class='ocr_par' dir='ltr' id='par_1_11' title="bbox 315 1135 1907 1210">
     <span class='ocr_line' id='line_1_11' title="bbox 315 1135 1907 1210; baseline 0.006 -26"><span class='ocrx_word' id='word_1_65' title='bbox 315 1135 640 1202; x_wconf 74' lang='grc' dir='ltr'><strong>πρωτεύων,</strong></span> <span class='ocrx_word' id='word_1_66' title='bbox 687 1137 770 1188; x_wconf 83' lang='grc' dir='ltr'>ὅτι</span> <span class='ocrx_word' id='word_1_67' title='bbox 803 1139 859 1190; x_wconf 79' lang='grc' dir='ltr'>ὲν</span> <span class='ocrx_word' id='word_1_68' title='bbox 894 1137 1041 1208; x_wconf 81' lang='grc' dir='ltr'>αὑτῷ</span> <span class='ocrx_word' id='word_1_69' title='bbox 1076 1139 1346 1209; x_wconf 82' lang='grc' dir='ltr'>ηὑδόκησε</span> <span class='ocrx_word' id='word_1_70' title='bbox 1395 1141 1501 1192; x_wconf 77' lang='grc' dir='ltr'>πᾶν</span> <span class='ocrx_word' id='word_1_71' title='bbox 1528 1141 1590 1192; x_wconf 88' lang='grc' dir='ltr'><strong>τὸ</strong></span> <span class='ocrx_word' id='word_1_72' title='bbox 1631 1140 1907 1210; x_wconf 82' lang='grc' dir='ltr'>πλήρωμα</span> 
     </span>
    </p>
   </div>
   <div class='ocr_carea' id='block_1_12' title="bbox 309 1225 1907 1297">
    <p class='ocr_par' dir='ltr' id='par_1_12' title="bbox 309 1225 1907 1297">
     <span class='ocr_line' id='line_1_12' title="bbox 309 1225 1907 1297; baseline 0.004 -21"><span class='ocrx_word' id='word_1_73' title='bbox 309 1225 380 1276; x_wconf 83' lang='grc' dir='ltr'><strong>δι’</strong></span> <span class='ocrx_word' id='word_1_74' title='bbox 417 1225 582 1279; x_wconf 76' lang='grc' dir='ltr'>αὑτοῦ</span> <span class='ocrx_word' id='word_1_75' title='bbox 633 1231 979 1297; x_wconf 79' lang='grc' dir='ltr'><strong>κατοικῆσαι,</strong></span> <span class='ocrx_word' id='word_1_76' title='bbox 1028 1229 1123 1282; x_wconf 76' lang='grc' dir='ltr'><strong>καὶ</strong></span> <span class='ocrx_word' id='word_1_77' title='bbox 1157 1230 1223 1282; x_wconf 85' lang='grc' dir='ltr'><strong>δι’</strong></span> <span class='ocrx_word' id='word_1_78' title='bbox 1252 1230 1418 1283; x_wconf 86' lang='grc' dir='ltr'>αὑτοῦ</span> <span class='ocrx_word' id='word_1_79' title='bbox 1462 1230 1907 1296; x_wconf 77' lang='grc' dir='ltr'><strong>ἀποκαταλλάξαι</strong></span> 
     </span>
    </p>
   </div>
   <div class='ocr_carea' id='block_1_13' title="bbox 311 1316 1904 1392">
    <p class='ocr_par' dir='ltr' id='par_1_13' title="bbox 311 1316 1904 1392">
     <span class='ocr_line' id='line_1_13' title="bbox 311 1316 1904 1392; baseline 0.004 -24"><span class='ocrx_word' id='word_1_80' title='bbox 311 1316 379 1368; x_wconf 69' lang='grc' dir='ltr'>τὰ</span> <span class='ocrx_word' id='word_1_81' title='bbox 412 1317 587 1370; x_wconf 82' lang='grc' dir='ltr'>πάντα</span> <span class='ocrx_word' id='word_1_82' title='bbox 622 1321 702 1382; x_wconf 81' lang='grc' dir='ltr'>εἰς</span> <span class='ocrx_word' id='word_1_83' title='bbox 746 1319 931 1384; x_wconf 80' lang='grc' dir='ltr'>αὑτὸν,</span> <span class='ocrx_word' id='word_1_84' title='bbox 966 1322 1386 1392; x_wconf 79' lang='grc' dir='ltr'><strong>εἰρηνοποιήσας</strong></span> <span class='ocrx_word' id='word_1_85' title='bbox 1417 1321 1507 1374; x_wconf 76' lang='grc' dir='ltr'><strong>διὰ</strong></span> <span class='ocrx_word' id='word_1_86' title='bbox 1545 1321 1640 1374; x_wconf 90' lang='grc' dir='ltr'><strong>τοῦ</strong></span> <span class='ocrx_word' id='word_1_87' title='bbox 1671 1323 1904 1391; x_wconf 76' lang='grc' dir='ltr'>αἳματος</span> 
     </span>
    </p>
   </div>
   <div class='ocr_carea' id='block_1_14' title="bbox 309 1406 1902 1482">
    <p class='ocr_par' dir='ltr' id='par_1_14' title="bbox 309 1406 1902 1482">
     <span class='ocr_line' id='line_1_14' title="bbox 309 1406 1902 1482; baseline 0.004 -22"><span class='ocrx_word' id='word_1_88' title='bbox 309 1407 408 1460; x_wconf 81' lang='grc' dir='ltr'><strong>τοῦ</strong></span> <span class='ocrx_word' id='word_1_89' title='bbox 446 1409 676 1479; x_wconf 78' lang='grc' dir='ltr'>σταυροῦ</span> <span class='ocrx_word' id='word_1_90' title='bbox 709 1409 899 1475; x_wconf 81' lang='grc' dir='ltr'>αὐτοῦ,</span> <span class='ocrx_word' id='word_1_91' title='bbox 934 1412 1041 1464; x_wconf 71' lang='grc' dir='ltr'>εἴτε</span> <span class='ocrx_word' id='word_1_92' title='bbox 1069 1412 1137 1465; x_wconf 84' lang='grc' dir='ltr'>τὰ</span> <span class='ocrx_word' id='word_1_93' title='bbox 1171 1414 1261 1465; x_wconf 74' lang='grc' dir='ltr'>ἐπὶ</span> <span class='ocrx_word' id='word_1_94' title='bbox 1289 1412 1389 1481; x_wconf 83' lang='grc' dir='ltr'>τῆς</span> <span class='ocrx_word' id='word_1_95' title='bbox 1411 1406 1552 1482; x_wconf 68' lang='grc' dir='ltr'><strong>Ὺῆςξ</strong></span> <span class='ocrx_word' id='word_1_96' title='bbox 1597 1412 1708 1464; x_wconf 74' lang='grc' dir='ltr'>εἴτε</span> <span class='ocrx_word' id='word_1_97' title='bbox 1737 1412 1808 1464; x_wconf 80' lang='grc' dir='ltr'>τὰ</span> <span class='ocrx_word' id='word_1_98' title='bbox 1845 1413 1902 1464; x_wconf 79' lang='grc' dir='ltr'>ὲν</span> 
     </span>
    </p>
   </div>
   <div class='ocr_carea' id='block_1_15' title="bbox 307 1500 1898 1571">
    <p class='ocr_par' dir='ltr' id='par_1_15' title="bbox 307 1500 1898 1571">
     <span class='ocr_line' id='line_1_15' title="bbox 307 1500 1898 1571; baseline 0.004 -22"><span class='ocrx_word' id='word_1_99' title='bbox 307 1501 426 1561; x_wconf 84' lang='grc' dir='ltr'>τοῖς</span> <span class='ocrx_word' id='word_1_100' title='bbox 455 1500 720 1568; x_wconf 80' lang='grc' dir='ltr'>οὐρανοῖς.</span> <span class='ocrx_word' id='word_1_101' title='bbox 758 1519 776 1551; x_wconf 76' lang='lat' dir='ltr'><strong>i</strong></span> <span class='ocrx_word' id='word_1_102' title='bbox 827 1501 957 1554; x_wconf 82' lang='grc' dir='ltr'>Ἰδοὺ</span> <span class='ocrx_word' id='word_1_103' title='bbox 989 1501 1051 1571; x_wconf 81' lang='grc' dir='ltr'><strong>δὴ</strong></span> <span class='ocrx_word' id='word_1_104' title='bbox 1081 1502 1243 1556; x_wconf 76' lang='grc' dir='ltr'>πάλιν</span> <span class='ocrx_word' id='word_1_105' title='bbox 1297 1503 1600 1570; x_wconf 74' lang='grc' dir='ltr'>ἀναφανδὸν</span> <span class='ocrx_word' id='word_1_106' title='bbox 1631 1503 1697 1554; x_wconf 89' lang='grc' dir='ltr'><strong>δι’</strong></span> <span class='ocrx_word' id='word_1_107' title='bbox 1731 1501 1898 1556; x_wconf 77' lang='grc' dir='ltr'>αὐτοῦ</span> 
     </span>
    </p>
   </div>
   <div class='ocr_carea' id='block_1_16' title="bbox 309 1590 1900 1662">
    <p class='ocr_par' dir='ltr' id='par_1_16' title="bbox 309 1590 1900 1662">
     <span class='ocr_line' id='line_1_16' title="bbox 309 1590 1900 1662; baseline 0.003 -22"><span class='ocrx_word' id='word_1_108' title='bbox 309 1607 447 1659; x_wconf 76' lang='grc' dir='ltr'>φησι</span> <span class='ocrx_word' id='word_1_109' title='bbox 499 1590 589 1642; x_wconf 74' lang='grc' dir='ltr'><strong>καὶ</strong></span> <span class='ocrx_word' id='word_1_110' title='bbox 624 1591 703 1654; x_wconf 86' lang='grc' dir='ltr'>εἰς</span> <span class='ocrx_word' id='word_1_111' title='bbox 730 1591 892 1644; x_wconf 83' lang='grc' dir='ltr'>αὐτὸν</span> <span class='ocrx_word' id='word_1_112' title='bbox 923 1593 1166 1646; x_wconf 76' lang='grc' dir='ltr'><strong>ἐκτίσθαι</strong></span> <span class='ocrx_word' id='word_1_113' title='bbox 1194 1593 1261 1646; x_wconf 87' lang='grc' dir='ltr'>τὰ</span> <span class='ocrx_word' id='word_1_114' title='bbox 1291 1593 1470 1647; x_wconf 83' lang='grc' dir='ltr'>πάντα</span> <span class='ocrx_word' id='word_1_115' title='bbox 1489 1609 1503 1623; x_wconf 93' lang='grc'><strong>·</strong></span> <span class='ocrx_word' id='word_1_116' title='bbox 1536 1594 1628 1644; x_wconf 77' lang='grc' dir='ltr'>καὶ</span> <span class='ocrx_word' id='word_1_117' title='bbox 1665 1592 1792 1662; x_wconf 80' lang='grc' dir='ltr'>μὴν,</span> <span class='ocrx_word' id='word_1_118' title='bbox 1818 1593 1900 1645; x_wconf 81' lang='grc' dir='ltr'>ὅτι</span> 
     </span>
    </p>
   </div>
   <div class='ocr_carea' id='block_1_17' title="bbox 305 1679 1900 1752">
    <p class='ocr_par' dir='ltr' id='par_1_17' title="bbox 305 1679 1900 1752">
     <span class='ocr_line' id='line_1_17' title="bbox 305 1679 1900 1752; baseline 0.004 -24"><span class='ocrx_word' id='word_1_119' title='bbox 305 1681 417 1747; x_wconf 77' lang='grc' dir='ltr'><strong>πρὸ</strong></span> <span class='ocrx_word' id='word_1_120' title='bbox 461 1679 677 1732; x_wconf 80' lang='grc' dir='ltr'>πάντων</span> <span class='ocrx_word' id='word_1_121' title='bbox 711 1681 849 1746; x_wconf 73' lang='grc' dir='ltr'>ἐστὶ,</span> <span class='ocrx_word' id='word_1_122' title='bbox 895 1681 989 1734; x_wconf 82' lang='grc' dir='ltr'>καὶ</span> <span class='ocrx_word' id='word_1_123' title='bbox 1033 1682 1116 1734; x_wconf 85' lang='grc' dir='ltr'>ὃτι</span> <span class='ocrx_word' id='word_1_124' title='bbox 1146 1682 1214 1736; x_wconf 83' lang='grc' dir='ltr'><strong>τὰ</strong></span> <span class='ocrx_word' id='word_1_125' title='bbox 1247 1683 1423 1737; x_wconf 80' lang='grc' dir='ltr'>πάντα</span> <span class='ocrx_word' id='word_1_126' title='bbox 1465 1683 1797 1752; x_wconf 76' lang='grc' dir='ltr'><strong>συνέστηκεν</strong></span> <span class='ocrx_word' id='word_1_127' title='bbox 1841 1684 1900 1735; x_wconf 85' lang='grc' dir='ltr'>ὲν</span> 
     </span>
    </p>
   </div>
   <div class='ocr_carea' id='block_1_18' title="bbox 305 1765 1895 1842">
    <p class='ocr_par' dir='ltr' id='par_1_18' title="bbox 305 1765 1895 1842">
     <span class='ocr_line' id='line_1_18' title="bbox 305 1765 1895 1842; baseline 0.003 -23"><span class='ocrx_word' id='word_1_128' title='bbox 305 1766 486 1838; x_wconf 79' lang='grc' dir='ltr'>αὐτῷ’</span> <span class='ocrx_word' id='word_1_129' title='bbox 524 1771 616 1822; x_wconf 73' lang='grc' dir='ltr'>καὶ</span> <span class='ocrx_word' id='word_1_130' title='bbox 646 1770 808 1822; x_wconf 77' lang='grc' dir='ltr'>αὑτὸν</span> <span class='ocrx_word' id='word_1_131' title='bbox 835 1765 973 1825; x_wconf 81' lang='grc' dir='ltr'><strong>εἶναί</strong></span> <span class='ocrx_word' id='word_1_132' title='bbox 1019 1789 1151 1841; x_wconf 85' lang='grc' dir='ltr'>φησι</span> <span class='ocrx_word' id='word_1_133' title='bbox 1197 1773 1542 1842; x_wconf 85' lang='grc' dir='ltr'><strong>πρωτότοκον</strong></span> <span class='ocrx_word' id='word_1_134' title='bbox 1573 1773 1638 1824; x_wconf 82' lang='grc' dir='ltr'>ἐκ</span> <span class='ocrx_word' id='word_1_135' title='bbox 1667 1771 1895 1842; x_wconf 84' lang='grc' dir='ltr'>νεκρῶν,</span> 
     </span>
    </p>
   </div>
   <div class='ocr_carea' id='block_1_19' title="bbox 303 1859 1896 1934">
    <p class='ocr_par' dir='ltr' id='par_1_19' title="bbox 303 1859 1896 1934">
     <span class='ocr_line' id='line_1_19' title="bbox 303 1859 1896 1934; baseline 0.004 -26"><span class='ocrx_word' id='word_1_136' title='bbox 303 1859 803 1929; x_wconf 76' lang='grc' dir='ltr'>εἰρηνοποιήσαντα</span> <span class='ocrx_word' id='word_1_137' title='bbox 851 1862 938 1914; x_wconf 82' lang='grc' dir='ltr'><strong>διὰ</strong></span> <span class='ocrx_word' id='word_1_138' title='bbox 987 1862 1077 1915; x_wconf 87' lang='grc' dir='ltr'><strong>τοῦ</strong></span> <span class='ocrx_word' id='word_1_139' title='bbox 1131 1864 1363 1934; x_wconf 79' lang='grc' dir='ltr'>αἵματος</span> <span class='ocrx_word' id='word_1_140' title='bbox 1417 1863 1700 1929; x_wconf 83' lang='grc' dir='ltr'>αὑτοῦ,τόι</span> <span class='ocrx_word' id='word_1_141' title='bbox 1729 1880 1790 1916; x_wconf 82' lang='grc' dir='ltr'><strong>τε</strong></span> <span class='ocrx_word' id='word_1_142' title='bbox 1838 1863 1896 1915; x_wconf 81' lang='grc' dir='ltr'>ὲν</span> 
     </span>
    </p>
   </div>
   <div class='ocr_carea' id='block_1_20' title="bbox 2025 677 3619 753">
    <p class='ocr_par' dir='ltr' id='par_1_20' title="bbox 2025 677 3619 753">
     <span class='ocr_line' id='line_1_20' title="bbox 2025 677 3619 753; baseline -0.009 -14"><span class='ocrx_word' id='word_1_143' title='bbox 2025 686 2080 739; x_wconf 89' lang='lat' dir='ltr'><strong>in</strong></span> <span class='ocrx_word' id='word_1_144' title='bbox 2107 684 2225 753; x_wconf 84' lang='lat' dir='ltr'><strong>ipso</strong></span> <span class='ocrx_word' id='word_1_145' title='bbox 2247 689 2432 737; x_wconf 84' lang='lat' dir='ltr'><strong>creata</strong></span> <span class='ocrx_word' id='word_1_146' title='bbox 2466 687 2614 735; x_wconf 90' lang='lat' dir='ltr'><strong>sunt.</strong></span> <span class='ocrx_word' id='word_1_147' title='bbox 2645 678 2712 734; x_wconf 83' lang='lat' dir='ltr'><strong>Et</strong></span> <span class='ocrx_word' id='word_1_148' title='bbox 2741 677 2854 746; x_wconf 77' lang='lat' dir='ltr'><strong>ipse</strong></span> <span class='ocrx_word' id='word_1_149' title='bbox 2891 687 2976 732; x_wconf 89' lang='lat' dir='ltr'><strong>est</strong></span> <span class='ocrx_word' id='word_1_150' title='bbox 3009 683 3138 730; x_wconf 88' lang='lat' dir='ltr'><strong>ante</strong></span> <span class='ocrx_word' id='word_1_151' title='bbox 3180 687 3392 737; x_wconf 89' lang='lat' dir='ltr'><strong>omnes,</strong></span> <span class='ocrx_word' id='word_1_152' title='bbox 3418 681 3472 726; x_wconf 94' lang='lat' dir='ltr'><strong>et</strong></span> <span class='ocrx_word' id='word_1_153' title='bbox 3498 684 3619 725; x_wconf 84' lang='lat' dir='ltr'><strong>om-</strong></span> 
     </span>
    </p>
   </div>
   <div class='ocr_carea' id='block_1_21' title="bbox 2019 760 3617 842">
    <p class='ocr_par' dir='ltr' id='par_1_21' title="bbox 2019 760 3617 842">
     <span class='ocr_line' id='line_1_21' title="bbox 2019 760 3617 842; baseline -0.009 -11"><span class='ocrx_word' id='word_1_154' title='bbox 2019 776 2109 831; x_wconf 86' lang='lat' dir='ltr'><strong>nia</strong></span> <span class='ocrx_word' id='word_1_155' title='bbox 2169 775 2220 828; x_wconf 90' lang='lat' dir='ltr'><strong>in</strong></span> <span class='ocrx_word' id='word_1_156' title='bbox 2279 773 2406 842; x_wconf 88' lang='lat' dir='ltr'><strong>ipso</strong></span> <span class='ocrx_word' id='word_1_157' title='bbox 2438 778 2714 826; x_wconf 90' lang='lat' dir='ltr'><strong>constant.</strong></span> <span class='ocrx_word' id='word_1_158' title='bbox 2748 768 2810 823; x_wconf 81' lang='lat' dir='ltr'><strong>Et</strong></span> <span class='ocrx_word' id='word_1_159' title='bbox 2847 768 2961 836; x_wconf 90' lang='lat' dir='ltr'><strong>ipse</strong></span> <span class='ocrx_word' id='word_1_160' title='bbox 3014 775 3099 822; x_wconf 85' lang='lat' dir='ltr'><strong>est</strong></span> <span class='ocrx_word' id='word_1_161' title='bbox 3150 773 3314 833; x_wconf 90' lang='lat' dir='ltr'><strong>caput</strong></span> <span class='ocrx_word' id='word_1_162' title='bbox 3367 760 3617 830; x_wconf 84' lang='lat' dir='ltr'><strong>corporis</strong></span> 
     </span>
    </p>
   </div>
   <div class='ocr_carea' id='block_1_22' title="bbox 2015 850 3609 930">
    <p class='ocr_par' dir='ltr' id='par_1_22' title="bbox 2015 850 3609 930">
     <span class='ocr_line' id='line_1_22' title="bbox 2015 850 3609 930; baseline -0.008 -13"><span class='ocrx_word' id='word_1_163' title='bbox 2015 861 2293 926; x_wconf 61' lang='lat' dir='ltr'><strong>Ecclesiae,</strong></span> <span class='ocrx_word' id='word_1_164' title='bbox 2320 860 2409 930; x_wconf 86' lang='lat' dir='ltr'><strong>qui</strong></span> <span class='ocrx_word' id='word_1_165' title='bbox 2440 868 2522 914; x_wconf 88' lang='lat' dir='ltr'><strong>est</strong></span> <span class='ocrx_word' id='word_1_166' title='bbox 2549 857 2901 930; x_wconf 81' lang='lat' dir='ltr'><strong>principium,</strong></span> <span class='ocrx_word' id='word_1_167' title='bbox 2928 855 3324 926; x_wconf 76' lang='lat' dir='ltr'><strong>primogenitus</strong></span> <span class='ocrx_word' id='word_1_168' title='bbox 3358 850 3523 921; x_wconf 81' lang='lat'><strong>709</strong></span> <span class='ocrx_word' id='word_1_169' title='bbox 3543 864 3609 904; x_wconf 78' lang='lat' dir='ltr'><strong>ex</strong></span> 
     </span>
    </p>
   </div>
   <div class='ocr_carea' id='block_1_23' title="bbox 2016 949 3614 1018">
    <p class='ocr_par' dir='ltr' id='par_1_23' title="bbox 2016 949 3614 1018">
     <span class='ocr_line' id='line_1_23' title="bbox 2016 949 3614 1018; baseline -0.008 -10"><span class='ocrx_word' id='word_1_170' title='bbox 2016 953 2272 1017; x_wconf 88' lang='lat' dir='ltr'><strong>mortuis,</strong></span> <span class='ocrx_word' id='word_1_171' title='bbox 2319 963 2377 1006; x_wconf 91' lang='lat' dir='ltr'><strong>ut</strong></span> <span class='ocrx_word' id='word_1_172' title='bbox 2402 953 2474 1008; x_wconf 91' lang='lat' dir='ltr'><strong>sit</strong></span> <span class='ocrx_word' id='word_1_173' title='bbox 2523 953 2577 1005; x_wconf 90' lang='lat' dir='ltr'><strong>in</strong></span> <span class='ocrx_word' id='word_1_174' title='bbox 2617 950 2873 1006; x_wconf 91' lang='lat' dir='ltr'><strong>omnibus</strong></span> <span class='ocrx_word' id='word_1_175' title='bbox 2914 951 3028 1018; x_wconf 90' lang='lat' dir='ltr'><strong>ipse</strong></span> <span class='ocrx_word' id='word_1_176' title='bbox 3065 949 3360 1018; x_wconf 76' lang='lat' dir='ltr'><strong>primatum</strong></span> <span class='ocrx_word' id='word_1_177' title='bbox 3393 953 3614 998; x_wconf 88' lang='lat' dir='ltr'><strong>tenens.</strong></span> 
     </span>
    </p>
   </div>
   <div class='ocr_carea' id='block_1_24' title="bbox 2013 1035 3615 1116">
    <p class='ocr_par' dir='ltr' id='par_1_24' title="bbox 2013 1035 3615 1116">
     <span class='ocr_line' id='line_1_24' title="bbox 2013 1035 3615 1116; baseline -0.008 -16"><span class='ocrx_word' id='word_1_178' title='bbox 2013 1047 2147 1114; x_wconf 82' lang='lat' dir='ltr'><strong>Quia</strong></span> <span class='ocrx_word' id='word_1_179' title='bbox 2176 1047 2227 1101; x_wconf 93' lang='lat' dir='ltr'><strong>in</strong></span> <span class='ocrx_word' id='word_1_180' title='bbox 2262 1048 2377 1116; x_wconf 88' lang='lat' dir='ltr'><strong>ipso</strong></span> <span class='ocrx_word' id='word_1_181' title='bbox 2397 1044 2725 1114; x_wconf 73' lang='lat' dir='ltr'><strong>complacuit</strong></span> <span class='ocrx_word' id='word_1_182' title='bbox 2750 1057 2965 1096; x_wconf 89' lang='lat' dir='ltr'><strong>omnem</strong></span> <span class='ocrx_word' id='word_1_183' title='bbox 2999 1039 3386 1110; x_wconf 91' lang='lat' dir='ltr'><strong>plenitudinem</strong></span> <span class='ocrx_word' id='word_1_184' title='bbox 3425 1035 3615 1088; x_wconf 85' lang='lat' dir='ltr'><strong>divini-</strong></span> 
     </span>
    </p>
   </div>
   <div class='ocr_carea' id='block_1_25' title="bbox 2012 1126 3612 1204">
    <p class='ocr_par' dir='ltr' id='par_1_25' title="bbox 2012 1126 3612 1204">
     <span class='ocr_line' id='line_1_25' title="bbox 2012 1126 3612 1204; baseline -0.009 -11"><span class='ocrx_word' id='word_1_185' title='bbox 2012 1139 2140 1194; x_wconf 90' lang='lat' dir='ltr'><strong>tatis</strong></span> <span class='ocrx_word' id='word_1_186' title='bbox 2173 1137 2499 1200; x_wconf 83' lang='lat' dir='ltr'><strong>inhabitare,</strong></span> <span class='ocrx_word' id='word_1_187' title='bbox 2547 1146 2599 1190; x_wconf 89' lang='lat' dir='ltr'><strong>et</strong></span> <span class='ocrx_word' id='word_1_188' title='bbox 2649 1149 2744 1204; x_wconf 89' lang='lat' dir='ltr'><strong>per</strong></span> <span class='ocrx_word' id='word_1_189' title='bbox 2769 1149 2893 1186; x_wconf 89' lang='lat' dir='ltr'><strong>eum</strong></span> <span class='ocrx_word' id='word_1_190' title='bbox 2945 1129 3286 1186; x_wconf 77' lang='lat' dir='ltr'><strong>reconciliari</strong></span> <span class='ocrx_word' id='word_1_191' title='bbox 3326 1126 3509 1180; x_wconf 81' lang='lat' dir='ltr'><strong>omnia</strong></span> <span class='ocrx_word' id='word_1_192' title='bbox 3557 1126 3612 1179; x_wconf 91' lang='lat' dir='ltr'><strong>in</strong></span> 
     </span>
    </p>
   </div>
   <div class='ocr_carea' id='block_1_26' title="bbox 2011 1217 3614 1296">
    <p class='ocr_par' dir='ltr' id='par_1_26' title="bbox 2011 1217 3614 1296">
     <span class='ocr_line' id='line_1_26' title="bbox 2011 1217 3614 1296; baseline -0.009 -13"><span class='ocrx_word' id='word_1_193' title='bbox 2011 1229 2147 1296; x_wconf 86' lang='lat' dir='ltr'><strong>ipso,</strong></span> <span class='ocrx_word' id='word_1_194' title='bbox 2184 1226 2564 1296; x_wconf 82' lang='lat' dir='ltr'><strong>paciﬁcantem</strong></span> <span class='ocrx_word' id='word_1_195' title='bbox 2617 1239 2716 1294; x_wconf 88' lang='lat' dir='ltr'><strong>per</strong></span> <span class='ocrx_word' id='word_1_196' title='bbox 2771 1223 3089 1292; x_wconf 79' lang='lat' dir='ltr'><strong>sanguinem</strong></span> <span class='ocrx_word' id='word_1_197' title='bbox 3123 1220 3302 1274; x_wconf 81' lang='lat' dir='ltr'><strong>cruri-5</strong></span> <span class='ocrx_word' id='word_1_198' title='bbox 3345 1217 3463 1285; x_wconf 87' lang='lat' dir='ltr'><strong>ejus</strong></span> <span class='ocrx_word' id='word_1_199' title='bbox 3498 1217 3614 1269; x_wconf 82' lang='lat' dir='ltr'><strong>sive</strong></span> 
     </span>
    </p>
   </div>
   <div class='ocr_carea' id='block_1_27' title="bbox 2009 1305 3612 1388">
    <p class='ocr_par' dir='ltr' id='par_1_27' title="bbox 2009 1305 3612 1388">
     <span class='ocr_line' id='line_1_27' title="bbox 2009 1305 3612 1388; baseline -0.007 -15"><span class='ocrx_word' id='word_1_200' title='bbox 2009 1335 2129 1388; x_wconf 70' lang='lat' dir='ltr'><strong>qua:</strong></span> <span class='ocrx_word' id='word_1_201' title='bbox 2170 1319 2222 1372; x_wconf 92' lang='lat' dir='ltr'><strong>in</strong></span> <span class='ocrx_word' id='word_1_202' title='bbox 2275 1315 2457 1382; x_wconf 87' lang='lat' dir='ltr'><strong>terris,</strong></span> <span class='ocrx_word' id='word_1_203' title='bbox 2518 1317 2635 1370; x_wconf 89' lang='lat' dir='ltr'><strong>sive</strong></span> <span class='ocrx_word' id='word_1_204' title='bbox 2695 1331 2816 1385; x_wconf 70' lang='lat' dir='ltr'><strong>qua:</strong></span> <span class='ocrx_word' id='word_1_205' title='bbox 2863 1312 3097 1368; x_wconf 69' lang='lat' dir='ltr'><strong>iucaalis</strong></span> <span class='ocrx_word' id='word_1_206' title='bbox 3150 1321 3278 1365; x_wconf 90' lang='lat' dir='ltr'><strong>sunt</strong></span> <span class='ocrx_word' id='word_1_207' title='bbox 3309 1308 3374 1362; x_wconf 65' lang='grc' dir='ltr'><strong>ν’.</strong></span> <span class='ocrx_word' id='word_1_208' title='bbox 3416 1327 3435 1358; x_wconf 86' lang='grc'>›</span> <span class='ocrx_word' id='word_1_209' title='bbox 3472 1305 3612 1361; x_wconf 85' lang='lat' dir='ltr'><strong>Ecce</strong></span> 
     </span>
    </p>
   </div>
   <div class='ocr_carea' id='block_1_28' title="bbox 2007 1404 3613 1480">
    <p class='ocr_par' dir='ltr' id='par_1_28' title="bbox 2007 1404 3613 1480">
     <span class='ocr_line' id='line_1_28' title="bbox 2007 1404 3613 1480; baseline -0.006 -19"><span class='ocrx_word' id='word_1_210' title='bbox 2007 1425 2167 1480; x_wconf 85' lang='lat' dir='ltr'><strong>quam</strong></span> <span class='ocrx_word' id='word_1_211' title='bbox 2203 1419 2388 1478; x_wconf 86' lang='lat' dir='ltr'><strong>aperte</strong></span> <span class='ocrx_word' id='word_1_212' title='bbox 2420 1408 2582 1467; x_wconf 87' lang='lat' dir='ltr'><strong>dicat.</strong></span> <span class='ocrx_word' id='word_1_213' title='bbox 2613 1423 2710 1478; x_wconf 89' lang='lat' dir='ltr'><strong>per</strong></span> <span class='ocrx_word' id='word_1_214' title='bbox 2740 1408 2916 1476; x_wconf 85' lang='lat' dir='ltr'><strong>ipsum</strong></span> <span class='ocrx_word' id='word_1_215' title='bbox 2948 1415 3001 1459; x_wconf 89' lang='lat' dir='ltr'><strong>et</strong></span> <span class='ocrx_word' id='word_1_216' title='bbox 3037 1404 3089 1457; x_wconf 96' lang='lat' dir='ltr'><strong>in</strong></span> <span class='ocrx_word' id='word_1_217' title='bbox 3124 1405 3241 1471; x_wconf 87' lang='lat' dir='ltr'><strong>ipso</strong></span> <span class='ocrx_word' id='word_1_218' title='bbox 3273 1409 3452 1454; x_wconf 86' lang='lat' dir='ltr'><strong>creata</strong></span> <span class='ocrx_word' id='word_1_219' title='bbox 3490 1412 3613 1453; x_wconf 88' lang='lat' dir='ltr'><strong>esse</strong></span> 
     </span>
    </p>
   </div>
   <div class='ocr_carea' id='block_1_29' title="bbox 2005 1491 3611 1570">
    <p class='ocr_par' dir='ltr' id='par_1_29' title="bbox 2005 1491 3611 1570">
     <span class='ocr_line' id='line_1_29' title="bbox 2005 1491 3611 1570; baseline -0.009 -14"><span class='ocrx_word' id='word_1_220' title='bbox 2005 1502 2184 1556; x_wconf 83' lang='lat' dir='ltr'><strong>omnia</strong></span> <span class='ocrx_word' id='word_1_221' title='bbox 2218 1519 2232 1554; x_wconf 93' lang='lat'><strong>:</strong></span> <span class='ocrx_word' id='word_1_222' title='bbox 2259 1501 2510 1570; x_wconf 84' lang='lat' dir='ltr'><strong>quodque</strong></span> <span class='ocrx_word' id='word_1_223' title='bbox 2533 1511 2659 1554; x_wconf 80' lang='lat' dir='ltr'><strong>ante</strong></span> <span class='ocrx_word' id='word_1_224' title='bbox 2685 1512 2879 1554; x_wconf 88' lang='lat' dir='ltr'><strong>omnes</strong></span> <span class='ocrx_word' id='word_1_225' title='bbox 2901 1497 2994 1561; x_wconf 86' lang='lat' dir='ltr'><strong>sit,</strong></span> <span class='ocrx_word' id='word_1_226' title='bbox 3019 1504 3072 1550; x_wconf 92' lang='lat' dir='ltr'><strong>et</strong></span> <span class='ocrx_word' id='word_1_227' title='bbox 3102 1495 3244 1563; x_wconf 89' lang='lat' dir='ltr'><strong>quod</strong></span> <span class='ocrx_word' id='word_1_228' title='bbox 3265 1491 3446 1546; x_wconf 81' lang='lat' dir='ltr'><strong>omnia</strong></span> <span class='ocrx_word' id='word_1_229' title='bbox 3481 1505 3611 1544; x_wconf 87' lang='lat' dir='ltr'><strong>cou-</strong></span> 
     </span>
    </p>
   </div>
   <div class='ocr_carea' id='block_1_30' title="bbox 2004 1580 3607 1659">
    <p class='ocr_par' dir='ltr' id='par_1_30' title="bbox 2004 1580 3607 1659">
     <span class='ocr_line' id='line_1_30' title="bbox 2004 1580 3607 1659; baseline -0.009 -12"><span class='ocrx_word' id='word_1_230' title='bbox 2004 1599 2150 1647; x_wconf 83' lang='lat' dir='ltr'><strong>stant</strong></span> <span class='ocrx_word' id='word_1_231' title='bbox 2187 1591 2239 1646; x_wconf 92' lang='lat' dir='ltr'><strong>in</strong></span> <span class='ocrx_word' id='word_1_232' title='bbox 2271 1590 2405 1659; x_wconf 89' lang='lat' dir='ltr'><strong>ipso.</strong></span> <span class='ocrx_word' id='word_1_233' title='bbox 2442 1589 2713 1645; x_wconf 63' lang='lat' dir='ltr'><strong>Prmterea</strong></span> <span class='ocrx_word' id='word_1_234' title='bbox 2761 1588 2892 1643; x_wconf 86' lang='lat' dir='ltr'><strong>dicit</strong></span> <span class='ocrx_word' id='word_1_235' title='bbox 2922 1587 3094 1656; x_wconf 87' lang='lat' dir='ltr'><strong>ipsum</strong></span> <span class='ocrx_word' id='word_1_236' title='bbox 3131 1599 3253 1638; x_wconf 86' lang='lat' dir='ltr'><strong>esse</strong></span> <span class='ocrx_word' id='word_1_237' title='bbox 3274 1580 3607 1653; x_wconf 79' lang='lat' dir='ltr'><strong>primogeni-</strong></span> 
     </span>
    </p>
   </div>
   <div class='ocr_carea' id='block_1_31' title="bbox 2005 1673 3605 1750">
    <p class='ocr_par' dir='ltr' id='par_1_31' title="bbox 2005 1673 3605 1750">
     <span class='ocr_line' id='line_1_31' title="bbox 2005 1673 3605 1750; baseline -0.008 -12"><span class='ocrx_word' id='word_1_238' title='bbox 2005 1694 2114 1738; x_wconf 86' lang='lat' dir='ltr'><strong>tum</strong></span> <span class='ocrx_word' id='word_1_239' title='bbox 2148 1698 2214 1738; x_wconf 72' lang='grc' dir='ltr'>ει</span> <span class='ocrx_word' id='word_1_240' title='bbox 2257 1682 2509 1744; x_wconf 86' lang='lat' dir='ltr'><strong>mortuis,</strong></span> <span class='ocrx_word' id='word_1_241' title='bbox 2548 1681 2796 1750; x_wconf 88' lang='lat' dir='ltr'><strong>quodque</strong></span> <span class='ocrx_word' id='word_1_242' title='bbox 2833 1677 3139 1749; x_wconf 81' lang='lat' dir='ltr'><strong>paciﬁcarit</strong></span> <span class='ocrx_word' id='word_1_243' title='bbox 3174 1690 3270 1746; x_wconf 88' lang='lat' dir='ltr'><strong>per</strong></span> <span class='ocrx_word' id='word_1_244' title='bbox 3287 1673 3605 1743; x_wconf 76' lang='lat' dir='ltr'><strong>sanguinem</strong></span> 
     </span>
    </p>
   </div>
   <div class='ocr_carea' id='block_1_32' title="bbox 2004 1765 3607 1843">
    <p class='ocr_par' dir='ltr' id='par_1_32' title="bbox 2004 1765 3607 1843">
     <span class='ocr_line' id='line_1_32' title="bbox 2004 1765 3607 1843; baseline -0.007 -14"><span class='ocrx_word' id='word_1_245' title='bbox 2004 1789 2161 1829; x_wconf 87' lang='lat' dir='ltr'><strong>suum</strong></span> <span class='ocrx_word' id='word_1_246' title='bbox 2210 1787 2545 1843; x_wconf 63' lang='lat' dir='ltr'><strong>quaecunque</strong></span> <span class='ocrx_word' id='word_1_247' title='bbox 2574 1772 2629 1826; x_wconf 90' lang='lat' dir='ltr'><strong>in</strong></span> <span class='ocrx_word' id='word_1_248' title='bbox 2659 1769 2815 1825; x_wconf 70' lang='lat' dir='ltr'><strong>easlis</strong></span> <span class='ocrx_word' id='word_1_249' title='bbox 2855 1777 3002 1832; x_wconf 90' lang='lat' dir='ltr'><strong>sunt,</strong></span> <span class='ocrx_word' id='word_1_250' title='bbox 3055 1776 3112 1821; x_wconf 90' lang='lat' dir='ltr'><strong>et</strong></span> <span class='ocrx_word' id='word_1_251' title='bbox 3162 1778 3498 1835; x_wconf 59' lang='lat' dir='ltr'><strong>quacunque</strong></span> <span class='ocrx_word' id='word_1_252' title='bbox 3553 1765 3607 1817; x_wconf 83' lang='lat' dir='ltr'><strong>iii</strong></span> 
     </span>
    </p>
   </div>
   <div class='ocr_carea' id='block_1_33' title="bbox 2005 1856 3604 1934">
    <p class='ocr_par' dir='ltr' id='par_1_33' title="bbox 2005 1856 3604 1934">
     <span class='ocr_line' id='line_1_33' title="bbox 2005 1856 3604 1934; baseline -0.006 -15"><span class='ocrx_word' id='word_1_253' title='bbox 2005 1866 2185 1920; x_wconf 88' lang='lat' dir='ltr'><strong>terris.</strong></span> <span class='ocrx_word' id='word_1_254' title='bbox 2250 1865 2412 1934; x_wconf 83' lang='lat' dir='ltr'><strong>Atqui</strong></span> <span class='ocrx_word' id='word_1_255' title='bbox 2462 1865 2584 1934; x_wconf 87' lang='lat' dir='ltr'><strong>quis</strong></span> <span class='ocrx_word' id='word_1_256' title='bbox 2641 1872 2728 1918; x_wconf 91' lang='lat' dir='ltr'><strong>est</strong></span> <span class='ocrx_word' id='word_1_257' title='bbox 2784 1861 3179 1932; x_wconf 72' lang='lat' dir='ltr'><strong>primogenitus</strong></span> <span class='ocrx_word' id='word_1_258' title='bbox 3236 1874 3304 1912; x_wconf 83' lang='lat' dir='ltr'><strong>ex</strong></span> <span class='ocrx_word' id='word_1_259' title='bbox 3349 1856 3604 1918; x_wconf 81' lang='lat' dir='ltr'><strong>mortuis,</strong></span> 
     </span>
    </p>
   </div>
   <div class='ocr_carea' id='block_1_34' title="bbox 300 1939 1893 2027">
    <p class='ocr_par' dir='ltr' id='par_1_34' title="bbox 300 1951 1893 2027">
     <span class='ocr_line' id='line_1_34' title="bbox 300 1951 1893 2027; baseline 0.005 -27"><span class='ocrx_word' id='word_1_260' title='bbox 300 1953 418 2012; x_wconf 82' lang='grc' dir='ltr'>τοῖς</span> <span class='ocrx_word' id='word_1_261' title='bbox 445 1951 713 2020; x_wconf 77' lang='grc' dir='ltr'><strong>οὐρανοῖς,</strong></span> <span class='ocrx_word' id='word_1_262' title='bbox 750 1956 842 2006; x_wconf 80' lang='grc' dir='ltr'><strong>καὶ</strong></span> <span class='ocrx_word' id='word_1_263' title='bbox 875 1955 943 2008; x_wconf 84' lang='grc' dir='ltr'>τὰ</span> <span class='ocrx_word' id='word_1_264' title='bbox 974 1957 1064 2009; x_wconf 74' lang='grc' dir='ltr'><strong>ἐπὶ</strong></span> <span class='ocrx_word' id='word_1_265' title='bbox 1088 1957 1186 2024; x_wconf 85' lang='grc' dir='ltr'><strong>τῆς</strong></span> <span class='ocrx_word' id='word_1_266' title='bbox 1217 1957 1340 2027; x_wconf 75' lang='grc' dir='ltr'>γῆς.</span> <span class='ocrx_word' id='word_1_267' title='bbox 1376 1953 1509 2010; x_wconf 79' lang='grc' dir='ltr'>Εἶτα</span> <span class='ocrx_word' id='word_1_268' title='bbox 1537 1956 1617 2019; x_wconf 81' lang='grc' dir='ltr'><strong>τίς</strong></span> <span class='ocrx_word' id='word_1_269' title='bbox 1649 1959 1677 2009; x_wconf 97' lang='lat'><strong>6</strong></span> <span class='ocrx_word' id='word_1_270' title='bbox 1717 1959 1780 2009; x_wconf 75' lang='grc' dir='ltr'>ἐκ</span> <span class='ocrx_word' id='word_1_271' title='bbox 1810 1972 1893 2009; x_wconf 87' lang='grc' dir='ltr'>νε-</span> 
     </span>
    </p>
   </div>
   <div class='ocr_carea' id='block_1_35' title="bbox 2001 1939 3608 2027">
    <p class='ocr_par' dir='ltr' id='par_1_35' title="bbox 2006 1951 3608 2020">
     <span class='ocr_line' id='line_1_35' title="bbox 2006 1951 3608 2020; baseline -0.007 -9"><span class='ocrx_word' id='word_1_272' title='bbox 2006 1958 2110 2012; x_wconf 91' lang='lat' dir='ltr'><strong>nisi</strong></span> <span class='ocrx_word' id='word_1_273' title='bbox 2163 1957 2412 2010; x_wconf 82' lang='lat' dir='ltr'><strong>Christus</strong></span> <span class='ocrx_word' id='word_1_274' title='bbox 2441 1955 2620 2020; x_wconf 82' lang='lat' dir='ltr'><strong>Jesus,</strong></span> <span class='ocrx_word' id='word_1_275' title='bbox 2659 1955 2762 2010; x_wconf 87' lang='lat' dir='ltr'><strong>hoc</strong></span> <span class='ocrx_word' id='word_1_276' title='bbox 2808 1963 2912 2019; x_wconf 89' lang='lat' dir='ltr'><strong>est,</strong></span> <span class='ocrx_word' id='word_1_277' title='bbox 2976 1951 3212 2008; x_wconf 70' lang='lat' dir='ltr'><strong>Verbum</strong></span> <span class='ocrx_word' id='word_1_278' title='bbox 3264 1952 3319 2004; x_wconf 93' lang='lat' dir='ltr'><strong>in</strong></span> <span class='ocrx_word' id='word_1_279' title='bbox 3353 1963 3518 2003; x_wconf 88' lang='lat' dir='ltr'><strong>carne</strong></span> <span class='ocrx_word' id='word_1_280' title='bbox 3551 1959 3608 2001; x_wconf 88' lang='lat' dir='ltr'><strong>et</strong></span> 
     </span>
    </p>
   </div>
   <div class='ocr_carea' id='block_1_36' title="bbox 301 2039 1895 2117">
    <p class='ocr_par' dir='ltr' id='par_1_36' title="bbox 301 2039 1895 2117">
     <span class='ocr_line' id='line_1_36' title="bbox 301 2039 1895 2117; baseline 0.005 -27"><span class='ocrx_word' id='word_1_281' title='bbox 301 2039 456 2109; x_wconf 86' lang='grc' dir='ltr'>κρῶν</span> <span class='ocrx_word' id='word_1_282' title='bbox 483 2044 850 2110; x_wconf 82' lang='grc' dir='ltr'>πρωτότοκος,</span> <span class='ocrx_word' id='word_1_283' title='bbox 882 2048 929 2098; x_wconf 81' lang='grc' dir='ltr'>εἰ</span> <span class='ocrx_word' id='word_1_284' title='bbox 958 2047 1032 2116; x_wconf 83' lang='grc' dir='ltr'><strong>μὴ</strong></span> <span class='ocrx_word' id='word_1_285' title='bbox 1065 2047 1296 2117; x_wconf 82' lang='grc' dir='ltr'>Χριστὸς</span> <span class='ocrx_word' id='word_1_286' title='bbox 1337 2046 1566 2116; x_wconf 82' lang='grc' dir='ltr'>Ἰησοῦς,</span> <span class='ocrx_word' id='word_1_287' title='bbox 1595 2047 1895 2109; x_wconf 77' lang='grc' dir='ltr'>τουτέστιν,</span> 
     </span>
    </p>
   </div>
   <div class='ocr_carea' id='block_1_37' title="bbox 299 2131 1898 2208">
    <p class='ocr_par' dir='ltr' id='par_1_37' title="bbox 299 2131 1898 2208">
     <span class='ocr_line' id='line_1_37' title="bbox 299 2131 1898 2208; baseline 0.004 -27"><span class='ocrx_word' id='word_1_288' title='bbox 299 2131 361 2182; x_wconf 73' lang='grc' dir='ltr'>ὲν</span> <span class='ocrx_word' id='word_1_289' title='bbox 402 2132 566 2200; x_wconf 74' lang='grc' dir='ltr'>σαρκὶ</span> <span class='ocrx_word' id='word_1_290' title='bbox 601 2133 697 2185; x_wconf 80' lang='grc' dir='ltr'>καὶ</span> <span class='ocrx_word' id='word_1_291' title='bbox 747 2133 884 2203; x_wconf 86' lang='grc' dir='ltr'>μετὰ</span> <span class='ocrx_word' id='word_1_292' title='bbox 934 2135 1137 2206; x_wconf 85' lang='grc' dir='ltr'>σαρκὸς</span> <span class='ocrx_word' id='word_1_293' title='bbox 1184 2139 1213 2188; x_wconf 89' lang='lat'><strong>6</strong></span> <span class='ocrx_word' id='word_1_294' title='bbox 1245 2139 1451 2204; x_wconf 75' lang='grc' dir='ltr'>Λόγοςς</span> <span class='ocrx_word' id='word_1_295' title='bbox 1509 2135 1741 2206; x_wconf 74' lang='grc' dir='ltr'>Τεθναὶη</span> <span class='ocrx_word' id='word_1_296' title='bbox 1790 2136 1898 2208; x_wconf 73' lang='grc' dir='ltr'><strong>γὰρ</strong></span> 
     </span>
    </p>
   </div>
   <div class='ocr_carea' id='block_1_38' title="bbox 297 2219 1899 2295">
    <p class='ocr_par' dir='ltr' id='par_1_38' title="bbox 297 2219 1899 2295">
     <span class='ocr_line' id='line_1_38' title="bbox 297 2219 1899 2295; baseline 0.004 -21"><span class='ocrx_word' id='word_1_297' title='bbox 297 2219 369 2274; x_wconf 77' lang='grc' dir='ltr'><strong>ἂν</strong></span> <span class='ocrx_word' id='word_1_298' title='bbox 398 2221 516 2274; x_wconf 71' lang='grc' dir='ltr'>οὔτι</span> <span class='ocrx_word' id='word_1_299' title='bbox 547 2241 648 2275; x_wconf 85' lang='grc' dir='ltr'><strong>που</strong></span> <span class='ocrx_word' id='word_1_300' title='bbox 675 2224 808 2288; x_wconf 84' lang='grc' dir='ltr'><strong>Θεὸς</strong></span> <span class='ocrx_word' id='word_1_301' title='bbox 837 2225 910 2278; x_wconf 86' lang='grc' dir='ltr'>ὦν</span> <span class='ocrx_word' id='word_1_302' title='bbox 937 2230 964 2279; x_wconf 91' lang='lat'><strong>6</strong></span> <span class='ocrx_word' id='word_1_303' title='bbox 993 2228 1182 2295; x_wconf 81' lang='grc' dir='ltr'>Λόγος,</span> <span class='ocrx_word' id='word_1_304' title='bbox 1217 2228 1324 2281; x_wconf 80' lang='grc' dir='ltr'>οὐδ’</span> <span class='ocrx_word' id='word_1_305' title='bbox 1349 2227 1413 2281; x_wconf 83' lang='grc' dir='ltr'>ἂν</span> <span class='ocrx_word' id='word_1_306' title='bbox 1439 2231 1609 2282; x_wconf 82' lang='grc' dir='ltr'>νοοῖτο</span> <span class='ocrx_word' id='word_1_307' title='bbox 1630 2228 1741 2280; x_wconf 85' lang='grc' dir='ltr'><strong>τῶν</strong></span> <span class='ocrx_word' id='word_1_308' title='bbox 1762 2228 1899 2280; x_wconf 81' lang='grc' dir='ltr'>ὅλων</span> 
     </span>
    </p>
   </div>
   <div class='ocr_carea' id='block_1_39' title="bbox 294 2310 1898 2390">
    <p class='ocr_par' dir='ltr' id='par_1_39' title="bbox 294 2310 1898 2390">
     <span class='ocr_line' id='line_1_39' title="bbox 294 2310 1898 2390; baseline 0.007 -27"><span class='ocrx_word' id='word_1_309' title='bbox 294 2310 638 2383; x_wconf 82' lang='grc' dir='ltr'>δημιουργὸς</span> <span class='ocrx_word' id='word_1_310' title='bbox 678 2315 800 2368; x_wconf 87' lang='grc' dir='ltr'>καθ’</span> <span class='ocrx_word' id='word_1_311' title='bbox 849 2319 998 2387; x_wconf 73' lang='grc' dir='ltr'>ἡμᾶς</span> <span class='ocrx_word' id='word_1_312' title='bbox 1040 2317 1115 2370; x_wconf 87' lang='grc' dir='ltr'>ὣν</span> <span class='ocrx_word' id='word_1_313' title='bbox 1167 2319 1476 2390; x_wconf 79' lang='grc' dir='ltr'>ἄνθρωπος,</span> <span class='ocrx_word' id='word_1_314' title='bbox 1525 2322 1572 2371; x_wconf 79' lang='grc' dir='ltr'>εὶ</span> <span class='ocrx_word' id='word_1_315' title='bbox 1624 2319 1698 2390; x_wconf 81' lang='grc' dir='ltr'><strong>μὴ</strong></span> <span class='ocrx_word' id='word_1_316' title='bbox 1747 2320 1898 2388; x_wconf 85' lang='grc' dir='ltr'>δεδη-</span> 
     </span>
    </p>
   </div>
   <div class='ocr_carea' id='block_1_40' title="bbox 299 2403 1899 2482">
    <p class='ocr_par' dir='ltr' id='par_1_40' title="bbox 299 2403 1899 2482">
     <span class='ocr_line' id='line_1_40' title="bbox 299 2403 1899 2482; baseline 0.013 -28"><span class='ocrx_word' id='word_1_317' title='bbox 299 2403 612 2476; x_wconf 81' lang='grc' dir='ltr'>μιούργηκε</span> <span class='ocrx_word' id='word_1_318' title='bbox 665 2407 766 2475; x_wconf 85' lang='grc' dir='ltr'>μὲν</span> <span class='ocrx_word' id='word_1_319' title='bbox 813 2409 888 2473; x_wconf 86' lang='grc' dir='ltr'>ὠς</span> <span class='ocrx_word' id='word_1_320' title='bbox 935 2410 1087 2473; x_wconf 77' lang='grc' dir='ltr'>Θεὸς,</span> <span class='ocrx_word' id='word_1_321' title='bbox 1135 2411 1230 2464; x_wconf 76' lang='grc' dir='ltr'><strong>καὶ</strong></span> <span class='ocrx_word' id='word_1_322' title='bbox 1282 2414 1330 2464; x_wconf 78' lang='grc' dir='ltr'>εὶ</span> <span class='ocrx_word' id='word_1_323' title='bbox 1387 2413 1462 2481; x_wconf 85' lang='grc' dir='ltr'><strong>μὴ</strong></span> <span class='ocrx_word' id='word_1_324' title='bbox 1510 2412 1632 2480; x_wconf 76' lang='grc' dir='ltr'>δίχα</span> <span class='ocrx_word' id='word_1_325' title='bbox 1690 2411 1899 2482; x_wconf 76' lang='grc' dir='ltr'>σαρκὸς</span> 
     </span>
    </p>
   </div>
   <div class='ocr_carea' id='block_1_41' title="bbox 295 2496 1898 2572">
    <p class='ocr_par' dir='ltr' id='par_1_41' title="bbox 295 2496 1898 2572">
     <span class='ocr_line' id='line_1_41' title="bbox 295 2496 1898 2572; baseline 0.007 -27"><span class='ocrx_word' id='word_1_326' title='bbox 295 2497 476 2547; x_wconf 87' lang='grc' dir='ltr'>νοοῖτο</span> <span class='ocrx_word' id='word_1_327' title='bbox 513 2496 654 2565; x_wconf 79' lang='grc' dir='ltr'>μετὰ</span> <span class='ocrx_word' id='word_1_328' title='bbox 686 2498 784 2567; x_wconf 79' lang='grc' dir='ltr'>τὴν</span> <span class='ocrx_word' id='word_1_329' title='bbox 818 2499 1033 2553; x_wconf 73' lang='grc' dir='ltr'>ἕνωσιν.</span> <span class='ocrx_word' id='word_1_330' title='bbox 1069 2503 1418 2572; x_wconf 85' lang='grc' dir='ltr'>Πρωτότοκος</span> <span class='ocrx_word' id='word_1_331' title='bbox 1466 2504 1522 2555; x_wconf 84' lang='grc' dir='ltr'><strong>δὲ</strong></span> <span class='ocrx_word' id='word_1_332' title='bbox 1567 2505 1660 2556; x_wconf 75' lang='grc' dir='ltr'><strong>καὶ</strong></span> <span class='ocrx_word' id='word_1_333' title='bbox 1701 2506 1766 2557; x_wconf 88' lang='grc' dir='ltr'>ὲκ</span> <span class='ocrx_word' id='word_1_334' title='bbox 1809 2522 1898 2557; x_wconf 87' lang='grc' dir='ltr'>νε-</span> 
     </span>
    </p>
   </div>
   <div class='ocr_carea' id='block_1_42' title="bbox 297 2583 1898 2661">
    <p class='ocr_par' dir='ltr' id='par_1_42' title="bbox 297 2583 1898 2661">
     <span class='ocr_line' id='line_1_42' title="bbox 297 2583 1898 2661; baseline 0.009 -28"><span class='ocrx_word' id='word_1_335' title='bbox 297 2583 473 2651; x_wconf 76' lang='grc' dir='ltr'>κρῶν,</span> <span class='ocrx_word' id='word_1_336' title='bbox 527 2586 661 2638; x_wconf 83' lang='grc' dir='ltr'>καθὸ</span> <span class='ocrx_word' id='word_1_337' title='bbox 703 2589 941 2659; x_wconf 82' lang='grc' dir='ltr'>πέφηνεν</span> <span class='ocrx_word' id='word_1_338' title='bbox 994 2591 1299 2661; x_wconf 82' lang='grc' dir='ltr'>ἄνθρωπος,</span> <span class='ocrx_word' id='word_1_339' title='bbox 1355 2593 1456 2646; x_wconf 77' lang='grc' dir='ltr'>οὐκ</span> <span class='ocrx_word' id='word_1_340' title='bbox 1508 2593 1799 2647; x_wconf 63' lang='grc' dir='ltr'>ἀποϐαλὼν</span> <span class='ocrx_word' id='word_1_341' title='bbox 1836 2597 1898 2648; x_wconf 89' lang='grc' dir='ltr'><strong>τὸ</strong></span> 
     </span>
    </p>
   </div>
   <div class='ocr_carea' id='block_1_43' title="bbox 291 2670 1898 2757">
    <p class='ocr_par' dir='ltr' id='par_1_43' title="bbox 291 2670 1898 2757">
     <span class='ocr_line' id='line_1_43' title="bbox 291 2670 1898 2757; baseline 0.007 -29"><span class='ocrx_word' id='word_1_342' title='bbox 291 2670 440 2728; x_wconf 71' lang='grc' dir='ltr'>εἶναι</span> <span class='ocrx_word' id='word_1_343' title='bbox 486 2675 640 2742; x_wconf 81' lang='grc' dir='ltr'>Θεὸς,</span> <span class='ocrx_word' id='word_1_344' title='bbox 690 2678 777 2733; x_wconf 68' lang='grc' dir='ltr'><strong>διὰ</strong></span> <span class='ocrx_word' id='word_1_345' title='bbox 807 2679 907 2750; x_wconf 78' lang='grc' dir='ltr'>τὴν</span> <span class='ocrx_word' id='word_1_346' title='bbox 952 2682 1384 2754; x_wconf 84' lang='grc' dir='ltr'>ὲνανθρώπησιν.</span> <span class='ocrx_word' id='word_1_347' title='bbox 1434 2685 1547 2738; x_wconf 82' lang='grc' dir='ltr'>Οἴει</span> <span class='ocrx_word' id='word_1_348' title='bbox 1594 2702 1647 2738; x_wconf 89' lang='grc' dir='ltr'><strong>τι</strong></span> <span class='ocrx_word' id='word_1_349' title='bbox 1699 2687 1898 2757; x_wconf 82' lang='grc' dir='ltr'>χρῆναι</span> 
     </span>
    </p>
   </div>
   <div class='ocr_carea' id='block_1_44' title="bbox 292 2764 840 2840">
    <p class='ocr_par' dir='ltr' id='par_1_44' title="bbox 292 2764 840 2840">
     <span class='ocr_line' id='line_1_44' title="bbox 292 2764 840 2840; baseline 0.005 -23"><span class='ocrx_word' id='word_1_350' title='bbox 292 2764 509 2828; x_wconf 76' lang='grc' dir='ltr'>τούτοις</span> <span class='ocrx_word' id='word_1_351' title='bbox 541 2769 801 2840; x_wconf 80' lang='grc' dir='ltr'>ἐπιτιμᾷν</span> <span class='ocrx_word' id='word_1_352' title='bbox 827 2789 840 2836; x_wconf 88' lang='grc'>;</span> 
     </span>
    </p>
   </div>
   <div class='ocr_carea' id='block_1_45' title="bbox 369 2881 957 2940">
    <p class='ocr_par' dir='ltr' id='par_1_45' title="bbox 369 2881 957 2940">
     <span class='ocr_line' id='line_1_45' title="bbox 369 2881 957 2940; baseline 0.014 -8"><span class='ocrx_word' id='word_1_353' title='bbox 369 2881 431 2936; x_wconf 88' lang='grc' dir='ltr'><strong>Β.</strong></span> <span class='ocrx_word' id='word_1_354' title='bbox 475 2882 599 2935; x_wconf 76' lang='grc' dir='ltr'>Οὐδ’</span> <span class='ocrx_word' id='word_1_355' title='bbox 633 2884 957 2940; x_wconf 78' lang='grc' dir='ltr'>ὁπωστιοῦν.</span> 
     </span>
    </p>
   </div>
   <div class='ocr_carea' id='block_1_46' title="bbox 365 2994 1898 3070">
    <p class='ocr_par' dir='ltr' id='par_1_46' title="bbox 365 2994 1898 3070">
     <span class='ocr_line' id='line_1_46' title="bbox 365 2994 1898 3070; baseline 0.007 -22"><span class='ocrx_word' id='word_1_356' title='bbox 365 2997 432 3050; x_wconf 85' lang='grc' dir='ltr'><strong>Λ.</strong></span> <span class='ocrx_word' id='word_1_357' title='bbox 479 2994 636 3059; x_wconf 83' lang='grc' dir='ltr'>Ἴδοις</span> <span class='ocrx_word' id='word_1_358' title='bbox 676 2997 721 3049; x_wconf 85' lang='grc' dir='ltr'><strong>δ’</strong></span> <span class='ocrx_word' id='word_1_359' title='bbox 750 2996 816 3050; x_wconf 83' lang='grc' dir='ltr'><strong>ἂν</strong></span> <span class='ocrx_word' id='word_1_360' title='bbox 847 2998 938 3051; x_wconf 71' lang='grc' dir='ltr'><strong>καὶ</strong></span> <span class='ocrx_word' id='word_1_361' title='bbox 969 2999 1197 3070; x_wconf 80' lang='grc' dir='ltr'>ἑτέρωθι</span> <span class='ocrx_word' id='word_1_362' title='bbox 1231 3001 1319 3056; x_wconf 77' lang='grc' dir='ltr'><strong>διὰ</strong></span> <span class='ocrx_word' id='word_1_363' title='bbox 1361 3003 1469 3056; x_wconf 81' lang='grc' dir='ltr'>τῶν</span> <span class='ocrx_word' id='word_1_364' title='bbox 1503 3003 1682 3057; x_wconf 77' lang='grc' dir='ltr'>αὐτῶν</span> <span class='ocrx_word' id='word_1_365' title='bbox 1719 3005 1898 3070; x_wconf 82' lang='grc' dir='ltr'>ἰόντας</span> 
     </span>
    </p>
   </div>
   <div class='ocr_carea' id='block_1_47' title="bbox 290 3086 1898 3167">
    <p class='ocr_par' dir='ltr' id='par_1_47' title="bbox 290 3086 1898 3167">
     <span class='ocr_line' id='line_1_47' title="bbox 290 3086 1898 3167; baseline 0.007 -27"><span class='ocrx_word' id='word_1_366' title='bbox 290 3086 473 3156; x_wconf 75' lang='grc' dir='ltr'>λόγων</span> <span class='ocrx_word' id='word_1_367' title='bbox 502 3088 625 3152; x_wconf 83' lang='grc' dir='ltr'>τοὺς</span> <span class='ocrx_word' id='word_1_368' title='bbox 656 3092 1151 3162; x_wconf 75' lang='grc' dir='ltr'>πνευματοφόρους.</span> <span class='ocrx_word' id='word_1_369' title='bbox 1198 3094 1448 3164; x_wconf 78' lang='grc' dir='ltr'>Ἰωάννης</span> <span class='ocrx_word' id='word_1_370' title='bbox 1482 3096 1579 3167; x_wconf 82' lang='grc' dir='ltr'>μὲν</span> <span class='ocrx_word' id='word_1_371' title='bbox 1607 3100 1736 3167; x_wconf 77' lang='grc' dir='ltr'>γὰρ,</span> <span class='ocrx_word' id='word_1_372' title='bbox 1768 3118 1784 3149; x_wconf 80' lang='grc' dir='ltr'><strong>ι</strong></span> <span class='ocrx_word' id='word_1_373' title='bbox 1811 3099 1898 3151; x_wconf 85' lang='grc' dir='ltr'>Ἐν</span> 
     </span>
    </p>
   </div>
   <div class='ocr_carea' id='block_1_48' title="bbox 289 3178 1898 3260">
    <p class='ocr_par' dir='ltr' id='par_1_48' title="bbox 289 3178 1898 3260">
     <span class='ocr_line' id='line_1_48' title="bbox 289 3178 1898 3260; baseline 0.007 -29"><span class='ocrx_word' id='word_1_374' title='bbox 289 3179 462 3249; x_wconf 81' lang='grc' dir='ltr'>ἀρχῇ,</span> <span class='ocrx_word' id='word_1_375' title='bbox 496 3180 682 3250; x_wconf 68' lang='grc' dir='ltr'>φησιν,</span> <span class='ocrx_word' id='word_1_376' title='bbox 716 3182 744 3233; x_wconf 97' lang='lat'><strong>6</strong></span> <span class='ocrx_word' id='word_1_377' title='bbox 784 3182 956 3250; x_wconf 83' lang='grc' dir='ltr'>Λόγος</span> <span class='ocrx_word' id='word_1_378' title='bbox 986 3178 1074 3253; x_wconf 81' lang='grc' dir='ltr'>ἦν,</span> <span class='ocrx_word' id='word_1_379' title='bbox 1114 3185 1208 3238; x_wconf 74' lang='grc' dir='ltr'>καὶ</span> <span class='ocrx_word' id='word_1_380' title='bbox 1249 3187 1276 3238; x_wconf 91' lang='grc' dir='ltr'><strong>ό</strong></span> <span class='ocrx_word' id='word_1_381' title='bbox 1318 3187 1490 3255; x_wconf 80' lang='grc' dir='ltr'>Λόγος</span> <span class='ocrx_word' id='word_1_382' title='bbox 1537 3185 1605 3260; x_wconf 77' lang='grc' dir='ltr'>ἦν</span> <span class='ocrx_word' id='word_1_383' title='bbox 1639 3191 1776 3259; x_wconf 86' lang='grc' dir='ltr'>πρὸς</span> <span class='ocrx_word' id='word_1_384' title='bbox 1805 3189 1898 3242; x_wconf 84' lang='grc' dir='ltr'><strong>τὸν</strong></span> 
     </span>
    </p>
   </div>
   <div class='ocr_carea' id='block_1_49' title="bbox 2001 2041 3606 2116">
    <p class='ocr_par' dir='ltr' id='par_1_49' title="bbox 2001 2041 3606 2116">
     <span class='ocr_line' id='line_1_49' title="bbox 2001 2041 3606 2116; baseline -0.006 -13"><span class='ocrx_word' id='word_1_385' title='bbox 2001 2065 2122 2103; x_wconf 89' lang='lat' dir='ltr'><strong>cum</strong></span> <span class='ocrx_word' id='word_1_386' title='bbox 2151 2064 2316 2103; x_wconf 86' lang='lat' dir='ltr'><strong>carne</strong></span> <span class='ocrx_word' id='word_1_387' title='bbox 2339 2049 2362 2101; x_wconf 89' lang='lat'><strong>?</strong></span> <span class='ocrx_word' id='word_1_388' title='bbox 2386 2047 2573 2116; x_wconf 86' lang='lat' dir='ltr'><strong>Neque</strong></span> <span class='ocrx_word' id='word_1_389' title='bbox 2601 2048 2747 2102; x_wconf 90' lang='lat' dir='ltr'><strong>enim</strong></span> <span class='ocrx_word' id='word_1_390' title='bbox 2798 2046 2936 2100; x_wconf 87' lang='lat' dir='ltr'><strong>mori</strong></span> <span class='ocrx_word' id='word_1_391' title='bbox 2968 2054 3134 2115; x_wconf 89' lang='lat' dir='ltr'><strong>queat</strong></span> <span class='ocrx_word' id='word_1_392' title='bbox 3166 2044 3308 2097; x_wconf 83' lang='lat' dir='ltr'><strong>Deus</strong></span> <span class='ocrx_word' id='word_1_393' title='bbox 3336 2041 3606 2096; x_wconf 76' lang='lat' dir='ltr'><strong>exsistens</strong></span> 
     </span>
    </p>
   </div>
   <div class='ocr_carea' id='block_1_50' title="bbox 2004 2129 3607 2208">
    <p class='ocr_par' dir='ltr' id='par_1_50' title="bbox 2004 2129 3607 2208">
     <span class='ocr_line' id='line_1_50' title="bbox 2004 2129 3607 2208; baseline -0.006 -16"><span class='ocrx_word' id='word_1_394' title='bbox 2004 2140 2238 2193; x_wconf 73' lang='lat' dir='ltr'><strong>Verbum</strong></span> <span class='ocrx_word' id='word_1_395' title='bbox 2278 2159 2291 2193; x_wconf 92' lang='lat'>:</span> <span class='ocrx_word' id='word_1_396' title='bbox 2331 2154 2505 2208; x_wconf 85' lang='lat' dir='ltr'><strong>neque</strong></span> <span class='ocrx_word' id='word_1_397' title='bbox 2546 2146 2764 2192; x_wconf 87' lang='lat' dir='ltr'><strong>creator</strong></span> <span class='ocrx_word' id='word_1_398' title='bbox 2792 2137 2958 2192; x_wconf 87' lang='lat' dir='ltr'><strong>totius</strong></span> <span class='ocrx_word' id='word_1_399' title='bbox 2997 2134 3238 2189; x_wconf 77' lang='lat' dir='ltr'><strong>uniVersi</strong></span> <span class='ocrx_word' id='word_1_400' title='bbox 3273 2131 3376 2186; x_wconf 89' lang='lat' dir='ltr'><strong>dici</strong></span> <span class='ocrx_word' id='word_1_401' title='bbox 3434 2129 3607 2198; x_wconf 79' lang='lat' dir='ltr'><strong>possit</strong></span> 
     </span>
    </p>
   </div>
   <div class='ocr_carea' id='block_1_51' title="bbox 2003 2219 3598 2294">
    <p class='ocr_par' dir='ltr' id='par_1_51' title="bbox 2003 2219 3598 2294">
     <span class='ocr_line' id='line_1_51' title="bbox 2003 2219 3598 2294; baseline -0.006 -11"><span class='ocrx_word' id='word_1_402' title='bbox 2003 2229 2165 2283; x_wconf 86' lang='lat' dir='ltr'><strong>homo</strong></span> <span class='ocrx_word' id='word_1_403' title='bbox 2197 2229 2363 2283; x_wconf 85' lang='lat' dir='ltr'><strong>nostri</strong></span> <span class='ocrx_word' id='word_1_404' title='bbox 2396 2227 2612 2291; x_wconf 88' lang='lat' dir='ltr'><strong>similis,</strong></span> <span class='ocrx_word' id='word_1_405' title='bbox 2648 2229 2750 2282; x_wconf 89' lang='lat' dir='ltr'><strong>nisi</strong></span> <span class='ocrx_word' id='word_1_406' title='bbox 2775 2226 3045 2281; x_wconf 78' lang='lat' dir='ltr'><strong>creaverit</strong></span> <span class='ocrx_word' id='word_1_407' title='bbox 3080 2223 3322 2294; x_wconf 80' lang='lat' dir='ltr'><strong>quidem,</strong></span> <span class='ocrx_word' id='word_1_408' title='bbox 3354 2231 3411 2272; x_wconf 90' lang='lat' dir='ltr'><strong>ut</strong></span> <span class='ocrx_word' id='word_1_409' title='bbox 3439 2219 3598 2284; x_wconf 82' lang='lat' dir='ltr'><strong>Deus,</strong></span> 
     </span>
    </p>
   </div>
   <div class='ocr_carea' id='block_1_52' title="bbox 2003 2308 3604 2389">
    <p class='ocr_par' dir='ltr' id='par_1_52' title="bbox 2003 2308 3604 2389">
     <span class='ocr_line' id='line_1_52' title="bbox 2003 2308 3604 2389; baseline -0.007 -13"><span class='ocrx_word' id='word_1_410' title='bbox 2003 2321 2220 2376; x_wconf 82' lang='lat' dir='ltr'><strong>tametsi</strong></span> <span class='ocrx_word' id='word_1_411' title='bbox 2248 2337 2352 2375; x_wconf 89' lang='lat' dir='ltr'><strong>non</strong></span> <span class='ocrx_word' id='word_1_412' title='bbox 2405 2321 2612 2389; x_wconf 83' lang='lat' dir='ltr'><strong>absque</strong></span> <span class='ocrx_word' id='word_1_413' title='bbox 2636 2335 2798 2373; x_wconf 86' lang='lat' dir='ltr'><strong>carne</strong></span> <span class='ocrx_word' id='word_1_414' title='bbox 2847 2308 3074 2386; x_wconf 69' lang='lat' dir='ltr'><strong>intelligi</strong></span> <span class='ocrx_word' id='word_1_415' title='bbox 3107 2324 3300 2386; x_wconf 88' lang='lat' dir='ltr'><strong>potest,</strong></span> <span class='ocrx_word' id='word_1_416' title='bbox 3330 2322 3450 2382; x_wconf 87' lang='lat' dir='ltr'><strong>post</strong></span> <span class='ocrx_word' id='word_1_417' title='bbox 3478 2311 3604 2365; x_wconf 90' lang='lat' dir='ltr'><strong>uni-</strong></span> 
     </span>
    </p>
   </div>
   <div class='ocr_carea' id='block_1_53' title="bbox 2005 2410 3604 2480">
    <p class='ocr_par' dir='ltr' id='par_1_53' title="bbox 2005 2410 3604 2480">
     <span class='ocr_line' id='line_1_53' title="bbox 2005 2410 3604 2480; baseline -0.004 -14"><span class='ocrx_word' id='word_1_418' title='bbox 2005 2423 2190 2467; x_wconf 83' lang='lat' dir='ltr'><strong>talem.</strong></span> <span class='ocrx_word' id='word_1_419' title='bbox 2229 2412 2625 2480; x_wconf 82' lang='lat' dir='ltr'><strong>Primogenitus</strong></span> <span class='ocrx_word' id='word_1_420' title='bbox 2651 2427 2780 2465; x_wconf 89' lang='lat' dir='ltr'><strong>vero</strong></span> <span class='ocrx_word' id='word_1_421' title='bbox 2817 2426 2880 2466; x_wconf 78' lang='lat' dir='ltr'><strong>ex</strong></span> <span class='ocrx_word' id='word_1_422' title='bbox 2937 2410 3170 2463; x_wconf 89' lang='lat' dir='ltr'><strong>mortuis</strong></span> <span class='ocrx_word' id='word_1_423' title='bbox 3191 2415 3296 2470; x_wconf 90' lang='lat' dir='ltr'><strong>est,</strong></span> <span class='ocrx_word' id='word_1_424' title='bbox 3332 2415 3604 2476; x_wconf 81' lang='lat' dir='ltr'><strong>quatenus</strong></span> 
     </span>
    </p>
   </div>
   <div class='ocr_carea' id='block_1_54' title="bbox 2003 2496 3602 2572">
    <p class='ocr_par' dir='ltr' id='par_1_54' title="bbox 2003 2496 3602 2572">
     <span class='ocr_line' id='line_1_54' title="bbox 2003 2496 3602 2572; baseline -0.006 -15"><span class='ocrx_word' id='word_1_425' title='bbox 2003 2504 2457 2572; x_wconf 79' lang='lat' dir='ltr'><strong>appat‘ttitltomo,</strong></span> <span class='ocrx_word' id='word_1_426' title='bbox 2493 2501 2706 2555; x_wconf 88' lang='lat' dir='ltr'><strong>tametsi</strong></span> <span class='ocrx_word' id='word_1_427' title='bbox 2731 2509 2952 2569; x_wconf 80' lang='lat' dir='ltr'><strong>propter</strong></span> <span class='ocrx_word' id='word_1_428' title='bbox 3001 2496 3437 2552; x_wconf 86' lang='lat' dir='ltr'><strong>incarnationem</strong></span> <span class='ocrx_word' id='word_1_429' title='bbox 3495 2509 3602 2548; x_wconf 92' lang='lat' dir='ltr'><strong>non</strong></span> 
     </span>
    </p>
   </div>
   <div class='ocr_carea' id='block_1_55' title="bbox 2002 2582 3601 2655">
    <p class='ocr_par' dir='ltr' id='par_1_55' title="bbox 2002 2582 3601 2655">
     <span class='ocr_line' id='line_1_55' title="bbox 2002 2582 3601 2655; baseline -0.006 -9"><span class='ocrx_word' id='word_1_430' title='bbox 2002 2593 2222 2646; x_wconf 81' lang='lat' dir='ltr'><strong>desierit</strong></span> <span class='ocrx_word' id='word_1_431' title='bbox 2260 2607 2382 2645; x_wconf 88' lang='lat' dir='ltr'><strong>esse</strong></span> <span class='ocrx_word' id='word_1_432' title='bbox 2431 2589 2594 2648; x_wconf 85' lang='lat' dir='ltr'><strong>Deus.</strong></span> <span class='ocrx_word' id='word_1_433' title='bbox 2660 2590 2955 2644; x_wconf 79' lang='lat' dir='ltr'><strong>Videturne</strong></span> <span class='ocrx_word' id='word_1_434' title='bbox 3011 2586 3106 2641; x_wconf 88' lang='lat' dir='ltr'><strong>tibi</strong></span> <span class='ocrx_word' id='word_1_435' title='bbox 3158 2584 3362 2655; x_wconf 87' lang='lat' dir='ltr'><strong>aliquid</strong></span> <span class='ocrx_word' id='word_1_436' title='bbox 3412 2583 3465 2637; x_wconf 89' lang='lat' dir='ltr'><strong>in</strong></span> <span class='ocrx_word' id='word_1_437' title='bbox 3513 2582 3601 2637; x_wconf 86' lang='lat' dir='ltr'><strong>his</strong></span> 
     </span>
    </p>
   </div>
   <div class='ocr_carea' id='block_1_56' title="bbox 2003 2681 2558 2750">
    <p class='ocr_par' dir='ltr' id='par_1_56' title="bbox 2003 2681 2558 2750">
     <span class='ocr_line' id='line_1_56' title="bbox 2003 2681 2558 2750; baseline -0.005 -15"><span class='ocrx_word' id='word_1_438' title='bbox 2003 2681 2506 2750; x_wconf 82' lang='lat' dir='ltr'><strong>reprehendendum</strong></span> 
     </span>
    </p>
   </div>
   <div class='ocr_carea' id='block_1_57' title="bbox 2072 2883 2540 2953">
    <p class='ocr_par' dir='ltr' id='par_1_57' title="bbox 2072 2883 2540 2953">
     <span class='ocr_line' id='line_1_57' title="bbox 2072 2883 2540 2953; baseline -0.004 -14"><span class='ocrx_word' id='word_1_439' title='bbox 2072 2885 2132 2941; x_wconf 86' lang='grc' dir='ltr'><strong>Β.</strong></span> <span class='ocrx_word' id='word_1_440' title='bbox 2167 2883 2540 2953; x_wconf 80' lang='lat' dir='ltr'><strong>Nequaquam.</strong></span> 
     </span>
    </p>
   </div>
   <div class='ocr_carea' id='block_1_58' title="bbox 2071 2991 3603 3065">
    <p class='ocr_par' dir='ltr' id='par_1_58' title="bbox 2071 2991 3603 3065">
     <span class='ocr_line' id='line_1_58' title="bbox 2071 2991 3603 3065; baseline -0.005 -11"><span class='ocrx_word' id='word_1_441' title='bbox 2071 2998 2139 3054; x_wconf 82' lang='grc' dir='ltr'><strong>Α.</strong></span> <span class='ocrx_word' id='word_1_442' title='bbox 2179 2997 2286 3052; x_wconf 86' lang='lat' dir='ltr'><strong>Sed</strong></span> <span class='ocrx_word' id='word_1_443' title='bbox 2320 3006 2377 3052; x_wconf 91' lang='lat' dir='ltr'><strong>et</strong></span> <span class='ocrx_word' id='word_1_444' title='bbox 2407 2997 2532 3051; x_wconf 85' lang='lat' dir='ltr'><strong>alibi</strong></span> <span class='ocrx_word' id='word_1_445' title='bbox 2561 2997 2663 3050; x_wconf 92' lang='lat' dir='ltr'><strong>hoc</strong></span> <span class='ocrx_word' id='word_1_446' title='bbox 2694 2995 2869 3065; x_wconf 86' lang='lat' dir='ltr'><strong>ipsqu</strong></span> <span class='ocrx_word' id='word_1_447' title='bbox 2905 3001 3215 3050; x_wconf 85' lang='lat' dir='ltr'><strong>asserentes</strong></span> <span class='ocrx_word' id='word_1_448' title='bbox 3265 2991 3452 3046; x_wconf 87' lang='lat' dir='ltr'><strong>videas</strong></span> <span class='ocrx_word' id='word_1_449' title='bbox 3505 3005 3603 3047; x_wconf 82' lang='lat' dir='ltr'><strong>eos</strong></span> 
     </span>
    </p>
   </div>
   <div class='ocr_carea' id='block_1_59' title="bbox 2002 3084 3599 3159">
    <p class='ocr_par' dir='ltr' id='par_1_59' title="bbox 2002 3084 3599 3159">
     <span class='ocr_line' id='line_1_59' title="bbox 2002 3084 3599 3159; baseline -0.003 -15"><span class='ocrx_word' id='word_1_450' title='bbox 2002 3091 2092 3159; x_wconf 91' lang='lat' dir='ltr'><strong>qui</strong></span> <span class='ocrx_word' id='word_1_451' title='bbox 2125 3091 2308 3144; x_wconf 87' lang='lat' dir='ltr'><strong>divino</strong></span> <span class='ocrx_word' id='word_1_452' title='bbox 2359 3090 2564 3159; x_wconf 90' lang='lat' dir='ltr'><strong>Spiritu</strong></span> <span class='ocrx_word' id='word_1_453' title='bbox 2611 3088 2775 3144; x_wconf 60' lang='grc' dir='ltr'>δαιοιί</span> <span class='ocrx_word' id='word_1_454' title='bbox 2826 3087 3070 3142; x_wconf 85' lang='lat' dir='ltr'><strong>fuerunt.</strong></span> <span class='ocrx_word' id='word_1_455' title='bbox 3122 3086 3361 3141; x_wconf 82' lang='lat' dir='ltr'><strong>Joannes</strong></span> <span class='ocrx_word' id='word_1_456' title='bbox 3410 3084 3599 3140; x_wconf 89' lang='lat' dir='ltr'><strong>enim:</strong></span> 
     </span>
    </p>
   </div>
   <div class='ocr_carea' id='block_1_60' title="bbox 2008 3176 3603 3250">
    <p class='ocr_par' dir='ltr' id='par_1_60' title="bbox 2008 3176 3603 3250">
     <span class='ocr_line' id='line_1_60' title="bbox 2008 3176 3603 3250; baseline -0.001 -19"><span class='ocrx_word' id='word_1_457' title='bbox 2008 3199 2026 3231; x_wconf 79' lang='grc' dir='ltr'>ι</span> <span class='ocrx_word' id='word_1_458' title='bbox 2071 3181 2124 3234; x_wconf 88' lang='grc' dir='ltr'>1η</span> <span class='ocrx_word' id='word_1_459' title='bbox 2149 3179 2433 3250; x_wconf 86' lang='lat' dir='ltr'><strong>principio,</strong></span> <span class='ocrx_word' id='word_1_460' title='bbox 2473 3180 2665 3248; x_wconf 89' lang='lat' dir='ltr'><strong>inquit,</strong></span> <span class='ocrx_word' id='word_1_461' title='bbox 2690 3189 2810 3234; x_wconf 87' lang='lat' dir='ltr'><strong>erat</strong></span> <span class='ocrx_word' id='word_1_462' title='bbox 2835 3177 3092 3241; x_wconf 84' lang='lat' dir='ltr'><strong>Verbum,</strong></span> <span class='ocrx_word' id='word_1_463' title='bbox 3129 3187 3182 3231; x_wconf 90' lang='lat' dir='ltr'><strong>et</strong></span> <span class='ocrx_word' id='word_1_464' title='bbox 3215 3176 3448 3231; x_wconf 82' lang='lat' dir='ltr'><strong>Verbum</strong></span> <span class='ocrx_word' id='word_1_465' title='bbox 3483 3185 3603 3230; x_wconf 84' lang='lat' dir='ltr'><strong>erat</strong></span> 
     </span>
    </p>
   </div>
   <div class='ocr_carea' id='block_1_61' title="bbox 289 3266 1893 3352">
    <p class='ocr_par' dir='ltr' id='par_1_61' title="bbox 289 3269 1893 3352">
     <span class='ocr_line' id='line_1_61' title="bbox 289 3269 1893 3352; baseline 0.006 -27"><span class='ocrx_word' id='word_1_466' title='bbox 289 3272 449 3336; x_wconf 83' lang='grc' dir='ltr'>Θεὸν,</span> <span class='ocrx_word' id='word_1_467' title='bbox 497 3273 591 3326; x_wconf 74' lang='grc' dir='ltr'>καὶ</span> <span class='ocrx_word' id='word_1_468' title='bbox 625 3273 758 3336; x_wconf 84' lang='grc' dir='ltr'>Θεὸς</span> <span class='ocrx_word' id='word_1_469' title='bbox 786 3269 853 3342; x_wconf 85' lang='grc' dir='ltr'>ἦν</span> <span class='ocrx_word' id='word_1_470' title='bbox 885 3277 913 3327; x_wconf 89' lang='lat'><strong>6</strong></span> <span class='ocrx_word' id='word_1_471' title='bbox 947 3275 1138 3343; x_wconf 82' lang='grc' dir='ltr'>Λόγος.</span> <span class='ocrx_word' id='word_1_472' title='bbox 1187 3272 1356 3342; x_wconf 71' lang='grc' dir='ltr'>Οὗτος</span> <span class='ocrx_word' id='word_1_473' title='bbox 1387 3279 1454 3350; x_wconf 79' lang='grc' dir='ltr'>ἦν</span> <span class='ocrx_word' id='word_1_474' title='bbox 1492 3282 1549 3333; x_wconf 79' lang='grc' dir='ltr'>ἐν</span> <span class='ocrx_word' id='word_1_475' title='bbox 1592 3283 1733 3352; x_wconf 81' lang='grc' dir='ltr'><strong>ἀρχῇ</strong></span> <span class='ocrx_word' id='word_1_476' title='bbox 1764 3281 1893 3351; x_wconf 87' lang='grc' dir='ltr'>πρὸς</span> 
     </span>
    </p>
   </div>
   <div class='ocr_carea' id='block_1_62' title="bbox 2001 3266 3598 3352">
    <p class='ocr_par' dir='ltr' id='par_1_62' title="bbox 2005 3266 3598 3339">
     <span class='ocr_line' id='line_1_62' title="bbox 2005 3266 3598 3339; baseline -0.001 -16"><span class='ocrx_word' id='word_1_477' title='bbox 2005 3272 2143 3339; x_wconf 83' lang='lat' dir='ltr'><strong>apud</strong></span> <span class='ocrx_word' id='word_1_478' title='bbox 2181 3271 2368 3334; x_wconf 87' lang='lat' dir='ltr'><strong>Deum,</strong></span> <span class='ocrx_word' id='word_1_479' title='bbox 2431 3280 2485 3324; x_wconf 91' lang='lat' dir='ltr'><strong>et</strong></span> <span class='ocrx_word' id='word_1_480' title='bbox 2530 3271 2672 3324; x_wconf 88' lang='lat' dir='ltr'><strong>Deus</strong></span> <span class='ocrx_word' id='word_1_481' title='bbox 2716 3275 2836 3324; x_wconf 91' lang='lat' dir='ltr'><strong>erat</strong></span> <span class='ocrx_word' id='word_1_482' title='bbox 2894 3267 3146 3324; x_wconf 80' lang='lat' dir='ltr'><strong>Verbum.</strong></span> <span class='ocrx_word' id='word_1_483' title='bbox 3203 3266 3320 3322; x_wconf 81' lang='lat' dir='ltr'><strong>Hoc</strong></span> <span class='ocrx_word' id='word_1_484' title='bbox 3375 3277 3495 3323; x_wconf 91' lang='lat' dir='ltr'><strong>erat</strong></span> <span class='ocrx_word' id='word_1_485' title='bbox 3544 3269 3598 3322; x_wconf 89' lang='lat' dir='ltr'><strong>in</strong></span> 
     </span>
    </p>
   </div>
   <div class='ocr_carea' id='block_1_63' title="bbox 288 3362 1897 3441">
    <p class='ocr_par' dir='ltr' id='par_1_63' title="bbox 288 3362 1897 3441">
     <span class='ocr_line' id='line_1_63' title="bbox 288 3362 1897 3441; baseline 0.006 -27"><span class='ocrx_word' id='word_1_486' title='bbox 288 3362 386 3414; x_wconf 80' lang='grc' dir='ltr'><strong>τὸν</strong></span> <span class='ocrx_word' id='word_1_487' title='bbox 423 3362 576 3417; x_wconf 86' lang='grc' dir='ltr'>Θεόν.</span> <span class='ocrx_word' id='word_1_488' title='bbox 607 3363 791 3416; x_wconf 66' lang='grc' dir='ltr'>Πάντα</span> <span class='ocrx_word' id='word_1_489' title='bbox 834 3363 901 3417; x_wconf 86' lang='grc' dir='ltr'><strong>δι’</strong></span> <span class='ocrx_word' id='word_1_490' title='bbox 939 3365 1102 3418; x_wconf 82' lang='grc' dir='ltr'>αὑτοῦ</span> <span class='ocrx_word' id='word_1_491' title='bbox 1135 3367 1371 3435; x_wconf 79' lang='grc' dir='ltr'>ἐγένετο,</span> <span class='ocrx_word' id='word_1_492' title='bbox 1404 3371 1497 3422; x_wconf 75' lang='grc' dir='ltr'><strong>καὶ</strong></span> <span class='ocrx_word' id='word_1_493' title='bbox 1527 3371 1695 3441; x_wconf 71' lang='grc' dir='ltr'>χωρὶς</span> <span class='ocrx_word' id='word_1_494' title='bbox 1732 3369 1897 3423; x_wconf 86' lang='grc' dir='ltr'>αὑτοῦ</span> 
     </span>
    </p>
   </div>
   <div class='ocr_carea' id='block_1_64' title="bbox 292 3452 1896 3530">
    <p class='ocr_par' dir='ltr' id='par_1_64' title="bbox 292 3452 1896 3530">
     <span class='ocr_line' id='line_1_64' title="bbox 292 3452 1896 3530; baseline 0.005 -25"><span class='ocrx_word' id='word_1_495' title='bbox 292 3452 512 3520; x_wconf 68' lang='grc' dir='ltr'>ἐγένετο</span> <span class='ocrx_word' id='word_1_496' title='bbox 569 3453 689 3506; x_wconf 79' lang='grc' dir='ltr'>οὐδὲ</span> <span class='ocrx_word' id='word_1_497' title='bbox 716 3453 792 3506; x_wconf 81' lang='grc' dir='ltr'><strong>ἓν.</strong></span> <span class='ocrx_word' id='word_1_498' title='bbox 828 3474 846 3506; x_wconf 77' lang='lat' dir='ltr'><strong>i</strong></span> <span class='ocrx_word' id='word_1_499' title='bbox 882 3455 1091 3518; x_wconf 80' lang='grc' dir='ltr'>Παῦλος</span> <span class='ocrx_word' id='word_1_500' title='bbox 1115 3455 1171 3508; x_wconf 83' lang='grc' dir='ltr'><strong>δὲ</strong></span> <span class='ocrx_word' id='word_1_501' title='bbox 1199 3453 1290 3511; x_wconf 53' lang='lat' dir='ltr'><strong>air</strong></span> <span class='ocrx_word' id='word_1_502' title='bbox 1328 3453 1451 3521; x_wconf 76' lang='grc' dir='ltr'><strong>«Εἷς</strong></span> <span class='ocrx_word' id='word_1_503' title='bbox 1475 3459 1604 3523; x_wconf 74' lang='grc' dir='ltr'>Θεὸς</span> <span class='ocrx_word' id='word_1_504' title='bbox 1628 3461 1655 3511; x_wconf 85' lang='grc' dir='ltr'><strong>ό</strong></span> <span class='ocrx_word' id='word_1_505' title='bbox 1686 3460 1896 3530; x_wconf 84' lang='grc' dir='ltr'>Πατὴρ,</span> 
     </span>
    </p>
   </div>
   <div class='ocr_carea' id='block_1_65' title="bbox 289 3539 1897 3618">
    <p class='ocr_par' dir='ltr' id='par_1_65' title="bbox 289 3539 1897 3618">
     <span class='ocr_line' id='line_1_65' title="bbox 289 3539 1897 3618; baseline 0.004 -22"><span class='ocrx_word' id='word_1_506' title='bbox 289 3544 351 3607; x_wconf 76' lang='grc' dir='ltr'><strong>ἐξ</strong></span> <span class='ocrx_word' id='word_1_507' title='bbox 384 3539 443 3597; x_wconf 71' lang='grc' dir='ltr'>οὗ</span> <span class='ocrx_word' id='word_1_508' title='bbox 480 3545 546 3596; x_wconf 74' lang='grc' dir='ltr'>τὰ</span> <span class='ocrx_word' id='word_1_509' title='bbox 579 3545 790 3598; x_wconf 82' lang='grc' dir='ltr'>πάντα·</span> <span class='ocrx_word' id='word_1_510' title='bbox 825 3543 904 3610; x_wconf 75' lang='grc' dir='ltr'>εἷς</span> <span class='ocrx_word' id='word_1_511' title='bbox 944 3545 1147 3617; x_wconf 81' lang='grc' dir='ltr'>Κύριος</span> <span class='ocrx_word' id='word_1_512' title='bbox 1193 3548 1398 3618; x_wconf 85' lang='grc' dir='ltr'>Ἰησοῦς</span> <span class='ocrx_word' id='word_1_513' title='bbox 1435 3550 1688 3618; x_wconf 87' lang='grc' dir='ltr'>Χριστὸς,</span> <span class='ocrx_word' id='word_1_514' title='bbox 1725 3550 1794 3602; x_wconf 86' lang='grc' dir='ltr'><strong>δι’</strong></span> <span class='ocrx_word' id='word_1_515' title='bbox 1837 3543 1897 3602; x_wconf 75' lang='grc' dir='ltr'>οὗ</span> 
     </span>
    </p>
   </div>
   <div class='ocr_carea' id='block_1_66' title="bbox 288 3636 1898 3713">
    <p class='ocr_par' dir='ltr' id='par_1_66' title="bbox 288 3636 1898 3713">
     <span class='ocr_line' id='line_1_66' title="bbox 288 3636 1898 3713; baseline 0.003 -22"><span class='ocrx_word' id='word_1_516' title='bbox 288 3640 362 3691; x_wconf 70' lang='grc' dir='ltr'>τὰ</span> <span class='ocrx_word' id='word_1_517' title='bbox 397 3639 596 3691; x_wconf 82' lang='grc' dir='ltr'>πάντα.</span> <span class='ocrx_word' id='word_1_518' title='bbox 628 3657 646 3689; x_wconf 74' lang='grc' dir='ltr'>ι</span> <span class='ocrx_word' id='word_1_519' title='bbox 694 3638 836 3691; x_wconf 83' lang='grc' dir='ltr'>Ἀλλ’</span> <span class='ocrx_word' id='word_1_520' title='bbox 863 3641 1021 3711; x_wconf 70' lang='grc' dir='ltr'>εἴπερ</span> <span class='ocrx_word' id='word_1_521' title='bbox 1061 3636 1128 3711; x_wconf 78' lang='grc' dir='ltr'>ἦν</span> <span class='ocrx_word' id='word_1_522' title='bbox 1171 3643 1232 3694; x_wconf 87' lang='grc' dir='ltr'><strong>τὸ</strong></span> <span class='ocrx_word' id='word_1_523' title='bbox 1280 3642 1615 3710; x_wconf 75' lang='grc' dir='ltr'>μεσολαϐοῦν</span> <span class='ocrx_word' id='word_1_524' title='bbox 1644 3643 1802 3713; x_wconf 81' lang='grc' dir='ltr'>-μετὰ</span> <span class='ocrx_word' id='word_1_525' title='bbox 1836 3643 1898 3696; x_wconf 89' lang='grc' dir='ltr'><strong>τὸ</strong></span> 
     </span>
    </p>
   </div>
   <div class='ocr_carea' id='block_1_67' title="bbox 290 3730 1895 3804">
    <p class='ocr_par' dir='ltr' id='par_1_67' title="bbox 290 3730 1895 3804">
     <span class='ocr_line' id='line_1_67' title="bbox 290 3730 1895 3804; baseline 0.004 -21"><span class='ocrx_word' id='word_1_526' title='bbox 290 3730 536 3801; x_wconf 75' lang='grc' dir='ltr'>ἡνῶσθαι</span> <span class='ocrx_word' id='word_1_527' title='bbox 573 3732 735 3801; x_wconf 76' lang='grc' dir='ltr'>σαρκὶ</span> <span class='ocrx_word' id='word_1_528' title='bbox 771 3733 861 3784; x_wconf 82' lang='grc' dir='ltr'><strong>τὸν</strong></span> <span class='ocrx_word' id='word_1_529' title='bbox 907 3733 1094 3801; x_wconf 86' lang='grc' dir='ltr'>Λόγον,</span> <span class='ocrx_word' id='word_1_530' title='bbox 1141 3733 1234 3785; x_wconf 70' lang='grc' dir='ltr'>καὶ</span> <span class='ocrx_word' id='word_1_531' title='bbox 1266 3735 1344 3796; x_wconf 78' lang='grc' dir='ltr'>εἰς</span> <span class='ocrx_word' id='word_1_532' title='bbox 1378 3735 1673 3804; x_wconf 80' lang='grc' dir='ltr'>ἑτερότητα</span> <span class='ocrx_word' id='word_1_533' title='bbox 1722 3752 1895 3789; x_wconf 85' lang='grc' dir='ltr'>κατα-</span> 
     </span>
    </p>
   </div>
   <div class='ocr_carea' id='block_1_68' title="bbox 290 3821 1890 3894">
    <p class='ocr_par' dir='ltr' id='par_1_68' title="bbox 290 3821 1890 3894">
     <span class='ocr_line' id='line_1_68' title="bbox 290 3821 1890 3894; baseline 0.003 -18"><span class='ocrx_word' id='word_1_534' title='bbox 290 3822 560 3893; x_wconf 78' lang='grc' dir='ltr'>διαιροῦν,</span> <span class='ocrx_word' id='word_1_535' title='bbox 579 3821 676 3893; x_wconf 81' lang='grc' dir='ltr'><strong>τὴν</strong></span> <span class='ocrx_word' id='word_1_536' title='bbox 701 3823 775 3888; x_wconf 80' lang='grc' dir='ltr'>ὡς</span> <span class='ocrx_word' id='word_1_537' title='bbox 794 3824 925 3877; x_wconf 76' lang='grc' dir='ltr'>υἱῶν</span> <span class='ocrx_word' id='word_1_538' title='bbox 950 3824 1115 3877; x_wconf 80' lang='grc' dir='ltr'>δυάδα</span> <span class='ocrx_word' id='word_1_539' title='bbox 1139 3827 1301 3894; x_wconf 74' lang='grc' dir='ltr'>φημὶ,</span> <span class='ocrx_word' id='word_1_540' title='bbox 1329 3827 1470 3879; x_wconf 79' lang='grc' dir='ltr'>κατὰ</span> <span class='ocrx_word' id='word_1_541' title='bbox 1492 3828 1552 3879; x_wconf 87' lang='grc' dir='ltr'><strong>τὸ</strong></span> <span class='ocrx_word' id='word_1_542' title='bbox 1578 3829 1658 3880; x_wconf 70' lang='grc' dir='ltr'><strong>σοὶ</strong></span> <span class='ocrx_word' id='word_1_543' title='bbox 1678 3828 1890 3894; x_wconf 82' lang='grc' dir='ltr'>δοκοῦν,</span> 
     </span>
    </p>
   </div>
   <div class='ocr_carea' id='block_1_69' title="bbox 294 3915 1892 3990">
    <p class='ocr_par' dir='ltr' id='par_1_69' title="bbox 294 3915 1892 3990">
     <span class='ocr_line' id='line_1_69' title="bbox 294 3915 1892 3990; baseline 0.004 -23"><span class='ocrx_word' id='word_1_544' title='bbox 294 3915 414 3979; x_wconf 80' lang='grc' dir='ltr'>πῶς</span> <span class='ocrx_word' id='word_1_545' title='bbox 449 3916 515 3968; x_wconf 77' lang='grc' dir='ltr'>ἂν</span> <span class='ocrx_word' id='word_1_546' title='bbox 546 3915 767 3985; x_wconf 76' lang='grc' dir='ltr'>ἐκτίσθη</span> <span class='ocrx_word' id='word_1_547' title='bbox 796 3915 864 3968; x_wconf 73' lang='grc' dir='ltr'>τὰ</span> <span class='ocrx_word' id='word_1_548' title='bbox 893 3917 1068 3970; x_wconf 82' lang='grc' dir='ltr'>πάντα</span> <span class='ocrx_word' id='word_1_549' title='bbox 1089 3917 1178 3970; x_wconf 80' lang='grc' dir='ltr'>διὰ</span> <span class='ocrx_word' id='word_1_550' title='bbox 1218 3918 1391 3988; x_wconf 86' lang='grc' dir='ltr'>Ἰησοῦ</span> <span class='ocrx_word' id='word_1_551' title='bbox 1413 3919 1649 3990; x_wconf 83' lang='grc' dir='ltr'>Χριστοῦ</span> <span class='ocrx_word' id='word_1_552' title='bbox 1676 3937 1690 3985; x_wconf 86' lang='lat'><strong>;</strong></span> <span class='ocrx_word' id='word_1_553' title='bbox 1733 3921 1892 3974; x_wconf 78' lang='grc' dir='ltr'><strong>Ἀλλά</strong></span> 
     </span>
    </p>
   </div>
   <div class='ocr_carea' id='block_1_70' title="bbox 295 4005 1891 4082">
    <p class='ocr_par' dir='ltr' id='par_1_70' title="bbox 295 4005 1891 4082">
     <span class='ocr_line' id='line_1_70' title="bbox 295 4005 1891 4082; baseline 0.006 -25"><span class='ocrx_word' id='word_1_554' title='bbox 295 4006 406 4077; x_wconf 80' lang='grc' dir='ltr'>μὴν</span> <span class='ocrx_word' id='word_1_555' title='bbox 438 4005 660 4077; x_wconf 77' lang='grc' dir='ltr'>ἐκτίσθη</span> <span class='ocrx_word' id='word_1_556' title='bbox 696 4007 762 4060; x_wconf 87' lang='grc' dir='ltr'><strong>δι’</strong></span> <span class='ocrx_word' id='word_1_557' title='bbox 807 4009 971 4061; x_wconf 76' lang='grc' dir='ltr'>αὑτοῦ</span> <span class='ocrx_word' id='word_1_558' title='bbox 1002 4009 1068 4062; x_wconf 74' lang='grc' dir='ltr'>τὰ</span> <span class='ocrx_word' id='word_1_559' title='bbox 1118 4011 1318 4064; x_wconf 76' lang='grc' dir='ltr'>πάντα.</span> <span class='ocrx_word' id='word_1_560' title='bbox 1356 4011 1631 4082; x_wconf 85' lang='grc' dir='ltr'>Πρόδηλον</span> <span class='ocrx_word' id='word_1_561' title='bbox 1687 4008 1780 4067; x_wconf 84' lang='grc' dir='ltr'><strong>οὖν</strong></span> <span class='ocrx_word' id='word_1_562' title='bbox 1809 4014 1891 4067; x_wconf 84' lang='grc' dir='ltr'>ὅτι</span> 
     </span>
    </p>
   </div>
   <div class='ocr_carea' id='block_1_71' title="bbox 290 4097 1891 4177">
    <p class='ocr_par' dir='ltr' id='par_1_71' title="bbox 290 4097 1891 4177">
     <span class='ocr_line' id='line_1_71' title="bbox 290 4097 1891 4177; baseline 0.006 -27"><span class='ocrx_word' id='word_1_563' title='bbox 290 4098 360 4150; x_wconf 65' lang='grc' dir='ltr'>τὰ</span> <span class='ocrx_word' id='word_1_564' title='bbox 395 4097 554 4167; x_wconf 81' lang='grc' dir='ltr'>φύσει</span> <span class='ocrx_word' id='word_1_565' title='bbox 585 4115 642 4151; x_wconf 88' lang='grc' dir='ltr'><strong>τε</strong></span> <span class='ocrx_word' id='word_1_566' title='bbox 672 4098 764 4150; x_wconf 75' lang='grc' dir='ltr'><strong>καὶ</strong></span> <span class='ocrx_word' id='word_1_567' title='bbox 795 4098 976 4162; x_wconf 82' lang='grc' dir='ltr'>ἰδικῶς</span> <span class='ocrx_word' id='word_1_568' title='bbox 1022 4100 1398 4172; x_wconf 77' lang='grc' dir='ltr'>ἐνυπάρχοντα</span> <span class='ocrx_word' id='word_1_569' title='bbox 1442 4102 1522 4173; x_wconf 78' lang='grc' dir='ltr'>τῷ</span> <span class='ocrx_word' id='word_1_570' title='bbox 1561 4104 1627 4156; x_wconf 79' lang='grc' dir='ltr'>ἐκ</span> <span class='ocrx_word' id='word_1_571' title='bbox 1676 4106 1891 4177; x_wconf 73' lang='grc' dir='ltr'>Πατρός</span> 
     </span>
    </p>
   </div>
   <div class='ocr_carea' id='block_1_72' title="bbox 289 4189 1888 4267">
    <p class='ocr_par' dir='ltr' id='par_1_72' title="bbox 289 4189 1888 4267">
     <span class='ocr_line' id='line_1_72' title="bbox 289 4189 1888 4267; baseline 0.007 -26"><span class='ocrx_word' id='word_1_572' title='bbox 289 4189 404 4241; x_wconf 77' lang='grc' dir='ltr'>ὖντι</span> <span class='ocrx_word' id='word_1_573' title='bbox 457 4191 636 4259; x_wconf 85' lang='grc' dir='ltr'>Λόγῳ,</span> <span class='ocrx_word' id='word_1_574' title='bbox 684 4191 981 4262; x_wconf 77' lang='grc' dir='ltr'>τετήρηται</span> <span class='ocrx_word' id='word_1_575' title='bbox 1040 4193 1202 4246; x_wconf 81' lang='grc' dir='ltr'>πάλιν</span> <span class='ocrx_word' id='word_1_576' title='bbox 1245 4194 1393 4264; x_wconf 78' lang='grc' dir='ltr'>αὐτῴ</span> <span class='ocrx_word' id='word_1_577' title='bbox 1437 4196 1530 4248; x_wconf 76' lang='grc' dir='ltr'><strong>καὶ</strong></span> <span class='ocrx_word' id='word_1_578' title='bbox 1571 4197 1658 4249; x_wconf 86' lang='grc' dir='ltr'><strong>ὅτε</strong></span> <span class='ocrx_word' id='word_1_579' title='bbox 1698 4198 1888 4267; x_wconf 78' lang='grc' dir='ltr'>γέγονε</span> 
     </span>
    </p>
   </div>
   <div class='ocr_carea' id='block_1_73' title="bbox 292 4279 1882 4360">
    <p class='ocr_par' dir='ltr' id='par_1_73' title="bbox 292 4279 1882 4360">
     <span class='ocr_line' id='line_1_73' title="bbox 292 4279 1882 4360; baseline 0.006 -25"><span class='ocrx_word' id='word_1_580' title='bbox 292 4281 454 4353; x_wconf 82' lang='grc' dir='ltr'>σάρξ.</span> <span class='ocrx_word' id='word_1_581' title='bbox 493 4282 820 4351; x_wconf 80' lang='grc' dir='ltr'>Ἑπισφαλὲς</span> <span class='ocrx_word' id='word_1_582' title='bbox 846 4279 937 4336; x_wconf 79' lang='grc' dir='ltr'><strong>οὖν</strong></span> <span class='ocrx_word' id='word_1_583' title='bbox 966 4283 1096 4354; x_wconf 79' lang='grc' dir='ltr'>ἄρα,</span> <span class='ocrx_word' id='word_1_584' title='bbox 1124 4285 1186 4337; x_wconf 87' lang='grc' dir='ltr'><strong>τὸ</strong></span> <span class='ocrx_word' id='word_1_585' title='bbox 1215 4285 1524 4357; x_wconf 82' lang='grc' dir='ltr'>διατέμνειν</span> <span class='ocrx_word' id='word_1_586' title='bbox 1547 4289 1882 4360; x_wconf 83' lang='grc' dir='ltr'>ἀποτολμᾷν.</span> 
     </span>
    </p>
   </div>
   <div class='ocr_carea' id='block_1_74' title="bbox 292 4369 1886 4448">
    <p class='ocr_par' dir='ltr' id='par_1_74' title="bbox 292 4369 1886 4448">
     <span class='ocr_line' id='line_1_74' title="bbox 292 4369 1886 4448; baseline 0.007 -22"><span class='ocrx_word' id='word_1_587' title='bbox 292 4369 386 4438; x_wconf 74' lang='grc' dir='ltr'><strong>Εἷς</strong></span> <span class='ocrx_word' id='word_1_588' title='bbox 411 4373 520 4446; x_wconf 76' lang='grc' dir='ltr'>γὰρ</span> <span class='ocrx_word' id='word_1_589' title='bbox 553 4374 755 4446; x_wconf 83' lang='grc' dir='ltr'>Κύριος</span> <span class='ocrx_word' id='word_1_590' title='bbox 815 4375 1022 4445; x_wconf 77' lang='grc' dir='ltr'>Ἰησοῦς</span> <span class='ocrx_word' id='word_1_591' title='bbox 1061 4378 1315 4448; x_wconf 82' lang='grc' dir='ltr'>Χριστὸς,</span> <span class='ocrx_word' id='word_1_592' title='bbox 1367 4381 1461 4434; x_wconf 78' lang='grc' dir='ltr'><strong>καὶ</strong></span> <span class='ocrx_word' id='word_1_593' title='bbox 1503 4381 1569 4435; x_wconf 87' lang='grc' dir='ltr'><strong>δι’</strong></span> <span class='ocrx_word' id='word_1_594' title='bbox 1603 4382 1768 4437; x_wconf 78' lang='grc' dir='ltr'>αὑτοῦ</span> <span class='ocrx_word' id='word_1_595' title='bbox 1815 4383 1886 4437; x_wconf 80' lang='grc' dir='ltr'>τὰ</span> 
     </span>
    </p>
   </div>
   <div class='ocr_carea' id='block_1_75' title="bbox 291 4466 1271 4543">
    <p class='ocr_par' dir='ltr' id='par_1_75' title="bbox 291 4466 1271 4543">
     <span class='ocr_line' id='line_1_75' title="bbox 291 4466 1271 4543; baseline 0.004 -22"><span class='ocrx_word' id='word_1_596' title='bbox 291 4466 468 4521; x_wconf 77' lang='grc' dir='ltr'>πάντα</span> <span class='ocrx_word' id='word_1_597' title='bbox 503 4468 975 4540; x_wconf 77' lang='grc' dir='ltr'>δεδημιούργηκεν</span> <span class='ocrx_word' id='word_1_598' title='bbox 1001 4471 1029 4522; x_wconf 87' lang='grc' dir='ltr'><em>ὀ</em></span> <span class='ocrx_word' id='word_1_599' title='bbox 1060 4471 1271 4543; x_wconf 86' lang='grc' dir='ltr'>Πατήρ.</span> 
     </span>
    </p>
   </div>
   <div class='ocr_carea' id='block_1_76' title="bbox 358 4760 708 4831">
    <p class='ocr_par' dir='ltr' id='par_1_76' title="bbox 358 4760 708 4831">
     <span class='ocr_line' id='line_1_76' title="bbox 358 4760 708 4831; baseline 0 -17"><span class='ocrx_word' id='word_1_600' title='bbox 358 4761 417 4815; x_wconf 88' lang='lat' dir='ltr'><strong>B.</strong></span> <span class='ocrx_word' id='word_1_601' title='bbox 469 4760 708 4831; x_wconf 78' lang='grc' dir='ltr'><strong>’Δληθὲς.</strong></span> 
     </span>
    </p>
   </div>
   <div class='ocr_carea' id='block_1_77' title="bbox 352 4873 1878 4948">
    <p class='ocr_par' dir='ltr' id='par_1_77' title="bbox 352 4873 1878 4948">
     <span class='ocr_line' id='line_1_77' title="bbox 352 4873 1878 4948; baseline 0.005 -21"><span class='ocrx_word' id='word_1_602' title='bbox 352 4877 419 4927; x_wconf 82' lang='grc' dir='ltr'><strong>Α.</strong></span> <span class='ocrx_word' id='word_1_603' title='bbox 452 4874 610 4927; x_wconf 83' lang='grc' dir='ltr'>’Ἐστι</span> <span class='ocrx_word' id='word_1_604' title='bbox 657 4873 944 4943; x_wconf 75' lang='grc' dir='ltr'>τοιγαροῦν</span> <span class='ocrx_word' id='word_1_605' title='bbox 994 4875 1089 4929; x_wconf 80' lang='grc' dir='ltr'>καὶ</span> <span class='ocrx_word' id='word_1_606' title='bbox 1138 4874 1492 4948; x_wconf 80' lang='grc' dir='ltr'>δημιουργὸς,</span> <span class='ocrx_word' id='word_1_607' title='bbox 1535 4876 1754 4946; x_wconf 76' lang='grc' dir='ltr'>θεῖκῶς,</span> <span class='ocrx_word' id='word_1_608' title='bbox 1785 4881 1878 4934; x_wconf 70' lang='grc' dir='ltr'><strong>καὶ</strong></span> 
     </span>
    </p>
   </div>
   <div class='ocr_carea' id='block_1_78' title="bbox 217 4965 1880 5041">
    <p class='ocr_par' dir='ltr' id='par_1_78' title="bbox 217 4965 1880 5041">
     <span class='ocr_line' id='line_1_78' title="bbox 217 4965 1880 5041; baseline 0.004 -21"><span class='ocrx_word' id='word_1_609' title='bbox 217 4993 230 5003; x_wconf 67' lang='grc'><strong>«</strong></span> <span class='ocrx_word' id='word_1_610' title='bbox 280 4967 568 5034; x_wconf 83' lang='grc' dir='ltr'>ζωοποιὸς,</span> <span class='ocrx_word' id='word_1_611' title='bbox 612 4967 686 5028; x_wconf 79' lang='grc' dir='ltr'><strong>ὡς</strong></span> <span class='ocrx_word' id='word_1_612' title='bbox 730 4965 864 5037; x_wconf 76' lang='grc' dir='ltr'>ζωὴ,</span> <span class='ocrx_word' id='word_1_613' title='bbox 909 4967 1329 5041; x_wconf 82' lang='grc' dir='ltr'>ὲνανθρωπίνως</span> <span class='ocrx_word' id='word_1_614' title='bbox 1380 4971 1437 5024; x_wconf 79' lang='grc' dir='ltr'><strong>δὲ</strong></span> <span class='ocrx_word' id='word_1_615' title='bbox 1508 4966 1574 5025; x_wconf 81' lang='grc' dir='ltr'><strong>αὖ</strong></span> <span class='ocrx_word' id='word_1_616' title='bbox 1624 4975 1717 5025; x_wconf 78' lang='grc' dir='ltr'><strong>καὶ</strong></span> <span class='ocrx_word' id='word_1_617' title='bbox 1765 4976 1880 5036; x_wconf 88' lang='grc' dir='ltr'>τοῖς</span> 
     </span>
    </p>
   </div>
   <div class='ocr_carea' id='block_1_79' title="bbox 276 5059 1872 5136">
    <p class='ocr_par' dir='ltr' id='par_1_79' title="bbox 276 5059 1872 5136">
     <span class='ocr_line' id='line_1_79' title="bbox 276 5059 1872 5136; baseline 0.004 -22"><span class='ocrx_word' id='word_1_618' title='bbox 276 5062 423 5132; x_wconf 75' lang='grc' dir='ltr'>ὑπὲρ</span> <span class='ocrx_word' id='word_1_619' title='bbox 478 5059 764 5131; x_wconf 76' lang='grc' dir='ltr'>ἄνθρωπον</span> <span class='ocrx_word' id='word_1_620' title='bbox 828 5060 1114 5130; x_wconf 82' lang='grc' dir='ltr'>ἰδιώμασιν</span> <span class='ocrx_word' id='word_1_621' title='bbox 1179 5064 1259 5126; x_wconf 81' lang='grc' dir='ltr'><strong>εις</strong></span> <span class='ocrx_word' id='word_1_622' title='bbox 1311 5063 1368 5117; x_wconf 79' lang='grc' dir='ltr'>ἓν</span> <span class='ocrx_word' id='word_1_623' title='bbox 1430 5082 1481 5118; x_wconf 91' lang='grc' dir='ltr'><strong>τι</strong></span> <span class='ocrx_word' id='word_1_624' title='bbox 1547 5065 1607 5118; x_wconf 92' lang='grc' dir='ltr'><strong>τὸ</strong></span> <span class='ocrx_word' id='word_1_625' title='bbox 1667 5066 1872 5136; x_wconf 77' lang='grc' dir='ltr'>μεταξὺ</span> 
     </span>
    </p>
   </div>
   <div class='ocr_carea' id='block_1_80' title="bbox 284 5153 1870 5230">
    <p class='ocr_par' dir='ltr' id='par_1_80' title="bbox 284 5153 1870 5230">
     <span class='ocr_line' id='line_1_80' title="bbox 284 5153 1870 5230; baseline 0.003 -24"><span class='ocrx_word' id='word_1_626' title='bbox 284 5153 657 5222; x_wconf 72' lang='grc' dir='ltr'>συγκείμενος.</span> <span class='ocrx_word' id='word_1_627' title='bbox 687 5153 930 5224; x_wconf 77' lang='grc' dir='ltr'>Μεσίτης</span> <span class='ocrx_word' id='word_1_628' title='bbox 958 5153 1064 5224; x_wconf 78' lang='grc' dir='ltr'>γάρ</span> <span class='ocrx_word' id='word_1_629' title='bbox 1094 5155 1207 5208; x_wconf 82' lang='grc' dir='ltr'>ἐστι</span> <span class='ocrx_word' id='word_1_630' title='bbox 1246 5156 1381 5209; x_wconf 85' lang='grc' dir='ltr'>Θεοῦ</span> <span class='ocrx_word' id='word_1_631' title='bbox 1411 5158 1504 5212; x_wconf 82' lang='grc' dir='ltr'><strong>καὶ</strong></span> <span class='ocrx_word' id='word_1_632' title='bbox 1546 5159 1870 5230; x_wconf 79' lang='grc' dir='ltr'>ἀνθρώπων,</span> 
     </span>
    </p>
   </div>
   <div class='ocr_carea' id='block_1_81' title="bbox 275 5243 1870 5320">
    <p class='ocr_par' dir='ltr' id='par_1_81' title="bbox 275 5243 1870 5320">
     <span class='ocr_line' id='line_1_81' title="bbox 275 5243 1870 5320; baseline 0.004 -22"><span class='ocrx_word' id='word_1_633' title='bbox 275 5245 422 5298; x_wconf 74' lang='grc' dir='ltr'>κατὰ</span> <span class='ocrx_word' id='word_1_634' title='bbox 446 5243 546 5305; x_wconf 83' lang='grc' dir='ltr'>τὰς</span> <span class='ocrx_word' id='word_1_635' title='bbox 580 5243 829 5314; x_wconf 72' lang='grc' dir='ltr'>Γραφᾶς,</span> <span class='ocrx_word' id='word_1_636' title='bbox 876 5244 1038 5313; x_wconf 78' lang='grc' dir='ltr'>φύσει</span> <span class='ocrx_word' id='word_1_637' title='bbox 1084 5246 1183 5316; x_wconf 80' lang='grc' dir='ltr'>μὲν</span> <span class='ocrx_word' id='word_1_638' title='bbox 1212 5247 1471 5320; x_wconf 84' lang='grc' dir='ltr'>ὑπάρχων</span> <span class='ocrx_word' id='word_1_639' title='bbox 1501 5251 1652 5316; x_wconf 85' lang='grc' dir='ltr'>Θεὸς,</span> <span class='ocrx_word' id='word_1_640' title='bbox 1688 5252 1778 5304; x_wconf 79' lang='grc' dir='ltr'><strong>καὶ</strong></span> <span class='ocrx_word' id='word_1_641' title='bbox 1811 5253 1870 5306; x_wconf 85' lang='grc' dir='ltr'><strong>οὐ</strong></span> 
     </span>
    </p>
   </div>
   <div class='ocr_carea' id='block_1_82' title="bbox 267 5336 1872 5414">
    <p class='ocr_par' dir='ltr' id='par_1_82' title="bbox 267 5336 1872 5414">
     <span class='ocr_line' id='line_1_82' title="bbox 267 5336 1872 5414; baseline 0.006 -25"><span class='ocrx_word' id='word_1_642' title='bbox 267 5337 400 5407; x_wconf 73' lang='grc' dir='ltr'>δίχα</span> <span class='ocrx_word' id='word_1_643' title='bbox 437 5336 659 5407; x_wconf 84' lang='grc' dir='ltr'>σαρκὸς,</span> <span class='ocrx_word' id='word_1_644' title='bbox 731 5337 1021 5409; x_wconf 84' lang='grc' dir='ltr'>ἄνθρωπος</span> <span class='ocrx_word' id='word_1_645' title='bbox 1076 5340 1132 5393; x_wconf 88' lang='grc' dir='ltr'><strong>δὲ</strong></span> <span class='ocrx_word' id='word_1_646' title='bbox 1180 5341 1416 5412; x_wconf 82' lang='grc' dir='ltr'>ἀληθῶς,</span> <span class='ocrx_word' id='word_1_647' title='bbox 1465 5346 1557 5397; x_wconf 79' lang='grc' dir='ltr'><strong>καὶ</strong></span> <span class='ocrx_word' id='word_1_648' title='bbox 1607 5345 1665 5396; x_wconf 82' lang='grc' dir='ltr'><strong>οὐ</strong></span> <span class='ocrx_word' id='word_1_649' title='bbox 1717 5345 1872 5414; x_wconf 73' lang='grc' dir='ltr'>ψιλὸς</span> 
     </span>
    </p>
   </div>
   <div class='ocr_carea' id='block_1_83' title="bbox 274 5429 1870 5508">
    <p class='ocr_par' dir='ltr' id='par_1_83' title="bbox 274 5429 1870 5508">
     <span class='ocr_line' id='line_1_83' title="bbox 274 5429 1870 5508; baseline 0.005 -25"><span class='ocrx_word' id='word_1_650' title='bbox 274 5429 401 5484; x_wconf 74' lang='grc' dir='ltr'>καθ’</span> <span class='ocrx_word' id='word_1_651' title='bbox 435 5429 602 5499; x_wconf 71' lang='grc' dir='ltr'>ἡμᾶς,</span> <span class='ocrx_word' id='word_1_652' title='bbox 664 5430 778 5483; x_wconf 79' lang='grc' dir='ltr'><strong>ἀλλ’</strong></span> <span class='ocrx_word' id='word_1_653' title='bbox 837 5431 913 5483; x_wconf 81' lang='grc' dir='ltr'>ὢν</span> <span class='ocrx_word' id='word_1_654' title='bbox 941 5434 1081 5502; x_wconf 83' lang='grc' dir='ltr'>ὅπερ</span> <span class='ocrx_word' id='word_1_655' title='bbox 1122 5429 1210 5504; x_wconf 86' lang='grc' dir='ltr'>ἦν,</span> <span class='ocrx_word' id='word_1_656' title='bbox 1250 5436 1344 5487; x_wconf 72' lang='grc' dir='ltr'><strong>καὶ</strong></span> <span class='ocrx_word' id='word_1_657' title='bbox 1371 5437 1420 5489; x_wconf 73' lang='grc' dir='ltr'>εἰ</span> <span class='ocrx_word' id='word_1_658' title='bbox 1469 5438 1666 5504; x_wconf 82' lang='grc' dir='ltr'>γέγονε</span> <span class='ocrx_word' id='word_1_659' title='bbox 1713 5437 1870 5508; x_wconf 81' lang='grc' dir='ltr'>σάρξ.</span> 
     </span>
    </p>
   </div>
   <div class='ocr_carea' id='block_1_84' title="bbox 279 5521 1874 5598">
    <p class='ocr_par' dir='ltr' id='par_1_84' title="bbox 279 5521 1874 5598">
     <span class='ocr_line' id='line_1_84' title="bbox 279 5521 1874 5598; baseline 0.004 -25"><span class='ocrx_word' id='word_1_660' title='bbox 279 5522 596 5591; x_wconf 79' lang='grc' dir='ltr'>Γέγραπται</span> <span class='ocrx_word' id='word_1_661' title='bbox 658 5521 787 5591; x_wconf 78' lang='grc' dir='ltr'>γὰρ,</span> <span class='ocrx_word' id='word_1_662' title='bbox 839 5523 922 5576; x_wconf 85' lang='grc' dir='ltr'><strong>ὃτι</strong></span> <span class='ocrx_word' id='word_1_663' title='bbox 963 5543 981 5575; x_wconf 76' lang='grc' dir='ltr'><strong>ι</strong></span> <span class='ocrx_word' id='word_1_664' title='bbox 1044 5522 1248 5594; x_wconf 83' lang='grc' dir='ltr'>Ἰησοῦς</span> <span class='ocrx_word' id='word_1_665' title='bbox 1315 5528 1550 5598; x_wconf 80' lang='grc' dir='ltr'>Χριστὸς</span> <span class='ocrx_word' id='word_1_666' title='bbox 1604 5529 1729 5598; x_wconf 75' lang='grc' dir='ltr'>χθὲς</span> <span class='ocrx_word' id='word_1_667' title='bbox 1782 5531 1874 5581; x_wconf 79' lang='grc' dir='ltr'><strong>καὶ</strong></span> 
     </span>
    </p>
   </div>
   <div class='ocr_carea' id='block_1_85' title="bbox 275 5610 1872 5690">
    <p class='ocr_par' dir='ltr' id='par_1_85' title="bbox 275 5610 1872 5690">
     <span class='ocr_line' id='line_1_85' title="bbox 275 5610 1872 5690; baseline 0.008 -29"><span class='ocrx_word' id='word_1_668' title='bbox 275 5615 537 5678; x_wconf 74' lang='grc' dir='ltr'>σήμερον,</span> <span class='ocrx_word' id='word_1_669' title='bbox 579 5610 794 5674; x_wconf 81' lang='grc' dir='ltr'>ὁαῦτὸς</span> <span class='ocrx_word' id='word_1_670' title='bbox 843 5612 935 5666; x_wconf 78' lang='grc' dir='ltr'><strong>καὶ</strong></span> <span class='ocrx_word' id='word_1_671' title='bbox 998 5615 1078 5678; x_wconf 80' lang='grc' dir='ltr'>εἰς</span> <span class='ocrx_word' id='word_1_672' title='bbox 1136 5617 1261 5680; x_wconf 71' lang='grc' dir='ltr'>τοὺς</span> <span class='ocrx_word' id='word_1_673' title='bbox 1316 5619 1540 5682; x_wconf 79' lang='grc' dir='ltr'>αἰῶνας.</span> <span class='ocrx_word' id='word_1_674' title='bbox 1578 5638 1594 5667; x_wconf 73' lang='grc' dir='ltr'>ι</span> <span class='ocrx_word' id='word_1_675' title='bbox 1626 5615 1700 5672; x_wconf 82' lang='grc' dir='ltr'><em>Ἦ</em></span> <span class='ocrx_word' id='word_1_676' title='bbox 1765 5619 1872 5690; x_wconf 72' lang='grc' dir='ltr'>γάρ</span> 
     </span>
    </p>
   </div>
   <div class='ocr_carea' id='block_1_86' title="bbox 270 5701 1869 5784">
    <p class='ocr_par' dir='ltr' id='par_1_86' title="bbox 270 5701 1869 5784">
     <span class='ocr_line' id='line_1_86' title="bbox 270 5701 1869 5784; baseline 0.009 -32"><span class='ocrx_word' id='word_1_677' title='bbox 270 5702 392 5771; x_wconf 64' lang='grc' dir='ltr'>οὐχὶ</span> <span class='ocrx_word' id='word_1_678' title='bbox 441 5701 530 5755; x_wconf 69' lang='grc' dir='ltr'>διὰ</span> <span class='ocrx_word' id='word_1_679' title='bbox 581 5703 678 5772; x_wconf 79' lang='grc' dir='ltr'>τῆς</span> <span class='ocrx_word' id='word_1_680' title='bbox 734 5705 895 5772; x_wconf 74' lang='grc' dir='ltr'>ἁγίας</span> <span class='ocrx_word' id='word_1_681' title='bbox 923 5707 1202 5778; x_wconf 75' lang='grc' dir='ltr'>Παρθένου</span> <span class='ocrx_word' id='word_1_682' title='bbox 1240 5711 1492 5780; x_wconf 77' lang='grc' dir='ltr'>τετέχθαι</span> <span class='ocrx_word' id='word_1_683' title='bbox 1539 5713 1869 5784; x_wconf 69' lang='grc' dir='ltr'>πιστεύομεν</span> 
     </span>
    </p>
   </div>
   <div class='ocr_carea' id='block_1_87' title="bbox 741 5907 922 5966">
    <p class='ocr_par' dir='ltr' id='par_1_87' title="bbox 741 5907 922 5966">
     <span class='ocr_line' id='line_1_87' title="bbox 741 5907 922 5966; baseline 0.022 -6"><span class='ocrx_word' id='word_1_684' title='bbox 741 5907 922 5966; x_wconf 64' lang='lat' dir='ltr'><strong>I‘Z-ﬂt‘.</strong></span> 
     </span>
    </p>
   </div>
   <div class='ocr_carea' id='block_1_88' title="bbox 371 5901 1452 5971">
    <p class='ocr_par' dir='ltr' id='par_1_88' title="bbox 371 5901 1452 5971">
     <span class='ocr_line' id='line_1_88' title="bbox 371 5901 1452 5971; baseline 0.011 -12"><span class='ocrx_word' id='word_1_685' title='bbox 371 5901 620 5962; x_wconf 61' lang='grc' dir='ltr'>ευυιυεδ.</span> <span class='ocrx_word' id='word_1_686' title='bbox 658 5923 693 5965; x_wconf 74' lang='grc' dir='ltr'><strong>ε.</strong></span> <span class='ocrx_word' id='word_1_687' title='bbox 741 5907 922 5966; x_wconf 66' lang='lat' dir='ltr'><strong>I‘Z-ﬂt).</strong></span> <span class='ocrx_word' id='word_1_688' title='bbox 1009 5912 1225 5968; x_wconf 74' lang='lat' dir='ltr'><strong>&quot;Junii.</strong></span> <span class='ocrx_word' id='word_1_689' title='bbox 1261 5932 1295 5970; x_wconf 83' lang='grc' dir='ltr'><strong>ι.</strong></span> <span class='ocrx_word' id='word_1_690' title='bbox 1342 5916 1452 5971; x_wconf 76' lang='grc'><strong>1-5.</strong></span> 
     </span>
    </p>
   </div>
   <div class='ocr_carea' id='block_1_89' title="bbox 1540 5919 2007 5980">
    <p class='ocr_par' dir='ltr' id='par_1_89' title="bbox 1540 5919 2007 5980">
     <span class='ocr_line' id='line_1_89' title="bbox 1540 5919 2007 5980; baseline 0.011 -8"><span class='ocrx_word' id='word_1_691' title='bbox 1540 5919 1618 5973; x_wconf 78' lang='grc'><strong>¹⁶1</strong></span> <span class='ocrx_word' id='word_1_692' title='bbox 1651 5920 1774 5976; x_wconf 79' lang='lat' dir='ltr'><strong>Cur.</strong></span> <span class='ocrx_word' id='word_1_693' title='bbox 1809 5938 1923 5980; x_wconf 80' lang='lat' dir='ltr'><strong>\‘tll.</strong></span> <span class='ocrx_word' id='word_1_694' title='bbox 1957 5923 2007 5976; x_wconf 75' lang='lat' dir='ltr'><strong>ti.</strong></span> 
     </span>
    </p>
   </div>
   <div class='ocr_carea' id='block_1_90' title="bbox 2004 3359 3595 3431">
    <p class='ocr_par' dir='ltr' id='par_1_90' title="bbox 2004 3359 3595 3431">
     <span class='ocr_line' id='line_1_90' title="bbox 2004 3359 3595 3431; baseline -0.001 -17"><span class='ocrx_word' id='word_1_695' title='bbox 2004 3361 2271 3430; x_wconf 88' lang='lat' dir='ltr'><strong>principio</strong></span> <span class='ocrx_word' id='word_1_696' title='bbox 2297 3363 2435 3431; x_wconf 85' lang='lat' dir='ltr'><strong>apud</strong></span> <span class='ocrx_word' id='word_1_697' title='bbox 2468 3363 2656 3417; x_wconf 90' lang='lat' dir='ltr'><strong>Deum.</strong></span> <span class='ocrx_word' id='word_1_698' title='bbox 2684 3361 2878 3417; x_wconf 81' lang='lat' dir='ltr'><strong>Omnia</strong></span> <span class='ocrx_word' id='word_1_699' title='bbox 2907 3375 3005 3430; x_wconf 93' lang='lat' dir='ltr'><strong>per</strong></span> <span class='ocrx_word' id='word_1_700' title='bbox 3038 3360 3216 3431; x_wconf 86' lang='lat' dir='ltr'><strong>ipsum</strong></span> <span class='ocrx_word' id='word_1_701' title='bbox 3251 3359 3393 3415; x_wconf 77' lang='lat' dir='ltr'><strong>facta</strong></span> <span class='ocrx_word' id='word_1_702' title='bbox 3447 3369 3595 3422; x_wconf 91' lang='lat' dir='ltr'><strong>sunt,</strong></span> 
     </span>
    </p>
   </div>
   <div class='ocr_carea' id='block_1_91' title="bbox 2003 3453 3595 3522">
    <p class='ocr_par' dir='ltr' id='par_1_91' title="bbox 2003 3453 3595 3522">
     <span class='ocr_line' id='line_1_91' title="bbox 2003 3453 3595 3522; baseline -0.001 -14"><span class='ocrx_word' id='word_1_703' title='bbox 2003 3463 2058 3508; x_wconf 90' lang='lat' dir='ltr'><strong>et</strong></span> <span class='ocrx_word' id='word_1_704' title='bbox 2101 3454 2223 3510; x_wconf 89' lang='lat' dir='ltr'><strong>sine</strong></span> <span class='ocrx_word' id='word_1_705' title='bbox 2273 3455 2391 3522; x_wconf 89' lang='lat' dir='ltr'><strong>ipso</strong></span> <span class='ocrx_word' id='word_1_706' title='bbox 2421 3455 2624 3510; x_wconf 78' lang='lat' dir='ltr'><strong>factum</strong></span> <span class='ocrx_word' id='word_1_707' title='bbox 2682 3464 2766 3510; x_wconf 88' lang='lat' dir='ltr'><strong>est</strong></span> <span class='ocrx_word' id='word_1_708' title='bbox 2818 3453 2953 3507; x_wconf 83' lang='lat' dir='ltr'><strong>nihil</strong></span> <span class='ocrx_word' id='word_1_709' title='bbox 2982 3455 3046 3507; x_wconf 82' lang='lat'><strong>&quot;.</strong></span> <span class='ocrx_word' id='word_1_710' title='bbox 3092 3472 3111 3504; x_wconf 74' lang='grc' dir='ltr'><strong>ι</strong></span> <span class='ocrx_word' id='word_1_711' title='bbox 3156 3453 3357 3507; x_wconf 82' lang='lat' dir='ltr'><strong>Paulus</strong></span> <span class='ocrx_word' id='word_1_712' title='bbox 3409 3465 3542 3505; x_wconf 84' lang='lat' dir='ltr'><strong>vero</strong></span> <span class='ocrx_word' id='word_1_713' title='bbox 3579 3469 3595 3507; x_wconf 90' lang='lat'><strong>:</strong></span> 
     </span>
    </p>
   </div>
   <div class='ocr_carea' id='block_1_92' title="bbox 2007 3544 3598 3616">
    <p class='ocr_par' dir='ltr' id='par_1_92' title="bbox 2007 3544 3598 3616">
     <span class='ocr_line' id='line_1_92' title="bbox 2007 3544 3598 3616; baseline -0.001 -17"><span class='ocrx_word' id='word_1_714' title='bbox 2007 3563 2026 3597; x_wconf 84' lang='grc'><strong>‹</strong></span> <span class='ocrx_word' id='word_1_715' title='bbox 2070 3544 2248 3612; x_wconf 88' lang='lat' dir='ltr'><strong>Unus,</strong></span> <span class='ocrx_word' id='word_1_716' title='bbox 2308 3547 2506 3616; x_wconf 88' lang='lat' dir='ltr'><strong>inquit,</strong></span> <span class='ocrx_word' id='word_1_717' title='bbox 2547 3548 2692 3604; x_wconf 85' lang='lat' dir='ltr'><strong>Deus</strong></span> <span class='ocrx_word' id='word_1_718' title='bbox 2735 3548 2916 3613; x_wconf 90' lang='lat' dir='ltr'><strong>Pater,</strong></span> <span class='ocrx_word' id='word_1_719' title='bbox 2959 3562 3026 3602; x_wconf 80' lang='lat' dir='ltr'><strong>ex</strong></span> <span class='ocrx_word' id='word_1_720' title='bbox 3061 3560 3170 3615; x_wconf 92' lang='lat' dir='ltr'><strong>quo</strong></span> <span class='ocrx_word' id='word_1_721' title='bbox 3194 3544 3417 3611; x_wconf 86' lang='lat' dir='ltr'><strong>omnia;</strong></span> <span class='ocrx_word' id='word_1_722' title='bbox 3455 3558 3598 3597; x_wconf 87' lang='lat' dir='ltr'><strong>unus</strong></span> 
     </span>
    </p>
   </div>
   <div class='ocr_carea' id='block_1_93' title="bbox 2003 3637 3591 3710">
    <p class='ocr_par' dir='ltr' id='par_1_93' title="bbox 2003 3637 3591 3710">
     <span class='ocr_line' id='line_1_93' title="bbox 2003 3637 3591 3710; baseline 0.001 -20"><span class='ocrx_word' id='word_1_723' title='bbox 2003 3637 2262 3694; x_wconf 87' lang='lat' dir='ltr'><strong>Dominus</strong></span> <span class='ocrx_word' id='word_1_724' title='bbox 2315 3638 2476 3694; x_wconf 82' lang='lat' dir='ltr'><strong>Jesus</strong></span> <span class='ocrx_word' id='word_1_725' title='bbox 2532 3640 2808 3705; x_wconf 85' lang='lat' dir='ltr'><strong>Christus,</strong></span> <span class='ocrx_word' id='word_1_726' title='bbox 2871 3655 2968 3710; x_wconf 88' lang='lat' dir='ltr'><strong>per</strong></span> <span class='ocrx_word' id='word_1_727' title='bbox 3035 3654 3196 3709; x_wconf 85' lang='lat' dir='ltr'><strong>quem</strong></span> <span class='ocrx_word' id='word_1_728' title='bbox 3255 3638 3438 3693; x_wconf 89' lang='lat' dir='ltr'><strong>omnia</strong></span> <span class='ocrx_word' id='word_1_729' title='bbox 3465 3637 3530 3692; x_wconf 83' lang='lat'><strong>&quot;.</strong></span> <span class='ocrx_word' id='word_1_730' title='bbox 3568 3655 3591 3691; x_wconf 74' lang='grc' dir='ltr'><strong>ι</strong></span> 
     </span>
    </p>
   </div>
   <div class='ocr_carea' id='block_1_94' title="bbox 1998 3732 3587 3804">
    <p class='ocr_par' dir='ltr' id='par_1_94' title="bbox 1998 3732 3587 3804">
     <span class='ocr_line' id='line_1_94' title="bbox 1998 3732 3587 3804; baseline 0.001 -19"><span class='ocrx_word' id='word_1_731' title='bbox 1998 3732 2164 3800; x_wconf 84' lang='lat' dir='ltr'><strong>Atqui</strong></span> <span class='ocrx_word' id='word_1_732' title='bbox 2186 3733 2231 3787; x_wconf 86' lang='lat' dir='ltr'><strong>si</strong></span> <span class='ocrx_word' id='word_1_733' title='bbox 2265 3743 2384 3788; x_wconf 89' lang='lat' dir='ltr'><strong>erat</strong></span> <span class='ocrx_word' id='word_1_734' title='bbox 2414 3734 2619 3802; x_wconf 87' lang='lat' dir='ltr'><strong>aliquid</strong></span> <span class='ocrx_word' id='word_1_735' title='bbox 2642 3735 2995 3800; x_wconf 83' lang='lat' dir='ltr'><strong>discriminis,</strong></span> <span class='ocrx_word' id='word_1_736' title='bbox 3027 3743 3313 3804; x_wconf 86' lang='lat' dir='ltr'><strong>postquam</strong></span> <span class='ocrx_word' id='word_1_737' title='bbox 3348 3732 3587 3787; x_wconf 84' lang='lat' dir='ltr'><strong>Verbum</strong></span> 
     </span>
    </p>
   </div>
   <div class='ocr_carea' id='block_1_95' title="bbox 2000 3824 3593 3897">
    <p class='ocr_par' dir='ltr' id='par_1_95' title="bbox 2000 3824 3593 3897">
     <span class='ocr_line' id='line_1_95' title="bbox 2000 3824 3593 3897; baseline 0 -19"><span class='ocrx_word' id='word_1_738' title='bbox 2000 3825 2208 3880; x_wconf 92' lang='lat' dir='ltr'><strong>unitum</strong></span> <span class='ocrx_word' id='word_1_739' title='bbox 2237 3835 2322 3881; x_wconf 89' lang='lat' dir='ltr'><strong>est</strong></span> <span class='ocrx_word' id='word_1_740' title='bbox 2373 3827 2548 3891; x_wconf 89' lang='lat' dir='ltr'><strong>carni,</strong></span> <span class='ocrx_word' id='word_1_741' title='bbox 2601 3827 2856 3897; x_wconf 85' lang='lat' dir='ltr'><strong>quodque</strong></span> <span class='ocrx_word' id='word_1_742' title='bbox 2914 3826 3061 3880; x_wconf 85' lang='lat' dir='ltr'><strong>illum</strong></span> <span class='ocrx_word' id='word_1_743' title='bbox 3114 3826 3166 3879; x_wconf 90' lang='lat' dir='ltr'><strong>in</strong></span> <span class='ocrx_word' id='word_1_744' title='bbox 3217 3824 3593 3880; x_wconf 80' lang='lat' dir='ltr'><strong>diversitatem</strong></span> 
     </span>
    </p>
   </div>
   <div class='ocr_carea' id='block_1_96' title="bbox 1997 3918 3592 3988">
    <p class='ocr_par' dir='ltr' id='par_1_96' title="bbox 1997 3918 3592 3988">
     <span class='ocr_line' id='line_1_96' title="bbox 1997 3918 3592 3988; baseline 0.001 -18"><span class='ocrx_word' id='word_1_745' title='bbox 1997 3921 2289 3988; x_wconf 83' lang='lat' dir='ltr'><strong>quamdam</strong></span> <span class='ocrx_word' id='word_1_746' title='bbox 2323 3918 2543 3984; x_wconf 85' lang='lat' dir='ltr'><strong>dividat,</strong></span> <span class='ocrx_word' id='word_1_747' title='bbox 2569 3919 2644 3973; x_wconf 89' lang='lat' dir='ltr'><strong>ita</strong></span> <span class='ocrx_word' id='word_1_748' title='bbox 2683 3928 2739 3972; x_wconf 91' lang='lat' dir='ltr'><strong>ut</strong></span> <span class='ocrx_word' id='word_1_749' title='bbox 2767 3918 3083 3973; x_wconf 88' lang='lat' dir='ltr'><strong>dualitatem</strong></span> <span class='ocrx_word' id='word_1_750' title='bbox 3117 3918 3410 3987; x_wconf 88' lang='lat' dir='ltr'><strong>quamdam</strong></span> <span class='ocrx_word' id='word_1_751' title='bbox 3449 3918 3592 3972; x_wconf 86' lang='lat' dir='ltr'><strong>lilio-</strong></span> 
     </span>
    </p>
   </div>
   <div class='ocr_carea' id='block_1_97' title="bbox 1997 4009 3589 4076">
    <p class='ocr_par' dir='ltr' id='par_1_97' title="bbox 1997 4009 3589 4076">
     <span class='ocr_line' id='line_1_97' title="bbox 1997 4009 3589 4076; baseline -0.001 -12"><span class='ocrx_word' id='word_1_752' title='bbox 1997 4027 2113 4065; x_wconf 92' lang='lat' dir='ltr'><strong>rum</strong></span> <span class='ocrx_word' id='word_1_753' title='bbox 2138 4012 2455 4076; x_wconf 87' lang='lat' dir='ltr'><strong>constituat,</strong></span> <span class='ocrx_word' id='word_1_754' title='bbox 2504 4012 2644 4066; x_wconf 91' lang='lat' dir='ltr'><strong>sicut</strong></span> <span class='ocrx_word' id='word_1_755' title='bbox 2669 4011 2765 4064; x_wconf 90' lang='lat' dir='ltr'><strong>tibi</strong></span> <span class='ocrx_word' id='word_1_756' title='bbox 2799 4012 3011 4064; x_wconf 83' lang='lat' dir='ltr'><strong>videtur</strong></span> <span class='ocrx_word' id='word_1_757' title='bbox 3045 4027 3058 4064; x_wconf 90' lang='lat'><strong>:</strong></span> <span class='ocrx_word' id='word_1_758' title='bbox 3097 4012 3370 4076; x_wconf 87' lang='lat' dir='ltr'><strong>quomodo</strong></span> <span class='ocrx_word' id='word_1_759' title='bbox 3406 4009 3589 4064; x_wconf 88' lang='lat' dir='ltr'><strong>omnia</strong></span> 
     </span>
    </p>
   </div>
   <div class='ocr_carea' id='block_1_98' title="bbox 1992 4091 3593 4174">
    <p class='ocr_par' dir='ltr' id='par_1_98' title="bbox 1992 4091 3593 4174">
     <span class='ocr_line' id='line_1_98' title="bbox 1992 4091 3593 4174; baseline -0.004 -16"><span class='ocrx_word' id='word_1_760' title='bbox 1992 4115 2176 4160; x_wconf 89' lang='lat' dir='ltr'><strong>creata</strong></span> <span class='ocrx_word' id='word_1_761' title='bbox 2207 4115 2331 4158; x_wconf 86' lang='lat' dir='ltr'><strong>sunt</strong></span> <span class='ocrx_word' id='word_1_762' title='bbox 2375 4118 2472 4174; x_wconf 90' lang='lat' dir='ltr'><strong>per</strong></span> <span class='ocrx_word' id='word_1_763' title='bbox 2517 4101 2702 4159; x_wconf 86' lang='lat' dir='ltr'><strong>Jesum</strong></span> <span class='ocrx_word' id='word_1_764' title='bbox 2736 4091 3012 4158; x_wconf 77' lang='lat' dir='ltr'><strong>Christum</strong></span> <span class='ocrx_word' id='word_1_765' title='bbox 3042 4102 3253 4171; x_wconf 86' lang='lat' dir='ltr'><strong>?Atqui</strong></span> <span class='ocrx_word' id='word_1_766' title='bbox 3287 4099 3468 4155; x_wconf 88' lang='lat' dir='ltr'><strong>omnia</strong></span> <span class='ocrx_word' id='word_1_767' title='bbox 3493 4115 3593 4169; x_wconf 89' lang='lat' dir='ltr'><strong>per</strong></span> 
     </span>
    </p>
   </div>
   <div class='ocr_carea' id='block_1_99' title="bbox 1992 4192 3587 4267">
    <p class='ocr_par' dir='ltr' id='par_1_99' title="bbox 1992 4192 3587 4267">
     <span class='ocr_line' id='line_1_99' title="bbox 1992 4192 3587 4267; baseline -0.003 -16"><span class='ocrx_word' id='word_1_768' title='bbox 1992 4197 2169 4267; x_wconf 83' lang='lat' dir='ltr'><strong>ipsum</strong></span> <span class='ocrx_word' id='word_1_769' title='bbox 2199 4206 2383 4250; x_wconf 89' lang='lat' dir='ltr'><strong>creata</strong></span> <span class='ocrx_word' id='word_1_770' title='bbox 2415 4206 2559 4250; x_wconf 90' lang='lat' dir='ltr'><strong>sunt.</strong></span> <span class='ocrx_word' id='word_1_771' title='bbox 2586 4194 2930 4250; x_wconf 82' lang='lat' dir='ltr'><strong>Manifestum</strong></span> <span class='ocrx_word' id='word_1_772' title='bbox 2967 4195 3129 4265; x_wconf 77' lang='lat' dir='ltr'><strong>igitur</strong></span> <span class='ocrx_word' id='word_1_773' title='bbox 3160 4203 3242 4248; x_wconf 86' lang='lat' dir='ltr'><strong>est</strong></span> <span class='ocrx_word' id='word_1_774' title='bbox 3275 4192 3420 4261; x_wconf 91' lang='lat' dir='ltr'><strong>quod</strong></span> <span class='ocrx_word' id='word_1_775' title='bbox 3461 4207 3587 4260; x_wconf 70' lang='lat' dir='ltr'><strong>quso</strong></span> 
     </span>
    </p>
   </div>
   <div class='ocr_carea' id='block_1_100' title="bbox 1991 4282 3590 4357">
    <p class='ocr_par' dir='ltr' id='par_1_100' title="bbox 1991 4282 3590 4357">
     <span class='ocr_line' id='line_1_100' title="bbox 1991 4282 3590 4357; baseline -0.004 -13"><span class='ocrx_word' id='word_1_776' title='bbox 1991 4298 2184 4344; x_wconf 89' lang='lat' dir='ltr'><strong>natura</strong></span> <span class='ocrx_word' id='word_1_777' title='bbox 2215 4299 2269 4342; x_wconf 90' lang='lat' dir='ltr'><strong>et</strong></span> <span class='ocrx_word' id='word_1_778' title='bbox 2302 4287 2652 4357; x_wconf 85' lang='lat' dir='ltr'><strong>peculiariter</strong></span> <span class='ocrx_word' id='word_1_779' title='bbox 2707 4287 2892 4341; x_wconf 91' lang='lat' dir='ltr'><strong>insunt</strong></span> <span class='ocrx_word' id='word_1_780' title='bbox 2946 4286 3123 4341; x_wconf 83' lang='lat' dir='ltr'><strong>Verbo</strong></span> <span class='ocrx_word' id='word_1_781' title='bbox 3154 4287 3298 4355; x_wconf 90' lang='lat' dir='ltr'><strong>quod</strong></span> <span class='ocrx_word' id='word_1_782' title='bbox 3327 4299 3392 4339; x_wconf 79' lang='lat' dir='ltr'><strong>ex</strong></span> <span class='ocrx_word' id='word_1_783' title='bbox 3423 4282 3590 4338; x_wconf 81' lang='lat' dir='ltr'><strong>Patre</strong></span> 
     </span>
    </p>
   </div>
   <div class='ocr_carea' id='block_1_101' title="bbox 1989 4380 3587 4452">
    <p class='ocr_par' dir='ltr' id='par_1_101' title="bbox 1989 4380 3587 4452">
     <span class='ocr_line' id='line_1_101' title="bbox 1989 4380 3587 4452; baseline 0.001 -18"><span class='ocrx_word' id='word_1_784' title='bbox 1989 4381 2253 4452; x_wconf 88' lang='lat' dir='ltr'><strong>procedit,</strong></span> <span class='ocrx_word' id='word_1_785' title='bbox 2284 4392 2502 4437; x_wconf 90' lang='lat' dir='ltr'><strong>manent</strong></span> <span class='ocrx_word' id='word_1_786' title='bbox 2529 4382 2692 4436; x_wconf 88' lang='lat' dir='ltr'><strong>etiam</strong></span> <span class='ocrx_word' id='word_1_787' title='bbox 2723 4382 2775 4435; x_wconf 90' lang='lat' dir='ltr'><strong>in</strong></span> <span class='ocrx_word' id='word_1_788' title='bbox 2801 4382 2920 4450; x_wconf 89' lang='lat' dir='ltr'><strong>ipso</strong></span> <span class='ocrx_word' id='word_1_789' title='bbox 2953 4395 3077 4436; x_wconf 91' lang='lat' dir='ltr'><strong>cum</strong></span> <span class='ocrx_word' id='word_1_790' title='bbox 3099 4380 3302 4434; x_wconf 81' lang='lat' dir='ltr'><strong>factum</strong></span> <span class='ocrx_word' id='word_1_791' title='bbox 3327 4386 3412 4433; x_wconf 90' lang='lat' dir='ltr'><strong>est</strong></span> <span class='ocrx_word' id='word_1_792' title='bbox 3436 4393 3587 4435; x_wconf 90' lang='lat' dir='ltr'><strong>caro.</strong></span> 
     </span>
    </p>
   </div>
   <div class='ocr_carea' id='block_1_102' title="bbox 1985 4474 3583 4546">
    <p class='ocr_par' dir='ltr' id='par_1_102' title="bbox 1985 4474 3583 4546">
     <span class='ocr_line' id='line_1_102' title="bbox 1985 4474 3583 4546; baseline -0.002 -15"><span class='ocrx_word' id='word_1_793' title='bbox 1985 4475 2360 4531; x_wconf 87' lang='lat' dir='ltr'><strong>Periculosum</strong></span> <span class='ocrx_word' id='word_1_794' title='bbox 2418 4477 2601 4546; x_wconf 88' lang='lat' dir='ltr'><strong>itaque</strong></span> <span class='ocrx_word' id='word_1_795' title='bbox 2661 4483 2746 4531; x_wconf 87' lang='lat' dir='ltr'><strong>est</strong></span> <span class='ocrx_word' id='word_1_796' title='bbox 2801 4476 2914 4530; x_wconf 67' lang='lat' dir='ltr'><strong>haec</strong></span> <span class='ocrx_word' id='word_1_797' title='bbox 2951 4474 3139 4545; x_wconf 87' lang='lat' dir='ltr'><strong>partiri</strong></span> <span class='ocrx_word' id='word_1_798' title='bbox 3187 4488 3252 4529; x_wconf 92' lang='lat' dir='ltr'><strong>ac</strong></span> <span class='ocrx_word' id='word_1_799' title='bbox 3305 4486 3583 4542; x_wconf 87' lang='lat' dir='ltr'><strong>separare.</strong></span> 
     </span>
    </p>
   </div>
   <div class='ocr_carea' id='block_1_103' title="bbox 1984 4563 3599 4635">
    <p class='ocr_par' dir='ltr' id='par_1_103' title="bbox 1984 4563 3599 4635">
     <span class='ocr_line' id='line_1_103' title="bbox 1984 4563 3599 4635; baseline -0.006 -7"><span class='ocrx_word' id='word_1_800' title='bbox 1984 4568 2142 4628; x_wconf 87' lang='lat' dir='ltr'><strong>Unus</strong></span> <span class='ocrx_word' id='word_1_801' title='bbox 2164 4570 2309 4624; x_wconf 89' lang='lat' dir='ltr'><strong>enim</strong></span> <span class='ocrx_word' id='word_1_802' title='bbox 2341 4570 2607 4624; x_wconf 89' lang='lat' dir='ltr'><strong>Dominus</strong></span> <span class='ocrx_word' id='word_1_803' title='bbox 2635 4567 2794 4625; x_wconf 83' lang='lat' dir='ltr'><strong>Jesus</strong></span> <span class='ocrx_word' id='word_1_804' title='bbox 2830 4567 3102 4633; x_wconf 88' lang='lat' dir='ltr'><strong>Christus,</strong></span> <span class='ocrx_word' id='word_1_805' title='bbox 3160 4577 3213 4621; x_wconf 91' lang='lat' dir='ltr'><strong>et</strong></span> <span class='ocrx_word' id='word_1_806' title='bbox 3254 4579 3349 4635; x_wconf 82' lang='lat' dir='ltr'><strong>per</strong></span> <span class='ocrx_word' id='word_1_807' title='bbox 3403 4563 3599 4635; x_wconf 78' lang='lat' dir='ltr'><strong>ipsum</strong></span> 
     </span>
    </p>
   </div>
   <div class='ocr_carea' id='block_1_104' title="bbox 1914 4638 2616 4719">
    <p class='ocr_par' dir='ltr' id='par_1_104' title="bbox 1914 4638 2616 4719">
     <span class='ocr_line' id='line_1_104' title="bbox 1914 4638 2616 4719; baseline -0.001 -1"><span class='ocrx_word' id='word_1_808' title='bbox 1914 4638 1961 4696; x_wconf 73' lang='lat' dir='ltr'><strong>D</strong></span> <span class='ocrx_word' id='word_1_809' title='bbox 1987 4664 2169 4719; x_wconf 91' lang='lat' dir='ltr'><strong>omnia</strong></span> <span class='ocrx_word' id='word_1_810' title='bbox 2201 4663 2406 4717; x_wconf 89' lang='lat' dir='ltr'><strong>creavit</strong></span> <span class='ocrx_word' id='word_1_811' title='bbox 2433 4661 2616 4718; x_wconf 85' lang='lat' dir='ltr'><strong>Pater.</strong></span> 
     </span>
    </p>
   </div>
   <div class='ocr_carea' id='block_1_105' title="bbox 2058 4778 2356 4834">
    <p class='ocr_par' dir='ltr' id='par_1_105' title="bbox 2058 4778 2356 4834">
     <span class='ocr_line' id='line_1_105' title="bbox 2058 4778 2356 4834; baseline -0.003 0"><span class='ocrx_word' id='word_1_812' title='bbox 2058 4778 2119 4834; x_wconf 86' lang='grc' dir='ltr'><strong>Β.</strong></span> <span class='ocrx_word' id='word_1_813' title='bbox 2151 4779 2224 4833; x_wconf 89' lang='lat' dir='ltr'><strong>Ita</strong></span> <span class='ocrx_word' id='word_1_814' title='bbox 2252 4788 2356 4833; x_wconf 90' lang='lat' dir='ltr'><strong>est.</strong></span> 
     </span>
    </p>
   </div>
   <div class='ocr_carea' id='block_1_106' title="bbox 2057 4889 3584 4960">
    <p class='ocr_par' dir='ltr' id='par_1_106' title="bbox 2057 4889 3584 4960">
     <span class='ocr_line' id='line_1_106' title="bbox 2057 4889 3584 4960; baseline -0.001 -13"><span class='ocrx_word' id='word_1_815' title='bbox 2057 4892 2123 4947; x_wconf 77' lang='grc' dir='ltr'><strong>Α.</strong></span> <span class='ocrx_word' id='word_1_816' title='bbox 2167 4890 2264 4946; x_wconf 84' lang='lat' dir='ltr'><strong>Est</strong></span> <span class='ocrx_word' id='word_1_817' title='bbox 2319 4891 2485 4960; x_wconf 78' lang='lat' dir='ltr'><strong>igitur</strong></span> <span class='ocrx_word' id='word_1_818' title='bbox 2523 4899 2578 4945; x_wconf 91' lang='lat' dir='ltr'><strong>et</strong></span> <span class='ocrx_word' id='word_1_819' title='bbox 2623 4901 2860 4956; x_wconf 88' lang='lat' dir='ltr'><strong>creator,</strong></span> <span class='ocrx_word' id='word_1_820' title='bbox 2898 4889 3202 4945; x_wconf 85' lang='lat' dir='ltr'><strong>divinitatis</strong></span> <span class='ocrx_word' id='word_1_821' title='bbox 3262 4889 3584 4958; x_wconf 85' lang='lat' dir='ltr'><strong>ratione;et</strong></span> 
     </span>
    </p>
   </div>
   <div class='ocr_carea' id='block_1_107' title="bbox 1985 4979 3583 5050">
    <p class='ocr_par' dir='ltr' id='par_1_107' title="bbox 1985 4979 3583 5050">
     <span class='ocr_line' id='line_1_107' title="bbox 1985 4979 3583 5050; baseline 0.001 -17"><span class='ocrx_word' id='word_1_822' title='bbox 1985 4979 2289 5047; x_wconf 84' lang='lat' dir='ltr'><strong>vivitlcans,</strong></span> <span class='ocrx_word' id='word_1_823' title='bbox 2344 4990 2528 5050; x_wconf 88' lang='lat' dir='ltr'><strong>utpote</strong></span> <span class='ocrx_word' id='word_1_824' title='bbox 2581 4982 2736 5036; x_wconf 87' lang='lat' dir='ltr'><strong>vita:</strong></span> <span class='ocrx_word' id='word_1_825' title='bbox 2795 4981 3031 5036; x_wconf 79' lang='lat' dir='ltr'><strong>humana</strong></span> <span class='ocrx_word' id='word_1_826' title='bbox 3098 4991 3278 5036; x_wconf 86' lang='lat' dir='ltr'><strong>autem</strong></span> <span class='ocrx_word' id='word_1_827' title='bbox 3339 4980 3583 5036; x_wconf 88' lang='lat' dir='ltr'><strong>vicissim</strong></span> 
     </span>
    </p>
   </div>
   <div class='ocr_carea' id='block_1_108' title="bbox 1987 5059 3580 5142">
    <p class='ocr_par' dir='ltr' id='par_1_108' title="bbox 1987 5059 3580 5142">
     <span class='ocr_line' id='line_1_108' title="bbox 1987 5059 3580 5142; baseline -0.001 -16"><span class='ocrx_word' id='word_1_828' title='bbox 1987 5073 2218 5136; x_wconf 86' lang='lat' dir='ltr'><strong>ratione,</strong></span> <span class='ocrx_word' id='word_1_829' title='bbox 2265 5087 2329 5126; x_wconf 80' lang='lat' dir='ltr'><strong>ex</strong></span> <span class='ocrx_word' id='word_1_830' title='bbox 2362 5059 2788 5142; x_wconf 86' lang='lat' dir='ltr'><strong>proprietatibus</strong></span> <span class='ocrx_word' id='word_1_831' title='bbox 2841 5087 2961 5142; x_wconf 69' lang='lat' dir='ltr'><strong>qua:</strong></span> <span class='ocrx_word' id='word_1_832' title='bbox 2997 5072 3270 5128; x_wconf 89' lang='lat' dir='ltr'><strong>hominem</strong></span> <span class='ocrx_word' id='word_1_833' title='bbox 3304 5071 3580 5126; x_wconf 81' lang='lat' dir='ltr'><strong>excedunt</strong></span> 
     </span>
    </p>
   </div>
   <div class='ocr_carea' id='block_1_109' title="bbox 1986 5160 3579 5231">
    <p class='ocr_par' dir='ltr' id='par_1_109' title="bbox 1986 5160 3579 5231">
     <span class='ocr_line' id='line_1_109' title="bbox 1986 5160 3579 5231; baseline 0.001 -16"><span class='ocrx_word' id='word_1_834' title='bbox 1986 5162 2035 5216; x_wconf 92' lang='lat' dir='ltr'><strong>iu</strong></span> <span class='ocrx_word' id='word_1_835' title='bbox 2078 5178 2242 5216; x_wconf 89' lang='lat' dir='ltr'><strong>unum</strong></span> <span class='ocrx_word' id='word_1_836' title='bbox 2279 5163 2405 5231; x_wconf 89' lang='lat' dir='ltr'><strong>quid</strong></span> <span class='ocrx_word' id='word_1_837' title='bbox 2449 5163 2828 5217; x_wconf 74' lang='lat' dir='ltr'><strong>intermedium</strong></span> <span class='ocrx_word' id='word_1_838' title='bbox 2875 5163 3228 5229; x_wconf 86' lang='lat' dir='ltr'><strong>compositus.</strong></span> <span class='ocrx_word' id='word_1_839' title='bbox 3312 5160 3579 5217; x_wconf 83' lang='lat' dir='ltr'><strong>Mediator</strong></span> 
     </span>
    </p>
   </div>
   <div class='ocr_carea' id='block_1_110' title="bbox 1982 5251 3576 5321">
    <p class='ocr_par' dir='ltr' id='par_1_110' title="bbox 1982 5251 3576 5321">
     <span class='ocr_line' id='line_1_110' title="bbox 1982 5251 3576 5321; baseline 0.001 -18"><span class='ocrx_word' id='word_1_840' title='bbox 1982 5251 2126 5304; x_wconf 92' lang='lat' dir='ltr'><strong>enim</strong></span> <span class='ocrx_word' id='word_1_841' title='bbox 2164 5261 2246 5304; x_wconf 88' lang='lat' dir='ltr'><strong>est</strong></span> <span class='ocrx_word' id='word_1_842' title='bbox 2275 5252 2366 5305; x_wconf 90' lang='lat' dir='ltr'><strong>Dei</strong></span> <span class='ocrx_word' id='word_1_843' title='bbox 2400 5260 2455 5305; x_wconf 87' lang='lat' dir='ltr'><strong>et</strong></span> <span class='ocrx_word' id='word_1_844' title='bbox 2481 5253 2782 5316; x_wconf 85' lang='lat' dir='ltr'><strong>hominum,</strong></span> <span class='ocrx_word' id='word_1_845' title='bbox 2825 5254 3122 5307; x_wconf 80' lang='lat' dir='ltr'><strong>secundum</strong></span> <span class='ocrx_word' id='word_1_846' title='bbox 3156 5252 3472 5321; x_wconf 88' lang='lat' dir='ltr'><strong>Seripturas</strong></span> <span class='ocrx_word' id='word_1_847' title='bbox 3505 5252 3576 5318; x_wconf 84' lang='grc'><strong>³⁷,</strong></span> 
     </span>
    </p>
   </div>
   <div class='ocr_carea' id='block_1_111' title="bbox 1982 5342 3573 5412">
    <p class='ocr_par' dir='ltr' id='par_1_111' title="bbox 1982 5342 3573 5412">
     <span class='ocr_line' id='line_1_111' title="bbox 1982 5342 3573 5412; baseline -0.001 -16"><span class='ocrx_word' id='word_1_848' title='bbox 1982 5353 2172 5397; x_wconf 87' lang='lat' dir='ltr'><strong>natura</strong></span> <span class='ocrx_word' id='word_1_849' title='bbox 2207 5345 2423 5412; x_wconf 90' lang='lat' dir='ltr'><strong>quidem</strong></span> <span class='ocrx_word' id='word_1_850' title='bbox 2458 5344 2732 5397; x_wconf 83' lang='lat' dir='ltr'><strong>exsistens</strong></span> <span class='ocrx_word' id='word_1_851' title='bbox 2759 5342 2919 5405; x_wconf 90' lang='lat' dir='ltr'><strong>Deus,</strong></span> <span class='ocrx_word' id='word_1_852' title='bbox 2946 5353 2999 5398; x_wconf 91' lang='lat' dir='ltr'><strong>et</strong></span> <span class='ocrx_word' id='word_1_853' title='bbox 3026 5358 3131 5396; x_wconf 92' lang='lat' dir='ltr'><strong>non</strong></span> <span class='ocrx_word' id='word_1_854' title='bbox 3155 5343 3362 5412; x_wconf 87' lang='lat' dir='ltr'><strong>absque</strong></span> <span class='ocrx_word' id='word_1_855' title='bbox 3385 5357 3573 5407; x_wconf 83' lang='lat' dir='ltr'><strong>carne,</strong></span> 
     </span>
    </p>
   </div>
   <div class='ocr_carea' id='block_1_112' title="bbox 1979 5436 3576 5505">
    <p class='ocr_par' dir='ltr' id='par_1_112' title="bbox 1979 5436 3576 5505">
     <span class='ocr_line' id='line_1_112' title="bbox 1979 5436 3576 5505; baseline 0.001 -17"><span class='ocrx_word' id='word_1_856' title='bbox 1979 5436 2140 5490; x_wconf 88' lang='lat' dir='ltr'><strong>homo</strong></span> <span class='ocrx_word' id='word_1_857' title='bbox 2175 5448 2356 5490; x_wconf 88' lang='lat' dir='ltr'><strong>autem</strong></span> <span class='ocrx_word' id='word_1_858' title='bbox 2392 5452 2540 5504; x_wconf 90' lang='lat' dir='ltr'><strong>vere,</strong></span> <span class='ocrx_word' id='word_1_859' title='bbox 2578 5452 2681 5492; x_wconf 90' lang='lat' dir='ltr'><strong>non</strong></span> <span class='ocrx_word' id='word_1_860' title='bbox 2725 5437 2871 5492; x_wconf 88' lang='lat' dir='ltr'><strong>unde</strong></span> <span class='ocrx_word' id='word_1_861' title='bbox 2917 5445 3081 5505; x_wconf 89' lang='lat' dir='ltr'><strong>atque</strong></span> <span class='ocrx_word' id='word_1_862' title='bbox 3133 5436 3474 5503; x_wconf 84' lang='lat' dir='ltr'><strong>simpliciter,</strong></span> <span class='ocrx_word' id='word_1_863' title='bbox 3513 5448 3576 5492; x_wconf 89' lang='lat' dir='ltr'><strong>ut</strong></span> 
     </span>
    </p>
   </div>
   <div class='ocr_carea' id='block_1_113' title="bbox 1978 5525 3574 5598">
    <p class='ocr_par' dir='ltr' id='par_1_113' title="bbox 1978 5525 3574 5598">
     <span class='ocr_line' id='line_1_113' title="bbox 1978 5525 3574 5598; baseline 0.001 -16"><span class='ocrx_word' id='word_1_864' title='bbox 1978 5543 2095 5592; x_wconf 88' lang='lat' dir='ltr'><strong>nos,</strong></span> <span class='ocrx_word' id='word_1_865' title='bbox 2126 5529 2218 5583; x_wconf 89' lang='lat' dir='ltr'><strong>sed</strong></span> <span class='ocrx_word' id='word_1_866' title='bbox 2248 5529 2518 5584; x_wconf 78' lang='lat' dir='ltr'><strong>exsistens</strong></span> <span class='ocrx_word' id='word_1_867' title='bbox 2564 5529 2614 5583; x_wconf 88' lang='lat' dir='ltr'><strong>id</strong></span> <span class='ocrx_word' id='word_1_868' title='bbox 2647 5531 2789 5598; x_wconf 87' lang='lat' dir='ltr'><strong>quod</strong></span> <span class='ocrx_word' id='word_1_869' title='bbox 2827 5539 2964 5595; x_wconf 90' lang='lat' dir='ltr'><strong>erat,</strong></span> <span class='ocrx_word' id='word_1_870' title='bbox 3019 5527 3232 5581; x_wconf 82' lang='lat' dir='ltr'><strong>etiamsi</strong></span> <span class='ocrx_word' id='word_1_871' title='bbox 3285 5525 3464 5582; x_wconf 78' lang='lat' dir='ltr'><strong>factus</strong></span> <span class='ocrx_word' id='word_1_872' title='bbox 3503 5530 3574 5584; x_wconf 89' lang='lat' dir='ltr'><strong>sit</strong></span> 
     </span>
    </p>
   </div>
   <div class='ocr_carea' id='block_1_114' title="bbox 1977 5618 3573 5691">
    <p class='ocr_par' dir='ltr' id='par_1_114' title="bbox 1977 5618 3573 5691">
     <span class='ocr_line' id='line_1_114' title="bbox 1977 5618 3573 5691; baseline 0 -15"><span class='ocrx_word' id='word_1_873' title='bbox 1977 5636 2125 5676; x_wconf 87' lang='lat' dir='ltr'><strong>caro.</strong></span> <span class='ocrx_word' id='word_1_874' title='bbox 2181 5621 2457 5691; x_wconf 89' lang='lat' dir='ltr'><strong>Scriptum</strong></span> <span class='ocrx_word' id='word_1_875' title='bbox 2505 5631 2588 5677; x_wconf 82' lang='lat' dir='ltr'><strong>est</strong></span> <span class='ocrx_word' id='word_1_876' title='bbox 2633 5625 2800 5686; x_wconf 88' lang='lat' dir='ltr'><strong>enim,</strong></span> <span class='ocrx_word' id='word_1_877' title='bbox 2856 5621 3001 5691; x_wconf 89' lang='lat' dir='ltr'><strong>quod</strong></span> <span class='ocrx_word' id='word_1_878' title='bbox 3046 5638 3064 5671; x_wconf 78' lang='grc' dir='ltr'><strong>ι</strong></span> <span class='ocrx_word' id='word_1_879' title='bbox 3119 5618 3276 5674; x_wconf 82' lang='lat' dir='ltr'><strong>Jesus</strong></span> <span class='ocrx_word' id='word_1_880' title='bbox 3319 5620 3573 5676; x_wconf 87' lang='lat' dir='ltr'><strong>Christus</strong></span> 
     </span>
    </p>
   </div>
   <div class='ocr_carea' id='block_1_115' title="bbox 1976 5713 3567 5785">
    <p class='ocr_par' dir='ltr' id='par_1_115' title="bbox 1976 5713 3567 5785">
     <span class='ocr_line' id='line_1_115' title="bbox 1976 5713 3567 5785; baseline 0 -17"><span class='ocrx_word' id='word_1_881' title='bbox 1976 5715 2089 5769; x_wconf 81' lang='lat' dir='ltr'><strong>lteri</strong></span> <span class='ocrx_word' id='word_1_882' title='bbox 2129 5725 2182 5769; x_wconf 88' lang='lat' dir='ltr'><strong>et</strong></span> <span class='ocrx_word' id='word_1_883' title='bbox 2214 5715 2376 5770; x_wconf 89' lang='lat' dir='ltr'><strong>hodie</strong></span> <span class='ocrx_word' id='word_1_884' title='bbox 2405 5732 2420 5781; x_wconf 88' lang='lat'><strong>;</strong></span> <span class='ocrx_word' id='word_1_885' title='bbox 2451 5714 2592 5770; x_wconf 74' lang='lat' dir='ltr'><strong>idem</strong></span> <span class='ocrx_word' id='word_1_886' title='bbox 2639 5714 2753 5785; x_wconf 91' lang='lat' dir='ltr'><strong>ipse</strong></span> <span class='ocrx_word' id='word_1_887' title='bbox 2802 5725 2856 5768; x_wconf 90' lang='lat' dir='ltr'><strong>ct</strong></span> <span class='ocrx_word' id='word_1_888' title='bbox 2907 5713 3072 5784; x_wconf 81' lang='lat'><strong>710</strong></span> <span class='ocrx_word' id='word_1_889' title='bbox 3118 5713 3172 5768; x_wconf 90' lang='lat' dir='ltr'><strong>in</strong></span> <span class='ocrx_word' id='word_1_890' title='bbox 3212 5714 3409 5770; x_wconf 68' lang='lat' dir='ltr'><strong>sarcula</strong></span> <span class='ocrx_word' id='word_1_891' title='bbox 3442 5714 3508 5771; x_wconf 80' lang='lat'><strong>&quot;’.</strong></span> <span class='ocrx_word' id='word_1_892' title='bbox 3540 5730 3567 5768; x_wconf 75' lang='grc' dir='ltr'><strong>ο</strong></span> 
     </span>
    </p>
   </div>
   <div class='ocr_carea' id='block_1_116' title="bbox 2108 5912 3095 5985">
    <p class='ocr_par' dir='ltr' id='par_1_116' title="bbox 2108 5912 3095 5985">
     <span class='ocr_line' id='line_1_116' title="bbox 2108 5912 3095 5985; baseline -0.004 -9"><span class='ocrx_word' id='word_1_893' title='bbox 2108 5923 2187 5976; x_wconf 85' lang='grc' dir='ltr'><strong>¹⁷Ι</strong></span> <span class='ocrx_word' id='word_1_894' title='bbox 2225 5922 2362 5979; x_wconf 77' lang='lat' dir='ltr'><strong>Tizu.</strong></span> <span class='ocrx_word' id='word_1_895' title='bbox 2399 5922 2540 5985; x_wconf 73' lang='lat'><strong>11.5.</strong></span> <span class='ocrx_word' id='word_1_896' title='bbox 2627 5921 2668 5952; x_wconf 73' lang='grc'><strong>’⁸</strong></span> <span class='ocrx_word' id='word_1_897' title='bbox 2695 5912 2859 5978; x_wconf 73' lang='lat' dir='ltr'><strong>llehr.</strong></span> <span class='ocrx_word' id='word_1_898' title='bbox 2895 5935 3014 5982; x_wconf 63' lang='grc' dir='ltr'>χιιι.</span> <span class='ocrx_word' id='word_1_899' title='bbox 3047 5919 3095 5974; x_wconf 89' lang='lat'><strong>8.</strong></span> 
     </span>
    </p>
   </div>
  </div>
