4006 6540
471 464 606 521 m1

474 674 676 731 ultimis
726 667 907 726 seculi
953 665 1285 733 temporibus
1308 655 1753 718 Emmanuelem?

542 766 602 819 Β.
662 760 911 816 Omnino.
961 756 1151 826 Neque
1184 756 1328 811 enim
1378 751 1547 807 sacris
1597 746 1896 820 Scripturis
1949 761 2034 799 re-

474 864 787 925 pugnamus.

542 942 607 996 Α.
634 942 701 996 At
726 954 873 1001 vero,
899 937 983 991 dic
1010 935 1161 1001 mihi,
1184 932 1373 997 amice,
1406 930 1535 985 illud
1566 948 1584 982 ι
1617 929 1801 986 heriet
1827 925 1985 980 hodie
2016 942 2034 975 ι

475 1041 652 1082 nonne
708 1040 943 1095 praesens
987 1031 1043 1079 et
1089 1024 1199 1093 jam
1236 1019 1565 1091 pmteritum
1617 1027 1828 1085 tempus
1877 1013 2039 1083 signi-

478 1116 643 1173 ﬂeat?

546 1208 605 1263 Β.
638 1208 731 1263 Ita.

546 1301 609 1353 Δ.
661 1296 939 1365 Quomodo
992 1296 1157 1366 igitur
1214 1292 1352 1348 idem
1409 1292 1518 1346 erit
1573 1305 1694 1344 cum
1747 1287 2043 1357 preterito,

479 1389 686 1443 tametsi
712 1387 944 1442 nondum
976 1385 1267 1440 secundum
1307 1396 1524 1438 carnem
1555 1390 1714 1435 natus
1746 1378 1857 1433 sit?

547 1472 608 1531 Β.
639 1472 773 1539 Quia
797 1484 912 1527 erat
942 1470 1179 1527 Verbum
1218 1470 1379 1524 etiam
1420 1469 1475 1524 in
1503 1467 1789 1538 principio,
1838 1474 1891 1521 et
1926 1474 2048 1519 tan-

477 1580 639 1633 quam
697 1579 763 1618 ex
804 1574 1009 1618 aeterno
1059 1572 1226 1629 atque
1275 1559 1595 1615 immutabili
1639 1557 1748 1613 Deo
1780 1572 1843 1611 ac
1890 1555 2047 1612 Patre

479 1656 795 1724 procedens,
851 1654 1206 1709 mternitatem
1255 1666 1468 1721 quoque
1497 1660 1656 1720 atque
1687 1648 2040 1704 immutabili-

482 1755 643 1799 tatem
682 1745 733 1797 in
764 1760 821 1799 se
850 1745 1029 1798 habet.

550 1838 615 1891 Α.
682 1836 864 1889 Laudo
926 1844 1069 1887 tuam
1125 1833 1499 1899 sententiam;
1546 1832 1843 1887 rectissima
1901 1830 2043 1884 enim

480 1937 582 1982 est.
613 1925 877 1982 Caeterum
908 1925 1008 1979 hoc
1035 1924 1195 1980 etiam
1228 1925 1356 1979 mihi
1394 1924 1565 1979 dicas.

552 2104 616 2158 Β.
650 2103 912 2169 Quidnam
939 2102 963 2155 ?

554 2197 621 2251 Δ.
672 2193 859 2249 Nonne
916 2208 1107 2249 recens
1150 2197 1437 2249 admodum
1491 2204 1571 2248 est
1636 2208 1830 2247 nomen
1894 2191 2049 2246 Iesus

484 2286 751 2351 Christus,
802 2294 963 2353 atque
1014 2289 1128 2355 Ipso
1177 2285 1563 2339 incarnationis
1605 2294 1842 2353 tempore
1874 2283 2049 2337 Verbo

486 2377 709 2433 inditum
738 2376 762 2430 ἰ

552 2466 613 2522 Β.
676 2466 787 2521 lloc
844 2478 990 2523 certe
1038 2468 1447 2537 quamplurimis
1496 2469 1832 2535 argumentis
1896 2467 2051 2522 nobis

486 2566 701 2615 OSICDSU
712 2574 761 2612 ηι
800 2569 902 2613 881.

556 2672 623 2727 Δ.
672 2670 931 2740 lntelligis
994 2671 1178 2740 itaque
1232 2670 1371 2739 quod
1421 2670 1695 2727 Christum
1748 2669 1954 2736 Iesum,
2000 2681 2056 2726 et

486 2779 591 2819 non
628 2763 943 2832 simpliciter
967 2761 1200 2818 Verbum
1226 2762 1339 2818 heri
1389 2771 1443 2817 et
1479 2763 1638 2816 hodie
1662 2764 1909 2817 eumdem
1936 2777 2056 2817 esse

487 2850 649 2916 dicat,
685 2863 736 2907 et
768 2854 818 2907 in
855 2852 1069 2909 saecula.
1108 2851 1224 2918 Quo
1258 2861 1411 2921 pacto
1444 2863 1621 2907 autem
1681 2852 1751 2907 sit
1806 2853 2056 2907 immuta-

488 2942 633 3009 bilis,
670 2953 721 2997 et
748 2944 804 2998 in
841 2944 1026 2999 eodem
1051 2959 1263 3013 semper
1294 2952 1436 2997 statu
1486 2954 1797 3013 permaneat
1828 2944 2059 2999 hominis

490 3043 704 3098 natura,
770 3048 890 3088 cum
936 3034 1139 3101 alioqui
1187 3044 1387 3089 motum
1424 3035 1711 3100 sustineat,
1762 3045 1814 3089 et
1842 3035 2058 3104 quidem

489 3137 599 3190 prae
637 3122 756 3176 aliis
783 3137 903 3176 eum
934 3124 1023 3193 qui
1058 3122 1116 3176 lit
1141 3137 1169 3175 a
1199 3138 1302 3175 non
1330 3136 1451 3177 esse
1492 3128 1557 3177 ad
1593 3140 1713 3178 esse
1740 3140 1803 3178 ac
1828 3126 2010 3180 vivere
2037 3123 2060 3175 ἰ

1452 450 1508 506 S.
1550 443 1824 505 CYRILLI
1860 431 2324 497 ALEXANDRINI
2364 424 2687 485 ARCHIEI'.

471 589 660 641 Annon
713 579 854 636 enim
884 590 945 631 ex
976 580 1157 628 sancta
1192 570 1407 642 Virgine
1437 577 1618 623 natum
1669 564 1937 621 credimus
1980 561 2033 614 in

2182 574 2193 608 ν
2251 552 2498 623 ἐσχάτοις
2546 545 2639 600 τοῦ
2696 539 2885 603 αἰῶνος

3580 396 3711 453 {iis

2946 532 3157 604 καιροῖς
3203 527 3293 581 τὸν
3336 516 3713 593 Ἐμμανουήὶ;

2210 729 2269 780 Β.
2302 724 2431 780 Ναί.
2462 723 2593 784 Tal;
2626 718 2732 789 γάρ
2766 732 2845 767 τοι
2876 708 3051 771 Θείαις
3091 705 3191 759 οὐκ
3225 694 3564 768 άντεροῦμεν
3586 692 3707 760 [‘94-

2140 819 2284 886 φαῖς.

2209 873 2274 960 Δ..
2304 904 2459 958 “res:
2490 904 2553 974 δὴ
2586 902 2733 972 χθὲς,
2778 896 2897 950 εἰπέ
2932 910 3041 965 μοι,
3088 887 3183 942 καὶ
3227 885 3492 955 τήμερον,
3536 873 3717 974 Rat-pi”

2138 1002 2292 1071 ήμῖν,
2328 991 2374 1051 ὦ
2404 965 2647 1065 φιλότης,
2676 992 2795 1061 οὑχί
2837 988 2927 1041 τὸν
2965 982 3295 1051 ὲνεστήκοτα
3335 973 3433 1027 καὶ
3480 975 3575 1022 τὸν
3623 965 3725 1036 ήδη

2143 1087 2509 1163 παρῳχηκότα
2538 1082 2980 1152 κατασημήνειαν
3008 1074 3109 1137 άν;

2213 1183 2273 1237 Β.
2308 1178 2473 1250 Φημὶ.

2214 1197 2280 1327 Ξ.
2308 1197 2555 1333 ἷῑηῶἕέιοῦν
2582 1268 2610 1320 ό
2632 1264 2790 1326 αὐτὸς
2812 1261 2898 1330 εἴη
2928 1257 2997 1312 ἂν
3024 1254 3103 1318 εἰς
3132 1268 3197 1321 γε
3224 1249 3313 1303 τὸν
3330 1243 3723 1316 παρῳχηκότα,

2146 1366 2324 1419 καίτοι
2347 1362 2563 1430 γένεσιν
2584 1356 2736 1411 οὔπω
2770 1352 2866 1424 τὴν
2904 1346 3047 1403 κατὰ
3083 1345 3263 1413 σάρκα
3294 1338 3517 1430 λασὼνξ

2216 1455 2278 1507 Β.
2306 1423 2427 1504 "(in
2452 1445 2522 1521 ἦν
2541 1450 2567 1501 ό
2593 1446 2762 1514 Λόγος
2788 1441 2881 1496 καὶ
2927 1441 2987 1493 ὲν
3026 1437 3191 1505 άρχῇ,
3227 1431 3319 1485 καὶ
3351 1430 3428 1493 ὡς
3466 1427 3527 1521 ἐξ
3556 1423 3728 1521 άῖδίσν

2148 1546 2241 1600 καὶ
2266 1515 2534 1615 ἀτρέπτον
2560 1535 2813 1607 πεφηνὼς
2845 1530 2939 1585 τοῦ
2960 1526 3095 1583 Θεοῦ
3113 1526 3206 1579 καὶ
3226 1522 3459 1615 Πατρδς,
3490 1519 3605 1587 εχει
3638 1515 3731 1568 καὶ

2151 1635 2313 1697 αὐτὸς
2338 1613 2414 1696 ῶς
2436 1634 2492 1684 ὲν
2525 1629 2633 1699 ἰδία
2657 1624 2815 1695 φύσει
2846 1622 2906 1675 τὺ
2922 1616 3090 1673 ἀΐδιόν
3116 1632 3177 1670 τε
3211 1613 3312 1699 καὶ
3329 1613 3626 1683 ἄτρεπτον.

2220 1833 2284 1884 Α.
2332 1824 2567 1881 Ἐπαινῶ
2608 1823 2707 1893 τὴν
2752 1818 2928 1884 δόξαν·
2981 1815 3095 1885 ἕχει
3143 1813 3257 1883 γὰρ
3283 1804 3410 1872 ὧδε,
3463 1809 3561 1863 καὶ
3613 1807 3739 1861 λίαν

2077 1887 2122 1947 Β
2150 1923 2344 1995 ὀρθῶςο
2374 1887 2826 1990 φιλοπευστοῦντι
2866 1909 2909 1962 δ’
2941 1902 3033 1960 οὖν
3072 1907 3220 1977 ὅμως
3279 1904 3517 1974 φράσαις
3551 1902 3641 1965 ἂν,
3696 1895 3741 1953 ὦ

2152 2012 2347 2082 ἀγαθέ.

2226 2103 2285 2155 Β.
2318 2100 2390 2153 Τὸ
2416 2099 2511 2173 τίξ

2226 2194 2289 2245 Δ.
2316 2188 2390 2243 Ἦ
2429 2189 2549 2259 οὐχὶ
2586 2187 2849 2243 νεώτατον
2887 2184 3103 2255 κομιδῇ,
3148 2180 3241 2234 καὶ
3278 2180 3391 2240 τοίς
3438 2177 3543 2244 τῆς
3579 2175 3737 2227 ινανι

2156 2284 2492 2356 θρωπήσεως
2523 2282 2732 2351 χρόνοις
2759 2274 3193 2348 συνδεδραμηκδς
3238 2271 3408 2339 ὄνομα
3447 2266 3524 2337 τῷ
3556 2266 3742 2334 Λόγῳ,

2154 2376 2238 2438 τὸ,
2281 2373 2486 2444 Ἰησοῦς
2523 2371 2755 2441 Χριστός
2774 2387 2790 2436 ;

2232 2465 2288 2519 Β.
2345 2464 2456 2518 1ςαί¹
2520 2462 2625 2533 μὴν
2709 2458 2867 2513 τοῦτο
2930 2457 3060 2527 ήμῖν
3112 2452 3202 2505 διὰ
3266 2449 3535 2503 πλείστων
3599 2447 3745 2498 ὅσων

2159 2556 2397 2625 ἐδείχθη.

2232 2670 2298 2724 Α.
2330 2669 2494 2732 Σύνες
2524 2664 2638 2730 οὖν,
2669 2666 2751 2719 ὅτι
2780 2661 3013 2733 Χριστὸν
3056 2656 3264 2731 Ἰησοῦν
3293 2655 3387 2711 καὶ
3417 2655 3477 2707 οὐ
3528 2669 3742 2723 μονοειο

2160 2761 2266 2824 δῶς
2289 2760 2379 2813 τὸν
2406 2759 2578 2827 Λόγον
2610 2756 2736 2828 χθές
2786 2770 2847 2807 τε
2888 2751 2980 2807 καί
3017 2751 3259 2821 σήμερον
3296 2746 3385 2800 τὸν
3413 2742 3580 2798 αὐτόν
3603 2737 3748 2794 εἶναὲ

2164 2873 2315 2928 φησι,
2346 2854 2437 2909 καί
2464 2853 2545 2916 εἰς
2576 2851 2701 2914 τοὺς
2725 2848 2946 2910 αἰῶνας.
2988 2844 3113 2907 Πῶς
3141 2842 3186 2895 δ’
3216 2840 3283 2894 ἂν
3322 2839 3434 2909 ἔχοι
3480 2836 3542 2890 τὸ
3583 2835 3742 2928 άτρε-

2166 2926 2299 3001 πτόν
2323 2963 2383 2999 τε
2416 2947 2509 2999 καί.
2532 2944 2629 3015 τὴν
2660 2944 2717 2994 ὲν
2749 2939 3037 3008 ταυτότητι
3066 2933 3327 3004 διαμονὴν
3375 2932 3409 3002 ή
3448 2926 3745 2999 ἀνθρώπου

2169 3039 2329 3109 φύσις
2358 3081 2372 3105 ,
2415 3034 2594 3090 καίτοι
2630 3032 2843 3100 κίνησιν
2878 3024 3244 3097 ὑπομένουσα,
3287 3021 3379 3074 καὶ
3415 3020 3524 3090 πρό
3544 3034 3609 3088 γε
3637 3016 3746 3069 τῶν

2169 3131 2398 3193 άλλλων,
2425 3127 2522 3197 τὴν
2552 3124 2610 3189 ἐξ
2642 3123 2741 3176 οὐκ
2768 3121 2937 3174 ὄντων
2967 3120 3046 3181 εἰς
3068 3115 3129 3170 τὸ
3150 3110 3289 3168 εἶναι
3317 3111 3411 3165 καὶ
3434 3111 3534 3181 ζῇν
3561 3128 3576 3176 ;

561 3230 622 3285 Β.
679 3230 963 3287 Aberravit
1003 3231 1182 3300 itaque
1212 3247 1239 3283 a
1280 3246 1406 3286 vero
1455 3248 1608 3286 sacra
1652 3232 1958 3304 Scriptura,
2004 3245 2057 3291 et

2232 3244 2293 3295 B.
2325 3239 2707 3310 Διημάρτηκεν
2735 3227 2827 3286 οὖν
2849 3231 2956 3301 άρα
2973 3224 3238 3295 τάληθοῦς
3257 3225 3388 3296 ήμϊν
3418 3222 3481 3275 τὸ
3507 3220 3743 3291 Γράμμσ

490 3324 582 3394 qui
619 3323 777 3377 hodie
809 3338 909 3377 nOu
931 3331 1033 3385 est,
1067 3323 1218 3392 prius
1252 3325 1524 3378 exstitisse
1556 3326 1683 3379 dicit
1711 3325 1733 3377 ?

558 3414 625 3466 Α.
660 3410 921 3479 Equidem
961 3413 1012 3466 id
1046 3427 1379 3481 nequaquam
1406 3414 1655 3467 dixerim.
1704 3413 1885 3483 Longe
1915 3417 2057 3470 enim

493 3507 665 3558 abest.
705 3501 829 3555 Heri
862 3511 914 3556 et
960 3504 1115 3556 hodie
1152 3504 1313 3565 idem,
1378 3505 1506 3557 etin
1556 3506 1749 3558 saecula
1814 3506 2063 3563 Christus

493 3594 666 3649 Iesus.
738 3592 903 3649 Verbi
928 3604 1104 3648 autem
1163 3595 1535 3663 antiquitatem
1609 3605 1662 3649 ct
1722 3597 2066 3650 ittttnutabili-

496 3691 657 3737 tatem
703 3697 1039 3751 nequaquam
1097 3684 1429 3752 negaverim,
1488 3683 1701 3737 tametsi
1741 3682 1944 3737 factum
1993 3685 2065 3738 sit

495 3789 623 3829 caro
658 3791 671 3827 :
701 3780 753 3827 at
816 3774 997 3840 potius
1057 3773 1357 3827 censuerim
1406 3772 1609 3826 ratione
1671 3776 1889 3828 unitatis
1939 3791 2061 3829 cum

496 3865 711 3935 propria
763 3880 855 3919 sua
916 3879 1103 3929 carne,
1153 3880 1275 3917 eum
1308 3864 1398 3933 qui
1457 3865 1570 3917 heri
1611 3876 1748 3930 erat,
1798 3875 2064 3937 anteaque

498 3955 814 4021 exsistebat,
873 3970 1060 4010 rursus
1106 3955 1369 4009 declarari
1438 3968 1596 4023 atque
1648 3958 1855 4011 ostendi
1906 3973 2065 4013 eum-

499 4050 641 4103 dem.
696 4047 904 4102 Idcirco
955 4049 1183 4102 oderant
1235 4049 1381 4101 illum
1434 4058 1488 4103 et
1527 4049 1790 4116 lapidibus
1833 4049 2069 4106 obruere

500 4138 746 4192 volebant
770 4140 1043 4194 dementes
1063 4137 1261 4203 Iudazi,
1285 4140 1438 4194 tidem
1468 4141 1566 4208 ipsi
1600 4158 1701 4195 non
1725 4142 2066 4199 adhibentes.

502 4229 615 4293 Hoc
646 4232 788 4285 enim
822 4231 939 4286 illos
972 4233 1229 4285 attOnitos
1280 4232 1512 4296 tenebat,
1547 4234 1686 4301 quod
1737 4250 1853 4287 cum
1902 4249 2067 4303 appa-

503 4334 649 4377 reret
683 4323 845 4377 homo
890 4324 1059 4377 nostri
1103 4323 1317 4387 similis,
1358 4323 1730 4390 antiquitatem
1764 4325 1865 4379 sibi
1903 4326 2067 4394 majo-

505 4428 617 4468 rem
652 4429 810 4482 quam
838 4429 959 4483 quae
986 4414 1038 4468 in
1063 4414 1334 4468 hominem
1379 4415 1522 4467 cadit
1555 4424 1853 4483 arrogaret,
1884 4416 2073 4472 dicens

2160 3339 2222 3393 τὸ
2254 3337 2417 3407 ἱερὸν,
2449 3334 2539 3387 καὶ
2576 3330 2665 3384 τὸν
2694 3329 2818 3400 χθὲς
2842 3326 2942 3380 οὐκ
2964 3324 3093 3377 ὄντα
3120 3318 3366 3393 προεῖναι
3398 3332 3601 3387 φησιν;

2233 3434 2297 3483 Δ.
2325 3427 2496 3497 Φαίην
2529 3423 2594 3478 ἂν
2634 3422 2754 3492 οὐχὶ
2789 3418 2948 3473 τοῦτο
2990 3415 3123 3484 ἐγώ.
3168 3409 3369 3467 Πολλοῦ
3405 3425 3469 3478 γε
3513 3408 3609 3460 καὶ
3643 3407 3741 3460 δεί.

2164 3522 2307 3583 Χθὲς
2355 3519 2449 3571 καὶ
2502 3518 2741 3586 σήμερον
2788 3512 2817 3563 ὁ
2860 3508 3021 3568 αὐτὸς
3067 3507 3158 3560 καὶ
3199 3506 3276 3568 εἰς
3328 3504 3458 3565 τοὺς
3514 3498 3743 3567 αἰῶνας,

2166 3610 2397 3680 Χριστὸς
2441 3604 2666 3676 Ἰησοῦς.
2710 3602 2781 3655 Τὸ
2811 3600 2867 3653 δὲ
2901 3596 2996 3652 τοῦ
3028 3596 3202 3680 Λόγου
3244 3592 3621 3665 πρεσϐύτατον
3652 3590 3740 3642 καὶ

2168 3678 2405 3764 mnu,
2436 3699 2634 3767 ἣκιστα
2667 3694 2765 3763 μὲν
2805 3678 3136 3763 ἀρνήσομαι,
3167 3688 3262 3741 καὶ
3292 3687 3340 3738 εἰ
3366 3684 3561 3753 γέγονε
3587 3681 3742 3751 σάρξ·

2166 3796 2423 3864 οἰήσομαι
2453 3790 2509 3843 δὲ
2540 3786 2660 3841 καθ’
2700 3784 2895 3837 ἕνωσιν
2931 3779 3066 3850 μετὰ
3100 3779 3198 3849 τῆς
3239 3778 3375 3839 ἰδίας
3405 3775 3631 3845 σαρκὸς,
3670 3774 3741 3837 ὡς

2166 3885 2295 3955 χθὲς
2328 3882 2455 3936 ὅντα
2488 3878 2583 3932 καὶ
2617 3874 3057 3946 προϋπάρχοντα,
3107 3867 3541 3937 καταδηλοῦσθαι
3582 3867 3742 3919 πάλιν

2168 3976 2350 4030 αὐτόν.
2380 3972 2491 4025 Καὶ
2518 3968 2648 4038 γοῦν
2702 3964 3036 4035 ἐμυσάττετο
3072 3961 3168 4027 μὲν
3205 3961 3233 4012 ό
3264 3961 3572 4030 παράφρων
3613 3960 3742 4012 Ἰου-

2169 4067 2313 4128 δαῖος
2349 4062 2443 4117 καί
2469 4057 2789 4115 καταλιθοῦν
2816 4056 3109 4125 ἐπεχείρει,
3146 4053 3246 4122 τὴν
3281 4051 3540 4104 πίστινοὺ
3578 4066 3743 4121 προσ-

2173 4160 2400 4229 ιέμενος.
2466 4151 2846 4221 Κατατεθήπει
2889 4149 3030 4218 γὰρ,
3085 4147 3168 4199 ὅτι
3212 4144 3387 4199 καίτοι
3433 4142 3555 4195 καθ’
3601 4143 3743 4212 ἡμᾶς

2170 4249 2444 4321 ὁρώμενος
2468 4244 2770 4315 ἄνθρωπος,
2797 4240 2897 4310 τῆς
2919 4240 3057 4310 ὑπὲρ
3077 4236 3361 4307 ἄνθρωπον
3386 4234 3744 4305 ἀρχαιότητος

2174 4338 2347 4409 ἐαυτῷ
2378 4338 2437 4391 τὸ
2467 4334 2829 4409 πρεσϐύτερον
2857 4328 3249 4401 ἐπεμαρτύρει,
3290 4325 3462 4393 λέγων
3494 4323 3570 4387 ὡς
3592 4324 3742 4387 Θεός·

2179 4453 2195 4483 ο
2233 4432 2423 4501 Ἀμὴν,
2459 4429 2623 4500 ἀμὴν,
2655 4427 2797 4494 λέγω
2824 4425 2972 4492 ὑμῖν,
3006 4421 3135 4491 πρὶν
3181 4417 3429 4489 ’Δόραάμ
3468 4415 3743 4484 γενέσθαι,

502 4516 563 4561 ιιι
615 4506 797 4561 Dens:
837 4524 856 4556 ι
919 4505 1112 4567 Amen,
1159 4520 1312 4559 amen
1385 4506 1503 4559 dico
1556 4506 1728 4568 vobis,
1776 4516 2062 4576 antequam

2182 4525 2283 4593 ἐγώ
2317 4525 2450 4591 εἰμι.
2478 4540 2497 4572 ι
2552 4521 2681 4572 Ὅτε
2719 4516 2812 4569 καὶ
2854 4514 2990 4585 πρὸς
3031 4511 3190 4565 τοῦτο
3238 4508 3475 4578 ἔφασκον
3527 4508 3742 4559 ἐκεῖνον

504 4599 772 4652 Abraham
808 4598 981 4661 fleret,
1013 4612 1109 4665 ego
1134 4613 1249 4650 sum
1293 4598 1356 4651 ¹⁹.
1397 4616 1418 4649 ι
1453 4598 1534 4651 Ad
1563 4600 1707 4666 quod
1746 4598 1819 4651 illi
1848 4612 2065 4667 respon-

503 4692 693 4745 derunt
733 4708 746 4742 :
781 4708 798 4741 ι
846 4688 1245 4757 Quinquaginta
1295 4704 1464 4743 annos
1519 4691 1754 4744 nondum
1798 4690 1982 4755 habes,
2015 4700 2069 4743 et

502 4782 773 4836 Abraham
831 4780 1006 4833 vidisti
1039 4778 1147 4831 ὀἳ
1202 4799 1219 4831 ι
1270 4779 1407 4845 Quin
1467 4789 1520 4836 et
1558 4779 1794 4835 Ioannes
1819 4780 1889 4834 ita
1946 4783 2065 4835 ait:

2179 4636 2195 4668 ι
2222 4616 2559 4683 Πεντήκοντα
2600 4608 2692 4675 ἔτη
2727 4605 2878 4659 οὔπω
2925 4603 3088 4675 ἔχεις,
3134 4602 3229 4654 καὶ
3285 4596 3535 4668 ’Δϐραὰμ
3577 4597 3747 4667 ἑώρα-

2174 4724 2337 4771 acac,»
2376 4706 2519 4773 Ἔφη
2548 4702 2604 4755 δὲ
2638 4700 2731 4753 καὶ
2774 4697 3046 4765 Ἰωάννης·
3104 4713 3121 4743 ι
3163 4695 3221 4745 Ὀ
3255 4691 3430 4743 ὀπίσω
3460 4706 3562 4760 μου
3595 4689 3748 4759 ἐρχόο

2179 4815 2357 4870 μενος,
2391 4792 2699 4865 ἔμπροσθέν
2733 4809 2831 4862 μου
2854 4790 3097 4857 γέγονεν,
3121 4786 3203 4839 ὅτι
3238 4784 3451 4854 πρῶτός
3481 4799 3582 4853 μου
3611 4777 3699 4852 ἦν.
3722 4800 3739 4831 ι

510 4891 529 4925 ι
562 4872 661 4937 Qui
683 4879 801 4940 post
824 4886 907 4925 me
935 4882 1194 4925 venturus
1215 4880 1316 4933 est,
1348 4882 1471 4924 ante
1496 4887 1580 4926 me
1613 4870 1789 4925 factus
1812 4882 1914 4935 est,
1942 4872 2062 4941 quia

2182 4888 2368 4942 Καίτοι
2398 4886 2515 4948 πῶς
2543 4882 2707 4955 ἄνδρα
2727 4899 2785 4935 τε
2812 4879 2964 4941 εἰδὼς
2987 4879 3081 4931 καὶ
3107 4874 3387 4945 ὀνομάζων
3408 4874 3499 4927 τὸν
3540 4872 3750 4942 Ἐμμα-

506 4966 651 5037 prior
684 4980 768 5019 me
795 4974 911 5019 erat
933 4965 999 5018 ".
1037 4981 1055 5016 ι
1102 4964 1257 5031 Atqui
1293 4966 1560 5033 quomodo
1588 4980 1744 5033 quem
1798 4964 2071 5019 hominem

505 5070 623 5110 esse
680 5066 833 5110 norat
886 5064 940 5109 et
985 5057 1209 5110 vocabat
1272 5053 1699 5119 Emmanuclem,
1750 5064 1874 5108 ante
1914 5069 1971 5108 se
2014 5063 2067 5108 et

422 5186 429 5189 ι
508 5150 735 5215 priorem
770 5148 964 5202 factum
1002 5162 1122 5203 esse
1166 5150 1317 5214 dicit,
1363 5163 1485 5202 cum
1541 5158 1661 5216 post
1709 5148 1881 5217 ipsum
1914 5157 2069 5201 natus

509 5241 712 5295 fuerit?

580 5360 639 5412 Β.
666 5360 806 5413 Ante
841 5360 1014 5428 ipsum
1068 5358 1267 5441 factum
1318 5372 1439 5413 esse
1466 5358 1600 5413 dicit
1630 5368 1837 5411 ratione
1866 5356 2067 5427 gloriae,

512 5460 569 5504 ut
603 5467 700 5520 ego
734 5452 943 5519 quidem
994 5450 1154 5521 711
1184 5448 1441 5520 intelligo.

582 5564 643 5616 Α.
690 5562 855 5616 Porro
903 5561 1091 5615 falsum
1142 5560 1540 5632 absurdumque
1586 5578 1705 5618 esse
1755 5564 1824 5616 ita
1875 5565 2077 5618 sentire

518 5654 704 5723 paucis
733 5654 1018 5721 intelliges.
1053 5652 1180 5705 Nam
1212 5653 1256 5706 si
1290 5653 1447 5721 illud,
1479 5665 1630 5719 ante,
1660 5656 2078 5724 interpretemur

594 5827 807 5883 "Iozut.
845 5830 1074 5895 “11,58,
1151 5830 1193 5860 ’θ
1223 5827 1345 5884 ibid.
1388 5829 1470 5881 .57.
1550 5830 1587 5859 “
1622 5827 1773 5881 Iti‘ll.
1816 5844 1850 5893 t,
1877 5829 1965 5882 27.

2178 4981 2357 5052 νονὴλ,
2404 4975 2709 5049 ἔμπροσθέν
2763 4990 2819 5026 τε
2888 4970 3047 5027 αὑτοῦ
3103 4968 3197 5022 καὶ
3239 4968 3452 5039 πρῶτον
3496 4964 3749 5034 γενέσθαι

2178 5074 2310 5143 φησί
2339 5072 2428 5124 τὸν
2458 5068 2679 5139 ὀψιγενῆ
2706 5084 2761 5119 τε
2793 5065 2884 5117 καὶ
2916 5065 3030 5134 μετ’
3053 5060 3248 5125 αὑτόν;

2252 5358 2313 5461 Βζ
2354 5353 2696 5461 Ἐμπροσῗεν
2736 5349 2896 5459 uti.th
2940 5340 3557 5461 ‘a‘t'ﬂp‘titozt‘ferffej:
3595 5342 3748 5411 φησί,

2183 5448 2323 5501 κατά
2356 5462 2418 5515 γε
2451 5444 2547 5515 τὴν
2576 5442 2753 5509 δόξαν,
2780 5430 3087 5509 ὥσπερνοῦν
3122 5430 3299 5486 ἔπεισί
3327 5446 3415 5501 μοι
3447 5431 3609 5482 νοεῖν.

2254 5563 2317 5614 Δ.
2348 5558 2459 5613 Καὶ
2502 5559 2607 5628 μὴν
2664 5557 2743 5609 ὃτι
2782 5550 3031 5622 κίϐδηλόν
3077 5564 3134 5601 τε
3172 5545 3266 5599 καί.
3299 5541 3504 5613 ἀμαθὲς
3533 5540 3593 5593 τὸ
3628 5538 3753 5609 τῇδι

2186 5655 2341 5717 νοεῖν,
2372 5650 2470 5704 οὐκ
2492 5650 2553 5703 ὲκ
2580 5645 2802 5719 μακρῶν
2825 5644 2945 5716 εἴσῃ
2962 5641 3154 5709 λόγων.
3179 5632 3619 5707 Παραδεξάμενοι
3646 5630 3753 5699 γὰρ
