4006 6494
229 491 407 547 9239

1368 490 1452 544 DE
1495 492 1647 545 INCA
1660 484 2018 544 ΒΧΑἸΊΟἈΕ
2059 485 2433 542 UNICENITI.

3415 485 3436 537 i
3449 483 3556 538 350

225 609 305 661 me.
342 609 659 681 ἔμπροσθεν
691 609 771 670 είς
805 607 865 660 τὸ
892 606 1114 679 ἄμεινον
1154 608 1210 660 ἐν
1257 607 1405 681 δόξῃ,
1437 609 1577 660 κατά
1617 607 1708 660 τὸν
1734 608 1851 660 ἴσον

1971 606 2027 660 de
2060 605 2369 676 praestantia
2407 603 2592 673 glori;c
2625 620 2637 656 :
2671 600 2862 656 eadem
2895 614 3111 670 quoque
3147 598 3357 652 ratione
3388 596 3554 651 etiam

230 717 360 753 που
394 701 553 769 λόγον
584 700 676 751 καὶ
710 697 770 751 τδ
803 698 982 752 ὀπίσω
1021 699 1289 769 φήσομεν,
1326 700 1387 750 τδ
1422 699 1496 762 ὡς
1530 699 1586 749 ἐν
1612 697 1843 767 εὐκλείᾳ

229 790 298 843 δε
312 793 515 862 ὑτερον
547 787 605 843 εὖ
638 789 786 860 μάλα
817 791 1175 861 καταδηλοῦν.

326 883 389 935 Β.
427 881 695 952 Περιέστη
718 880 781 952 δὴ
818 876 931 948 οὗν,
963 881 1039 943 ὡς
1076 879 1243 946 ἔοικε,
1273 880 1373 950 τῆς
1418 881 1663 935 Ἰωάννου
1694 882 1858 951 δόξης

232 975 526 1043 ἡττᾶσθαι
586 973 841 1045 Χριστὸν,
906 972 999 1025 καὶ
1067 970 1242 1023 ὀπίσω
1296 971 1524 1042 δραμεῖν
1578 971 1859 1035 ἀσυνέτως

234 1067 530 1121 ὑπονοετνο
560 1064 662 1135 ἔφη
687 1066 817 1135 γάρ,
841 1066 923 1117 ὅτι
963 1062 1168 1116 Ὀπίσω
1197 1079 1297 1132 μου
1332 1062 1550 1134 ἔρχεται
1584 1064 1747 1133 ἁνήρ.

276 1162 279 1167 ’
326 1160 395 1211 Δ.
445 1156 550 1210 Φεῦ
601 1157 703 1226 τῆς
755 1153 1006 1217 ἁτοπίαςί
1066 1152 1376 1223 Οίησόμεθα
1435 1152 1545 1225 γάρ
1604 1154 1703 1223 οὐχ
1755 1146 1858 1207 ὧδε

237 1248 429 1319 ἔχειν,
459 1249 837 1319 ἐννενοηκότες
869 1246 1047 1319 ὀρθῶς
1092 1246 1153 1300 τὸ
1201 1248 1259 1300 ἐν
1302 1246 1566 1317 Ψαλμοῖς
1606 1263 1857 1318 γεγραμ-

246 1342 449 1409 μένον,
488 1341 571 1393 ὅτι
606 1358 625 1391 ι
651 1338 749 1401 Τίς
772 1338 832 1390 ἐν
859 1336 1111 1405 νεφέλαις
1163 1336 1495 1407 ίσωθήσεται
1524 1334 1605 1407 τῷ
1630 1336 1856 1408 Κυρίῳ;

241 1434 353 1485 καὶ
382 1431 465 1493 τίς
497 1430 898 1500 ὁμοιωθήσεται
925 1427 1001 1499 τῷ
1032 1427 1153 1498 Θεῷ
1186 1431 1244 1482 ἐν
1274 1431 1416 1494 uici;
1440 1428 1574 1482 Θεοῦ
1598 1445 1613 1494 ;
1638 1448 1658 1480 ι
1700 1431 1856 1483 Ἀνα-

242 1522 445 1577 θετέον
487 1518 581 1574 οὖν
618 1520 725 1591 ἄρα
768 1520 862 1574 καὶ
898 1518 1035 1590 μετὰ
1086 1518 1287 1590 σαρκὸς
1336 1518 1489 1591 αὐτῷ
1525 1518 1589 1573 τὸ
1621 1519 1861 1592 πρεσϐύ-

244 1629 449 1675 τατον,
493 1611 567 1674 ὼς
606 1610 724 1681 θεῷ
771 1611 912 1665 κατὰ
951 1608 1113 1678 φύσιν
1143 1608 1398 1662 ἐνωθέντι
1431 1608 1617 1679 σαρκὶ,
1662 1609 1755 1660 καὶ
1792 1603 1869 1662 τὰ

246 1703 361 1770 τῆς
393 1701 529 1763 ἰδίας
560 1699 776 1769 φύσεως
828 1700 1012 1769 ἀγαθὰ
1040 1703 1310 1755 κοινοποῖε
1324 1717 1368 1752 ιν
1398 1698 1613 1752 ιίωθότι
1634 1699 1713 1771 τῷ
1744 1699 1860 1770 ίδίῳ

251 1791 502 1864 σώματι.

333 1886 394 1937 Β.
428 1887 657 1955 ’Δριστα
691 1883 850 1955 ἔφης.

1963 696 2111 760 illud,
2141 709 2282 766 post,
2314 697 2555 751 dicemus
2583 693 2890 764 signiﬁcare
2920 692 3237 746 inferiorem
3266 689 3461 760 gloria.

2035 897 2093 949 Β.
2139 895 2495 950 Statuendutu
2526 894 2708 962 itaque
2730 892 2858 955 erit,
2883 906 3003 945 meo
3024 889 3251 958 judicio,
3278 887 3555 945 Christum

1958 987 2168 1042 Joanne
2195 987 2508 1042 inferiorem
2537 987 2707 1057 gloria
2735 1000 2880 1040 esse.
2914 984 3063 1038 Dixit
3089 984 3233 1036 cnim
3266 1000 3279 1035 :
3312 982 3441 1038 Post
3470 999 3557 1039 mc

1962 1082 2139 1134 veniet
2169 1080 2269 1135 vir.

2034 1172 2100 1227 Α.
2140 1170 2296 1224 Absit
2333 1178 2480 1224 tanta
2515 1167 2860 1223 absurditasl
2893 1166 3075 1221 Facile
3106 1166 3250 1220 enim
3286 1166 3556 1236 iudicabi-

1964 1277 2083 1316 mus
2114 1276 2224 1315 rem
2254 1262 2325 1315 ita
2355 1276 2414 1315 se
2446 1276 2550 1314 non
2581 1261 2803 1323 habere,
2830 1262 2873 1314 si
2908 1260 3035 1313 illud
3050 1262 3119 1312 'in
3150 1260 3384 1315 Psalmis
3410 1260 3552 1314 scri-

1961 1360 2111 1418 ptum
2150 1359 2294 1404 recte
2330 1350 2695 1420 intelligamus
2728 1367 2741 1403 :
2781 1367 2799 1399 ι
2840 1348 3108 1415 Quoniam
3145 1352 3267 1417 quis
3302 1351 3353 1403 iu
3391 1350 3553 1403 nubi-

1962 1444 2063 1497 bus
2093 1442 2401 1510 aequabitur
2433 1440 2707 1496 Domino?
2739 1450 2793 1493 et
2827 1440 2955 1510 quis
2985 1439 3182 1493 similis
3215 1441 3319 1495 erit
3356 1440 3468 1495 Deo
3500 1441 3552 1494 in

1964 1534 2087 1588 aliis
2118 1533 2209 1589 Dei
2228 1533 2313 1586 ἠ
2350 1552 2368 1585 ι
2405 1531 2716 1587 Tribuenda
2751 1532 2931 1599 itaque
2960 1531 3201 1598 est,ipsi,
3234 1534 3398 1584 etiam
3432 1545 3555 1585 cum

1963 1640 2152 1691 carne,
2184 1625 2528 1695 antiquitatis
2544 1625 2934 1694 praerogativa,
2964 1624 3221 1677 nimirum
3244 1634 3302 1676 ut
3324 1622 3433 1677 Deo
3464 1637 3559 1677 na-

1965 1718 2211 1771 turaliter
2254 1719 2410 1771 unito
2453 1718 2629 1778 carni,
2670 1719 2873 1786 quique
2922 1716 3155 1785 propriae
3197 1730 3308 1770 sua!
3358 1725 3561 1769 natura:

1964 1807 2103 1861 bona
2134 1809 2346 1877 corpori
2380 1808 2544 1862 etiam
2574 1823 2675 1861 suo
2704 1807 3114 1862 communicare
3140 1807 3451 1861 consuevit.

2036 1896 2098 1949 Β.
2140 1896 2354 1966 Optime
2385 1898 2543 1951 dicis.

332 1977 400 2027 Α.
434 1944 603 2027 Τοῦτο
630 1975 674 2028 δ’
711 1944 794 2028 av
812 1944 1030 2045 μάθοις,
1061 1966 1164 2028 ὧδέ
1194 1990 1256 2027 τε
1292 1972 1412 2044 ἕχον
1450 1972 1545 2026 καὶ
1569 1973 1860 2044 εἰρημένον

2036 1944 2098 1949 --
2146 1944 2353 1966 -r-.----
2386 1944 2543 1951 _._.--

2037 1990 2105 2043 A.
2146 1987 2259 2042 Hoc
2285 2004 2413 2042 vero
2441 1991 2511 2043 ita
2540 2004 2597 2042 se
2625 1989 2848 2055 habere,
2880 1998 3135 2058 recteque
3162 1989 3266 2043 dici
3297 1990 3462 2043 etiam
3492 2004 3557 2044 ex

254 2066 461 2137 ὀρθῶς,
494 2066 587 2118 καὶ
614 2065 672 2130 ἐξ
700 2059 985 2136 ἐτέρων,ὧ
1008 2067 1128 2131 τᾶν,
1151 2065 1314 2137 εῐπερ
1333 2066 1493 2129 ἕλοιο,
1522 2064 1859 2137 μαρτυριῶν.

261 2159 415 2228 Ἔφη
475 2160 573 2227 μὲν
613 2159 723 2227 γάρ
773 2173 878 2210 που
931 2156 1062 2220 Θεὸς
1111 2159 1247 2227 περὶ
1295 2156 1391 2208 τοῦ
1440 2158 1505 2209 ἐκ
1546 2157 1861 2226 σπέρματος

256 2248 451 2310 Δαὸἶδ,
492 2248 553 2301 τὸ
580 2248 721 2300 κατὰ
754 2249 934 2318 σάρκα
968 2248 1235 2319 Χριστοῦ,
1279 2248 1349 2301 δι’
1384 2249 1500 2311 ἐνὸς
1545 2250 1653 2301 τῶν
1688 2249 1861 2317 ἁγίων

178 2370 183 2373 <
260 2340 584 2412 προφητῶν
625 2359 641 2391 ι
668 2341 777 2393 Καὶ
812 2342 898 2406 σὺ,
935 2340 1202 2413 Βηθλεέμ,
1251 2336 1401 2402 οἶκος
1442 2340 1535 2393 τοῦ
1592 2341 1856 2413 Ἐφραθᾶ,

259 2432 543 2501 ὀλιγοστὸς
590 2430 638 2483 εί
686 2431 780 2485 τοῦ
824 2428 963 2485 εἶναι
1014 2435 1070 2485 ἐν
1123 2433 1366 2502 χιλιάσιν
1420 2432 1609 2485 Ἰούδα·
1660 2436 1723 2486 ἐκ
1763 2433 1857 2487 σοῦ

264 2541 358 2593 μοι
389 2522 729 2588 ἐξελεύσεται
751 2522 845 2576 τοῦ
877 2519 1015 2577 εἶναι
1046 2526 1125 2588 είς
1153 2524 1394 2594 ἄρχοντα
1424 2526 1482 2576 ἐν
1512 2524 1588 2594 τῷ
1620 2526 1855 2596 Ἰσραὴλ,

261 2616 359 2669 καὶ
398 2618 453 2667 αί
478 2615 659 2699 [ινξοδοι
708 2615 873 2669 αὐτοῦ
917 2617 1171 2686 ἀπαρχῆς
1213 2615 1277 2680 ἐξ
1327 2616 1550 2686 ἡμερῶν
1591 2616 1807 2678 αἰῶνος.
1836 2636 1854 2668 ι

262 2710 404 2779 Περὶ
432 2700 489 2761 δέ
519 2725 582 2775 γε
630 2708 739 2761 τῶν
776 2707 909 2761 υἱῶν
955 2706 1192 2778 Ἰσραὴλ,
1228 2711 1260 2760 ὀ
1301 2707 1590 2779 ἱερώτατος
1626 2708 1856 2770 Παῦλοςο

266 2823 284 2852 ι
319 2805 443 2855 Ὅτι
496 2802 695 2865 πάντες
739 2801 816 2864 είς
868 2801 957 2853 τὸν
1006 2800 1216 2869 Μωσῆν
1262 2799 1673 2869 ἐϐαπτίσθησαν
1708 2801 1764 2851 ἐν
1792 2802 1859 2870 τῇ

262 2894 467 2964 νεφέλῃ
510 2892 605 2946 καὶ
654 2896 711 2946 ἐν
756 2895 822 2962 τῇ
865 2891 1131 2963 θαλάσσῃ,
1175 2890 1269 2943 καὶ
1316 2890 1517 2952 πάντες
1552 2890 1749 2960 βρῶμα
1800 2891 1861 2943 τὸ

266 2981 641 3052 πνευματικὸν
693 2980 917 3050 ἔφαγον,
970 2982 1065 3033 καὶ
1114 2982 1318 3041 πάντες
1361 2978 1421 3030 τὸ
1454 2978 1585 3031 αὐτὸ
1618 2997 1862 3049 πνευμα-

262 3076 417 3128 τικὸν
458 3074 608 3127 ἔπιον
641 3058 814 3144 πόμα.
856 3073 1080 3125 Ἔπινον
1106 3074 1213 3143 γὰρ
1237 3072 1302 3125 ἐκ
1325 3072 1701 3141 πνευματικῆς
1726 3073 1859 3124 άκο-

262 3164 566 3231 λουθούσης
624 3165 850 3235 πέτρας.
915 3164 979 3215 'ﬂ
1032 3163 1206 3233 πέτρα
1255 3162 1313 3215 δὲ
1363 3157 1432 3232 ἦν
1474 3162 1502 3213 ὁ
1548 3162 1803 3233 Χριστός.
1836 3182 1854 3212 ι

269 3255 465 3326 Ἄθρει
497 3254 563 3323 δὴ
597 3250 688 3306 οὖν
712 3256 768 3305 ἐν
795 3253 1016 3325 Χριστῷ
1055 3251 1229 3321 Ἰησοῦ
1267 3250 1390 3305 καθ’
1426 3251 1619 3305 ἕνωσιν
1654 3255 1861 3305 οἰκονο-
1891 3276 1933 3331 C

269 3346 441 3417 μικὴν
484 3346 547 3397 τὸ
598 3344 780 3407 ίδικῶς
820 3345 915 3397 τοῦ
961 3342 1134 3415 Λόγου
1192 3342 1583 3413 πρεσϐύτατον.
1640 3339 1715 3396 Ἦ
1766 3346 1865 3398 οὐκ

265 3440 508 3511 ἐναργὴς
570 3442 597 3492 ὁ
648 3438 844 3507 λόγοςς
896 3437 998 3489 Τδν
1050 3437 1156 3507 γάρ
1209 3453 1293 3488 τοι
1356 3437 1733 3507 Βηθλεεμίτην
1791 3439 1866 3502 ὡς

266 3532 558 3602 ἄνθρωπον
593 3530 685 3583 καὶ
716 3531 781 3581 ἐκ
810 3527 1092 3597 γυναικὸς,
1128 3528 1380 3597 ἀπαρχῆς
1430 3529 1621 3588 αἰῶνος
1648 3530 1745 3593 τὰς
1776 3530 1865 3594 ἐξ·

261 3624 422 3686 ὁδους
453 3622 597 3693 ἔχειν
628 3619 684 3674 εὖ
714 3621 857 3692 μάλα
888 3621 1071 3690 φησίν.
1092 3620 1180 3673 Ἐν
1208 3622 1351 3691 ἀρχῇ
1381 3620 1488 3691 γὰρ
1517 3617 1604 3693 ἦν,
1644 3624 1736 3674 καὶ
1762 3624 1867 3693 πρὸ

266 3714 477 3778 παντὸς
511 3715 727 3778 αἰῶνος,
766 3715 793 3766 ὁ
820 3713 1245 3782 ἐνανθρωπήσας
1279 3714 1470 3780 Λόγος,
1490 3716 1583 3768 καὶ
1611 3716 1772 3778 αὐτὸς
1799 3712 1867 3785 ἦν

266 3808 303 3874 ἡ
342 3806 554 3873 πέτρα,
596 3802 920 3871 δεδιψηκότα
960 3802 1052 3853 τὸν
1097 3801 1313 3871 Ἰσραὴλ
1363 3804 1475 3865 τοῖς
1507 3804 1637 3874 παρ’
1678 3805 1868 3857 ἐλπίδα

270 3899 366 3951 καὶ
395 3896 679 3966 ἀδοκήτοις
708 3894 1064 3965 ὲκμεθύσκων
1103 3892 1329 3963 νάμασι,
1363 3895 1541 3948 καίτοι
1584 3897 1869 3965 γεννηθεὶς
1895 3898 1900 3902 ’

270 3986 417 4042 κατά
456 4003 519 4054 γε
554 3986 653 4057 τὴν
686 3987 863 4056 σάρκα
905 3988 998 4038 καὶ
1042 3986 1101 4038 τὸ
1130 3984 1470 4056 ἀνθρώπινον
1515 3988 1572 4038 ἐν
1616 3989 1867 4057 ἐσχάτοις

271 4080 505 4148 καιροῖς,
539 4078 631 4129 καὶ
661 4076 1020 4147 κεχρισμένος
1050 4076 1127 4137 εἰς
1160 4076 1260 4145 τὴν
1290 4078 1367 4139 εἰς
1404 4076 1608 4144 κόσμον
1636 4079 1869 4132 (17:03:0-

268 4169 369 4241 λὴν
401 4169 551 4239 παρὰ
584 4167 677 4220 τοῦ
706 4168 838 4222 Θεοῦ
871 4169 965 4222 καὶ
1000 4168 1229 4236 Πατρός.
1280 4167 1718 4233 Κατωνόμασται
1758 4171 1867 4241 γὰρ

268 4264 370 4333 οὐχ
424 4263 611 4332 ἐτέρου
663 4279 759 4315 του
809 4260 990 4332 χάριν,
1040 4259 1155 4313 ἀλλ’
1197 4259 1228 4329 ἢ
1280 4259 1367 4312 διὰ
1417 4263 1576 4315 τοῦτο
1608 4265 1863 4332 Χριστός·

272 4354 509 4426 Χριστὸς
573 4353 629 4405 δὲ
670 4348 736 4423 ἦν
784 4353 818 4421 ή
870 4352 1065 4424 πέτρα,
1094 4352 1235 4405 κατά
1273 4352 1363 4406 τὸν
1404 4354 1634 4409 Παῦλον.
1662 4351 1739 4407 Ἦ
1776 4357 1867 4407 ὲν-

266 4446 517 4500 δοιαστὸν
542 4446 602 4499 τὸ
635 4446 825 4517 χρῆμα
849 4447 995 4517 ἐρεῖς
1017 4461 1029 4509 ;

346 4539 405 4591 Β.
441 4538 728 4606 Οὐδαμῶς.

1964 2079 2085 2133 aliis
2116 2079 2441 2133 testimoniis
2468 2080 2681 2132 discere
2713 2080 2932 2147 poteris.
2964 2078 3038 2131 Ita
3069 2080 3214 2133 enim
3249 2079 3389 2132 Deus
3423 2079 3553 2144 alibi

1964 2184 2060 2237 per
2093 2171 2383 2238 quemdam
2432 2172 2820 2237 prophetarum
2866 2170 2934 2221 dc
2975 2170 3192 2223 Christo
3236 2184 3303 2224 ex
3353 2171 3562 2222 semine

1966 2258 2132 2310 David
2170 2257 2466 2311 secundum
2504 2272 2726 2310 carnem
2772 2258 3008 2323 loquitur
3041 2276 3055 2310 :
3097 2276 3117 2309 ‹
3161 2256 3227 2311 Ει
3268 2268 3357 2325 tu,
3398 2257 3563 2313 Beth—

1964 2347 2159 2411 Mirm,
2186 2348 2373 2402 domus
2398 2344 2698 2414 Ephrathu,
2722 2350 2942 2401 minima
2969 2363 3026 2403 es
3052 2347 3105 2401 in
3137 2348 3370 2401 millibth‘
3389 2344 3560 2415 Juda;

1964 2454 2028 2493 ex
2069 2450 2118 2492 te
2154 2440 2283 2491 mihi
2321 2441 2632 2506 egredietur
2666 2439 2755 2504 qui
2796 2440 2866 2492 sit
2904 2440 3216 2493 dominator
3252 2441 3303 2493 in
3341 2437 3508 2496 Israel
3542 2455 3558 2492 :

1964 2540 2016 2583 et
2052 2545 2305 2598 egressus
2339 2530 2454 2595 ejus
2488 2530 2556 2582 ab
2595 2530 2749 2583 initio
2784 2544 2811 2582 a
2850 2530 3044 2586 diebus
3077 2532 3403 2586 aeternitatis
3423 2530 3495 2584 ”.
3534 2550 3554 2584 ι

1966 2620 2039 2673 De
2078 2621 2201 2673 [iliis
2241 2632 2418 2673 autem
2462 2618 2624 2673 Israel
2666 2620 3038 2672 divinissimus
3080 2618 3279 2674 Paulus
3317 2621 3388 2673 ita
3426 2622 3506 2675 ait
3540 2640 3555 2656 ·

1971 2731 1988 2761 ι
2025 2710 2159 2777 Quia
2191 2726 2378 2764 omnes
2413 2710 2463 2763 iu
2499 2711 2681 2781 Moyse
2715 2711 2970 2780 baptizati
3002 2721 3129 2767 sunt
3164 2712 3214 2763 in
3252 2712 3394 2767 nube
3420 2722 3471 2767 et
3502 2712 3557 2789 in

1966 2802 2126 2865 mari,
2159 2810 2212 2853 et
2243 2815 2433 2853 omnes
2460 2802 2707 2853 eamdem
2740 2814 2923 2853 escam
2957 2799 3295 2865 Spitiltlztlelll
3331 2801 3559 2854 mandu-

1966 2900 2252 2954 caverunt,
2288 2900 2341 2943 et
2373 2905 2563 2943 omnes
2599 2889 2851 2943 eumdem
2889 2902 3074 2957 potum
3110 2888 3443 2958 spiritualem
3478 2889 3560 2945 bi-

1965 2980 2180 3035 berunt.
2232 2981 2493 3033 Bihcbaut
2548 2980 2693 3033 enim
2742 2979 2810 3033 de
2860 2980 3127 3047 spirituali
3184 2992 3561 3047 consequente

1967 3082 2060 3122 eos
2094 3078 2267 3137 petra.
2303 3064 2458 3119 Petra
2495 3074 2675 3120 autem
2708 3077 2824 3119 erat
2856 3065 3104 3121 Christus
3129 3069 3197 3121 “.
3240 3087 3257 3119 ι
3296 3068 3563 3123 Animad-

1967 3170 2117 3212 verte
2147 3160 2329 3227 itaque
2360 3158 2413 3211 iu
2444 3157 2664 3211 Christo
2692 3156 2819 3211 Jesu
2855 3159 3065 3212 ratione
3095 3158 3319 3212 unitatis
3351 3173 3450 3227 per
3479 3160 3562 3213 in-

1968 3252 2337 3304 carnationem
2386 3248 2539 3301 {actm
2585 3248 2912 3317 peculiarem
2949 3248 3110 3302 Verbi
3158 3250 3563 3318 antiquitatem.

1968 3340 2161 3395 Nonne
2207 3341 2301 3393 tibi
2346 3340 2478 3393 satis
2524 3350 2711 3408 aperte
2756 3340 2871 3394 hmc
2917 3341 3059 3394 dicta
3097 3342 3383 3396 videntur?
3424 3341 3559 3397 Nam

1967 3434 2441 3495 Bethh-hemitam,
2463 3444 2520 3485 ut
2542 3432 2813 3485 hominem
2842 3441 2892 3485 et
2922 3447 2989 3484 cx
3017 3432 3239 3485 undiere
3269 3445 3472 3496 natmu,
3493 3434 3563 3491 ab

1971 3529 2125 3581 initio
2173 3526 2353 3579 surculi
2407 3538 2661 3594 egressus
2715 3524 2913 3577 habere
2969 3523 3120 3577 dicit.
3178 3524 3235 3577 lu
3288 3526 3564 3597 principio

1968 3620 2112 3673 enim
2153 3628 2294 3681 erat,
2332 3628 2385 3671 et
2428 3626 2553 3669 ante
2590 3615 2771 3669 omnia
2813 3613 3009 3668 secula
3056 3615 3396 3670 iucarnatum
3431 3616 3563 3671 Ver-

1970 3714 2118 3775 bum,
2158 3720 2213 3763 et
2260 3712 2432 3779 ipsum
2478 3718 2596 3762 crat
2644 3718 2817 3773 petra,
2858 3707 3115 3763 lsraeletn
3166 3710 3255 3763 siti
3306 3709 3557 3764 allectum

1972 3802 2251 3872 repentina
2290 3810 2454 3869 atque
2491 3800 2767 3869 inopinata
2805 3816 3068 3869 aquarum
3105 3804 3437 3872 scaturigine
3473 3818 3564 3857 sa-

1972 3897 2130 3957 tiaus,
2166 3895 2375 3948 tametsi
2407 3904 2591 3946 natum
2620 3893 2688 3946 sit
2719 3892 3014 3947 secundum
3044 3909 3261 3948 carnem
3290 3905 3341 3946 et
3370 3896 3561 3948 huma-

1970 3987 2191 4041 nitatem
2244 3987 2296 4039 in
2345 3985 2657 4039 novissimis
2708 3986 3039 4051 temporibus
3086 4003 3097 4037 :
3153 3996 3455 4055 unctusque
3506 3988 3565 4042 iu

1969 4079 2333 4149 apostolatum
2375 4078 2426 4129 in
2468 4079 2725 4129 mundum
2769 4092 2797 4130 a
2835 4076 2944 4130 Deo
2990 4093 3051 4130 ac
3092 4077 3268 4131 Patre.
3308 4079 3440 4131 Nam
3484 4080 3564 4133 id-

1971 4174 2137 4234 circo,
2174 4185 2351 4238 neque
2382 4168 2544 4221 aliam
2577 4172 2646 4222 ob
2678 4185 2893 4223 causam
2928 4180 3147 4223 voratus
3174 4181 3252 4223 est
3284 4170 3559 4234 Christus,

1970 4265 2083 4318 sive
2121 4274 2337 4317 unctus.
2372 4261 2620 4315 Christus
2653 4272 2831 4315 autem
2865 4275 2981 4316 erat
3015 4272 3160 4329 petra
3182 4303 3195 4323 ,
3226 4265 3380 4332 juxta
3422 4264 3560 4318 Pau-

1970 4357 2100 4411 lum.
2144 4358 2300 4409 Anne
2350 4356 2703 4409 dubitandum
2754 4356 2853 4409 hac
2900 4357 2950 4409 in
2998 4370 3055 4409 re
3102 4358 3395 4425 quidquam
3441 4373 3562 4412 esse

1970 4447 2201 4501 censes?
2377 4492 2379 4495 .

2047 4538 2107 4591 Β.
2154 4538 2524 4607 Nequaquam.

343 4631 409 4683 Α.
459 4624 877 4698 Ἐπαγωνιεῖται
906 4631 963 4684 δὲ
1001 4632 1092 4685 καὶ
1140 4632 1460 4704 συναθλήσει
1492 4632 1737 4704 τῷλόγῳ
1774 4635 1860 4687 καὶ

2049 4632 2113 4683 Α.
2153 4630 2457 4683 Confirmat
2502 4643 2631 4681 vero
2682 4628 2821 4683 hanc
2871 4630 3234 4697 sententiam,
3281 4641 3334 4684 ct
3383 4641 3565 4687 tuetur

272 4723 301 4773 ό
358 4721 521 4787 σοφὸς
575 4721 870 4790 Ἰωάννης,
921 4724 1206 4792 μονονουχὶ
1249 4726 1339 4775 καὶ
1386 4724 1722 4794 συναγείρων
1767 4726 1867 4789 τὰς

272 4811 489 4878 φύσεις,
526 4812 616 4864 καὶ
656 4814 732 4874 εἰς
764 4814 1125 4882 μισγάγκειαν
1153 4816 1301 4882 ἄγων
1324 4814 1429 4867 τῶν
1464 4817 1701 4887 ἑκατέρᾳ
1729 4835 1867 4887 πρε-

274 4902 489 4955 πόντων
519 4902 825 4971 ἰδιωμάτων
872 4904 973 4974 τὴν
1001 4904 1255 4975 δύναμιν.
1309 4906 1416 4958 Θέα
1448 4906 1553 4977 γάρ
1594 4907 1621 4959 ὃ
1662 4924 1826 4978 φησιν
1848 4924 1860 4938 ·

281 5012 297 5044 ι
328 4995 393 5044 Ὃ
435 4988 503 5063 ἦν
544 4994 820 5064 ἁπαρχῆς,
854 4994 883 5046 ὃ
930 4996 1270 5064 ἀκηκόαμεν,
1313 4997 1341 5049 ὂ
1387 4998 1714 5068 ἑωράκαμεν
1753 5003 1864 5062 τοῖς

273 5083 579 5153 ὀφθαλμοῖς
606 5084 785 5154 ἡμῶν,
814 5084 842 5137 ὃ
871 5084 1236 5155 ἐθεασάμεθα,
1278 5088 1370 5139 καὶ
1399 5088 1453 5139 αί
1496 5091 1679 5158 χεῖρες
1706 5088 1865 5157 ἡμῶν

278 5174 641 5243 ἐψηλάφησαν
682 5176 810 5246 περὶ
854 5175 947 5228 τοῦ
985 5177 1159 5245 Λόγου
1198 5179 1297 5246 τῆς
1340 5177 1507 5247 ζωῆς,
1557 5180 1653 5233 καὶ
1682 5183 1714 5249 ἡ
1751 5181 1864 5251 ζωὴ

278 5264 624 5334 ἐφανερώθη,
649 5264 742 5317 καὶ
764 5265 981 5335 ἐωράκα
991 5283 1110 5335 μεν,
1132 5268 1222 5319 καὶ
1251 5268 1657 5339 μαρτυροῦμεν,
1688 5271 1867 5337 ἀπαγ-

279 5356 546 5425 γέλλομεν
578 5357 705 5426 ὑμῖν
734 5355 833 5426 τὴν
880 5355 1025 5428 ζωὴν
1054 5357 1151 5427 τὴν
1183 5358 1419 5425 αίὼνιον,
1456 5360 1576 5429 ἥτις
1619 5355 1687 5427 ἦν
1730 5361 1865 5430 πρὸς

278 5448 369 5500 τὸν
412 5448 648 5519 Πατέρα,
695 5449 789 5500 καὶ
827 5448 1149 5519 ἐφανερώθη
1194 5452 1343 5520 ἡμῖν.
1374 5471 1391 5501 ι
1439 5451 1573 5504 Ἰδοὺ
1615 5451 1705 5505 τὸν
1743 5453 1869 5505 ὄντα

280 5538 561 5607 ἁπαρχῆς,
608 5533 789 5607 ὦφθαι
824 5544 888 5607 γέ
947 5559 1109 5609 φησιν
1160 5542 1425 5612 ἐναργῶς,
1474 5544 1760 5611 ὑπομεῖναί
1814 5562 1871 5597 τε

284 5633 375 5683 καὶ
402 5630 565 5697 ἁφήν.
618 5632 1005 5702 Ἀνεκεκράγει
1034 5633 1142 5703 γὰρ
1184 5636 1210 5685 ὀ
1263 5634 1484 5703 Θωμᾶς·
1516 5655 1531 5685 ι
1566 5637 1621 5687 ’0
1666 5636 1871 5705 Κύριός

288 5740 418 5788 μου,
471 5724 563 5775 καὶ
590 5725 616 5776 ό
641 5724 771 5787 Geo;
801 5743 923 5795 μου,
953 5745 969 5777 ι
1006 5727 1391 5798 ἁναμετρήσας
1426 5730 1673 5797 δακτύλῳ
1709 5729 1871 5781 πλευ-

358 5899 403 5931 "
428 5896 574 5955 Psal.
608 5916 869 5965 Lxxxvnt,
901 5901 951 5956 7.
1052 5904 1095 5933 ’³
1129 5899 1288 5957 Mirh.
1330 5919 1379 5968 ν,
1417 5904 1471 5958 2.

1550 5906 1593 5935 “
1625 5904 1636 5957 I
1667 5905 1789 5957 (lor.
1829 5921 1881 5969 τ,
1913 5904 2035 5960 2-4.

1974 4722 2229 4787 Joannes,
2259 4722 2420 4791 712
2454 4731 2663 4775 tantum
2698 4736 2799 4773 non
2829 4738 3165 4792 congregans
3194 4726 3240 4776 iu
3272 4741 3435 4778 unum
3467 4742 3561 4779 na-

1975 4824 2158 4877 turas,
2191 4823 2243 4865 ct
2276 4816 2665 4883 proprietatum
2702 4825 2819 4878 qurc
2851 4814 3063 4881 utrique
3093 4816 3423 4868 conveniunt
3454 4819 3560 4869 vim

1975 4920 2038 4958 ac
2064 4906 2317 4957 virtutem
2348 4904 2398 4956 iu
2430 4918 2591 4957 unam
2624 4903 2982 4959 conﬂuentem
3011 4906 3236 4958 ducens.
3260 4905 3391 4959 Vide
3418 4906 3562 4959 cuitu

1972 4996 2104 5065 quid
2151 4996 2295 5048 dicat
2333 5013 2345 5047 :
2400 5012 2417 5043 ι
2462 4995 2614 5060 Quod
2658 5005 2776 5049 crat
2823 4996 2891 5048 ab
2938 4994 3123 5060 initio;
3168 4997 3311 5063 quod
3358 4997 3563 5049 audivi-

1977 5104 2115 5153 mus,
2153 5088 2297 5157 quod
2339 5088 2573 5141 vidimus
2612 5086 2785 5141 oculis
2832 5088 3064 5153 nostris;
3105 5094 3246 5157 quod
3286 5090 3562 5157 perspexi-

1975 5194 2130 5243 mus,
2173 5188 2225 5232 et
2270 5192 2464 5232 manus
2508 5187 2705 5231 nostra:
2751 5184 3233 5231 centrectaverunt
3280 5182 3347 5231 de
3384 5176 3562 5231 Verbo

1974 5270 2117 5323 vitae.
2150 5268 2217 5323 Et
2246 5271 2352 5322 vita
2390 5268 2735 5324 manifestata
2774 5279 2886 5333 cst,
2921 5279 2978 5322 et
3009 5269 3276 5333 vidimus,
3309 5280 3364 5323 et
3400 5280 3564 5324 testa-

1976 5377 2117 5424 mur,
2164 5363 2547 5416 aununtiamus
2593 5361 2743 5416 vobis
2782 5362 2947 5414 vitam
2988 5370 3246 5414 aeternam
3291 5376 3408 5428 qua:
3447 5372 3561 5415 erat

1974 5455 2113 5521 apud
2150 5455 2385 5519 Patrem,
2418 5464 2473 5508 ct
2503 5456 2750 5525 apparuit
2783 5454 2938 5509 nobis
2959 5455 3026 5511 ".
3068 5474 3087 5505 ι
3126 5452 3285 5509 Vides
3318 5470 3438 5508 eum
3472 5457 3559 5522 qui

1977 5544 2077 5597 fuit
2103 5546 2171 5597 ab
2199 5544 2374 5607 initio,
2408 5545 2694 5599 manifeste
2720 5546 2893 5599 visum
2926 5545 3113 5609 fuisse,
3145 5556 3197 5598 et
3226 5545 3369 5615 tangi
3400 5546 3563 5599 susti—

1979 5636 2178 5690 nuisse.
2207 5634 2537 5689 Exclamavit
2568 5638 2707 5689 enim
2734 5634 2971 5689 Thomas
3000 5654 3012 5689 :
3047 5656 3064 5687 ι
3102 5636 3359 5689 Dominus
3390 5649 3561 5697 meus,

1978 5737 2032 5779 rt
2076 5726 2218 5781 Deus
2264 5742 2413 5781 meus
2442 5729 2509 5793 ’0,
2565 5748 2581 5778 ι
2633 5744 2751 5781 cum
2805 5736 3165 5790 perteutasset
3208 5727 3373 5797 digito
3421 5726 3563 5780 latus

2117 5907 2161 5937 ’⁸
2194 5908 2205 5961 I
2241 5908 2392 5963 Joau.
2430 5925 2464 5974 l,
2506 5910 2552 5972 i,
2590 5909 2642 5961 εὶ.
2722 5910 2765 5940 ’δ
2798 5907 2955 5962 Joau.
2992 5921 3079 5969 xx,
3110 5906 3200 5961 ‘38.
