4006 6480
473 484 602 538 1351

1457 475 1512 529 S.
1556 468 1829 526 CYRILLI
1872 461 2342 521 ALEXANDRINI
2386 459 2698 515 ARCHIEP.

3600 455 3619 508 ι
3633 444 3752 509 ςεε

470 600 739 670 corporis,
783 606 836 653 et
883 593 1226 665 pcrtusiones
1269 593 1383 649 sive
1433 591 1695 647 foramina
1744 588 2036 643 clavorum.

2153 581 2245 649 ράν
2268 597 2325 632 τε
2361 580 2458 650 τὴν
2513 577 2764 648 σώματος
2805 577 2899 630 καὶ
2933 577 3031 638 τάς
3067 575 3382 648 διατρήσεις
3415 574 3527 626 τῶν
3566 574 3744 644 ἥλων.

469 692 608 760 Quin
641 702 694 745 et
727 688 937 744 divinus
971 685 1142 740 Lucas
1174 687 1250 740 ait
1281 693 1496 740 sanctos
1527 681 1797 752 apostolos
1829 688 2042 748 specta-

473 794 616 838 tores
651 788 707 835 et
749 779 1024 834 ministros
1050 776 1208 832 Verbi
1248 776 1412 830 fuisse
1435 774 1501 826 ".
1539 772 1739 827 Factus
1776 780 1861 825 est
1895 769 2041 824 enim

470 874 794 944 conspicuus
840 871 929 940 qui
981 879 1065 926 est
1110 869 1490 937 incorporeus,
1535 874 1592 920 et
1638 860 2042 920 contrectabilis

471 965 559 1033 qui
595 963 738 1032 tangi
772 963 989 1032 nequit,
1024 974 1243 1016 carnem
1273 971 1433 1027 quam
1467 955 1645 1010 induit
1675 969 1780 1009 non
1811 952 2041 1007 alienam

470 1069 502 1109 ι
536 1068 593 1108 se
625 1053 862 1118 habens,
899 1051 992 1107 sed
1026 1049 1301 1120 proprium
1336 1046 1438 1102 sibi
1478 1043 1732 1116 templum
1765 1041 2039 1107 elllciens;

471 1154 526 1200 ct
574 1159 695 1199 cum
743 1159 805 1198 ea
856 1143 1101 1212 cognitus
1153 1149 1211 1195 ut
1262 1139 1402 1194 Deus
1452 1146 1507 1192 et
1559 1137 1837 1191 Dominus.
1888 1132 2040 1188 Nosti

472 1237 635 1290 etiam
661 1235 785 1304 quid
812 1233 1189 1288 sanctissimus
1214 1231 1302 1285 ille
1325 1230 1524 1285 Paulus
1546 1228 1738 1284 scribit
1762 1247 1776 1282 :
1803 1244 1822 1278 ι
1851 1223 2041 1293 Nemo,

477 1327 671 1397 inquit,
712 1336 952 1381 nostrum
994 1323 1098 1378 sibi
1138 1324 1293 1388 vivit,
1337 1332 1392 1376 et
1433 1333 1593 1376 neruo
1639 1318 1743 1373 sibi
1790 1318 2040 1372 moritur.

477 1421 600 1474 Sive
626 1417 769 1471 enim
794 1416 1046 1479 vivimus,
1076 1414 1299 1468 Domino
1324 1413 1585 1476 vivimus;
1611 1411 1728 1464 sive
1755 1410 2038 1473 morimur,

478 1507 701 1562 Domino
726 1506 1004 1560 morimur.
1034 1504 1161 1559 Sive
1184 1517 1312 1571 ergo
1340 1501 1592 1566 vivimus,
1619 1501 1734 1554 sive
1761 1497 2042 1564 morimur,

472 1597 679 1653 Domini
718 1611 926 1651 sumus.
964 1597 1019 1650 In
1058 1596 1161 1649 hoc
1196 1595 1338 1648 enim
1373 1591 1622 1647 Christus
1655 1600 1900 1644 mortuus
1935 1596 2039 1652 est,

470 1699 526 1744 et
554 1689 874 1752 resurrexit,
901 1696 960 1742 ut
991 1697 1043 1742 et
1074 1687 1318 1738 vivorum
1350 1691 1404 1739 et
1432 1692 1766 1736 mortuorum
1797 1677 2042 1732 domine-

471 1791 558 1835 tur
593 1781 658 1834 ⁸⁸.
698 1797 717 1832 ι
752 1778 975 1834 Constat
1009 1777 1188 1846 itaque
1225 1776 1365 1844 quod
1402 1787 1588 1828 revera
1620 1772 1928 1828 dominatus
1973 1768 2043 1823 sit

2145 671 2475 740 Γεγενῆσθαι
2523 671 2581 724 δέ
2616 687 2747 740 φησι
2786 669 2911 732 τοὺς
2947 669 3138 738 άγίους
3183 666 3524 731 ἀποστόλους
3568 667 3663 720 καὶ
3714 668 3750 720 6

2145 762 2285 825 θεῖος
2314 765 2447 832 ἡμῖν
2482 763 2700 824 Λουκᾶς
2753 759 3028 823 αὐτόπτας
3074 777 3137 812 τε
3181 759 3276 813 καὶ
3315 757 3605 829 ὑπηρέτας
3639 757 3745 810 τοῦ

2143 854 2340 921 Λόγου,
2365 855 2562 923 Γέγονε
2591 853 2700 925 γὰρ
2715 852 2965 923 ἐμφανὴς
2993 855 3022 906 ό
3043 851 3354 923 ἀσώματος,
3393 849 3492 903 καὶ
3521 849 3692 913 ἁπτὸς
3713 852 3748 902 6

2143 945 2377 1017 ἀναφὴς,
2405 948 2506 998 οὐκ
2532 945 2738 998 ὀθνεῖον
2758 945 2897 1014 ἔχων
2925 945 3005 997 ἔτι
3033 944 3347 1015 περίσλημα
3378 942 3479 1012 τὴν
3500 941 3611 994 ἀπὸ
3630 940 3748 1011 γῆς

2145 1037 2343 1108 σάρκα,
2373 1037 2486 1090 ἀλλ’
2523 1036 2651 1089 ἴδιον
2684 1036 2855 1105 αὐτὴν
2887 1036 3257 1107 ποιησάμενος
3303 1034 3452 1100 ναὸν,
3497 1033 3594 1087 καὶ
3639 1035 3747 1086 σὺν

2144 1129 2279 1199 αὐτῇ
2315 1128 2734 1199 γνωριζόμενος,
2766 1127 2842 1191 ώς
2870 1127 3006 1190 Θεὸς
3031 1126 3126 1179 καὶ
3153 1125 3376 1197 Κύριος.
3409 1124 3750 1194 Γεγραφότα.

2079 1219 2086 1224 ’
2144 1220 2202 1272 δὲ
2237 1216 2396 1273 οἷσθά
2442 1237 2544 1272 που
2595 1219 2685 1272 τὸν
2728 1219 3022 1289 ἱερώτατον
3073 1217 3306 1271 Παῦλον·
3357 1216 3594 1279 «Οὐδεὶς
3628 1215 3747 1286 γάρ

2145 1312 2303 1383 ἡμῶν
2332 1312 2514 1383 ἑαυτῷ
2541 1311 2631 1382 ζῇ,
2662 1312 2755 1364 καί
2791 1311 2966 1374 οὐδεὶς
2997 1310 3175 1381 ἑαυτῷ
3209 1308 3567 1380 ἀποθνήσκει.
3611 1307 3745 1360 Ἐάν

2145 1421 2204 1457 τε
2236 1404 2344 1473 γάρ
2373 1403 2575 1473 ζῶμεν,
2598 1401 2675 1473 τῷ
2705 1402 2896 1474 Κυρίῳ
2925 1402 3132 1472 ζῶμεν·
3165 1401 3259 1453 ὲάν
3285 1417 3344 1452 τε
3377 1399 3749 1470 ἀποθνήσκω-

2149 1511 2267 1565 μεν,
2307 1493 2386 1562 τῷ
2429 1495 2622 1564 Κυρίῳ
2663 1493 3100 1563 ἀποθνήσκομεν.
3139 1492 3265 1544 Ἐάν
3297 1506 3356 1543 τε
3395 1485 3492 1543 οὖν
3529 1487 3746 1561 ζῶμεν,

2145 1585 2241 1639 ὲάν
2273 1601 2332 1638 τε
2363 1585 2823 1656 ἀποθνήσκωμεν,
2867 1584 2962 1638 τοῦ
2991 1583 3196 1653 Κυρίου
3229 1584 3420 1654 ἐσμέν.
3458 1582 3557 1646 Είς
3580 1581 3747 1636 τοῦτο

2144 1676 2252 1747 γὰρ
2281 1674 2516 1744 Χριστὸς
2547 1673 2809 1738 ἀπέθανε,
2857 1675 2950 1728 καὶ
2997 1671 3211 1746 ἔζησεν,
3259 1673 3346 1726 ἵνα
3393 1673 3488 1727 καὶ
3525 1671 3745 1744 νεκρῶν

2145 1766 2241 1820 καὶ
2269 1764 2487 1830 ζώντων
2519 1765 2804 1838 κυριεύσῃ.
2837 1784 2856 1816 ι
2903 1766 3138 1836 ’Δραρεν
3168 1760 3281 1828 οὖν,
3320 1764 3401 1816 ὅτι
3446 1763 3744 1835 κεκυρίευ-

473 1881 807 1926 mortuorum
839 1879 892 1923 et
921 1869 1210 1922 viventium
1229 1906 1244 1932 ,
1273 1865 1362 1935 qui
1396 1880 1500 1919 non
1531 1863 1601 1920 ob
1630 1863 1789 1917 aliam
1819 1876 2038 1918 causam

2153 1878 2243 1915 κεν
2270 1859 2486 1930 άληθῶς
2515 1859 2730 1932 νεκρῶν
2759 1877 2820 1912 τε
2852 1859 2947 1912 καί
2986 1858 3206 1923 ζώντων
3231 1859 3261 1910 ὁ
3311 1857 3387 1928 μὴ
3417 1857 3610 1929 ἑτέρου
3642 1873 3742 1910 του

471 1979 631 2034 quam
657 1963 727 2018 ob
758 1963 898 2017 hanc
927 1961 1096 2017 solam
1129 1970 1376 2015 mortuus
1404 1969 1489 2014 est
1519 1967 1575 2014 et
1603 1955 1923 2013 resurrexit.

543 2138 605 2194 Β.
647 2138 896 2194 Omnino.

542 2233 607 2284 Δ.
649 2230 947 2297 Quemnam
1003 2228 1165 2299 igitur
1207 2226 1449 2282 dicemus
1497 2224 1726 2281 subiisse
1779 2233 2043 2288 mortem,

474 2335 797 2390 rursumque
825 2318 1222 2374 resurrexisse!

541 2410 602 2465 Β.
643 2410 840 2465 Filium
868 2410 1132 2480 profecto.

543 2503 608 2556 Α.
649 2500 842 2556 Filium
879 2503 1094 2570 quidem
1133 2511 1278 2558 recte
1313 2501 1472 2566 dicis,
1503 2509 1666 2570 atque
1697 2514 1796 2570 ego
1836 2501 1888 2554 id
1922 2513 2047 2570 pro-

474 2595 667 2648 burim.
707 2591 974 2647 Caeterum
1016 2592 1119 2647 hoc
1162 2608 1226 2647 ex
1274 2603 1323 2648 te
1367 2592 1523 2646 velim
1570 2605 1934 2660 cognoscere,
1977 2604 2043 2643 an

476 2681 708 2737 Verbum
737 2699 804 2737 ex
833 2685 939 2737 Deo
968 2681 1130 2738 Patre
1159 2682 1232 2737 sit
1263 2681 1492 2737 mortale
1516 2691 1571 2735 et
1597 2681 1925 2750 corruptioni
1952 2680 2048 2735 ob—

476 2775 724 2836 noxium;
764 2789 830 2828 an
870 2776 1046 2844 potius
1087 2783 1259 2830 morte
1298 2783 1352 2829 et
1389 2773 1734 2843 corruptione
1772 2775 2042 2843 superius,

475 2873 530 2918 ut
558 2865 687 2919 vita.

545 2958 606 3013 Β.
645 2958 920 3013 Posterius
946 2957 978 3012 b
1001 2975 1048 3014 2c
1077 2959 1474 3016 allirmaverim.

544 3049 608 3102 Δ.
651 3048 927 3114 Quomouo
955 3050 1116 3119 igitur
1143 3051 1371 3105 mortuis
1398 3057 1784 3103 anmuneratus
1809 3059 1922 3116 est,
1952 3053 2041 3121 qui

476 3138 611 3193 liber
631 3149 714 3194 est
741 3141 1034 3194 secundum
1063 3137 1406 3210 Scripturas?
1433 3138 1614 3208 Neque
1640 3140 1783 3194 enim
1808 3137 2040 3194 Verbum

475 3245 568 3299 per
591 3245 648 3284 se
675 3232 809 3285 mori
841 3241 1022 3300 queat.

542 3319 602 3373 Β.
645 3321 778 3386 Quia
823 3332 1032 3374 mortua
1077 3320 1243 3390 ipsius
1281 3337 1464 3389 carne,
1503 3322 1617 3392 ipse
1659 3325 1760 3378 lioc
1805 3324 1912 3394 pati
1957 3322 2040 3378 di-

473 3411 578 3465 citu
589 3427 630 3465 r.

544 3504 608 3556 Α.
653 3502 970 3558 Rectissime
996 3505 1187 3559 sentis.
1214 3505 1468 3566 Proinde,
1498 3521 1602 3560 non
1631 3508 1830 3574 absque
1855 3521 2038 3572 carne,

473 3593 565 3648 sed
593 3595 770 3663 patius
797 3595 956 3649 simul
983 3611 1102 3650 cum
1133 3595 1221 3650 illa
1249 3597 1636 3652 dominationis
1662 3599 1885 3668 gloriam
1913 3613 2041 3654 c0n-

473 3697 689 3740 secutus
715 3696 831 3752 est,
859 3688 951 3756 qui
983 3688 1096 3756 lege
1125 3690 1308 3743 carnis
1340 3699 1393 3743 et
1425 3701 1614 3742 natura
1650 3691 1808 3745 simili
1842 3701 2041 3746 nostra:

475 3787 716 3834 mortuus
752 3789 836 3833 est
875 3788 928 3833 et
966 3781 1278 3834 resurrexit.
1319 3780 1560 3835 Humana
1601 3781 1818 3851 quidem
1861 3785 2039 3853 passio

472 3877 555 3921 est
590 3869 757 3929 mori;
796 3867 954 3939 713
990 3869 1225 3923 divinam
1264 3885 1389 3924 vero
1425 3871 1532 3924 vim
1571 3882 1732 3941 atque
1765 3877 2041 3941 operatio-

475 3975 595 4012 nem
628 3965 960 4029 resurgendo
981 3961 1220 4013 ostendit
1253 3979 1265 4014 :
1299 3972 1356 4014 ut
1385 3977 1480 4031 per
1505 3972 1795 4032 utrumque
1825 3966 1924 4019 hoc
1952 3979 2041 4020 co-

473 4059 780 4116 gnoscatur,
825 4059 877 4102 et
921 4049 1112 4104 similis
1153 4049 1338 4115 nobis,
1381 4061 1434 4107 et
1481 4053 1636 4107 nobis
1678 4056 1942 4124 superior,
1988 4064 2045 4110 ut

479 4142 616 4198 Deus
668 4142 1061 4205 universorum,
1106 4151 1158 4196 et
1217 4143 1500 4198 nobiscum
1553 4144 1746 4210 factus,
1790 4157 2044 4201 cernatur

473 4249 593 4288 cum
628 4233 803 4287 Patre.
832 4234 943 4288 lloc
972 4243 1128 4302 pacto
1159 4233 1331 4302 ipsum
1362 4250 1692 4305 cognoscens
1719 4236 2040 4303 Natlianael,

472 4321 606 4374 dixit
664 4338 676 4372 :
732 4339 750 4370 ι
813 4321 1086 4389 Magister,
1150 4331 1203 4376 tu
1247 4338 1305 4378 es
1342 4323 1512 4379 Filius
1555 4327 1679 4393 Dei;
1746 4337 1799 4381 tu
1844 4344 1903 4384 es
1947 4345 2042 4385 rex

471 4409 719 4465 Israel".
755 4431 772 4462 ι
805 4411 923 4481 lpse
979 4427 1106 4466 vero
1150 4413 1264 4468 suis
1317 4415 1601 4485 discipulis
1642 4419 1855 4487 inquit:
1888 4438 1905 4470 ι
1932 4419 2042 4476 Vos

472 4512 650 4554 autem
676 4502 878 4554 vocatis
911 4517 992 4555 me
1022 4499 1308 4556 Dominum
1339 4513 1394 4558 et
1425 4505 1775 4574 inagislrum;
1813 4521 1867 4563 et
1899 4523 2045 4566 recte

2078 1929 2121 1984 Β
2150 1956 2329 2027 χάριν,
2430 1955 2513 2007 ὅτι
2541 1929 2692 2008 τοῧδε
2750 1954 2846 2006 καὶ
2882 1951 3048 2023 μόνου
3082 1948 3314 2016 τεθνεὼς
3356 1953 3454 2005 καὶ
3498 1951 3744 2022 ἐγηγερ-

2153 2047 2332 2118 μένοςο

2223 2138 2284 2192 Β.
2321 2138 2580 2208 Ἀραρεν.

2219 2229 2283 2279 Α.
2316 2227 2451 2279 Τίνα
2478 2227 2542 2295 δὴ
2575 2220 2777 2305 οὖν,.έι⁷›
2814 2228 3052 2293 γενναῖε,
3080 2224 3284 2295 φαμὲν,
3307 2222 3383 2287 ὡς
3423 2221 3599 2276 ὑπέδυ
3639 2223 3739 2292 μὲν

2149 2319 2400 2382 θάνατον,
2431 2318 2632 2372 ἀνεϐίω
2660 2317 2718 2371 δὲ
2748 2313 2848 2383 αὖ,

2218 2411 2278 2465 Β.
2313 2409 2414 2464 Τὸν
2443 2411 2570 2464 Υίὸν
2595 2409 2856 2480 δηλονότι.

2207 2507 2274 2557 Α.
2326 2502 2464 2554 Ἀλλ’
2491 2503 2574 2555 ὃτι
2609 2502 2706 2572 μὲν
2737 2502 2828 2554 τὸν
2869 2500 3017 2564 Υἱὸν,
3051 2494 3110 2554 εὖ
3140 2499 3338 2567 λέγεις’
3371 2499 3741 2569 ἐπαινέσομαι

2147 2593 2253 2665 γὰρ
2277 2589 2390 2648 οὖν.
2425 2593 2700 2664 Ἑθέλοιμι
2728 2594 2772 2646 δ’
2789 2594 2852 2648 ἄν
2884 2611 2975 2646 σου
2999 2592 3308 2664 διαμαθεῖν,
3342 2592 3576 2664 πότερον
3613 2591 3742 2662 θνη-

2145 2686 2235 2748 τδς
2301 2686 2392 2739 καὶ
2428 2685 2878 2757 φθορᾷ.κάτοχος
2905 2686 2934 2737 ὁ
2975 2687 3038 2737 ὲκ
3067 2684 3199 2737 Θεοῦ
3229 2684 3440 2755 Πατρος
3479 2685 3673 2751 Λόγος,
3704 2684 3737 2755 ἢ

2147 2777 2288 2846 πέρα
2323 2776 2550 2830 θανάτου
2581 2779 2673 2831 καὶ
2705 2777 2910 2846 φθορᾶς
2940 2774 3198 2843 ἀμείνων,
3233 2774 3307 2837 ὡς
3333 2774 3466 2843 ζωή.

2218 2954 2277 3008 Β.
2315 2955 2471 3008 Οὕτω
2499 2954 2661 3026 φημί.

2216 3051 2278 3099 Δ.
2314 3042 2446 3099 Εἶτα
2490 3047 2607 3110 πῶς
2655 3047 2876 3114 γέγονεν
2933 3047 2990 3098 ὲν
3027 3047 3262 3114 νεκροῖς,
3304 3046 3398 3098 καὶ
3446 3047 3735 3117 ἐλεύθερος

2146 3137 2241 3204 ῶν,
2285 3137 2426 3190 κατά
2470 3138 2570 3200 τὰς
2621 3137 2659 3188 Γ
2664 3137 2876 3207 paeda
2928 3136 3163 3206 Τεθναίη
3203 3137 3310 3206 γὰρ
3350 3137 3416 3190 ἂν
3461 3137 3580 3190 οὔτι
3633 3157 3734 3192 που

2069 3259 2111 3315 c
2145 3229 2266 3282 καθ’
2293 3229 2482 3282 ἑαυτὸν
2511 3231 2538 3281 ὁ
2569 3229 2758 3296 Λόγος.

2217 3330 2278 3381 Β.
2313 3326 2759 3397 Ὅτιτεθνεώσης
2793 3325 2956 3380 αὐτοῦ
2984 3327 3084 3398 τῆς
3128 3328 3350 3397 σαρκὸς,
3382 3327 3542 3389 αὐτὸς
3577 3327 3735 3380 τοῦςο

2143 3415 2360 3481 λέγεται
2391 3414 2602 3467 παθεῖν.

2214 3510 2277 3562 Λ.
2316 3506 2615 3578 Ὀροότατὰ
2660 3524 2721 3574 γε
2771 3508 2865 3560 καὶ
2898 3507 3170 3569 ἀπλανῶς.
3225 3509 3456 3575 Οὐκοῦν,
3500 3511 3560 3562 οὐ
3609 3510 3733 3580 δέχα

2143 3599 2364 3669 σαρκὸς.
2395 3600 2490 3651 σὺν
2519 3599 2655 3668 αὐτῇ
2687 3599 2742 3651 δὲ
2776 3599 2978 3667 μᾶλλον
3001 3600 3103 3653 καὶ·
3131 3601 3248 3669 μετ’
3277 3601 3469 3671 αὐτῆς,
3506 3603 3605 3672 τὴν
3633 3605 3731 3672 τῆς

2142 3689 2462 3758 κυριότητος
2510 3687 2810 3757 ἀνεδήσατο
2865 3688 3047 3753 δόξαν,
3098 3695 3127 3745 ὁ
3183 3691 3334 3761 νόμῳ
3390 3676 3596 3760 σαρκδς
3637 3692 3730 3744 καὶ

2143 3779 2300 3849 φύσει
2332 3782 2399 3850 τῇ
2433 3779 2555 3833 καθ’
2589 3781 2734 3850 ἡμὴ
2767 3781 2997 3844 τεθνεὼς
3044 3783 3138 3836 καὶ
3167 3784 3563 3854 ἐγηγερμένος.
3607 3784 3727 3837 Ἀν-

2143 3871 2413 3943 θρώπινον
2438 3873 2534 3941 μὲν
2556 3871 2614 3924 τὸ
2635 3872 2886 3926 τεθνάναι
2917 3873 3111 3938 πάθος,
3159 3875 3440 3944 ἐνέργημα
3465 3875 3520 3928 δὲ
3550 3875 3728 3930 θεῖκδν

2142 3965 2201 4017 τὸ
2243 3963 2544 4017 ἀναϐιῶναι
2595 3962 2830 4028 δεικνὺς,
2890 3964 2974 4018 ἵνα
3005 3965 3073 4018 δι’
3123 3967 3322 4036 ἀμφοῖν
3369 3968 3724 4040 γνωρίζηται,

2144 4055 2266 4109 καθ’
2300 4057 2452 4126 ἡμᾶς
2479 4072 2538 4108 τε
2567 4055 2683 4126 ἅμα
2711 4057 2805 4108 καὶ
2834 4057 2975 4126 ὑπὲρ
3002 4059 3148 4128 ἡμᾶς
3179 4060 3254 4122 ῶς
3279 4060 3412 4123 Θεὸς
3435 4062 3544 4113 τῶν
3569 4063 3723 4126 ὅλων,

2145 4149 2238 4202 καὶ
2262 4148 2383 4216 μεθ’
2413 4150 2444 4218 ή
2455 4148 2573 4218 μῶν
2600 4151 2864 4217 γεγονώς,
2896 4132 3068 4221 ὁρῷτο
3100 4151 3241 4221 μετά
3275 4153 3509 4222 Πατρός.
3540 4155 3727 4220 Οὕτως

2144 4239 2303 4292 αὐτὸν
2331 4241 2359 4292 ὁ
2394 4239 2687 4311 Ναθαναὴλ
2731 4242 3134 4309 ἐπιγινώσκων,
3170 4243 3396 4313 ἔφασκε·
3453 4268 3470 4297 ι
3515 4249 3724 4310 Ῥαὸϐὶ,

2146 4333 2210 4384 σὺ
2271 4328 2322 4384 εἷ
2380 4334 2408 4385 ὀ
2475 4333 2598 4397 Υἱὸς
2659 4333 2753 4386 τοῦ
2812 4334 2981 4400 Θεοῦ,
3045 4337 3108 4389 συ
3161 4333 3210 4389 εἴ
3255 4339 3284 4391 ὁ
3326 4337 3582 4408 βασιλεὺς
3633 4342 3724 4396 τοῦ

2143 4424 2382 4495 Ἰσραήλ.
2415 4444 2431 4475 ›
2455 4425 2622 4489 Αὐτὸς
2646 4427 2703 4478 δὲ
2729 4430 2839 4491 τοῖς
2859 4428 3053 4480 ἑαυτοῦ
3077 4429 3367 4501 μαθηταῖς·
3397 4451 3415 4482 ι
3449 4432 3641 4502 Ὑμεῖς
3671 4435 3725 4487 δὲ

2144 4515 2357 4569 καλεῖτέ
2401 4534 2488 4584 με,
2534 4519 2718 4587 ςρησὶν,
2766 4521 2792 4570 ὁ
2843 4520 3044 4592 Κύριος
3092 4522 3187 4574 καὶ
3233 4522 3587 4588 διδάσκαλος,
3633 4529 3726 4578 καὶ

473 4592 678 4657 dicitis,
716 4607 831 4646 sum
873 4593 1015 4646 enim
1046 4592 1112 4645 '°.
1157 4611 1176 4644 ι
1217 4593 1293 4649 Rc
1328 4608 1507 4650 autem
1546 4597 1660 4664 ipsa
1696 4600 1750 4654 id
1786 4616 2037 4671 compro-

2153 4607 2324 4670 καλῶς
2355 4608 2562 4676 λέγετε·
2596 4611 2711 4680 εἰμὶ
2738 4611 2864 4680 γάρ.
2899 4632 2913 4660 ι
2955 4613 3212 4682 Ἕργῳδὲ
3239 4614 3369 4666 αὐτὸ
3398 4618 3725 4686 πιστευόμεο

471 4686 623 4746 bans,
654 4686 878 4738 remittit
908 4695 1148 4754 peccata,
1177 4695 1229 4741 et
1258 4698 1576 4755 potestatem
1607 4692 1754 4746 dedit
1783 4694 2037 4750 adversus

470 4776 691 4845 spiritus
722 4777 1044 4840 immunt'os,
1075 4777 1148 4831 ita
1180 4788 1238 4832 ut
1268 4781 1472 4847 possint
1501 4782 1700 4848 ejicere
1728 4800 1841 4851 eos,
1871 4797 1926 4841 et
1951 4803 2039 4843 sa-

473 4880 602 4919 nare
628 4879 785 4919 omne
811 4880 979 4935 genus
1011 4869 1178 4923 morbi
1210 4870 1568 4938 popularis“.
1596 4872 1785 4931 Nonne
1813 4879 1954 4931 cnim
1985 4880 2036 4933 in

471 4957 683 5010 nomine
722 4955 846 5011 Jesu
891 4959 1088 5013 Christi
1132 4958 1396 5016 Nazareni
1441 4977 1668 5020 sanatur
1706 4969 1929 5023 claudus
1970 4987 2034 5025 ex

470 5062 697 5118 utroque
737 5052 889 5118 pede,
929 5053 1120 5106 sedens
1159 5054 1223 5106 ad
1267 5067 1474 5123 portam
1515 5073 1633 5126 quae
1674 5061 1869 5116 dicitur
1907 5062 2039 5132 Spe-

469 5142 610 5193 t-iosa
635 5139 715 5193 “‘3
742 5140 814 5193 lta
846 5143 1008 5195 etiam
1041 5161 1069 5195 a
1103 5144 1357 5199 diuturno
1387 5151 1813 5221 gravissimoque
1850 5156 2038 5210 morbo

470 5231 727 5287 liberatus
758 5243 837 5286 ρει
867 5233 1086 5298 Encas,
1116 5236 1324 5291 dicente
1355 5239 1419 5292 ad
1451 5253 1572 5293 eum
1606 5243 1786 5299 divino
1817 5243 1981 5300 Paulo
2019 5263 2032 5298 :

475 5340 492 5372 ι
529 5320 722 5390 ιΕιιρο,
755 5337 913 5379 sanat
946 5335 994 5380 te
1026 5325 1183 5382 Jcsus
1215 5330 1464 5385 Christus
1480 5329 1546 5383 ⁸³.
1586 5351 1604 5382 ι

541 5499 598 5551 Β.
640 5500 710 5551 Ita
745 5513 843 5555 est.

543 5595 603 5640 Α.
644 5587 800 5644 Omni
833 5593 990 5662 igitur
1015 5610 1079 5650 cx
1110 5609 1262 5666 partc
1290 5603 1547 5671 compulsi
1578 5606 1642 5660 ad
1674 5609 1949 5665 veritatem
1979 5620 2034 5666 et

566 5795 606 5826 "
636 5793 759 5847 Luc.
794 5811 826 5856 l,
860 5797 919 5848 ‘2.

471 5865 656 5919 “Aci.
699 5880 769 5931 ις,
803 5866 891 5919 5t.

991 5799 1034 5829 ³⁵
1060 5799 1212 5857 Rom.
1247 5807 1496 5862 XIV.7-9.
1576 5810 1618 5840 ²⁹
1643 5809 1795 5868 Jnnn.
1833 5828 1866 5879 l,
1901 5813 1985 5868 i9.

2069 5818 2110 5847 3”
2137 5816 2290 5872 Jurm.
2333 5835 2449 5888 \lll,
2488 5820 2574 5873 15.

2141 4718 2249 4764 νος,
2287 4702 2469 4770 ἀνίησι
2517 4708 2613 4770 μὲν
2657 4703 2952 4772 ἁμαρτίας,
2985 4705 3235 4770 ἐξουσίαν
3273 4706 3329 4758 δὲ
3376 4705 3544 4760 ἔδωκε
3585 4709 3725 4762 κατά

2142 4793 2469 4863 πνευμάτων
2517 4793 2864 4864 ἀκαθάρτων,
2917 4795 3053 4848 ῶστε
3096 4796 3378 4850 ἐκϐάλλειν
3419 4799 3579 4862 αὐτὰ,
3630 4801 3723 4853 καὶ

2142 4885 2469 4956 θεραπεύειν
2500 4887 2678 4938 πᾶσαν
2719 4887 2870 4938 νόσον
2903 4887 2995 4940 καὶ
3029 4889 3206 4942 πᾶσαν
3246 4890 3518 4959 μαλακίαν
3553 4894 3611 4944 ἐν
3645 4892 3723 4962 τῷ

2140 4973 2275 5043 λαῷ.
2303 4970 2376 5026 Ἦ
2411 4975 2511 5027 οὐκ
2536 4976 2590 5026 ἐν
2621 4974 2844 5042 ὀνόματι
2893 4977 3064 5046 Ἰησοῦ
3100 4978 3336 5047 Χριστοῦ
3373 4981 3718 5052 Ναζωραίου,

2139 5066 2533 5132 τεθεράπευται
2585 5066 2683 5135 μὲν
2722 5067 2748 5117 ὁ
2785 5065 2864 5118 τὼ
2909 5069 3033 5121 πόδε
3069 5069 3467 5140 λελωϐημένος,
3518 5075 3614 5126 καὶ
3653 5077 3718 5145 τῇ

2137 5159 2315 5229 ὡραία
2356 5159 2700 5229 προσιζάνων
2747 5159 2934 5232 nam;
2981 5163 3290 5232 ἀρρωστίαν
3332 5163 3388 5217 δὲ
3449 5164 3546 5236 τὴν
3580 5166 3722 5219 οὕτω

2140 5248 2355 5317 μακράν
2387 5248 2736 5314 ἀπεσείσατο,
2764 5249 2859 5300 καὶ
2903 5251 3095 5320 κομιδῇ
3126 5251 3514 5320 δυσδιάφυκτον
3538 5254 3723 5326 διέδρα

2136 5339 2289 5391 νόσον
2345 5339 2561 5402 Αἰνέας,
2623 5339 2757 5411 πρὸς
2803 5341 2861 5391 ὃν
2916 5344 2944 5394 ὁ
2989 5341 3272 5408 θεσπέσιος
3322 5344 3426 5417 ἔφη
3485 5348 3719 5413 Παῦλος·

2141 5448 2158 5480 ι
2184 5431 2367 5494 Αἰνέα,
2395 5433 2536 5484 ἰᾶταὶ
2565 5450 2622 5485 σε
2660 5433 2869 5504 Ἰησοῦς
2891 5437 2918 5488 ὁ
2943 5435 3196 5506 Χριστός.
3239 5457 3256 5488 ι

2213 5523 2271 5574 Β.
2313 5522 2554 5592 Ἀληθές.

2213 5617 2275 5668 Α.
2319 5616 2660 5687 Πανταχόθεν
2698 5613 2789 5670 οὖν
2835 5617 2942 5690 ἄρα
2989 5619 3384 5692 συνωθούμενοι
3413 5625 3550 5695 πρὸς
3590 5626 3727 5697 inf}.-

2656 5823 2696 5853 ει
2724 5821 2913 5878 Nam“
2949 5839 3002 5889 χ,
3031 5823 3082 5878 8,
3162 5826 3204 5856 ³³⁸
3229 5827 3348 5881 Art.
3381 5844 3462 5894 ιιι,
3497 5829 3530 5882 ‘2
3563 5845 3717 5901 seqq.
