4006 6442
228 457 373 512 1255

1369 449 1557 519 QUOD
1601 448 1789 507 UNUS
1829 445 1939 502 Sl‘l‘
1978 444 2353 500 CHRISTUS.

3370 434 3504 493 {934

227 576 405 638 Οειαν,
444 575 538 627 καὶ
569 573 629 625 τὸ
671 574 778 633 τοῖς
820 571 983 641 ἱεροῖς
1019 569 1313 642 Γραμμασι
1350 568 1542 623 δοκοῦν
1589 570 1810 639 ῑχνηλα-

1926 579 2193 620 sacrarum
2234 562 2643 631 Scripturarum
2679 554 2989 613 auctoritati
3026 551 3379 623 acquiescere
3412 565 3506 605 vo-

224 668 344 718 τείν
386 660 443 717 εὖ
496 662 643 730 μάλα
682 660 1097 727 σπουδάζοντες,
1134 660 1228 714 καὶ
1268 662 1390 723 ταῖς
1434 659 1542 713 τῶν
1590 659 1815 729 πατρῶν

226 758 491 826 ἑπόμενοι
529 756 730 817 δόξαις,
757 754 847 805 τὸν
871 755 936 807 ἐκ
960 751 1115 824 ῥίζης
1158 753 1378 817 Ἰεσσαὶ,
1418 752 1508 805 τὸν
1547 753 1612 805 ὲκ
1643 752 1815 822 σπέρ-

230 866 405 919 ματος
434 845 620 907 Δαϐὶδ,
647 844 741 897 τὸν
770 847 834 897 ὲκ
871 844 1127 911 γυναικὸς
1163 842 1305 895 κατά
1339 841 1538 911 σάρκα,
1572 841 1664 894 τὸν
1697 841 1815 911 μεθ’

225 914 391 1010 ζἡμῶν
420 938 525 990 ὑπὸ
562 936 728 1005 νόμον
766 935 842 998 ὡς
869 935 1176 1005 ἄνθρωπον,
1213 934 1307 986 καὶ
1339 934 1479 1003 ὑπὲρ
1507 934 1653 1003 ημᾶς
1676 932 1817 1002 ὑπὲρ
1844 914 1853 923 ’

228 1032 396 1100 νόμον
425 1029 500 1090 ὡς
527 1027 679 1091 Θεὸν,
725 1027 817 1080 τὸν
840 1025 907 1078 δι’
955 1026 1103 1095 ἡμᾶς
1155 1043 1212 1078 τε
1258 1026 1352 1079 καὶ
1385 1025 1518 1095 μεθ’
1568 1025 1727 1095 ήμῶν
1760 1028 1817 1077 ὲν

229 1121 465 1190 νεκροῖς,
492 1118 584 1170 τὸν
613 1116 754 1187 ὑπὲρ
773 1113 999 1185 ἡμᾶςδι’
1023 1113 1214 1167 ἑαυτὸν
1240 1113 1502 1177 ζωοποιὸν
1524 1114 1619 1166 καὶ
1649 1112 1803 1182 ζωὴιιι

228 1211 361 1263 Υῑὸν
396 1204 537 1262 εἶναι
566 1207 662 1261 τοῦ
689 1206 823 1260 Θεοῦ
855 1204 999 1258 κατὰ
1029 1205 1289 1276 ἀλήθειαν
1318 1205 1668 1275 πιστεύομεν,
1694 1202 1814 1257 οὔτε

227 1301 516 1372 ψιλοῦντες
549 1300 801 1369 θεότητος
825 1297 885 1351 τὸ
913 1296 1279 1369 ἀνθρώπινον,
1307 1296 1431 1351 οὕτε
1462 1299 1568 1368 μὴν
1602 1296 1817 1367 ἀνθρω-

229 1391 467 1459 πότητος
497 1386 971 1456 ἀπαμφιεννύντες
1002 1387 1095 1439 τὸν
1119 1388 1293 1456 Λόγον
1338 1387 1475 1458 μετὰ
1507 1387 1606 1458 τὴν
1642 1387 1820 1455 ἄφρα-

230 1498 361 1535 στον
390 1477 731 1549 συμπλοκὴν,
758 1478 873 1533 ἀλλ’
901 1479 998 1531 ἕνα
1023 1478 1228 1532 καὶτὸν
1247 1479 1408 1532 αὑτὸν
1427 1478 1818 1549 ὁμολογοῦντες

232 1575 384 1639 Υῑδν,
417 1574 481 1625 ὲκ
507 1572 655 1624 δυοῖν
708 1569 1079 1641 πραγμάτοιν,
1114 1572 1195 1633 εἰς
1236 1571 1295 1623 ἓν
1330 1588 1382 1623 τι
1420 1572 1482 1624 τὸ
1518 1570 1581 1635 se
1614 1571 1818 1641 ἀμφοῖν

231 1665 565 1736 ὰπορῥήτως
624 1662 987 1732 ὲκπεφηνότα,
1038 1661 1161 1716 καθ’
1210 1662 1402 1717 ἕνωσιν
1444 1662 1686 1733 δηλονότι
1718 1661 1819 1733 τὴν

232 1752 530 1815 ἀνωτάτω,
580 1751 676 1805 καὶ
720 1753 782 1804 οὐ
828 1751 1042 1820 φύσεως
1082 1754 1462 1826 παρατροπήν.
1503 1753 1667 1807 Ὅσον
1710 1752 1818 1823 γὰρ

231 1842 378 1895 οὕτω
412 1839 695 1906 δοξάζουσι
719 1841 1004 1911 περιέσται
1032 1840 1093 1893 τὸ
1117 1841 1326 1913 κέρδος,
1362 1845 1617 1914 σαφηνιεῖ
1643 1841 1819 1911 λέγων

232 1932 262 1983 ὁ
284 1928 522 2001 Χριστοῦ
566 1928 837 1999 μαθητής·
874 1948 892 1979 ι
918 1930 1015 1993 Ὃς
1046 1929 1112 1983 ἂν
1144 1930 1476 2003 ὁμολογήσῃ,
1495 1933 1578 1985 ὅτι
1609 1930 1818 2002 Ἰησοῦς

233 2024 386 2074 ἔστιν
414 2022 443 2073 ὁ
491 2019 615 2076 Υἱὸς
647 2018 738 2072 τοῦ
769 2018 928 2085 Θεοῦ,
979 2021 1008 2072 ό
1056 2019 1190 2083 Θεὸς
1223 2022 1280 2073 ἑν
1323 2022 1475 2091 αὑτῷ
1512 2024 1683 2093 μένει,
1722 2021 1817 2077 καὶ⁵

233 2111 402 2174 αὐτὸς
443 2113 500 2163 ἐν
538 2109 617 2180 τῷ
653 2108 791 2180 Θεῷ.
822 2133 841 2162 ι
894 2112 1017 2165 Ὅτι
1059 2110 1116 2163 δὲ
1163 2111 1368 2182 Ἰησοῦς
1395 2113 1629 2183 Χριστὸς
1672 2116 1700 2167 ό
1751 2116 1817 2168 ὲκ

234 2202 404 2255 Δαῦὶδ
431 2203 572 2255 κατά
605 2202 806 2273 σάρκα,
838 2202 981 2256 κατὰ
1014 2192 1174 2271 φύσιν
1200 2204 1293 2257 καὶ
1314 2204 1531 2273 ἀληθῶς
1551 2205 1677 2269 Υἱός
1701 2207 1818 2260 ἐστι

235 2293 332 2348 τοῦ
363 2292 521 2356 Θεοῦ,
546 2291 678 2346 καθὸ
698 2293 893 2361 γέγονε
927 2292 1064 2365 σὰρξ
1113 2296 1143 2346 ό
1166 2294 1356 2361 Λόγος,
1388 2296 1482 2348 καὶ
1510 2297 1819 2367 ἐσκήνωσεν

238 2389 297 2441 tv
344 2388 515 2456 ημῖν,
581 2388 983 2456 κατασφραγιεῑ
1025 2385 1199 2453 λέγων
1243 2388 1271 2438 ό
1322 2388 1482 2456 σοφὸς
1547 2389 1822 2460 Ἰωάννηςο

245 2498 264 2529 ι
290 2477 402 2530 Καὶ
437 2475 658 2547 οἴδαμεν
691 2477 772 2529 ὅτι
806 2478 835 2529 ό
871 2477 998 2540 Υἱὸς
1033 2477 1123 2530 τοῦ
1157 2477 1294 2532 Θεοῦ
1323 2481 1469 2549 ἥκει,
1497 2482 1591 2533 καὶ
1626 2482 1827 2535 ἔδωκεν

238 2570 377 2638 ἡμῖν
416 2565 675 2629 διάνοιαν,
712 2565 798 2617 ἵνα
842 2565 1203 2635 γινώσκωμεν
1244 2567 1335 2619 τὸν
1373 2568 1627 2638 ἀληθινὸν
1672 2569 1825 2633 Θεὸν,

240 2658 339 2710 καὶ
373 2654 541 2725 ἐσμὲν
571 2655 629 2707 ὲν
673 2654 750 2725 τῷ
782 2654 1044 2725 ἀληθινῷ,
1092 2656 1149 2707 ὲν
1186 2654 1262 2724 τῷ
1294 2654 1408 2725 ΥΞῷ
1441 2654 1605 2709 αὑτοῦ
1648 2655 1823 2727 Ἰησοῦ

240 2744 485 2818 Χριστῷ.
513 2740 682 2809 οὗτός
730 2746 878 2798 ἐστιν
905 2748 933 2799 ό
959 2744 1211 2815 ἀληθινὸς
1241 2745 1373 2809 Θεὸς
1412 2746 1505 2799 καὶ
1535 2744 1648 2816 ζωὴ
1694 2746 1824 2799 αἰώ-

240 2852 376 2900 νιος,
406 2854 426 2888 ι
462 2837 553 2889 καὶ
584 2836 651 2889 δι’
687 2835 853 2889 αὑτοῦ
882 2853 965 2901 τε,
1009 2837 1102 2889 καὶ
1134 2837 1230 2889 σὺν
1260 2836 1427 2905 αὐτῷ,
1464 2834 1541 2905 τῷ
1575 2835 1695 2906 Θεῷ
1731 2836 1827 2889 sui.

242 2927 422 2997 Πατρὶ
460 2928 491 2997 ἡ
526 2926 652 2988 δόξα
697 2927 795 2979 σὺν
839 2926 979 2997 ἁγίῳ
1022 2926 1321 2996 Πνεύματι,
1353 2928 1432 2989 εις
1461 2926 1588 2988 τοὺς
1625 2924 1827 2989 αἰῶνας

237 3019 353 3070 τῶν
388 3016 620 3071 αἰώνων.
674 3017 864 3088 Ἀμήν.

312 3154 362 3185 ³⁸
386 3153 405 3209 l
428 3154 582 3210 Joan.
616 3168 689 3220 tv,
718 3154 803 3211 l5.
881 3153 1100 3210 "Joan.
1135 3172 1171 3221 1,
1208 3154 1297 3210 ﬂ.
1372 3155 1418 3188 ”
1440 3154 1459 3210 l
1485 3153 1642 3211 Joan.
1667 3169 1725 3221 τ,
1756 3154 1847 3210 20.

1916 656 2119 720 lentes,
2157 664 2212 709 et
2243 654 2464 707 Patrum
2506 651 2829 706 sententiam
2869 655 3193 716 sequentes,
3232 642 3509 698 credimus

1912 761 2039 803 eum
2072 746 2165 813 qui
2195 760 2261 799 ex
2296 744 2478 799 radice
2505 741 2697 806 Jessas,
2729 738 2817 811 qui
2851 753 2917 794 ex
2949 736 3156 793 semine
3186 733 3377 796 David,
3408 732 3504 802 qui

1917 854 1981 893 ex
2024 838 2243 908 Virgine
2288 836 2586 892 secundum
2634 846 2889 895 carnem,
2938 830 3030 900 qui
3075 828 3358 883 nobiscum
3407 823 3509 881 sub

1919 928 2035 999 lege
2076 937 2159 983 est
2199 937 2257 980 ut
2303 928 2483 990 homo,
2525 934 2581 980 et
2624 939 2786 993 supra
2834 936 2950 983 nos,
2996 931 3158 991 supra
3210 918 3407 987 legem,
3450 925 3511 970 ut

1919 1020 2085 1084 Deus,
2116 1020 2206 1088 qui
2239 1028 2461 1089 pr0pter
2489 1031 2586 1072 nos
2618 1014 2897 1071 nobiscum
2927 1020 3012 1067 est
3048 1012 3193 1065 inter
3224 1017 3507 1073 mortuos;

1917 1112 2007 1182 qui
2038 1126 2199 1180 supra
2232 1124 2327 1164 nos
2355 1123 2452 1180 per
2475 1109 2711 1178 seipsum
2741 1114 2826 1162 est
2850 1103 3132 1158 vivilicans
3161 1109 3215 1155 et
3240 1100 3386 1167 vita;
3422 1112 3511 1155 re-

1919 1219 2046 1259 vera
2087 1217 2209 1259 esse
2251 1202 2446 1256 Filium
2490 1201 2605 1256 Dei.
2642 1196 2827 1267 Neque
2869 1193 3263 1248 humanitatem
3310 1189 3504 1245 divini-

1922 1304 2031 1349 tate
2076 1294 2363 1356 nudantes,
2408 1305 2584 1361 neque
2627 1302 2815 1343 rursus
2856 1293 3120 1340 ementes
3164 1282 3512 1339 humanitate

1920 1384 2181 1449 Verbum,
2216 1395 2338 1452 post
2368 1381 2512 1442 illam
2546 1378 2871 1435 ineﬂabilem
2904 1376 3178 1448 copulam,
3214 1374 3307 1430 sed
3340 1390 3509 1430 unum

1919 1486 2079 1545 atque
2106 1479 2354 1529 eumdem
2388 1472 2703 1542 proﬁtentes
2731 1484 2855 1526 esse
2892 1468 3111 1531 Filium,
3146 1466 3237 1536 qui
3270 1481 3339 1521 ex
3376 1465 3515 1521 dua-

1919 1568 2021 1623 bus
2059 1565 2221 1621 rebus
2265 1566 2317 1619 in
2361 1580 2527 1619 unum
2573 1562 2701 1633 quid
2746 1575 2815 1617 ex
2859 1558 3125 1614 ambobus
3165 1555 3515 1612 inellabiliter

1919 1657 2253 1731 apparuerit,
2292 1655 2589 1712 secundum
2629 1653 2881 1709 unionem
2922 1649 3179 1706 nimirum
3219 1662 3512 1710 summam.

1920 1764 2028 1806 non
2056 1756 2236 1804 autem
2262 1746 2562 1803 secundum
2587 1752 2798 1802 natura:
2825 1742 3210 1798 mutationem.
3232 1737 3510 1806 Quantum

1919 1842 2065 1898 enim
2110 1841 2202 1910 qui
2248 1840 2323 1896 ita
2367 1839 2613 1895 sentiunt
2655 1835 2992 1893 Iucrilacturi
3036 1833 3176 1897 sint,
3218 1829 3513 1887 manifeste

1850 1909 1893 1966 Β
1921 1909 2161 1987 declarat
2192 1928 2398 1985 Christi
2432 1926 2729 1996 discipulus
2760 1925 2949 1980 dicens
2980 1942 2994 1976 :
3030 1942 3048 1972 ι
3082 1920 3345 1989 Quisquis
3374 1935 3512 1976 con—

1924 2023 2102 2080 lessus
2135 2020 2296 2078 fuerit
2328 2022 2584 2093 quoniam
2614 2017 2773 2075 Jesus
2804 2026 2889 2072 est
2919 2015 3089 2072 Filius
3126 2015 3248 2079 Dei;
3291 2012 3516 2068 Deus-in

1924 2130 1990 2172 eo
2030 2123 2255 2178 manet,
2299 2122 2356 2168 et
2400 2113 2515 2183 ipse
2560 2112 2614 2167 in
2662 2110 2864 2168 Deo“.
2919 2129 2939 2163 ι
2990 2107 3146 2177 Quod
3191 2121 3318 2163 vero
3359 2106 3519 2162 Jesus

1925 2207 2179 2262 Christus
2203 2206 2293 2274 qui
2326 2214 2409 2261 est
2436 2220 2501 2259 ex
2533 2204 2700 2259 David
2731 2202 3028 2270 secundum
3053 2215 3298 2264 carnem,
3326 2199 3394 2254 sit
3424 2214 3518 2253 na-

1930 2296 2177 2351 turaliter
2206 2310 2269 2349 ac
2297 2310 2424 2350 vere
2458 2294 2630 2351 Filius
2665 2294 2783 2360 Dei,
2818 2304 3086 2365 quatenus
3114 2291 3348 2346 Verbum
3389 2305 3520 2346 caro

1928 2388 2128 2442 factum
2166 2395 2280 2448 est,
2318 2396 2373 2439 et
2413 2385 2678 2440 habitavit
2719 2385 2772 2439 in
2818 2383 2973 2439 nobis
2996 2384 3063 2448 ⁸⁵,
3102 2382 3387 2438 conﬁrmat
3431 2396 3520 2437 sa-

1925 2478 2079 2547 piens
2122 2476 2212 2531 ille
2258 2474 2495 2530 Joannes
2538 2476 2728 2530 dicens
2768 2492 2781 2527 :
2833 2491 2850 2525 ι
2906 2473 2969 2526 Et
3013 2473 3221 2527 scimus
3260 2472 3519 2542 quoniam

1937 2567 2105 2622 Filius
2134 2566 2223 2621 Dei
2253 2566 2427 2629 venit,
2452 2575 2508 2620 et
2532 2565 2680 2619 dedit
2709 2563 2865 2620 nobis
2892 2578 3115 2619 sensum
3143 2576 3202 2617 ut
3228 2576 3522 2633 cognosca-

1932 2674 2052 2714 mus
2103 2673 2289 2712 verum
2347 2656 2516 2711 Deum
2543 2697 2559 2725 ,
2610 2666 2665 2709 et
2706 2655 2881 2711 simus
2925 2657 2978 2710 in
3033 2669 3159 2708 vero
3200 2653 3320 2722 ejus
3363 2651 3519 2706 Filio.

1933 2747 2097 2821 714
2123 2747 2220 2803 llic
2246 2758 2328 2803 est
2356 2762 2515 2802 verus
2545 2746 2706 2812 Deus,
2732 2755 2788 2801 et
2816 2748 2922 2800 vita
2950 2754 3153 2801 mterna
3174 2744 3253 2807 ³⁶;
3293 2762 3310 2795 ι
3344 2752 3397 2798 ct
3429 2758 3523 2811 per

1931 2840 2139 2909 ipsum,
2170 2849 2225 2893 et
2257 2853 2378 2893 cum
2415 2838 2530 2907 ipso
2564 2838 2673 2892 Deo
2703 2852 2766 2892 ac
2795 2835 2944 2891 Patri
2977 2836 3145 2906 gloria
3178 2851 3300 2889 cum
3335 2842 3524 2888 sancto

1934 2928 2159 3001 Spiritu,
2195 2930 2247 2984 in
2283 2930 2477 2985 swcula
2512 2929 2855 2985 saculorum.
2885 2930 3076 2983 Amen.

1440 3508 1740 3625 ΤΟΥ
1822 3507 2314 3623 ΑΥΤΟΥ

960 3759 1255 3896 ΟΤΙ
1354 3764 1615 3889 ΕΙΣ
1703 3761 1820 3893 Ο
1916 3760 2648 3894 ΧΡΙΣΤΟΣ
2721 3758 2800 3881 ⁸.

1558 4171 1706 4284 EJ
1722 4170 2194 4286 USDEM

1036 4403 1367 4511 QUOD
1448 4408 1761 4498 UNUS
1832 4408 2023 4498 SIT
2098 4410 2724 4501 CHRISTUS.

324 4742 391 4794 Δ.
432 4740 788 4811 Μαθημάτων
829 4740 932 4812 μὲν
967 4740 1079 4795 τῶν
1104 4742 1268 4813 ἱερῶν
1303 4745 1466 4817 κόρος
1517 4747 1583 4800 ἂν
1625 4748 1823 4817 γένοιτο

2010 4751 2300 4808 Sacrarnm
2360 4753 2767 4821 disciplinarum
2828 4762 2991 4823 atque
3049 4751 3313 4807 doctrina:
3375 4751 3519 4806 nulla

243 4831 528 4895 παντελῶς
573 4832 747 4896 οὐδεὶς
798 4835 911 4897 τοῖς
964 4852 1028 4902 γε
1078 4836 1292 4907 άληθῶς
1355 4840 1679 4911 ἀρτίφροσι,
1738 4845 1830 4898 καὶ

244 4923 449 4993 γνῶσιν
482 4925 561 4986 εἰς
586 4923 712 4978 νοῦν
738 4925 837 4995 τὴν
865 4924 1128 4989 ζωοτοοιδν
1155 4932 1600 5003 συνεγηγερκόσι.
1626 4934 1831 5004 Γέγρα-

249 5033 383 5069 πται
405 5014 535 5084 γάρο
582 5034 600 5065 ι
631 5016 753 5069 Ὅτι
775 5016 875 5070 οὐκ
896 5018 982 5070 ἐπ’
1014 5019 1164 5089 ἄρτῳ
1192 5021 1337 5091 μόνῳ
1367 5022 1591 5091 ζήσεται
1623 5025 1835 5096 ἄνθρω-

250 5125 375 5171 πος,
415 5107 534 5161 ἀλλ’
565 5108 658 5161 ἐπὶ
714 5110 876 5161 παντὶ
906 5111 1113 5181 ῥήματι
1138 5112 1557 5183 ἐκπορευομένῳ
1594 5114 1680 5168 διὰ
1712 5115 1834 5169 στό-

250 5213 425 5268 ματος
450 5194 607 5249 Θεοῦ.
639 5216 656 5247 ι
691 5196 877 5266 Τροφὴ
905 5199 1015 5268 γὰρ
1042 5198 1158 5265 νοῦ,
1198 5202 1225 5253 ό
1250 5201 1406 5269 λόγος
1439 5204 1467 5255 ό
1497 5204 1649 5274 παρὰ
1676 5204 1833 5268 Θεοῦ,

247 5284 346 5338 καὶ
371 5283 535 5353 ἄρτος
559 5287 947 5356 πνευματικὸς,
978 5289 1247 5357 στηρίζων
1268 5290 1554 5363 ἀνθρώπου
1584 5294 1831 5365 καρδίαν,

245 5372 392 5427 κατὰ
420 5372 482 5425 τὸ
508 5375 566 5427 ὲν
595 5374 761 5446 βίϐλῳ
795 5376 1039 5447 Ψαλμῶν
1080 5380 1433 5450 ὑμνούμενον.

319 5465 381 5519 Β.
418 5459 490 5519 Εὖ
519 5466 721 5533 λέγεις.

322 5557 387 5608 Α.
440 5555 707 5628 Ἐλλήνων
733 5561 831 5628 μὲν
878 5558 970 5615 οὖν
1000 5566 1047 5615 oi
1074 5564 1225 5632 σοφοὶ
1254 5566 1347 5617 καὶ
1389 5566 1607 5634 λογάδες
1635 5569 1827 5621 τεθαυο

342 5714 381 5744 ³⁷
412 5714 598 5769 Matth.
626 5732 697 5782 tv,
723 5716 775 5771 4.
861 5719 904 5750 ³⁸
930 5717 1069 5773 Psal.
1105 5734 1222 5783 cm,
1260 5722 1345 5776 l5.

1938 4844 2096 4915 plane
2125 4854 2207 4899 est
2238 4844 2497 4910 satietas,
2534 4846 2599 4899 iis
2632 4845 2723 4915 qui
2762 4859 2952 4899 revera
2987 4853 3137 4899 recte
3167 4845 3440 4906 sentiunt,
3471 4853 3528 4898 ct

1939 4935 2301 4989 viviﬁcantem
2350 4936 2596 4990 notitiam
2648 4947 2830 4990 mente
2883 4937 3202 4991 hauserunt.
3250 4934 3525 5003 Scriptum

1941 5034 2024 5078 cst
2053 5027 2198 5080 enim
2232 5045 2244 5079 :
2282 5046 2301 5078 ‹
2338 5027 2471 5093 Quia
2508 5044 2611 5083 non
2650 5030 2698 5080 in
2733 5027 2849 5080 solo
2879 5042 3016 5097 pane
3049 5027 3191 5079 vivet
3225 5026 3407 5091 homo,
3436 5026 3529 5081 sed

1941 5114 1994 5168 in
2026 5116 2170 5169 omni
2204 5118 2369 5171 verbo
2401 5118 2542 5185 quod
2577 5118 2817 5186 procedit
2849 5132 2911 5170 ex
2942 5132 3037 5171 ore
3076 5117 3164 5170 Dei
3191 5116 3254 5169 ³⁷.
3296 5135 3314 5168 1
3345 5114 3532 5170 Nutri-

1941 5217 2181 5261 mentutn
2212 5210 2355 5262 enim
2390 5210 2587 5263 mentis
2618 5219 2697 5261 εει
2732 5208 2955 5262 verbum
2994 5209 3110 5272 Dei,
3142 5219 3195 5263 et
3228 5209 3384 5276 panis
3417 5207 3529 5277 spi.

1941 5299 2154 5354 ritualis
2179 5298 2514 5354 conﬁrmans
2539 5315 2604 5354 ac
2634 5302 2900 5353 roborans
2926 5314 3020 5353 cor
3043 5299 3312 5363 hominis;
3341 5313 3533 5368 quem-

1938 5391 2229 5447 admodum
2262 5394 2311 5447 in
2340 5392 2575 5449 Psalmis
2605 5394 2907 5449 canitur“.

2014 5481 2072 5536 Β.
2117 5481 2282 5538 Recte
2315 5485 2413 5538 ais.

2011 5573 2074 5626 Α.
2118 5570 2411 5627 Gentilium
2464 5572 2680 5642 quidem
2733 5580 3006 5643 sapientes
3058 5578 3394 5625 venustatem
3452 5569 3530 5624 dl-

330 5896 343 5913 '
382 5895 629 5971 Dialogus
663 5899 747 5954 hic
787 5901 835 5955 in
861 5902 1096 5959 editione
1124 5903 1350 5959 Anbcrti
1390 5921 1671 5969 perperam
1703 5916 2019 5963 muneratur
2047 5922 2218 5965 nonus
2247 5924 2310 5961 cx
2343 5907 2430 5962 his
2466 5909 2553 5977 qui
2590 5924 2708 5963 cum
2736 5906 2951 5962 llcrmia
2988 5907 3158 5963 habiti
3193 5917 3335 5963 sunt.
3366 5904 3521 5960 Enn.
