4006 6524
466 432 606 489 ηδε

1450 427 1508 485 S.
1549 424 1822 483 CYRlLLl
1860 418 2325 479 ALEXANDBINI
2363 416 2685 477 ARCHIEP.

3582 413 3729 468 Ιὲΰϐ

464 545 619 603 condi
647 538 890 598 admirati
917 540 1133 597 fuerunt
1148 583 1162 604 .
1189 540 1658 613 eloquentiamque
1681 556 1892 595 summo
1915 547 2023 593 stu-

2157 538 2344 591 ιάκασι
2384 536 2445 589 τὸ
2492 530 2801 597 κώλιέπές,
2863 530 2957 585 καὶ
2994 532 3101 585 τῶν
3142 532 3224 586 ὅτι
3280 527 3516 600 μάλιστα
3589 544 3727 579 κατ-

462 638 553 693 dio
579 633 848 697 aﬁectant,
871 642 927 688 et
952 632 1133 687 subtili
1166 633 1449 687 verborum
1478 640 1671 686 ornatu
1700 629 2023 702 gloriantur,

462 726 831 793 orationisque
862 738 1053 793 pompa
1083 739 1145 777 ac
1177 724 1315 778 l‘astu
1347 723 1705 778 delectantur.
1737 724 1813 775 Ac
1842 728 2023 789 poeta-

2131 626 2587 696 εσπουδασμενων
2619 624 2748 694 παρ’
2770 621 2954 688 αὐτοῖς
2995 625 3111 676 ἐστι
3157 620 3218 675 τὸ
3247 620 3593 689 ἀλληγορεῖν,
3625 617 3731 669 καὶ

2128 720 2315 788 ψιλαῖς
2358 717 2620 789 ῥημάτων
2662 713 2961 784 ἐπαυχοῦσι
3014 712 3323 783 κομψείαις,
3367 710 3462 763 καὶ
3510 708 3592 780 τῷ
3622 708 3731 776 τῆς

462 833 580 872 rum
611 815 825 884 quidem
858 817 1110 869 materies
1140 827 1225 869 est
1258 814 1618 877 mendacium,
1646 813 1729 866 cui
1766 811 2028 881 rhythmis

2157 809 2331 877 ,ἐξεως
2358 806 2749 877 ἐναϐρύνονται
2776 805 2993 875 κόμπῳ.
3050 804 3161 857 Καὶ
3183 800 3281 873 ὕλη
3317 802 3412 871 μέν
3441 802 3731 870 ποιηταῖς,

462 908 572 962 suis
606 921 668 960 ac
704 908 943 960 numeris
976 909 1201 975 gratiam
1238 916 1291 960 et
1322 915 1652 958 venustatem
1687 903 1905 955 addunt.
1927 899 2033 955 Ve-

464 996 645 1050 ritatis
682 1005 861 1049 autem
894 1010 1150 1065 perquam
1179 996 1369 1064 exigua
1403 994 1469 1047 ab
1499 993 1578 1046 eis
1613 992 1749 1045 ratio
1782 991 2030 1054 habetur,

463 1101 592 1153 qum
638 1095 815 1155 potius
856 1100 1063 1140 summa
1100 1085 1346 1140 laborant
1381 1083 1558 1153 inopia
1595 1097 1738 1136 vera:
1778 1080 2034 1149 utilisque

465 1181 768 1239 sententiae,
798 1176 864 1229 de
897 1176 1026 1235 Deo.
1060 1176 1301 1245 inquam,
1337 1174 1663 1228 naturaliter
1690 1187 1754 1228 ac
1780 1182 1909 1227 vere
1937 1180 2035 1226 ex-

466 1268 708 1331 sistente,
737 1275 793 1320 et
826 1276 884 1320 ut
914 1264 1117 1321 Paulus
1153 1266 1326 1334 inquit
1362 1283 1376 1319 :
1413 1283 1433 1317 ‹
1475 1263 1825 1319 Evannerunt
1858 1262 1912 1316 in
1946 1276 2039 1317 co-

467 1358 812 1428 gitationibus
855 1357 998 1421 suis,
1036 1364 1092 1411 et
1129 1357 1476 1411 obscuratum
1519 1364 1603 1409 est
1643 1354 1907 1423 insipiens
1944 1366 2041 1406 cor

467 1463 673 1504 eorum.
708 1449 956 1504 Dicentes
985 1451 1130 1503 enim
1162 1464 1220 1504 se
1250 1464 1371 1503 esse
1400 1450 1696 1517 sapientes,
1727 1447 1875 1501 stulti
1911 1439 2037 1499 facti

468 1550 627 1603 sunt,
661 1548 711 1596 et
748 1548 1093 1595 mutaverunt
1131 1538 1357 1609 gloriam
1393 1537 1820 1605 incorruptibilis
1856 1534 1949 1588 Dei
1988 1536 2039 1589 in

470 1628 872 1686 similitudinem
902 1630 1152 1699 lanuginis
1180 1627 1549 1697 corruptibilis
1580 1626 1837 1689 hominis,
1865 1632 1920 1679 et
1950 1638 2043 1677 vo-

471 1720 699 1781 lucrum.
729 1728 783 1773 et
813 1718 1243 1788 quadrupedum,
1274 1726 1327 1772 et
1358 1717 1693 1787 serpentium
1716 1716 1782 1769 “.
1826 1734 1844 1766 ι

546 1933 609 1989 Β.
649 1933 723 1989 Ita
755 1943 860 1990 est.

540 2067 604 2124 Α.
651 2066 723 2120 De
750 2066 815 2119 iis
842 2065 1020 2133 itaque
1048 2080 1145 2135 per
1162 2082 1347 2123 vocem
1374 2067 1523 2124 Isaia
1554 2069 1692 2125 Deus
1721 2071 1793 2124 ita
1825 2071 1999 2139 inquit
2026 2088 2040 2125 :

476 2162 676 2216 Scitote
703 2161 825 2230 quia
850 2149 989 2214 cinis
1012 2169 1093 2215 est
1116 2177 1210 2215 cor
1230 2176 1437 2228 eorum,
1460 2172 1510 2217 et
1536 2173 1739 2217 errant.
1764 2162 1925 2234 715
1947 2165 2044 2219 Δια

473 2268 577 2321 que
610 2252 660 2304 hi
698 2252 909 2318 quidem
946 2251 1015 2303 ita
1052 2250 1226 2304 allecti
1269 2262 1412 2305 sunt.
1451 2251 1550 2319 Qui
1587 2267 1716 2307 vero
1755 2254 2041 2323 impiarum

474 2343 760 2397 haeresium
803 2350 1053 2397 auctores
1087 2343 1445 2406 exstiterunt,
1484 2344 1677 2414 impuri
1714 2354 1876 2414 atque
1915 2361 2044 2415 apo-

475 2443 667 2495 statae,
718 2431 918 2500 quique
972 2432 1233 2485 adversus
1282 2433 1515 2485 divinam
1570 2433 1794 2503 gloriam
1847 2434 2045 2489 buccas

476 2541 605 2580 snas
648 2525 905 2590 dilatant,
951 2538 1205 2595 perversa
1262 2526 1577 2597 nefariaque
1630 2526 1946 2597 loquentes,
1990 2526 2043 2581 in

478 2618 645 2672 nihilo
673 2618 958 2683 minorem,
988 2622 1097 2673 imo
1126 2618 1383 2687 majorem
1414 2634 1570 2687 quam
1603 2618 1852 2688 gentiles,
1880 2619 2048 2689 impe-

480 2706 658 2761 ritiam
690 2707 923 2776 prolapsi
975 2722 1091 2761 esse
1140 2721 1452 2763 cernuntur.
1501 2707 1683 2779 Longe
1710 2711 1851 2763 enim
1880 2712 2047 2765 satius

478 2797 667 2853 fuisset
699 2812 794 2853 eos
820 2799 961 2852 viam
993 2799 1238 2854 veritatis
1270 2816 1372 2855 non
1402 2803 1721 2871 cognovisse
1742 2843 1757 2869 ,
1788 2819 1949 2871 quam
1984 2820 2045 2858 ea

479 2890 726 2959 cognita,
774 2899 1069 2945 retrorsum
1124 2891 1409 2948 deﬂectere
1462 2909 1490 2945 a
1545 2904 1733 2947 sancto
1783 2904 2048 2964 prmcepto

480 2983 625 3049 quod
660 2982 790 3050 ipsis
820 2984 999 3036 datum
1032 2992 1137 3038 est.
1160 2983 1373 3038 Accidit
1403 2986 1546 3038 enim
1582 2985 1686 3039 illis
1711 2985 1862 3051 juxta
1890 2988 2052 3040 veris-

480 3073 677 3126 simum
712 3075 1052 3140 proverbium
1089 3090 1103 3126 :
1141 3092 1160 3125 ι
1196 3074 1363 3128 Canis
1398 3090 1646 3130 reversus
1678 3078 1743 3130 ad
1778 3092 1931 3131 suum
1964 3092 2049 3131 vo-

484 3164 696 3229 mitum,
728 3173 782 3217 et
803 3178 894 3219 sus
940 3164 1044 3218 leta
1069 3164 1120 3218 in
1141 3165 1482 3221 volutabrum
1507 3167 1646 3222 omni
1673 3168 1909 3222 revoluta
1928 3167 1992 3221 ⁸⁸.
2026 3186 2043 3218 ι

2065 1866 2111 1923 Β

2132 899 2193 952 τὸ
2222 897 2437 968 ψεῦδος,
2465 896 2695 967 ῥυθμοῖς
2724 896 2819 949 καὶ
2850 894 3067 964 μέτροις
3097 894 3177 954 είς
3204 892 3266 944 τὸ
3286 890 3511 962 ἐπίχαρί
3538 906 3601 941 τε
3629 890 3734 942 καὶ

2134 989 2369 1059 ἐμμελὲς
2419 976 2893 1059 ἐκτετορευμένον,
2957 982 3111 1054 ὀλίγη
3171 982 3230 1037 δὲ
3282 980 3581 1044 παντελῶς
3623 980 3735 1051 τῆς

2137 1080 2394 1150 ἀληθείας
2418 1080 2658 1151 φροντὶς,
2686 1077 3073 1149 ὴρῤωστήκασι
3096 1074 3157 1128 δέ
3183 1073 3278 1128 καὶ
3322 1068 3522 1129 σπάνιν
3547 1072 3733 1142 ὀρθῆς

2138 1172 2233 1226 καὶ
2277 1171 2601 1241 ὀνησιφόρου
2650 1169 2827 1239 δόξης,
2879 1166 2977 1237 τῆς
3021 1165 3114 1221 ἐπί
3147 1181 3234 1234 γε,
3278 1163 3443 1234 φημὶ,
3472 1163 3554 1233 τῷ
3579 1161 3739 1216 κατὰ

2140 1260 2300 1333 φῦσιν
2333 1262 2426 1315 καὶ
2457 1254 2674 1332 ἀληθῶς
2702 1260 2814 1313 ὀντι
2841 1257 2980 1329 Θεῷ,
3014 1256 3217 1328 μᾶλλον
3241 1256 3297 1309 δέ
3330 1254 3473 1308 καθά
3500 1271 3674 1324 φησιν
3702 1253 3741 1305 ὁ

2143 1352 2429 1423 ἱερώτατος
2482 1350 2723 1414 Παῦλοςο
2790 1368 2809 1403 ι
2840 1347 3292 1421 Ἐματαιώθησαν
3342 1348 3400 1400 ἐν
3440 1348 3555 1408 τοῖς
3605 1345 3739 1396 δια-

2141 1444 2418 1512 λογισμοῖς
2458 1440 2660 1507 αὐτῶν,
2702 1441 2796 1495 καὶ
2838 1438 3123 1511 ἐσκοτίσθη
3165 1439 3201 1510 ὴ
3238 1438 3496 1500 ἀσύνετος
3542 1435 3739 1491 αὐτῶν

2143 1533 2357 1604 καρδία.
2397 1533 2701 1595 Φάσκσντες
2743 1529 2880 1586 εἶναι
2922 1532 3096 1600 σοφοὶ,
3149 1530 3574 1601 ἔμωράνθησαν,
3632 1531 3740 1584 καὶ

2144 1624 2377 1695 ἠλλαξαν
2406 1625 2505 1694 τὴν
2526 1624 2687 1689 δόξαν
2719 1622 2815 1676 τοῦ⁹
2848 1621 3124 1693 ἀφθάρτου
3164 1620 3301 1675 Θεοῦ
3329 1622 3386 1674 ἐν
3414 1620 3739 1691 ὁμοιώματι

2145 1716 2350 1778 εἰκόνος
2380 1715 2619 1787 φθαρτοῦ
2641 1714 2951 1786 ἀνθρώπου,
2975 1714 3071 1767 καὶ
3092 1713 3379 1781 πετεινῶν,
3411 1715 3507 1769 καὶ
3531 1730 3740 1784 τετρα-

2147 1808 2344 1870 πόδων,
2373 1809 2467 1859 καὶ
2496 1806 2762 1878 ἑρπετῶν.
2786 1825 2804 1857 ι

2222 1941 2281 1995 B.
2336 1938 2579 2010 ’Δληθές.

2220 2071 2282 2124 Δ.
2335 2071 2480 2140 Ἔφη
2534 2069 2663 2138 γοῦν
2707 2070 2836 2139 περὶ
2878 2069 3058 2123 αὐτῶν
3103 2067 3197 2122 διὰ
3234 2068 3417 2140 φωνῆς
3467 2068 3705 2122 Ἡσαΐου

2149 2161 2313 2223 θεός·
2352 2161 2531 2212 Γνῶτε
2575 2161 2657 2211 ὅτι
2693 2160 2884 2222 σποδὸς
2916 2162 2949 2230 ή
2991 2160 3191 2230 καρδία
3220 2159 3419 2222 αὐτῶν,
3456 2161 3550 2213 καὶ
3587 2160 3736 2213 πλα-

2151 2252 2368 2306 νῶνται.
2412 2250 2550 2303 Ἀλλ’
2593 2244 2694 2302 ὦδε
2732 2251 2830 2319 μὲν
2858 2249 2927 2304 τὰ
2957 2252 3199 2305 ἐκείνων.
3251 2250 3319 2303 Oi
3359 2266 3421 2317 γε
3475 2249 3584 2320 μὴν
3618 2251 3741 2304 τῶν

2150 2343 2378 2398 ἀνοσίων
2410 2341 2675 2413 αἱρέσεων
2708 2343 2928 2412 εὑρεταὶ
2965 2342 3271 2409 γεγονότες.
3319 2340 3369 2393 ei
3409 2339 3629 2410 βέϐηλοί
3672 2357 3740 2393 τε

2152 2436 2245 2488 καὶ
2296 2434 2627 2515 ἀποστάται,ι
2671 2434 2767 2487 καὶ
2822 2435 2920 2501 τῆς
2978 2433 3128 2497 θείας
3178 2432 3334 2503 δόξης
3374 2431 3434 2485 τὸ
3491 2432 3737 2505 ἀκρατὲς

2153 2528 2357 2583 ἑαυτῶν
2411 2527 2835 2595 κατευρύνοντες
2899 2527 3110 2597 στόμα,
3173 2526 3268 2580 καὶ
3330 2526 3619 2589 λαλοῦντες
3665 2526 3741 2580 τὰ

2153 2622 2597 2691 διεστραμμένα,
2670 2620 3116 2688 καταφωραθεῖεν
3178 2618 3244 2671 ἂν
3292 2617 3393 2670 οὐκ
3437 2619 3496 2670 ἐν
3548 2616 3738 2686 μείοσι

2153 2713 2390 2782 γραφαῖς
2424 2710 2524 2779 τῆς
2575 2709 2841 2780 Ἑλλήνων
2866 2708 3213 2779 ἀΰελτηρίας,
3243 2707 3299 2773 ἐξ
3321 2706 3578 2769 ἀπονοίας
3607 2706 3740 2759 ώλι-

2158 2803 2439 2875 σθηκότες,
2466 2801 2498 2872 ἢ
2524 2800 2662 2871 τάχα
2686 2817 2787 2853 που
2827 2801 2922 2853 καὶ
2971 2801 3029 2852 ἐν
3060 2802 3175 2863 τοῖς
3209 2800 3482 2852 ἐπέκεινα.
3538 2798 3741 2867 Κρεῖτο

2154 2912 2247 2947 τον
2270 2893 2375 2963 γὰρ
2404 2887 2471 2961 ἦν
2504 2891 2686 2953 αὐτοῖς
2718 2891 2791 2961 μὴ
2816 2891 3187 2957 ἐπεγνωκέναι
3216 2889 3313 2961 τὴν
3338 2889 3455 2941 ὀδὸν
3473 2888 3575 2954 τῆς
3604 2886 3741 2957 ἀληο

2158 2986 2328 3048 θείας,
2362 2985 2393 3054 ἢ
2424 2982 2812 3050 ἐπεγνωκόσιν,
2846 2982 2926 3045 είς
2960 2981 3028 3034 τὰ
3074 2982 3249 3035 ὀπίσω
3273 2981 3595 3050 ἀνακάμψαι
3627 2979 3742 3033 ἀπὸ

2155 3077 2253 3146 τῆς
2277 3076 2518 3145 δοθείσης
2544 3075 2726 3137 αὐτοῖς
2752 3073 2913 3140 ἁγίας
2942 3072 3179 3142 ἐντολῆς.
3200 3073 3393 3141 Γέγονε
3416 3072 3525 3143 γὰρ
3550 3073 3739 3135 αὐτοῖς

2157 3164 2216 3218 τὸ
2240 3164 2338 3235 τῆς
2363 3162 2593 3234 ἀληθοῦς
2612 3163 2928 3233 παροιμίας,
2952 3180 2971 3215 ι
2997 3162 3159 3217 Κύων
3182 3162 3516 3232 ἐπιστρέψας
3551 3162 3645 3215 ἐπὶ
3676 3162 3738 3216 τὸ

484 3256 833 3323 Blasphetnize
857 3259 999 3311 enim
1028 3259 1077 3312 in
1100 3258 1376 3313 Christum
1401 3260 1649 3325 obnoxii,
1676 3261 1835 3314 veluti
1866 3269 2045 3314 truces

2157 3256 2282 3309 ἴδιον
2323 3255 2587 3326 ἐξέραμα,
2639 3256 2731 3308 καὶ
2767 3247 2828 3317 ὗς
2864 3254 3174 3325 λουσαμένη
3208 3256 3287 3317 είς
3322 3253 3565 3324 κύλισμα
3612 3254 3737 3325 βορ-

484 3345 702 3413 quinam
725 3355 883 3414 atque
905 3348 1165 3402 immanes
1190 3349 1321 3416 lupi,
1339 3350 1619 3403 devastant
1641 3365 1830 3419 greges
1851 3351 2052 3417 ovium,

486 3449 585 3501 pro
618 3436 814 3505 quibus
848 3436 1096 3491 Christus
1132 3448 1378 3494 mortuus
1414 3449 1527 3505 est,
1563 3449 1615 3493 et
1647 3440 1907 3510 diripiunt
1938 3458 2057 3511 qua

488 3525 655 3591 ipsius
698 3535 853 3592 sunt,
901 3540 1280 3585 coacervantes
1311 3530 1413 3585 sibi
1460 3532 1591 3599 ipsis
1621 3547 1740 3601 quae
1783 3548 1889 3587 non
1936 3544 2060 3589 sunt

488 3618 759 3687 ipsorum,
802 3620 942 3671 sicut
986 3621 1243 3688 scriptum
1293 3630 1407 3687 est;
1455 3633 1509 3676 ct
1552 3634 1839 3692 gravantes
1873 3627 2058 3696 juguet

491 3709 730 3775 ipsorum
759 3708 987 3775 fortiter,
1014 3711 1078 3763 de
1105 3712 1299 3780 quibus
1327 3710 1520 3768 merito
1548 3716 1654 3769 dici
1684 3718 1852 3785 possit
1880 3735 1894 3772 :
1928 3735 1946 3769 ι
1980 3717 2057 3772 Ex

492 3796 645 3849 nobis
678 3796 940 3860 exierunt,
966 3798 1056 3851 sed
1076 3810 1356 3854 nouerant
1385 3816 1451 3856 ex
1485 3804 1672 3868 nobis,
1715 3824 1734 3858 ι
1760 3819 2059 3875 opportune

490 3884 632 3937 enim
670 3886 767 3937 hoc
799 3884 863 3939 de
897 3885 1223 3952 ejuscemodi
1254 3888 1562 3945 hominibus
1593 3908 1620 3945 a
1657 3895 1809 3949 nobis
1843 3898 2058 3950 dicitur.

492 3972 631 4028 Sunt
668 3975 808 4028 enim
852 3978 1091 4031 ncnnulli
1134 3979 1221 4048 qui
1268 3980 1513 4049 imperite
1556 3985 1839 4039 admodum
1880 3990 2063 4057 unige-

494 4066 663 4120 nitum
692 4066 785 4119 Dei
809 4066 1041 4121 Verbum
1069 4084 1319 4137 suprema
1346 4070 1434 4133 illa
1458 4074 1778 4129 excellentia
1804 4079 2060 4145 spoliare,

492 4164 547 4208 et
584 4156 652 4207 ab
693 4155 999 4223 aequalitate
1038 4173 1159 4213 cum
1204 4160 1313 4215 Deo
1353 4177 1417 4216 ac
1455 4162 1611 4218 Patre
1650 4166 1936 4222 excludere
1973 4182 2064 4222 co—

492 4253 710 4309 nantur,
750 4247 1264 4303 consubstantialem
1312 4251 1485 4320 ipsum
1529 4267 1649 4307 esse
1695 4266 1971 4325 negantes,
2010 4268 2065 4311 et

497 4335 796 4388 naturalem
840 4336 1314 4408 omnimodamque
1360 4342 1692 4398 identitatem
1736 4346 1783 4399 ei
1832 4348 2065 4401 tribuere

497 4438 830 4482 recusantes.
872 4428 973 4482 Alii
1016 4444 1143 4484 vero
1186 4430 1429 4486 eamdem
1474 4430 1588 4487 fere
1633 4444 1793 4502 atque
1837 4437 1887 4489 hi
1932 4453 2065 4505 quos

498 4518 733 4572 diximus
768 4520 905 4573 viam
944 4520 1285 4587 insistentes,
1323 4533 1485 4591 atque
1525 4524 1576 4577 in
1617 4527 1748 4578 retia
1787 4529 1977 4581 mortis
2012 4540 2065 4582 et

497 4607 745 4675 laqueum
790 4609 985 4663 inferni
1031 4610 1283 4681 prolapsi,
1321 4611 1591 4684 Uuigeulti
1636 4618 1952 4684 mysterium
1996 4621 2063 4674 ab

499 4700 966 4755 administratione
1013 4702 1066 4755 in
1114 4717 1278 4756 carne
1323 4706 1436 4757 sive
1480 4706 1847 4761 incarnatione
1891 4709 2063 4763 seclu-

500 4792 632 4843 dunt
656 4803 719 4843 ac
748 4801 1018 4857 separant,
1044 4802 1097 4845 et
1124 4795 1285 4847 simili
1321 4797 1704 4865 propemodum
1736 4808 1895 4865 atque
1923 4802 2062 4854 alliui

502 4897 622 4935 cum
653 4882 921 4950 prioribus
954 4884 1057 4937 illis
1087 4888 1317 4940 amentia
1350 4888 1618 4944 laborant.
1658 4891 1731 4945 Illi
1766 4895 1909 4945 enim
1935 4892 2066 4947 Ver-

502 4971 629 5028 bum
666 4989 730 5027 cx
773 4975 881 5027 Deo
918 4974 1078 5030 Patre
1114 4978 1349 5045 genitum
1386 4980 1545 5032 etiam
1583 4994 1706 5036 ante
1740 4983 2065 5038 incarnatio-

504 5080 646 5125 nem.
694 5065 989 5120 divinitatis
1036 5068 1351 5122 excellentia
1400 5080 1659 5139 quantum
1711 5074 1761 5126 in
1815 5076 1943 5144 ipsis
1989 5085 2069 5130 est

505 5156 735 5224 spoliant
783 5174 796 5209 :
851 5158 901 5211 hi
949 5174 1075 5214 vero
1125 5162 1286 5215 etiam
1336 5166 1620 5219 incarnato
1667 5164 1843 5221 Verbo
1891 5169 2067 5223 inl'eSIi

504 5254 659 5309 sunt,
702 5254 755 5300 et
801 5246 1092 5301 beneﬁcam
1142 5249 1312 5319 ipsius
1360 5253 1587 5321 gratiam
1635 5269 1737 5323 qua
1783 5256 2067 5312 humanam

506 5346 749 5389 naturam
786 5339 1097 5407 complexus
1132 5352 1236 5405 est,
1270 5352 1472 5396 tantum
1511 5361 1613 5400 non
1652 5346 1955 5415 improbant
1987 5359 2070 5401 at-

506 5442 608 5495 que
644 5430 891 5482 incusant
923 5450 935 5483 :
973 5446 1075 5485 non
1111 5443 1256 5486 recte
1287 5433 1384 5487 sibi
1418 5436 1752 5491 consuluisse
1784 5452 1904 5492 eum
1938 5456 2068 5494 con-

510 5518 787 5572 tendentes
812 5522 953 5588 quod
980 5536 1195 5576 carnem
1227 5529 1605 5594 assumpserit,
1634 5544 1798 5597 seque
1828 5532 2071 5586 exinani-

510 5606 673 5671 verit;
707 5609 819 5663 sive
853 5612 993 5677 quod
1032 5611 1205 5667 factus
1238 5615 1308 5667 sit
1344 5618 1521 5682 homo,
1556 5620 1805 5687 quodque
1839 5622 1887 5674 in
1927 5633 2067 5678 terra

584 5781 625 5811 "
650 5780 800 5837 Rom.
839 5801 874 5841 ι.
906 5786 965 5840 ‘ll
1003 5787 1089 5843 23.
1169 5790 1269 5844 "ll
1301 5790 1442 5845 Patr.
1480 5810 1534 5856 ll,
1570 5794 1658 5857 ‘ll,
1691 5798 1780 5850 '22.

2157 3347 2340 3417 ϐόρου.
2368 3366 2384 3396 ι
2421 3348 2806 3417 Διεμερίσαντο
2835 3346 2943 3416 γὰρ
2970 3347 3066 3415 τῆς
3102 3345 3240 3398 κατὰ
3269 3345 3505 3416 Χριστοῦ
3531 3346 3738 3413 δυσφη-

2162 3439 2288 3507 μίας
2311 3437 2379 3490 τά
2406 3438 2747 3507 ἐγκλήματα,
2786 3438 2879 3490 καὶ
2905 3430 2993 3489 οἶά
3021 3454 3165 3499 τινες
3199 3435 3353 3488 λύκοι
3399 3436 3617 3506 δριμεῖς
3645 3436 3739 3488 καὶ

2160 3529 2368 3599 πικροὶ,
2393 3528 2539 3581 διαλυ
2548 3530 2823 3597 μαίνονται
2849 3531 2961 3590 τοῖς
2987 3529 3280 3598 ποιμνίοις,
3330 3529 3468 3598 ὑπὲρ
3500 3522 3575 3580 ὧν
3603 3529 3735 3601 Χρι-

2162 3619 2281 3682 στὸς
2323 3620 2579 3685 ἀπέθανε,
2617 3622 2706 3673 καὶ
2752 3620 3113 3691 διαρπάζουσι
3162 3620 3230 3672 τὰ
3299 3621 3483 3683 αὑτοῦ,
3528 3618 3739 3687 πληθύ-

2161 3727 2347 3772 νοντες
2379 3712 2591 3774 ἑαυτοῖς
2630 3713 2696 3764 τὰ
2717 3713 2816 3765 οὐκ
2842 3712 2969 3764 ὅντα
3000 3712 3202 3777 αὐτῶν,
3233 3712 3372 3764 καθά
3408 3713 3739 3782 γέγραπται,

2161 3804 2255 3856 καὶ
2291 3803 2614 3873 βαρύνοντες
2641 3806 2731 3857 τὸν
2758 3805 2934 3856 κλοιὸν
2961 3804 3139 3858 αὐτῶν
3181 3804 3470 3876 στιϐαρῶς,
3514 3804 3642 3872 περὶ
3668 3798 3740 3856 ὧν

2162 3893 2227 3946 ἂν
2271 3894 2480 3961 λέγοιτο
2517 3900 2611 3946 κἰὶ
2643 3896 2788 3964 μάλα
2824 3897 3067 3956 εἰκότως·
3121 3914 3139 3945 ι
3176 3895 3265 3958 Ἐξ
3304 3895 3459 3969 ἡμιῖιν
3496 3894 3743 3962 ἐξῆλθον,

2165 3984 2277 4037 ἀλλ’
2335 3986 2434 4036 οὐκ
2498 3982 2636 4054 ἦσαν
2691 3986 2751 4050 ἐξ
2810 3988 2986 4056 ἡμῶν.
3023 4006 3040 4037 ›
3107 3985 3409 4057 Οὑγαροῦν.
3472 3985 3613 4037 Ἀλλ’
3664 3986 3741 4045 εἰς

2164 4075 2351 4144 καιρὸν
2382 4077 2514 4145 ἡμῖν
2541 4079 2567 4127 ὁ
2602 4076 2727 4146 περί
2760 4094 2821 4144 γε
2852 4076 2957 4128 τῶν
2987 4076 3242 4130 τοιούτων
3273 4077 3516 4147 κρίνεται
3561 4074 3739 4143 λόγος.

2165 4167 2610 4233 Κατακομίζουσι
2647 4167 2745 4233 μὲν
2788 4167 2895 4239 γὰρ
2930 4167 3203 4231 ἀσυνέτως
3247 4168 3391 4230 τινὲς
3440 4167 3532 4220 τὸν
3579 4183 3737 4237 μονο-

2164 4256 2293 4326 γενῆ
2321 4254 2412 4308 τοῦ
2471 4255 2603 4307 Θεοῦ
2646 4258 2817 4323 Λόγον
2850 4259 2948 4326 τῆς
2990 4260 3299 4329 ὑπερτάτης
3329 4258 3625 4327 ὑπεροχῆς,
3651 4259 3744 4310 καί

2166 4344 2553 4411 ὑποὸιὸἀζουσι
2580 4346 2678 4416 τῆς
2713 4347 2953 4417 ἰσότητος
2977 4352 3076 4420 τῆς
3112 4350 3246 4421 πρὸς
3276 4351 3365 4402 τὸν
3399 4351 3623 4420 Πατέρα
3653 4350 3743 4402 καὶ

2166 4436 2317 4499 Θεὸν,
2358 4438 2455 4506 οὐχ
2482 4437 2765 4506 ὀμοοὺσιον
2803 4435 2940 4491 εἶναι
2974 4440 3220 4507 λέγοντες
3250 4442 3430 4502 αὑτὸν,
3477 4439 3601 4493 οὗτε
3635 4440 3741 4509 μὴν

2170 4531 2370 4598 φυσικῇ
2441 4530 2532 4580 καὶ
2611 4530 3014 4601 ἀπαραλλάκτῳ
3088 4533 3376 4600 ταυτότητι
3446 4532 3742 4600 στεφανοῦν

2169 4618 2462 4679 ἐθέλοντες.
2505 4614 2723 4689 ’Ἐτεροι
2762 4621 2819 4672 δὲ
2862 4626 2975 4686 τοῖς
3010 4622 3417 4693 ώνομασμένοις
3447 4623 3547 4693 τὴν
3578 4622 3743 4689 αὐτὴν

2170 4707 2357 4778 ὥσπερ
2410 4709 2693 4777 ἐρχόμενοι
2736 4711 2938 4780 τρίϐον,
2990 4714 3081 4765 καὶ
3114 4714 3193 4775 εἰς
3243 4714 3441 4779 παγίδα
3491 4713 3741 4772 θανάτου.

2172 4799 2264 4850 καὶ
2311 4801 2387 4861 εἰς
2427 4802 2695 4871 πεταυρον
2738 4800 2865 4870 ᾅδου
2914 4803 3434 4866 κατολισθαίνοντες,
3470 4802 3570 4873 τῆς
3614 4803 3747 4874 μετά

2173 4891 2375 4961 σαρκὸς
2404 4894 2713 4961 οἰκονομίας
2758 4894 2852 4947 τοῦ
2888 4895 3223 4968 Μονογενοῦς
3256 4895 3653 4967 παρευθύνουσι
3689 4896 3748 4945 τὸ

2178 4982 2497 5053 μυστήριον,
2530 4984 2621 5036 καὶ
2654 4986 2890 5057 ἀδελφὴν
2918 4986 3107 5059 ὥσπερ
3137 4990 3248 5049 τοῖς
3282 4986 3518 5057 πρώτοις
3562 4989 3749 5055 ἐπιτη-

2174 5074 2387 5128 δεύουσι
2431 5076 2527 5146 την
2565 5079 2843 5133 ἀπόνοιαν.
2890 5083 2951 5133 Oi
2988 5083 3086 5153 μὲν
3118 5082 3247 5152 γὰρ,
3282 5080 3436 5135 οὔπω
3470 5099 3749 5153 σεσαρκω-

2180 5162 2337 5230 μένον
2388 5164 2479 5216 τὸν
2528 5167 2589 5218 ἐκ
2635 5168 2770 5221 Θεοῦ
2813 5170 3021 5241 Πατρὸς
3058 5169 3231 5239 φύντα
3262 5171 3453 5236 Λόγον,
3501 5171 3609 5225 τῶν
3655 5172 3753 5241 τῆς

2178 5251 2429 5323 θεότητος
2465 5256 2773 5327 ὑψωμάτων
2820 5263 3099 5331 μονονουχὶ
3140 5261 3560 5333 κατασύροντες.
3593 5263 3651 5315 τό
3689 5280 3751 5329 γε

2175 5340 2308 5414 ἧκον
2340 5347 2423 5397 ἐπ’
2458 5349 2660 5413 αὐτοῖς,
2694 5351 2873 5403 ἁλοῖεν
2904 5352 2966 5405 ἄν
2989 5367 3001 5381 ”
3039 5354 3087 5404 οἱ
3114 5352 3189 5419 δὲ,
3228 5355 3325 5407 καὶ
3350 5355 3755 5424 σεσαρκωμένῳ

2179 5439 2435 5508 πολεμεῖν
2482 5442 2776 5509 ἐγνώκασι,
2825 5445 3103 5514 μονονουχὶ
3150 5446 3243 5498 καὶ
3292 5445 3653 5515 ἐπιτιμῶντες
3707 5446 3757 5497 οὶ

2178 5528 2397 5598 θρασεῖς
2441 5534 2509 5602 τῇ
2560 5532 2927 5603 φιλανθρώπῳ
2990 5536 3192 5605 χάριτι,
3243 5537 3343 5588 οὐκ
3392 5536 3525 5605 ὀρθά
3570 5536 3758 5605 βεϐου-

2177 5620 2399 5675 λεῦσθαι
2436 5624 2573 5693 τάχα
2616 5642 2713 5678 που
2764 5624 3171 5697 διατεινόμενοι,
3212 5627 3299 5681 διὰ
3332 5628 3391 5681 τὸ
3431 5626 3760 5697 ἀνασχέσθαι
