4006 6490
221 505 361 563 125⁵1

1392 480 1580 551 QUOD
1620 470 1810 538 UNUS
1851 478 1958 534 SIT
2001 473 2369 534 CHRISTUS.

3384 462 3522 517 19.338

218 620 452 691 σαρκὸς,
495 616 588 669 καί
632 616 738 667 τῶν
775 611 872 681 τῆς
909 608 1188 668 κενώσεως
1238 604 1478 674 μέτρων,
1528 603 1695 671 ἤγουν
1737 599 1817 652 ὅτι

1964 596 2261 667 pparuerit,
2286 603 2485 647 etcum
2511 586 2825 643 hominibus
2846 590 3097 640 versatus
3121 581 3214 643 sit,
3237 593 3361 635 cum
3389 578 3520 632 alio-

219 715 445 780 γέγονεν
490 706 798 775 ἄνθρωπος,
836 703 931 755 καὶ
968 701 1061 755 ἐπὶ
1102 698 1199 768 τῆς
1230 698 1331 766 γῆς
1360 696 1540 764 ὤφθη,
1588 694 1818 753 καὶτοῖς,

217 803 535 871 ἀνθρώποις
570 792 1010 862 συνανεστράφη,
1042 789 1219 842 καίτοι
1252 786 1383 849 Θεὸς
1404 785 1479 837 ὢν
1510 783 1692 852 φύσει,
1728 782 1820 833 καὶ

220 893 479 962 σύνεδρος
508 886 586 957 τῷ
622 885 815 955 Πατρί.

292 986 355 1036 Β.
394 983 570 1047 Ἐφης
618 977 717 1047 μὲν
756 974 953 1046 ὀρθῶς.

290 1079 355 1128 Α.
394 1067 884 1139 Κατακεκράξεται
910 1068 953 1120 δ’
980 1061 1074 1119 οὖν
1102 1065 1202 1134 τῆς
1237 1064 1294 1117 ἐν
1324 1062 1532 1133 ἀμφοῖν
1578 1058 1821 1129 ἀμαθίας

214 1171 249 1238 ἡ
293 1166 656 1227 θεόπνευστος
709 1160 923 1231 Γραφὴ,
976 1159 1358 1229 πρεσϐεύουσα
1409 1152 1679 1223 τάληθὲς,
1726 1150 1822 1203 καὶ

216 1259 311 1310 τὸν
348 1257 450 1324 μὲν
494 1254 605 1325 γὰρ
666 1252 896 1312 ἐκείνοις
940 1249 1094 1317 λόγον
1144 1246 1354 1318 ἀδρανῆ
1406 1246 1499 1298 καὶ
1541 1240 1823 1311 ἀσύφηλον

216 1346 627 1414 ἀποφαίνουσα,
654 1342 921 1410 ἐφιστᾶσα
949 1340 1005 1392 δὲ
1028 1342 1149 1401 ταῖς
1177 1338 1275 1407 τῆς
1304 1336 1560 1406 θεότητος
1589 1333 1820 1403 τρίϐοις,

216 1440 348 1501 τοὺς
395 1435 564 1507 ἰσχνῷ
611 1451 670 1486 τε
722 1432 815 1485 καὶ
875 1429 1097 1501 ἀκριϐεῖ
1135 1427 1376 1491 διανοίας
1423 1427 1634 1498 ὄμματι
1686 1439 1820 1478 κατ-

219 1526 414 1595 αθρεῖν
444 1523 704 1585 εἰωθότας
734 1520 795 1573 τὸ
820 1521 905 1573 ἐπ’
930 1519 1081 1587 αὐτῷ
1111 1520 1434 1591 μυστήριον.

293 1614 357 1669 B.
398 1613 551 1673 Τίνες
581 1611 625 1663 δ’
652 1611 717 1663 ἂν
746 1607 879 1673 εἶεν,
905 1611 953 1662 οί
984 1610 1083 1679 τὴν
1110 1607 1254 1662 οὓτω
1283 1607 1493 1677 σεπτὴν
1527 1604 1622 1660 καὶ
1648 1603 1821 1676 ἀπόρ-

224 1706 391 1775 ρητον
419 1702 512 1754 τοῦ
547 1701 797 1773 Σωτῆρος
827 1700 1161 1771 οἰκονομίαν,
1207 1698 1440 1761 ἀνοσίως
1466 1696 1824 1764 κεκιϐδηλευ-

222 1792 382 1854 κότες
418 1790 622 1860 (ἔοικας
670 1790 779 1861 γὰρ
827 1790 888 1841 ού
929 1789 1166 1859 μετρίως
1214 1789 1302 1842 ἐπ’
1342 1787 1494 1859 αὐτῷ
1538 1786 1605 1858 δὴ
1648 1784 1825 1855 τούτῳ

222 1883 560 1953 δυσφορεῖν),
598 1881 835 1951 ἐθέλοιμ’
862 1879 929 1934 ἂν
954 1879 1318 1935 διαπυθέσθαι
1351 1898 1469 1934 σου.

1928 690 2015 756 qui
2046 689 2116 742 sit
2148 697 2337 739 natura
2369 682 2540 745 Deus,
2569 692 2621 735 et
2652 680 2827 733 Patris
2855 690 3123 733 assessor.

1998 957 2056 1011 Β.
2101 956 2267 1011 Recte
2299 951 2517 1022 quidem
2553 950 2706 1007 dicis.

2000 1052 2062 1101 A.
2107 1046 2387 1101 Occlamat
2418 1058 2550 1097 vero
2586 1042 2873 1096 amborum
2912 1035 3199 1107 imperitia:
3241 1034 3527 1106 Scriptura

1928 1140 2188 1193 divinitus
2238 1136 2539 1205 inspirata,
2602 1132 2890 1186 veritatem
2958 1128 3117 1183 nobis
3168 1126 3527 1189 cdisserens,

1928 1240 2092 1301 atque
2127 1230 2340 1284 illorum
2367 1226 2587 1297 quidem
2621 1224 2865 1279 rationes
2890 1235 3059 1275 vanas
3085 1236 3149 1274 ac
3172 1220 3399 1275 stolidas
3431 1221 3526 1271 de-

1928 1322 2145 1377 clarans
2178 1361 2192 1385 ,
2216 1320 2383 1391 716
2412 1333 2504 1375 eos
2536 1332 2667 1371 vero
2702 1316 2793 1385 qui
2828 1314 3014 1370 subtili
3061 1323 3227 1381 atque
3264 1328 3528 1368 accurato

1927 1416 2128 1470 mentis
2152 1414 2311 1469 oculo
2344 1412 2664 1482 mysterium
2698 1408 2840 1479 quod
2880 1408 2932 1461 in
2966 1408 3071 1462 hoc
3107 1407 3238 1460 latet
3271 1418 3524 1462 contem-

1926 1511 2063 1581 plari
2100 1510 2299 1571 solent,
2328 1509 2396 1563 ad
2434 1508 2685 1563 semitam
2723 1503 3025 1559 divinitatis
3058 1500 3353 1556 deducens.

1999 1602 2059 1657 Β.
2100 1601 2332 1669 Quinam
2387 1612 2518 1653 vero
2570 1597 2681 1652 sint
2726 1594 2761 1648 ii
2813 1594 2907 1664 qui
2959 1596 3096 1650 adeo
3157 1594 3530 1649 venerandam

1926 1707 2092 1767 atque
2133 1690 2467 1749 ineffabilem
2500 1688 2815 1745 Servatoris
2858 1688 3031 1741 nostri
3064 1686 3529 1755 dispensationem

1928 1789 2306 1845 adulterarum
2340 1782 2568 1857 (videris
2596 1781 2741 1837 enim
2781 1780 2910 1834 mibi
2958 1796 3063 1834 non
3100 1794 3294 1849 parum
3332 1779 3436 1835 hac
3464 1779 3533 1834 de

1929 1896 2094 1937 causa
2122 1888 2431 1935 commotus
2462 1876 2630 1947 esse),
2660 1876 2821 1930 velim
2846 1889 2913 1929 ex
2946 1883 2996 1927 te
3026 1885 3382 1942 cognoscere.

295 1977 361 2028 Α.
399 1973 775 2044 Διατεκμαίρῃ
833 1972 1037 2035 καλῶς.
1092 1972 1282 2043 Ζηλῶν
1326 1972 1437 2042 γὰρ
1468 1972 1718 2045 ἐζήλωσα
1748 1972 1827 2043 τῷ

2009 1974 2075 2027 Α.
2120 1972 2292 2027 Recte
2316 1970 2553 2041 iudicas.
2587 1969 2717 2025 Zelo
2750 1970 2896 2024 enim
2944 1968 3151 2023 zelatus
3190 1983 3310 2023 sum
3346 1968 3535 2022 Domi-

221 2066 441 2137 Κυρίῳ,
479 2066 571 2117 καὶ
604 2065 741 2135 πρός
764 2081 827 2132 γε
858 2065 1011 2118 τουτὶ
1042 2066 1521 2136 κατατεθηγμένος
1550 2065 1701 2119 ἀλύω
1732 2065 1828 2118 καὶ

227 2158 459 2227 σφόδρα.
506 2156 576 2208 Τὸ
620 2156 676 2207 δὲ
727 2157 850 2208 ὅποι
897 2156 1027 2207 ποτέ
1082 2157 1555 2227 καταστρέψωσιν
1604 2157 1651 2209 οἱ
1697 2155 1827 2226 παρ’

225 2249 455 2302 ἐκείνων
495 2250 679 2317 λόγοι,
718 2247 865 2300 δέδια
915 2247 1189 2317 καθορῶν.
1223 2248 1335 2318 Τὴν
1380 2249 1489 2319 γάρ
1521 2266 1604 2301 τοι
1644 2265 1826 2320 παρα-

224 2342 480 2394 δοθεῖσαν
511 2344 643 2410 ἡμῖν
689 2340 970 2392 νοθεύουσι
1021 2342 1229 2403 πίστιν,
1259 2341 1555 2412 δράκοντος
1590 2341 1829 2410 ἀρτιφα·

227 2433 359 2493 νοῦς
394 2430 667 2501 εὑρήμασι
704 2430 1058 2500 κεχρημένοι,
1094 2432 1189 2483 καὶ
1228 2432 1351 2492 ταῖς
1385 2428 1495 2482 τῶν
1531 2428 1830 2481 ἁπλουστέ-

234 2540 346 2591 ρων
394 2522 592 2592 ψυχαϊς
640 2522 720 2574 ίοῦ
756 2522 911 2591 δίκην
960 2523 1283 2591 ἐγχέοντες,
1329 2521 1520 2592 ψυχρά
1566 2538 1689 2574 τινα
1736 2521 1831 2574 καὶ

229 2613 644 2683 διεστραμμένα
668 2616 761 2665 καὶ
790 2612 1122 2681 ἀδελτηρίας
1151 2611 1376 2682 ἐμπλεω
1397 2650 1413 2664 .

308 2705 371 2757 Β.
416 2701 554 2757 Εἶτα
596 2705 738 2767 τίςὸ
782 2705 1089 2775 ἁρτιφανής
1130 2705 1247 2757 ἐστι
1284 2702 1523 2774 δράκων,
1572 2702 1733 2755 ὁποῖα
1778 2702 1834 2754 δὲ

232 2796 378 2853 ἄττα
410 2798 478 2850 τὰ
526 2799 655 2868 παρ’
699 2798 863 2850 αὑτοῦ
908 2797 1341 2868 πεφλυαρημένα
1393 2796 1537 2850 κατά
1573 2796 1683 2848 τῶν
1736 2799 1834 2867 τῆς

232 2890 499 2960 ἀληθείας
528 2890 838 2961 δογμάτων,
876 2892 1120 2961 ἐρομένῳ
1150 2891 1382 2962 φράσον.

310 2988 377 3038 Δ.
430 2983 761 3054 Ἀρτιφανὴς
794 2983 892 3053 μὲν
916 2982 1156 3053 δράκων,
1187 2984 1217 3034 6
1250 2982 1465 3044 σκολιὸς
1502 2982 1709 3045 οὐτοσὶ,
1741 2982 1836 3034 καὶ

236 3076 305 3147 ίῷ
338 3074 645 3145 μεθύουσαν
667 3074 805 3144 ἔχων
832 3074 930 3144 τὴν
959 3073 1229 3143 γλῶτταν,
1251 3076 1280 3127 6
1305 3077 1372 3146 τῇ
1404 3075 1701 3149 παραδόσει
1726 3076 1837 3129 τῶν

234 3169 341 3237 τῆς
387 3167 715 3237 οἰκουμένης
755 3166 1160 3235 μυσταγωγῶν,
1202 3166 1402 3237 μᾶλλον
1449 3167 1506 3219 δὲ
1553 3168 1646 3220 καὶ
1687 3168 1839 3240 πάσῃ

237 3263 308 3330 τῇ
340 3258 685 3328 θεοπνεύστῳ
718 3259 909 3329 Γραφῇ
940 3259 1225 3329 μονονουχὶ
1251 3259 1465 3330 χαίρειν
1489 3260 1679 3324 είπὼν,
1716 3278 1839 3313 και-

237 3353 552 3422 νοτομήσας
577 3350 634 3404 δὲ
662 3350 722 3403 τὸ
752 3351 902 3421 αὐτῷ
932 3350 1144 3411 δοκοῦν,
1190 3351 1283 3404 καὶ
1308 3351 1573 3403 Θεοτόκον
1607 3352 1705 3420 μὲν
1737 3352 1839 3404 οὐκ

237 3438 381 3495 εἶναι
430 3440 606 3509 λέγων
657 3442 756 3511 τὴν
797 3442 960 3510 ἁγίαν
1014 3442 1315 3513 Παρθένον,
1364 3442 1733 3513 Χριστοτόκον
1782 3443 1837 3495 δὲ

242 3536 449 3605 μᾶλλον
495 3536 589 3589 καὶ
618 3534 1034 3605 ἁνθρωποτόκον
1065 3553 1079 3568 ·
1130 3536 1296 3605 ἕτερα
1337 3535 1393 3588 δὲ
1444 3536 1580 3606 πρὸς
1626 3535 1841 3598 τούτοις

237 3630 434 3700 ἀπηχῆ
486 3630 579 3681 καλ⁸
627 3628 981 3699 ἀπόπληκτα,
1014 3630 1126 3691 τοῖς
1159 3628 1342 3699 ὀρθοῖς
1373 3630 1468 3682 καὶ
1515 3629 1839 3701 εἰλικρινέσι

237 3721 343 3791 τῆς
376 3721 670 3791 καθολικῆς
708 3720 1036 3790 Ἐκκλησίας
1061 3722 1441 3791 ἐπεισφρήσας
1473 3721 1729 3791 δόγμασι.

318 3900 381 3954 Β.
416 3898 734 3970 Νεστόριον,
758 3894 932 3969 οἶμαι,
970 3900 1095 3969 φής.
1140 3898 1371 3971 Συνίημι
1401 3901 1510 3971 γάρ
1552 3902 1651 3973 ήδη
1688 3919 1835 3969 πως,

241 3990 386 4044 ἀλλὰ
426 3990 479 4041 τί
512 3990 572 4042 τὸ
602 3992 811 4061 χρῆμα,
838 3984 883 4043 ὦ
908 3993 1025 4053 τᾶν,
1075 3989 1185 4043 τῶν
1230 3992 1443 4045 ἐκείνου
1500 3992 1693 4061 λόγων,
1741 3996 1843 4049 οὐκ

242 4084 355 4155 ἔχω
387 4086 549 4137 νοεῖν·
578 4083 839 4137 Θεοτόκον
866 4083 924 4136 δὲ
956 4082 1071 4147 πῶς
1097 4085 1199 4136 οὐκ
1225 4080 1366 4139 εἶναί
1393 4080 1527 4155 φησι
1554 4086 1653 4157 τὴν
1678 4088 1841 4156 ἁγίαν

242 4176 527 4248 Παρθένον
544 4192 559 4241 ;

319 4271 386 4320 Α.
424 4269 498 4320 ()6
535 4266 643 4338 γάρ
676 4285 777 4335 τοι,
812 4267 966 4338 φησὶ,
1012 4265 1146 4320 Θεὸν
1178 4267 1493 4323 ὲκτέτοκεν.
1522 4264 1631 4323 Ἦν
1675 4271 1786 4343 γὰρ
1814 4275 1841 4326 ὁ

244 4362 423 4428 Λόγος
460 4361 553 4413 καὶ
601 4360 707 4431 πρὸ
760 4362 951 4431 αὐτῆς,
1008 4361 1214 4430 μᾶλλον
1265 4360 1323 4414 δὲ
1359 4361 1599 4431 καὶ-πρὸ
1636 4364 1842 4427 παντὸς

246 4453 445 4515 αίῶνος
480 4453 571 4506 καὶ
609 4453 822 4524 χρόνου,
867 4454 1136 4516 συναῖδιος
1168 4453 1243 4507 ὢν
1268 4454 1346 4525 τῷ
1377 4454 1495 4525 Θεῷ
1522 4454 1616 4507 καί
1644 4456 1839 4527 Πατρί.

248 4548 703 4616 Καταρνήσονται
731 4546 794 4616 δὴ
827 4541 920 4599 οὖν
953 4549 1045 4599 καὶ
1072 4545 1231 4599 τοῦτο
1261 4547 1585 4614 ἀναφανδὸν,
1620 4547 1695 4610 ὼς
1728 4548 1844 4602 ἔστι

1932 2081 2083 2120 num.
2118 2065 2284 2134 Angit
2317 2078 2447 2118 vero
2486 2078 2572 2117 me
2619 2072 2676 2116 et
2722 2062 2941 2131 quidem
2988 2061 3365 2122 vehementer.
3408 2068 3530 2115 cum

1932 2172 2147 2212 mecum
2176 2170 2281 2210 non
2311 2156 2517 2224 absque
2558 2154 2751 2207 timore
2805 2152 2983 2222 cogito
3020 2166 3259 2221 quonam
3316 2152 3533 2207 illorum

1932 2264 2214 2305 sermones
2246 2251 2360 2304 sint
2389 2248 2633 2309 evasuri.
2669 2245 2856 2300 Fidem
2887 2240 3033 2300 enim
3081 2246 3241 2301 nobis
3273 2245 3535 2299 traditam

1933 2352 2313 2412 corrumpunt,
2344 2340 2600 2396 draconis
2628 2354 2819 2394 recens
2849 2340 2980 2393 editi
3023 2339 3259 2393 inventis
3296 2348 3535 2403 utentes,

1934 2446 1989 2490 et
2020 2436 2202 2488 inania
2233 2433 2483 2504 quzedam
2509 2447 2573 2487 ac
2599 2446 2761 2494 vana,
2784 2431 3187 2500 dementique
3222 2435 3381 2502 plena
3406 2431 3541 2501 dog-

1938 2536 2085 2582 mata
2113 2526 2509 2597 simpliciorum
2548 2524 2746 2578 animis
2771 2521 3139 2578 infundentes.

2010 2705 2069 2761 B.
2115 2704 2377 2771 Quisnam
2424 2718 2589 2774 porro
2641 2704 2711 2759 sit
2758 2704 2926 2759 draco
2974 2704 3079 2758 iste
3114 2716 3305 2757 recens
3340 2704 3539 2768 editus,

1937 2807 1990 2851 et
2016 2797 2195 2867 qualia
2224 2799 2442 2851 tandem
2476 2798 2585 2851 sint
2614 2812 2676 2851 ea
2701 2812 2821 2866 quae
2841 2798 3104 2853 adversus
3134 2798 3385 2853 veritatis
3410 2800 3543 2870 dog-

1941 2902 2085 2945 mata
2118 2892 2440 2953 deblaterat,
2470 2890 2705 2960 explica,
2737 2890 2988 2945 obsecro.

2005 2985 2069 3037 A.
2112 2983 2323 3037 Recens
2363 2981 2582 3051 quidem
2620 2982 2784 3036 draco
2823 2993 2907 3037 est
2955 2968 3190 3052 nequam
3237 2984 3326 3040 ille
3366 2995 3421 3040 et
3453 2996 3542 3040 ve-

1941 3091 2081 3130 neno
2106 3078 2455 3129 temulentam
2480 3074 2685 3130 habens
2711 3075 2970 3144 linguam,
2993 3078 3539 3147 quique,contemptn

1944 3166 2233 3219 traditione
2278 3179 2469 3219 eorum
2518 3165 2610 3234 qui
2668 3166 2861 3220 orbem
2903 3177 3173 3221 terrarum
3217 3182 3376 3223 sacra
3424 3182 3542 3239 my-

1943 3257 2109 3311 steria
2145 3258 2468 3320 docuerunt,
2520 3254 2631 3309 imo
2676 3256 2860 3323 potius
2906 3256 3162 3311 universa
3199 3271 3357 3313 sacra
3395 3256 3546 3313 Scri-

1943 3358 2101 3419 plura
2129 3350 2311 3403 valere
2337 3350 2514 3416 jussa,
2556 3346 2827 3416 rebusque
2858 3348 3013 3401 novis
3049 3362 3148 3417 pro
3195 3364 3291 3404 sua
3321 3349 3543 3405 libidine

1943 3439 2303 3501 introductis,
2344 3447 2591 3490 sanctam
2637 3434 2913 3506 Virginem
2960 3434 3249 3504 Deiparam
3283 3452 3404 3493 esse
3451 3454 3545 3493 ne-

1943 3543 2055 3605 gat,
2093 3533 2185 3587 sed
2219 3532 2401 3601 potius
2429 3529 2714 3583 Christum
2758 3529 2875 3582 sive
2912 3529 3191 3585 hominem
3229 3532 3539 3598 peperisse,

1943 3627 2158 3694 aliaque
2192 3624 2278 3679 his
2307 3621 2487 3677 aliinia
2521 3636 2782 3691 perquam
2833 3622 3069 3675 absurda
3116 3631 3285 3691 atque
3325 3623 3545 3694 stupida

1946 3720 2113 3775 rectis
2150 3733 2213 3773 ac
2242 3717 2395 3788 puris
2426 3714 2750 3770 universalis
2785 3711 3044 3768 Ecclesiae
3070 3713 3417 3784 dogmatibus
3447 3730 3543 3770 su-

1944 3810 2303 3881 perinferens.
3246 3814 3249 3815 '

2019 3903 2078 3956 Β.
2122 3899 2456 3965 Nestorium,
2495 3906 2557 3952 ut
2585 3896 2842 3957 arbitror,
2896 3893 3198 3965 signiﬁcas.
3241 3894 3364 3951 Jam
3399 3896 3542 3951 enim

1947 3995 2209 4065 intelligo.
2264 3992 2554 4063 Opinionis
2600 4004 2733 4045 vero
2774 3987 2896 4058 ejus
2946 3988 3089 4043 ratio
3142 3989 3278 4043 mihi
3324 3992 3543 4059 cognita

1945 4105 2053 4146 non
2094 4101 2197 4144 est.
2236 4088 2485 4155 Quonam
2531 4092 2716 4139 autem
2768 4090 2931 4152 pacto
2964 4091 3211 4137 sanctam
3269 4081 3545 4153 Virginem

1946 4182 2232 4253 Deiparam
2263 4194 2384 4235 esse
2416 4188 2573 4248 negat
2594 4179 2618 4231 ‘I

2018 4274 2085 4326 A.
2128 4272 2313 4341 Neque
2340 4271 2506 4335 enim,
2537 4270 2730 4339 inquit,
2762 4270 2929 4325 Deum
2964 4284 3031 4323 ex
3056 4283 3116 4325 se
3144 4269 3376 4338 peperit.
3412 4268 3546 4323 Nam

1950 4366 2189 4421 Verbum
2233 4374 2359 4419 ante
2404 4365 2578 4434 ipsam
2621 4372 2759 4430 erat,
2794 4375 2959 4433 atque
3012 4364 3147 4418 adeo
3190 4374 3318 4419 ante
3362 4365 3547 4417 omnia

1948 4459 2142 4515 saicula
2169 4467 2224 4514 et
2251 4468 2517 4528 tempora,
2552 4466 2738 4526 utpote
2775 4467 3106 4512 coaeternum
3149 4455 3258 4512 Deo
3282 4472 3346 4511 ac
3376 4454 3544 4511 Patri.

1947 4556 2277 4627 Negaverint
2309 4556 2493 4624 itaque
2525 4554 2691 4608 etiam
2726 4554 2829 4607 hoc
2874 4561 3083 4622 aperte,
3134 4553 3277 4621 quod
3320 4552 3549 4607 Emma-

246 4641 383 4702 Θεὸς
424 4642 451 4691 6
488 4640 864 4709 Ἐμμανουὴλ,
912 4642 1035 4711 είκῆ
1079 4642 1135 4693 δὲ
1177 4641 1252 4704 ὡς
1300 4641 1445 4695 ἔοικε
1490 4642 1834 4713 διερμηνεύει

1955 4648 2078 4703 nuel
2112 4648 2183 4701 sit
2216 4646 2378 4702 Deus.
2422 4646 2605 4715 Inepte
2636 4647 2801 4715 igitur
2836 4646 2967 4700 illud
3010 4646 3403 4715 interpretatus
3430 4646 3548 4699 fue-

246 4731 509 4799 τοῦνομα,
559 4731 731 4799 λέγων
770 4735 797 4784 6
846 4732 1272 4801 εύαγγελιστὴς·
1311 4751 1329 4783 ι
1364 4735 1431 4785 Ὃ
1478 4735 1594 4786 ἐστι
1645 4734 1842 4807 μεθερ-

251 4822 645 4893 μηνευόμενον,
683 4822 817 4875 Μεθ’
846 4823 1005 4892 ἡμῶν
1030 4825 1057 4875 6
1089 4821 1274 4886 Θεός.»
1313 4824 1471 4877 υῦτω
1504 4826 1612 4897 γάρ
1639 4828 1841 4899 χρῆναι

248 4913 724 4984 κατονομάζεσθαι
778 4914 1149 4970 διεϐεϐαιοῦτο
1206 4917 1391 4986 σαφῶς
1440 4918 1530 4971 διὰ
1582 4920 1682 4987 τῆς
1745 4920 1841 4974 τοῦ

249 5006 538 5076 προφήτου
570 5006 757 5075 φωνῆς
783 5009 810 5058 6
836 5006 968 5070 Θεὸς
996 5008 1089 5060 καὶ
1115 5008 1327 5080 Πατὴρ,
1351 5010 1442 5062 τὸν
1465 5013 1528 5063 ἐκ
1556 5012 1655 5081 τῆς
1682 5012 1844 5080 ἁγίας

246 5098 529 5171 Παρθένου
556 5100 697 5152 κατά
729 5098 909 5168 σάρκα
936 5104 1353 5171 γεγεννημένον,
1380 5103 1463 5179 ⁶ὼς
1496 5104 1847 5178 ἐνανθρωπή-

250 5210 419 5246 σαντα
451 5192 608 5245 Θεόν.

320 5283 379 5335 Β.
420 5282 610 5335 Καίτοι
641 5282 788 5335 δοκεῖ
838 5283 934 5353 μὲν
965 5284 1193 5346 ἐκείνοις
1225 5285 1323 5354 ούχ
1354 5278 1455 5337 ὦδε
1491 5283 1644 5338 ταῦτ’
1678 5285 1839 5355 ἔχειν,

252 5376 369 5445 μεθ’
397 5373 556 5444 ἡμῶν
586 5374 641 5426 δὲ
673 5378 830 5441 φαῖεν
863 5375 1116 5442 γενέσθαι
1148 5377 1297 5443 Θεὸν,
1334 5380 1453 5448 ἦτοι
1487 5377 1578 5430 τὸν
1609 5380 1671 5431 ἐκ
1705 5379 1841 5434 Θεοῦ

248 5469 440 5534 Λόγον,
478 5466 619 5519 κατά
669 5483 732 5533 γε
772 5468 899 5531 τοὺς
930 5469 1029 5538 τῆς
1078 5472 1398 5541 ἐπικουρίας
1448 5472 1705 5541 τρόπους.
1753 5474 1848 5526 Σέο

252 5578 394 5615 σωκε
435 5561 544 5633 γὰρ
580 5560 677 5633 τὴν
710 5562 801 5613 ὑπ’
831 5563 1059 5633 οὐρανὸν
1100 5564 1189 5617 διὰ
1236 5566 1331 5618 τοῦ
1380 5567 1735 5636 γεννηθέντος
1784 5568 1847 5622 ἐκ

250 5654 535 5719 γυναικός.
1704 5716 1705 5719 η

322 5748 384 5798 Α.
421 5747 495 5799 Οὐ
531 5747 636 5817 γὰρ
670 5743 756 5817 ἦν,
808 5750 928 5803 εἰπέ
970 5768 1081 5820 μοι,
1129 5752 1223 5803 καὶ
1277 5755 1417 5820 μετά
1456 5753 1701 5819 Μωσέως
1742 5756 1841 5827 τῆς

323 5923 361 5953 δ’
390 5922 577 5979 Matth.
614 5941 652 5989 I,
684 5926 775 5979 2'5.

570 6020 837 6082 Parnm“
888 6025 1002 6082 Gn.
1056 6023 1275 6087 LXXV.

1954 4743 2024 4795 rit
2062 4742 2391 4810 evangelista
2419 4778 2433 4804 ,
2473 4740 2659 4793 dicens
2692 4753 2705 4789 :
2745 4756 2762 4788 ι
2794 4737 2948 4803 Quod
2997 4738 3420 4806 interpretatur,
3454 4737 3553 4789 Νος

1953 4832 2161 4887 biscum
2196 4831 2337 4886 Deus
2360 4831 2427 4885 "‘.
2462 4850 2480 4882 ι
2517 4831 2593 4886 lta
2630 4832 2774 4885 enim
2806 4829 3094 4886 manifeste
3127 4831 3267 4886 Deus
3296 4848 3359 4885 ac
3393 4831 3553 4885 l'ater

1954 4940 2051 4994 per
2086 4939 2273 4979 vocem
2305 4924 2693 4995 prophetarum
2742 4924 3034 4977 allirmavit
3068 4935 3323 4993 oportere
3367 4928 3549 4979 vocari

1954 5029 2079 5069 eum
2110 5016 2200 5085 qui
2238 5030 2301 5069 ex
2334 5023 2522 5069 sancta
2547 5012 2773 5084 Virgine
2801 5014 3101 5069 secundum
3134 5030 3361 5071 carnem
3395 5026 3555 5071 natus

1958 5116 2121 5172 esset,
2153 5118 2210 5161 ut
2240 5107 2410 5161 Deum
2440 5107 2805 5160 incarnatum.

2029 5290 2088 5345 Β.
2129 5289 2289 5358 Atqui
2318 5288 2421 5343 illis
2455 5304 2544 5343 res
2580 5304 2686 5343 non
2720 5290 2793 5343 ita
2828 5304 2885 5342 se
2923 5288 3126 5343 habere
3156 5290 3371 5343 videtur
3402 5308 3414 5344 :
3450 5303 3553 5344 no-

1954 5384 2159 5439 biscum
2212 5396 2339 5437 vero
2394 5385 2594 5437 factum
2645 5397 2766 5437 esse
2828 5384 2993 5437 Deum
3049 5384 3390 5437 contendunt
3436 5384 3553 5438 sive

1961 5474 2192 5529 Verbum
2232 5488 2297 5529 ex
2332 5474 2461 5542 Deo,
2508 5476 2719 5529 ratione
2745 5475 2958 5529 auxilii.
2999 5472 3242 5528 Salvavit
3272 5477 3417 5529 enim
3461 5492 3549 5527 or-

1953 5568 2074 5625 bem
2117 5580 2389 5624 terrarum
2424 5584 2519 5639 per
2555 5584 2677 5624 cum
2724 5571 2814 5638 qui
2863 5585 2929 5623 ex
2966 5569 3191 5624 muliere
3252 5577 3412 5624 natus
3446 5581 3549 5624 cst.

2024 5756 2088 5809 Λ.
2134 5754 2309 5820 Anne,
2359 5754 2611 5822 obsecro,
2663 5761 2715 5807 et
2750 5768 2872 5806 cum
2926 5750 3107 5822 Moyse
3150 5760 3262 5804 crat
3289 5789 3303 5813 ,
3340 5765 3369 5805 e
3406 5758 3552 5803 terra

3157 6032 3235 6091 Δί)
