4006 6466
588 442 718 494 59.39

1567 447 1620 498 S.
1662 445 1934 500 (IYRIILI
1980 444 2446 502 ALEXANDIHNI
2489 449 2804 506 ARCIIIEP.

3713 458 3733 510 Ι
3746 457 3834 510 Ξιίθ

581 556 958 628 A‘lgyptiorum
1011 561 1171 630 717
1205 570 1257 612 ct
1291 560 1551 614 servitute
1581 577 1682 631 qua
1715 564 1906 616 tbiilem
1944 580 2125 631 preme

2263 563 2577 630 Αἰγυπτίων
2625 567 2805 636 χώρας
2841 568 2931 618 καὶ
2961 567 3056 634 τῆς
3087 567 3273 625 αὐτόοι
3321 565 3644 632 πλεονεξίας
3672 568 3832 618 ἀπαλ-

582 653 776 726 Ικιιιιιυτ
807 652 1072 707 lsraelitas
1117 654 1350 707 liberans
1383 655 1432 707 in
1471 670 1628 708 manu
1674 655 1794 708 furti
1843 667 1895 708 ct
1927 658 2148 710 brachio

579 743 834 806 excelso,
906 744 1044 798 sicut
1097 746 1355 812 scriptum
1409 755 1490 800 est
1519 747 1764 801 "?anne
1815 763 1939 801 vero
1985 750 2145 802 etiam

579 835 831 900 deinceps
849 831 1029 887 Jesnm
1059 835 1343 889 manifeste
1368 837 1634 891 dicentem
1661 839 2019 906 reperiemus:
2052 859 2069 890 ι
2087 839 2148 892 Ει

575 924 714 975 είιτιιι
738 937 885 976 eram
915 939 1035 978 cum
1069 924 1266 994 Moyse,
1293 927 1364 980 ita
1389 939 1482 981 ero
1518 928 1678 981 etiam
1715 928 1988 982 vobiscum
2009 929 2138 980 ““h

647 1033 707 1085 Β.
751 1031 1008 1088 Omnino.

647 1126 711 1180 A.
752 1123 923 1188 Quam
955 1125 1116 1192 igitur
1141 1125 1209 1178 ob
1239 1138 1455 1179 causam
1491 1139 1647 1180 nemo
1680 1126 1894 1194 quidem
1931 1127 2142 1184 illorum

577 1211 892 1266 Emmanuel
923 1221 1143 1268 vocatus
1171 1223 1272 1275 est,
1303 1215 1394 1268 sed
1426 1213 1498 1268 illi
1527 1216 1623 1268 soli
1661 1216 1759 1270 hoc
1789 1231 1980 1271 nomen
2015 1234 2143 1272 con-

577 1303 717 1355 venit
749 1303 839 1368 qui
875 1301 1183 1356 novissimis
1227 1303 1404 1357 saeculi
1439 1306 1776 1373 temporibus
1822 1320 1885 1359 ex
1922 1307 2145 1362 muliere

575 1393 866 1446 secundum
892 1405 1109 1445 carnem
1145 1403 1306 1449 natus
1332 1394 1450 1449 est?

643 1483 707 1536 Β.
751 1483 994 1550 Quonam
1031 1487 1188 1538 modo
1216 1486 1395 1554 itaque
1429 1487 1767 1541 censebimus
1799 1487 1997 1542 factum
2024 1502 2143 1543 esse

578 1571 741 1625 Deum
780 1586 844 1624 ex
891 1571 1158 1625 muliere?
1183 1574 1262 1626 An
1289 1583 1543 1641 tanquam
1579 1575 1895 1629 substantia:
1933 1589 2050 1643 quae
2087 1577 2138 1629 in

573 1666 688 1732 ipsa
725 1671 777 1716 et
806 1677 868 1715 ex
911 1662 1019 1728 ipsa
1047 1669 1130 1713 est
1153 1662 1421 1730 particeps
1457 1661 1652 1716 faetum
1682 1662 1842 1715 fuerit
1873 1661 2140 1717 Verbum?

639 1758 702 1808 A.
741 1753 896 1808 Absit
929 1763 985 1806 ut
1017 1752 1151 1806 adeo
1191 1766 1380 1805 vanam
1410 1761 1573 1821 atque
1601 1753 1886 1807 absurdam
1930 1755 2138 1823 opinio-

571 1858 690 1898 nem
742 1843 923 1896 animo
977 1840 1366 1907 concipiamus.
1423 1841 1719 1894 Erroncum
1766 1842 1909 1896 enim
1951 1842 2134 1908 fuerit,

2253 657 2458 708 λάττων
2489 657 2577 707 τὸν
2612 658 2843 727 Ἰσραὴλ,
2888 661 2942 710 ἐν
2981 661 3122 729 χειρὶ
3167 661 3402 730 κραταιᾷ
3443 661 3541 711 καὶ
3595 661 3654 712 ἐν
3707 659 3830 728 βρα-

2249 746 2385 814 χίονι
2433 747 2648 816 ὑψηλῷ,
2703 748 2845 800 καθὰ
2883 747 3188 816 γέγραπται
3225 767 3238 812 ;
3291 749 3412 818 οὐχὶ
3457 749 3515 800 δὲ
3563 751 3662 800 καὶ
3704 748 3834 816 μετὰ

2249 834 2433 898 ταῦτα,
2484 838 2690 906 Ἰησοῦν
2722 839 2946 905 λέγοντα
2977 838 3164 905 σαφῶς
3193 839 3524 910 εὑρήσομεν,
3569 857 3587 888 t
3625 838 3738 889 Καὶ
3757 835 3832 902 ib;

2249 926 2395 996 ἤμην
2433 927 2573 994 μετὰ
2603 929 2794 999 Μωσῆ,
2828 927 2998 991 οὕτως
3026 928 3220 998 ἔσομαι
3249 931 3341 982 καὶ
3375 929 3518 997 μετὰ
3552 927 3684 990 σοῦ;
3713 946 3729 978 ι

2318 1017 2377 1069 Β.
2420 1017 2664 1087 Ἀληθές.

2316 1107 2377 1158 Α.
2413 1106 2557 1174 ’Λρα
2597 1107 2659 1176 δὴ
2709 1102 2816 1171 οὖν,
2859 1108 3029 1170 οὖδεὶς
3071 1108 3171 1177 μὲν
3215 1108 3436 1162 ἐκείνων
3487 1105 3834 1178 Ἐμμανουὴλ

2246 1196 2576 1266 ὠνόμασται,
2603 1200 2810 1268 ἥρμοσε
2837 1200 2890 1252 δὲ
2921 1200 3063 1270 μόνῳ
3092 1198 3350 1270 τοῦνομα,
3380 1199 3458 1268 τῷ
3488 1201 3634 1252 κατὰ
3660 1199 3833 1268 σάρκα

2245 1289 2309 1340 ἐκ
2347 1290 2600 1356 γυναικός
2637 1293 2693 1343 ἐν
2731 1293 2974 1360 ἐσχάτοις
3008 1291 3102 1344 τοῦ
3147 1293 3341 1354 αἰῶνος
3393 1293 3614 1362 καιροῖς
3657 1306 3834 1360 παρα-

2251 1379 2416 1447 δόξως
2455 1383 2837 1452 γεγεννημένῳ
2861 1401 2874 1447 ς

2314 1473 2374 1527 Β.
2411 1474 2724 1544 (ὶίησόμεθα
2746 1474 2810 1545 δὴ
2827 1472 2918 1529 οὖν
2944 1474 3064 1528 τίνα
3091 1475 3292 1544 τρόπον
3314 1473 3684 1543 γεγεννῆσθαι
3702 1470 3834 1524 Θεὸν

2243 1566 2305 1616 ἐκ
2345 1566 2620 1631 γυναικὸς,
2656 1561 2741 1634 ἆρ’
2770 1565 2844 1629 ὡς
2884 1568 2978 1635 τῆς
3012 1565 3297 1636 ὑπάρξεως
3346 1567 3444 1634 τῆς
3493 1568 3554 1617 ἐν
3587 1564 3730 1634 αὐτῇ
3777 1578 3832 1614 τε

2243 1655 2335 1706 καὶ
2366 1655 2423 1719 ἐξ
2455 1655 2625 1724 αὐτῆς
2659 1657 3054 1726 μετεσχηκότες
3082 1655 3175 1708 τοῦ
3210 1658 3414 1724 Λόγους

2310 1744 2373 1793 Α.
2411 1744 2625 1810 Ἄπαγε
2657 1744 2753 1812 τῆς
2794 1745 2934 1797 οὕτω
2956 1746 3168 1815 ψυχρᾶς
3193 1744 3611 1806 εἰκαιοῦουλίας.
3646 1743 3836 1811 Παρα-

2240 1833 2492 1895 πιίοντος
2525 1834 2633 1904 γὰρ
2669 1836 2714 1885 oi
2755 1834 2937 1902 λόγοι,
2989 1837 3080 1887 καὶ
3114 1836 3206 1888 νοῦ
3240 1834 3743 1906 κατηρῤωσηκότος
3776 1833 3831 1884 ἐδ

568 1933 873 2000 mentisque
898 1931 1056 2000 plane
1091 1946 1118 1984 a
1144 1944 1274 1984 vero
1299 1943 1528 1995 aversae,
1558 1930 1868 1985 existimare
1897 1930 2125 1986 ineffabi-

2243 1923 2323 1990 ἐφ’
2437 1924 2509 1992 μὴ
2562 1925 2836 1994 προσῆκεν
2879 1925 3342 1995 ἐκτετραμμένον,
3369 1927 3446 2003 ,τὸ
3484 1924 3694 1993 σαρκὸς
3725 1923 3832 1976 οἴε-

567 2028 672 2079 lem
708 2023 976 2093 Unigeniti
1005 2022 1294 2076 essentiam
1323 2023 1501 2076 carnis
1564 2021 1796 2076 fructum
1829 2023 1942 2077 sive
1975 2024 2136 2078 fetum

566 2131 706 2170 esse.
735 2115 1004 2168 Castorum
1046 2125 1185 2179 erat,
1225 2123 1280 2166 ut
1331 2113 1494 2176 Deus,
1523 2123 1822 2167 comternus
1869 2115 2012 2167 Patri
2049 2117 2136 2181 qui

568 2209 740 2276 ipsum
769 2205 971 2273 genuit,
1012 2211 1065 2257 et
1093 2218 1156 2257 ex
1197 2205 1312 2270 ipso
1339 2203 1632 2257 secundum
1672 2215 1917 2256 naturam
1947 2205 2134 2259 ἰηειῐιι-

565 2299 658 2353 bili
716 2300 872 2350 modo
922 2295 1134 2365 genitus
1187 2304 1289 2346 est.
1348 2292 1660 2348 Volentibus
1719 2306 1895 2349 autem
1952 2307 2134 2366 aperte

563 2403 891 2459 cognoscere
951 2386 1216 2454 quomodo
1249 2395 1299 2439 et
1327 2400 1430 2451 qua
1472 2386 1679 2439 ratione
1715 2386 1764 2437 in
1795 2398 1974 2440 nostra
2010 2403 2131 2456 spe-

562 2483 644 2537 cie
671 2482 980 2550 apparuerit
1011 2479 1064 2532 et
1118 2477 1292 2530 factus
1332 2478 1403 2530 sit
1432 2480 1614 2541 homo,
1659 2478 1870 2532 divinus
1907 2494 2133 2548 evange-

563 2575 686 2626 lista
736 2571 970 2626 Joannes
1015 2568 1273 2631 declarat,
1311 2567 1496 2621 dicens
1527 2585 1539 2619 :
1579 2586 1595 2617 ι
1631 2568 1695 2620 Et
1727 2566 1959 2622 Verbum
2006 2585 2132 2626 caro

559 2666 762 2719 factum
806 2670 905 2726 est,
949 2670 1001 2715 et
1035 2659 1297 2712 habitavit
1339 2659 1390 2712 in
1436 2658 1610 2722 nobis,
1655 2669 1707 2713 et
1751 2661 1982 2715 vidimus
2020 2663 2132 2731 glo-

561 2756 694 2810 riam
746 2754 896 2821 ejus,
949 2751 1193 2821 gloriam~
1226 2759 1482 2818 tanquam
1533 2747 1802 2818 Uuigeuiti
1850 2765 1878 2803 a
1933 2750 2126 2815 Patre,

560 2848 771 2916 plenum
800 2844 987 2914 gratia:
1013 2851 1066 2896 et
1094 2841 1333 2894 veritatis
1358 2839 1421 2892 ⁸³.
1455 2858 1475 2892 ι

629 2935 692 2990 Β.
733 2938 803 2990 At
831 2933 1162 2996 si'Vcrbum,
1201 2932 1470 2999 inquiunt,
1506 2931 1703 2985 factum
1739 2943 1820 2987 est
1846 2949 1990 2998 caro.
2017 2936 2126 3004 iam

558 3044 662 3082 non
702 3026 930 3095 amplius
961 3022 1159 3077 mansit
1192 3019 1450 3088 Verbum,
1486 3023 1578 3075 sed
1605 3024 1783 3091 potius
1825 3024 1982 3078 desiit
2009 3041 2128 3081 esse

558 3121 609 3173 id
640 3118 780 3186 quod
806 3125 945 3170 erat.

625 3212 691 3264 Α.
730 3207 889 3276 Atqui
927 3207 1028 3261 hoc
1068 3219 1271 3258 merum
1317 3203 1564 3258 delirium
1613 3213 1666 3258 et
1705 3204 1972 3260 dementia
2020 3217 2121 3273 est,
2153 3241 2194 3296 Ο

558 3302 798 3369 nihilque
827 3299 970 3352 aliud
999 3311 1156 3365 quam
1201 3297 1398 3349 mentis
1428 3305 1616 3350 emotae
1645 3296 1953 3351 ludibrium.
1985 3299 2124 3353 Cen-

556 3401 676 3447 sent
705 3391 870 3453 enim,
902 3397 959 3441 ut
989 3387 1218 3451 videtur,
1242 3400 1338 3454 per
1368 3386 1468 3439 hoc
1505 3405 1522 3436 ‹
1544 3385 1740 3440 factum
1779 3401 1910 3453 e31,»
1934 3404 2123 3443 neces—

553 3483 698 3538 saria
740 3481 968 3548 quadam
1012 3477 1223 3532 ratione
1257 3477 1604 3530 mutationem
1641 3477 2124 3549 alterationemque

552 3574 795 3644 significa
807 3575 868 3628 ri.

625 3669 682 3721 Β.
727 3667 803 3720 Ita
838 3665 939 3720 sibi
978 3662 1303 3732 persuadent
1335 3670 1386 3714 et
1427 3661 1732 3729 opinionem
1768 3677 1918 3716 suam
1951 3677 2121 3718 sacra:

551 3760 848 3829 Scripturae
881 3755 1204 3811 auctoritate
1237 3754 1538 3808 stabilinnt.
1581 3753 1791 3807 Dictum
1821 3757 1962 3809 enim
2013 3766 2118 3820 εει,

551 3853 822 3921 inquiunt,
877 3849 1001 3902 alibi
1044 3847 1110 3900 de
1156 3861 1324 3901 uxore
1364 3845 1485 3910 Lot,
1535 3847 1674 3914 quod
1713 3845 1852 3900 facta
1905 3849 1973 3901 sit
2023 3863 2116 3903 co-

549 3946 728 3998 lumna
760 3942 889 3996 salis
911 3940 988 4004 “;
1017 3938 1153 3994 etde
1182 3939 1330 4007 virga
1354 3936 1546 4005 Moysi,
1582 3938 1720 4005 quod
1751 3939 1971 4006 projecit
1997 3955 2116 3992 eam

549 4040 602 4092 in
632 4047 854 4098 terram,
883 4043 937 4086 et
968 4030 1104 4085 facta
1135 4037 1219 4084 est
1246 4043 1468 4096 serpens
1492 4028 1557 4080 ιδ.
1588 4027 1860 4082 Naturalis
1885 4033 2026 4083 enim
2062 4031 2113 4084 in

550 4130 696 4183 hisce
728 4125 950 4179 mutatio
983 4123 1121 4176 facta
1153 4129 1253 4175 est.

617 4225 685 4275 Α.
728 4217 868 4288 Ergo
921 4230 1041 4272 cum
1094 4213 1327 4283 psallunt
1363 4211 1579 4280 quidam
1616 4230 1629 4265 :
1663 4231 1681 4264 ‹
1712 4212 1777 4266 Ει
1815 4212 1983 4268 factus
2035 4223 2114 4269 est

547 4312 678 4368 mihi
719 4311 978 4366 Dominus
1023 4306 1078 4360 in
1128 4305 1394 4374 refugium
1413 4303 1504 4366 ";
1539 4323 1556 4355 ι
1592 4313 1645 4358 ει
1683 4319 1909 4358 rursus:
1963 4323 1980 4356 ‹
2011 4306 2111 4360 Do.

545 4406 714 4468 mine,
752 4400 1016 4470 refugium
1058 4397 1232 4451 factus
1279 4411 1339 4450 es
1392 4395 1547 4449 nobis
1593 4396 1645 4448 in
1679 4396 2020 4466 generatione
2060 4405 2114 4450 et

544 4491 892 4564 generatione
911 4489 978 4554 ‘7,
1017 4507 1037 4540 ι
1065 4487 1193 4556 quid
1227 4485 1666 4556 reSpondebunt?
1690 4500 1828 4540 anne
1854 4485 1993 4541 Deus
2018 4489 2108 4556 qui

2243 2013 2366 2066 σθαι
2411 2014 2664 2082 γενέσθαι
2717 2016 2965 2087 καρπὸν,
3015 2017 3113 2085 τὴν
3156 2016 3394 2087 ἄρρητον
3445 2015 3691 2084 ὕπαρξιν
3738 2013 3831 2067 τοῦ

2241 2105 2598 2174 Μονογενοῦς.
2635 2107 2774 2159 Ἀλλ’
2811 2103 2897 2177 ἦν,
2938 2107 3012 2169 ὡς
3042 2107 3194 2170 Θεὸς,
3231 2108 3494 2171 συναῖδιος
3521 2108 3602 2175 τῷ
3631 2109 3830 2177 γεννή-

2241 2214 2393 2248 σαντι
2426 2198 2616 2267 Ila-cpi,
2646 2198 2741 2251 καὶ
2787 2199 2846 2261 ἐξ
2876 2198 3037 2251 αὐτοῦ
3079 2199 3221 2251 κατὰ
3273 2199 3436 2267 φύσιν
3490 2200 3830 2268 ἀπορρήτως

2237 2289 2656 2359 γεγεννημένος,
2683 2289 2954 2343 Ἐθέλουσί
2982 2307 3043 2358 γε
3082 2291 3185 2360 μὴν
3207 2290 3404 2343 εἰδέναι
3427 2290 3637 2358 σαφῶς,
3677 2291 3829 2353 ὅπως

2235 2395 2292 2429 τε
2325 2381 2417 2430 καὶ
2455 2379 2573 2432 τίνα
2614 2379 2810 2449 τρόπον
2842 2382 2898 2432 ἐν
2933 2381 3065 2432 εἴδει
3111 2380 3319 2448 πέφηνε.
3357 2378 3435 2446 τῷ
3467 2379 3592 2432 καθ’
3639 2381 3822 2449 ἡμᾶς,

2237 2470 2330 2522 καὶ
2366 2471 2585 2538 γέγονεν
2623 2471 2935 2540 ἄνθρωπος,
2983 2473 3232 2540 σαφηνιεῖ
3267 2472 3438 2537 λέγων
3466 2473 3495 2523 ὁ
3529 2471 3825 2533 θεσπέσιος

2234 2563 2622 2634 εὐαγγελιστὴς
2658 2564 2927 2634 Ἰωάννης·
2965 2583 2980 2614 t
3010 2564 3121 2616 Καὶ
3145 2565 3172 2616 ὁ
3202 2564 3372 2632 Λόγος
3404 2563 3545 2636 σὰρξ
3579 2565 3822 2632 ἐγένετο,

2235 2657 2326 2706 καὶ
2367 2655 2671 2725 ἐσκήνωσεν
2708 2657 2763 2707 ἐν
2800 2657 2949 2724 ἡμῖν,
2994 2656 3086 2707 καὶ
3130 2654 3476 2724 ἐθεασάμεθα
3515 2655 3619 2726 τὴν
3661 2655 3822 2722 δόξαν

2234 2744 2416 2809 αὐτοῦ,
2447 2745 2600 2810 δόξαν
2632 2747 2706 2809 ὡς
2737 2747 3072 2814 Μονογενυῦς
3117 2747 3268 2817 παρὰ
3306 2747 3549 2817 Πατρὸς,
3603 2748 3822 2818 πλήρης

2232 2838 2454 2907 χάριτος
2493 2840 2588 2892 καὶ
2622 2839 2899 2908 ἀληθείας.
2936 2859 2952 2890 ι

2303 2930 2361 2982 Β.
2410 2929 2548 2982 Ἀλλ’
2575 2933 2624 2984 εἰ
2661 2931 2870 2999 γέγονε,
2911 2933 3072 2999 φασὶ,
3116 2930 3284 3002 σὰρξ,
3317 2935 3344 2984 ὁ
3375 2934 3572 2999 Λόγος,
3601 2934 3705 2987 οὐκ
3740 2933 3817 2986 ἔτι

2235 3021 2509 3090 μεμένηκε
2543 3021 2734 3089 Λόγος,
2767 3022 3172 3092 ἀποπεφοίτηκε
3211 3021 3266 3075 δὲ
3303 3022 3505 3093 μᾶλλον
3534 3024 3631 3078 τοῦ
3677 3021 3816 3078 εἶναι

2229 3113 2256 3164 ὃ
2287 3108 2373 3182 ἦν.

2301 3205 2361 3254 Α.
2402 3204 2510 3256 Καὶ
2548 3206 2653 3273 μὴν
2704 3203 2860 3256 τοῦτό
2915 3203 2978 3273 γέ
3033 3205 3150 3256 ἐστι
3193 3204 3448 3276 τερθρεὶα
3496 3211 3593 3259 καὶ
3626 3205 3812 3276 λῆρος,

2234 3295 2328 3346 καὶ
2383 3294 2735 3364 ἐξεστηκότος
2777 3296 3053 3364 εὑρέματα
3097 3295 3208 3359 νοῦ,
3257 3297 3351 3348 καὶ
3397 3295 3589 3366 ἕτερον
3635 3299 3814 3353 οὐδέν.

2233 3389 2447 3441 Οῖονται
2479 3389 2607 3458 γὰρ,
2639 3389 2713 3451 ὡς
2753 3387 2945 3448 ἔοικεν,
2973 3389 3047 3451 ὼς
3065 3388 3122 3452 ἐξ
3138 3388 3379 3456 ἀφύκτου
3416 3405 3474 3440 τε
3507 3389 3607 3442 καὶ
3643 3391 3812 3460 ἀναγο

2233 3479 2385 3532 καίου
2417 3480 2597 3547 λόγου,
2638 3479 2844 3550 τροπῆς
2885 3498 2944 3533 τε
2985 3481 3080 3534 καὶ
3109 3481 3445 3543 ἀλλοιώσεως
3474 3481 3811 3551 σημαντικὸν

2231 3567 2368 3624 εἶναι
2399 3571 2477 3634 τὸ,
2514 3592 2531 3623 ε
2574 3573 2809 3640 ἐγένετο.
2849 3593 2867 3625 ι

2300 3662 2341 3712 Β
2394 3663 2520 3725 Ναὶ,
2553 3664 2706 3730 φασὶ,
2737 3664 2828 3716 καὶ
2859 3664 2922 3734 δὴ
2959 3663 3048 3716 τὸν
3079 3666 3276 3717 οἰκεῖον
3307 3666 3605 3736 ἐμπεδοῦσι
3630 3669 3803 3737 λόγον,

2228 3752 2284 3817 ἐξ
2317 3752 2484 3822 αὐτῆς
2519 3753 2728 3818 ἑλόντες
2759 3754 2857 3824 τῆς
2903 3754 3257 3807 θεοπνεύστου
3302 3757 3547 3826 Γραφῆς.
3579 3759 3805 3830 Εἴρηται

2226 3844 2334 3912 γάρ
2369 3861 2494 3907 που,
2530 3847 2712 3914 φασὶν,
2741 3847 2832 3899 ἐπὶ
2866 3847 2963 3917 μὲν
2994 3847 3093 3916 τῆς
3126 3848 3218 3900 τοῦ
3248 3847 3370 3901 Λὼτ
3405 3853 3692 3917 γυναικὸς,
3726 3853 3802 3906 ὅτι

2225 3936 2440 4003 ἐγένετο
2481 3939 2646 4008 στήλη
2684 3939 2828 4002 ἁλός.
2869 3940 2979 3993 Καὶ
3020 3939 3125 4010 μὴν
3168 3941 3262 3993 καὶ
3300 3942 3391 3994 ἐπὶ
3425 3942 3524 4011 τῆς
3558 3945 3800 4008 Μωσέως

2227 4027 2443 4096 ῥάϐδου,
2471 4029 2550 4082 ὅτι
2581 4029 2804 4101 ἔρριψεν
2841 4031 3012 4102 αὐτὴν
3041 4033 3132 4084 ἐπὶ
3157 4033 3255 4102 τὴν
3285 4034 3408 4104 γῆν,
3442 4035 3540 4087 καὶ
3581 4037 3798 4104 ἐγένετο

2224 4117 2364 4184 ὄφις.
2393 4118 2596 4187 Φυσικὴ
2629 4119 2732 4190 γὰρ
2762 4121 2818 4172 ἐν
2849 4121 3060 4184 τούτοις
3092 4121 3314 4189 γέγονεν
3346 4125 3378 4194 ἡ
3414 4128 3617 4197 τροπή.

2295 4211 2356 4262 Α.
2390 4209 2617 4274 Οὐκοῦν,
2659 4212 2746 4265 ὅτε
2775 4213 3036 4281 ψάλλουσι
3061 4231 3224 4277 τινες,
3264 4233 3284 4266 ‹
3314 4216 3425 4269 Καὶ
3452 4217 3679 4285 ἐγένετό
3705 4237 3792 4291 μοι

2221 4300 2423 4371 Κύριος
2459 4305 2538 4366 εἰς
2573 4306 2912 4375 καταφυγήν·
2945 4325 2963 4357 ι
3010 4307 3102 4359 καὶ
3132 4307 3310 4372 πάλιν,
3347 4328 3365 4360 ‹
3393 4309 3591 4382 Κύριε,
3623 4329 3788 4367 κατα-

2221 4392 2363 4462 φυγὴ
2415 4394 2680 4464 ἐγενήθης
2727 4397 2878 4465 ἡμῖν,
2927 4396 2983 4448 ἐν
3014 4398 3176 4468 γενεᾷ
3221 4398 3314 4451 καὶ
3354 4403 3581 4470 γενεᾷ,»
3627 4403 3681 4456 τί
3728 4404 3790 4476 δὴ

2220 4488 2374 4553 φαῖεν
2401 4487 2465 4538 ἂν
2485 4504 2499 4552 ;
2520 4482 2630 4556 ἆρα
2658 4485 2718 4539 τὸ
2750 4483 2885 4541 εἶναι
2906 4488 3037 4551 Θεὸς
3067 4491 3224 4558 ἀφεὶς
3252 4491 3281 4542 ό
3303 4491 3672 4562 ὑμνούμενος,
3694 4512 3788 4565 μεο

544 4587 633 4639 hic
663 4585 1007 4645 decantatur,
1041 4579 1293 4633 desinens
1339 4593 1458 4633 esse
1480 4578 1640 4640 Deus,
1678 4587 1914 4632 mutatus
1946 4586 2026 4633 est
2061 4581 2111 4633 in

2241 4575 2601 4645 ῑακεχώρηκεν
2648 4576 2712 4628 ἐκ
2753 4577 3054 4649 μεταϐολῆς
3095 4580 3173 4642 εἰς
3205 4579 3264 4632 τὸ
3297 4576 3437 4633 εἶναι
3475 4585 3785 4654 καταφυγὴ,

543 4675 850 4744 refugium,
902 4681 957 4726 et
1013 4670 1310 4724 translatus
1353 4679 1438 4726 cst
1481 4669 1799 4724 naturaliter
1866 4669 1917 4722 in
1971 4670 2112 4723 aliud

542 4765 686 4836 quod
717 4764 869 4817 initio
894 4776 998 4816 non
1023 4761 1182 4814 erat?
1213 4762 1280 4814 At
1307 4775 1434 4815 vero
1455 4761 1720 4829 quomodo
1751 4776 1854 4814 non
1884 4761 1933 4815 id
1956 4762 2113 4829 plane

541 4859 776 4912 alienum
804 4857 874 4909 sit
912 4869 939 4906 a
965 4852 1130 4923 718
1151 4851 1265 4906 Deo
1294 4851 1620 4906 naturaliter
1643 4852 1974 4906 exsistente?
2003 4851 2110 4906 lm-

543 4945 820 5001 mntabilis
849 4944 993 5000 enim
1035 4944 1327 4997 secundum
1369 4951 1614 4995 naturam
1647 4956 1767 4995 eum
1807 4942 1892 5004 sit,
1933 4952 2114 4995 manet

541 5040 783 5110 profecto
813 5038 862 5092 id
894 5037 1034 5106 quod
1065 5045 1206 5099 erat,
1247 5044 1302 5089 et
1328 5043 1411 5090 est
1442 5049 1674 5103 semper,
1709 5033 1920 5089 tametsi
1959 5034 2105 5088 dica-

533 5144 631 5187 tur
656 5130 831 5184 factus
855 5143 972 5184 esse
1007 5126 1296 5197 refugium.

608 5225 668 5278 Β.
711 5221 925 5292 Optime
954 5229 1101 5275 certe
1127 5217 1534 5285 rectissimeque
1562 5217 1766 5272 dixisti.

607 5322 670 5370 A.
716 5315 848 5370 Cum
883 5313 1065 5381 itaque
1104 5311 1196 5365 Dei
1228 5311 1429 5365 mentio
1465 5311 1543 5375 lit,
1569 5310 1613 5363 si
1645 5310 1713 5363 ab
1749 5306 1930 5376 aliquo
1956 5308 2100 5362 diea-

537 5411 624 5459 tur
655 5405 807 5468 illud,
846 5403 1048 5457 Factus
1074 5411 1157 5456 est
1188 5443 1202 5466 ,
1235 5414 1341 5470 quo
1367 5411 1523 5469 pacto
1552 5415 1654 5454 non
1689 5399 1761 5452 sit
1787 5398 2097 5460 absurdmn,

537 5507 697 5564 atque
727 5495 862 5550 adeo
900 5496 1248 5549 vehementer
1289 5492 1600 5552 absurdum.
1627 5491 1939 5545 existimare
1979 5506 2097 5542 mu-

540 5591 790 5641 tationem
836 5587 1066 5655 aliquam
1099 5601 1192 5654 per
1241 5585 1292 5638 id
1327 5583 1642 5653 significari,
1679 5591 1731 5636 et
1777 5585 1881 5635 non
1923 5581 2099 5649 potius

537 5680 718 5732 conari
761 5681 814 5733 td
844 5679 946 5732 alia
981 5680 1190 5733 ratione
1235 5677 1557 5747 intelligere,
1592 5676 1991 5746 prudenterque
2031 5675 2096 5728 ad

605 5792 649 5822 "
681 5788 834 5843 Deut.
867 5805 921 5851 ν,
955 5791 1040 5843 15.

537 5861 579 5893 δ’
608 5859 746 5917 Psal.
779 5875 994 5926 Lxxxtx,
1028 5862 1078 5914 1.

2217 4668 2310 4719 καὶ
2343 4668 2576 4739 μετέστη
2609 4669 2849 4737 φυσικῶς
2885 4669 3021 4740 πρὸς
3055 4670 3240 4743 ἕτερόν
3264 4689 3317 4725 τι
3359 4674 3490 4744 παρ’
3525 4675 3663 4746 ὅπερ
3694 4679 3786 4729 οὐκ

2214 4755 2281 4829 ἦν
2308 4760 2365 4812 ἐν
2391 4761 2612 4830 ἀρχαίς;
2645 4762 2753 4815 Καὶ
2783 4761 2898 4824 πῶς
2928 4762 3024 4839 οὐκ
3049 4763 3301 4827 ἀπεοικὸς
3331 4765 3424 4817 καὶ
3449 4767 3786 4838 ἀνάρμοστον

2214 4853 2290 4923 τῷ
2320 4870 2382 4922 γε
2412 4854 2525 4907 ὄντι
2555 4853 2694 4908 κατὰ
2735 4852 2894 4924 φύσιν
2923 4854 3042 4925 Θεῷ
3077 4855 3137 4908 τὸ
3170 4855 3361 4926 χρῆμά
3387 4858 3574 4924 ἐστιν;
3600 4861 3788 4929 ’Δτρε-

2213 4959 2344 5007 πτος
2389 4946 2498 5014 γὰρ
2527 4943 2602 4997 ὢν
2645 4945 2788 4999 κατὰ
2833 4945 3017 5015 φύσιν,
3065 4947 3214 5016 μένει
3259 4964 3361 5000 που
3397 4947 3620 5013 πάντως
3655 4951 3787 5020 ὅπερ

2213 5030 2304 5104 ἦν,
2335 5036 2427 5087 καὶ
2453 5037 2598 5089 ἐστιν
2628 5037 2735 5101 ἀεὶ,
2762 5038 2866 5090 κᾶν
2894 5039 2942 5090 εἰ
2974 5038 3182 5106 λέγοιτο
3199 5040 3307 5092 τισὶ
3335 5040 3592 5107 γενέσθαι
3622 5059 3789 5095 xam-

2215 5128 2382 5195 φυγή·

2285 5217 2344 5268 Β.
2390 5217 2623 5286 Ἀριστά
2659 5235 2722 5286 γε
2763 5219 2855 5272 καὶ
2887 5218 3030 5288 μάλα
3066 5219 3234 5296 spes;
3273 5223 3421 5289 ἔφης.

2280 5310 2326 5358 Α
2384 5308 2591 5361 οὐκοῦν
2643 5311 3127 5379 παρενηνεγμένης
3174 5312 3253 5372 εἰς
3301 5313 3465 5380 μέσον
3512 5316 3609 5386 τῆς,
3653 5316 3784 5376 Θεοῖὶ

2213 5399 2462 5469 μνήμης,
2503 5402 2549 5453 εἰ
2585 5401 2687 5454 ὑπό
2731 5419 2823 5454 του
2869 5400 3078 5468 λέγοιτο
3109 5400 3187 5464 τὸ,
3232 5403 3496 5470 Ἐγένετο,
3532 5408 3652 5469 πῶς
3688 5409 3783 5464 οὐκ

2209 5491 2419 5561 ἀμαθὲς
2449 5497 2542 5545 καὶ
2583 5495 2793 5547 ἀνόσιον
2823 5495 3054 5565 κομιδῇ,
3099 5494 3304 5566 τροπὴν
3341 5495 3549 5550 οἴεσθαι
3585 5501 3783 5570 σημαὶ-

2208 5600 2318 5635 νειν
2351 5583 2501 5650 αὐτὸ,
2541 5587 2632 5638 καὶ
2663 5586 2784 5655 οὐχὶ
2817 5587 2881 5656 δὴ
2917 5585 3115 5655 μᾶλλον
3144 5587 3266 5639 καθ’
3290 5586 3476 5657 ἕτερόν
3508 5605 3631 5642 τινα
3664 5594 3784 5659 τρό-

2209 5690 2308 5726 πον
2342 5675 2630 5744 πειρᾶσθαι
2662 5679 2820 5739 νοεῖν,
2852 5679 2944 5730 καὶ
2980 5677 3327 5748 περιτρέπειν
3374 5679 3662 5747 ἐμφρόνως
3704 5680 3780 5741 εις

1135 5790 1200 5820 ιι·
1225 5788 1339 5843 Jos.
1367 5806 1404 5854 ι,
1432 5790 1483 5843 5.
1584 5789 1629 5819 ⁸³
1651 5787 1803 5843 Joan.
1838 5803 1876 5853 ι,
1908 5788 1992 5843 Η.
2089 5788 2125 5818 ⁸⁴

2241 5805 2295 5846 n.
2332 5806 2442 5857 xu,
2473 5790 2558 5846 26.
2661 5792 2705 5824 "
2735 5791 2900 5848 Exod.
2932 5808 3001 5858 tv,
3036 5792 3091 5856 5,
3123 5793 3177 5846 4.
3256 5792 3300 5824 ⁵⁸
3322 5790 3465 5846 Psal.
3502 5807 3653 5848 xcm.
3687 5788 3770 5848 ιε.
