4006 6456
212 477 352 530 19.61

1355 473 1542 538 QlIOD
1587 472 1770 528 UNUS
1809 472 1915 528 SIT
1954 470 2326 532 CHRISTUS.

3359 475 3496 533 1-Ξίί2

202 588 271 642 τὸ
315 591 399 643 ὃτι
434 589 668 659 μάλιστα
719 587 929 660 πρέπον
966 607 1024 642 τε
1072 592 1163 642 καὶ
1199 590 1372 652 ἐοικὸς
1420 592 1495 659 τῷ
1547 591 1769 660 ἀτρέπτι

1910 593 1958 646 id
1998 595 2138 662 quod
2188 594 2294 646 Deo
2333 593 2652 648 immutabili
2708 595 2944 651 maxime
2990 594 3247 650 convenit
3280 611 3498 651 accom-

199 679 362 750 Θεῷ;
394 681 515 735 Πῶς
543 682 606 750 δὴ
636 677 730 733 οὖν
757 682 865 750 ἄρα
895 682 973 743 εἰς
1007 681 1184 750 σάρκα
1215 681 1392 749 φαμὲν
1424 681 1677 748 γενέσθαι
1712 680 1802 733 τὸν

200 772 400 839 Λόγον,
443 773 504 823 τὸ
535 773 806 841 ἄτρεπτόν
838 790 892 824 τε
942 773 1035 824 καὶ
1064 771 1418 824 ἀναλλοίωτον
1456 774 1531 834 ὡς
1581 773 1710 825 ἴδιόν
1743 783 1801 825 τε

198 864 298 916 καὶ
329 862 584 926 οὐσιῶδες
613 863 710 914 καὶ
755 864 1072 932 ἐμπεφυκὸς
1115 862 1262 932 αὑτῷ
1310 863 1602 932 τηροῦντες
1636 863 1744 926 ἀεὶ,
1774 866 1800 917 ό

198 956 480 1022 πάνσοφος
513 954 745 1020 Παῦλος,
772 957 800 1007 ό
831 954 938 1008 τῶν
965 952 1131 1006 αὑτοῦ
1171 955 1484 1024 μυστηρίων
1515 955 1738 1023 ταμίας,
1771 956 1800 1006 ό

197 1046 307 1099 τῶν
345 1046 726 1112 εὐαγγελικῶν
776 1046 1152 1116 κηρυγμάτων
1203 1045 1508 1115 ἱερουργὸς,
1547 1048 1802 1114 σαφηνιεί

193 1136 397 1205 λέγων⁹
439 1158 456 1188 ι
489 1135 660 1191 Τοῦτο
701 1140 948 1207 φρονεῖτε
1008 1137 1239 1199 ἕκαστος
1267 1140 1324 1190 ὲν
1360 1139 1490 1207 ὑμῖν
1530 1138 1733 1202 αὑτοῖς,
1769 1136 1798 1190 ὃ

190 1231 291 1280 καὶ
322 1231 382 1280 ὲν
422 1229 646 1298 Χριστῷ
683 1227 882 1299 Ἰησοῦ,
925 1229 984 1291 ὃς
1029 1231 1086 1281 ἐν
1120 1232 1301 1299 μορφῇ
1343 1228 1478 1281 Θεοῦ
1509 1229 1794 1299 ὑπάρχων,

189 1315 293 1386 οὐχ
325 1317 626 1388 ἁρπαγμὸν
654 1318 896 1388 ἡγήσατο
927 1317 988 1370 τὸ
1014 1313 1152 1370 εἷναι
1187 1318 1276 1370 ἴσα
1297 1317 1437 1388 Θεῷ,
1466 1317 1579 1370 ἀλλ’
1605 1318 1795 1371 ἑαυτὸν

188 1406 456 1472 ἑκὲνωσε,
511 1407 728 1478 μορφὴν
779 1407 966 1460 δούλου
1011 1408 1209 1473 λαϐὼν,
1257 1409 1315 1461 ὲν
1357 1407 1662 1478 ὁμοιώματι
1696 1410 1792 1460 ἀν-

189 1497 434 1565 Θρὼπων
467 1501 782 1570 γενόμενος,
813 1502 907 1552 καὶ
943 1503 1182 1572 σχήματι
1209 1502 1454 1572 εὑρεθεὶς
1486 1502 1560 1565 ὡς
1585 1501 1794 1571 ἄνθρω-

189 1603 315 1650 πος,
361 1589 729 1642 ἐταπείνωσεν
760 1590 973 1653 ἑαυτὸν,
1020 1591 1312 1660 γενόμενος
1353 1592 1596 1662 ὑπήκοος
1629 1591 1790 1662 μέχρι

187 1679 450 1743 Θανάτου,
483 1680 712 1733 Θανάτου
744 1681 800 1735 δὲ
833 1681 1089 1752 σταυροῦ.
1118 1699 1136 1732 ›
1178 1681 1372 1734 Καίτοι
1416 1682 1525 1752 γὰρ
1550 1682 1682 1746 Θεός
1728 1700 1788 1735 τε

187 1771 288 1823 καὶ
315 1776 381 1824 ὲκ
411 1773 544 1825 Θεοῦ
582 1774 725 1826 κατὰ
772 1776 930 1842 φύσιν
959 1763 1220 1844 ὑπάρχων
1243 1776 1270 1827 ό
1300 1775 1592 1844 μονογενὴς
1623 1773 1787 1826 αὑτοῦ

187 1865 392 1931 Λόγος,
439 1866 499 1917 τὸ
538 1867 883 1936 ἀπαύγασμα
926 1869 1024 1936 τῆς
1059 1868 1239 1938 δόξης,
1291 1869 1384 1923 xei.
1431 1869 1459 1920 6
1498 1870 1786 1939 χαρακτὴρ

184 1955 288 2024 τῆς
322 1955 676 2018 ὑποστάσεως
704 1957 798 2010 τοῦ
825 1960 1203 2028 γεννήσαντος,
1230 1953 1453 2027 γέγονεν
1477 1959 1778 2030 ἅνθρωπος,
1820 1937 1860 1991 Β

182 2048 281 2099 καὶ
315 2047 416 2100 οὑκ
445 2049 525 2110 είς
566 2051 744 2120 σάρκα
784 2051 1044 2119 τραπεὶς,
1085 2051 1117 2118 ἢ
1156 2049 1388 2120 φυρμὸν,
1428 2051 1459 2120 ἢ
1494 2052 1710 2120 κρᾶσιν,
1749 2053 1781 2122 ἦ

180 2157 236 2193 τι
273 2141 383 2193 τῶν
412 2143 666 2196 τοιούτων
709 2143 893 2214 ἕτερον
931 2145 1248 2213 ὑπομείνας,
1279 2143 1466 2206 καθεὶς
1494 2145 1549 2196 δὲ
1582 2146 1781 2215 μᾶλλον

181 2231 382 2285 ἑαυτὸν
417 2237 494 2297 εἰς
525 2236 776 2298 κένωσιν,
812 2236 905 2288 καὶ
943 2236 1062 2288 ἀντὶ
1094 2239 1188 2307 τῆς
1229 2237 1598 2307 προκειμένης
1631 2237 1779 2307 αὑτῷ

181 2328 385 2394 χαρᾶς,
411 2327 673 2397 αἰσχύνης
699 2329 1140 2396 καταφρονήσας,
1175 2328 1268 2380 καὶ
1297 2329 1395 2398 τὴν
1435 2329 1532 2398 τῆς
1562 2329 1774 2399 ἀνθρω-

180 2420 421 2487 πότητος
461 2421 738 2489 πτωχείαν
782 2421 880 2472 οὑκ
913 2421 1206 2490 ἀτιμάσας.
1240 2421 1498 2492 Ἦθέλησε
1535 2424 1665 2494 γὰρ,
1703 2426 1776 2488 ὡς

177 2512 340 2575 Θεὸς,
382 2515 480 2582 τὴν
520 2513 736 2584 Θανάτῳ
775 2515 868 2568 καὶ
915 2516 1158 2586 ἁμαρτία
1203 2517 1530 2587 ὲνεχομὲνην
1573 2519 1774 2587 σάρκα,

177 2607 275 2657 καὶ
319 2605 551 2658 Θανάτου
598 2608 693 2658 καὶ
741 2608 972 2676 αἵματος
1017 2607 1292 2678 ἀποφῆναι
1343 2610 1648 2679 κρείττονα,
1682 2611 1774 2662 καὶ

173 2697 514 2767 ἀνακομίσαι
549 2699 687 2769 πρὸς
730 2700 790 2751 τὸ
828 2700 886 2752 ὲν
915 2700 1132 2770 ἀρχαῖς,
1168 2700 1302 2752 ίδίαν
1337 2700 1507 2771 αὐτὴν
1540 2705 1773 2772 ποιησά-

176 2803 374 2858 μενος,
420 2789 514 2839 καὶ
556 2789 655 2840 οὐκ
688 2789 893 2859 ἄψυχόν
928 2807 990 2857 γε
1025 2791 1164 2843 κατά
1197 2805 1368 2856 τινας,
1411 2794 1772 2865 ὲψυχωμένην

169 2879 232 2933 δὲ
272 2879 478 2950 μᾶλλον
509 2879 654 2950 ψυχῇ
691 2883 877 2950 νοερᾷο
925 2882 1061 2933 ἰέναι
1109 2900 1170 2949 γε
1209 2885 1314 2952 μὴν
1362 2885 1459 2954 τὴν
1500 2885 1577 2955 τῷ
1625 2889 1770 2956 πράο

169 2984 352 3040 γματι
398 2972 714 3042 πρέπουσαν
763 2974 864 3024 οὐκ
911 2970 1230 3038 ἀπαξιώσας
1277 2975 1482 3046 τρίϐον,
1513 2977 1612 3047 τὴν
1647 2979 1769 3032 καθ’

169 3065 326 3134 ἡμᾶς
372 3063 624 3131 γέννησιν
659 3059 946 3131 ὑπομεῖναι
992 3064 1232 3133 λέγεται,
1267 3067 1594 3146 μεμενηκὼς
1631 3070 1769 3141 ὅπερ

167 3151 261 3225 ἦν.
313 3150 640 3223 Γεγὲννηται
675 3155 782 3224 γὰρ
823 3156 1144 3223 παραδόξως
1195 3158 1336 3210 κατά
1387 3161 1608 3230 σάρκα⁹,
1645 3162 1676 3232 ἢ
1712 3166 1767 3216 ἐν

169 3243 303 3295 εῖδει
336 3241 443 3312 τῷν
474 3242 593 3295 καθ’
621 3245 771 3312 ἡμᾶς
798 3245 1026 3313 ὀφθῆναι
1053 3249 1166 3309 τοῖς
1193 3247 1284 3299 ἐπὶ
1316 3248 1438 3317 γῆς,
1469 3251 1557 3304 τὸν
1585 3252 1764 3320 ἀναφῆ

168 3335 266 3387 καὶ
297 3332 632 3403 ἀοὼματον“.
653 3333 797 3404 Πλὴν
830 3335 1251 3406 ὲνανΘρωπῆσαι
1283 3340 1569 3410 κρίναντα,
1600 3343 1694 3394 καὶ
1712 3347 1768 3395 ἐν

165 3424 350 3494 ἑαυτῷ
393 3426 487 3477 καὶ
533 3424 680 3494 μόνῳ
725 3429 836 3488 τοῖς
878 3427 979 3496 τῆς
1026 3427 1278 3500 θεότητος
1325 3431 1632 3497 ἀξιώμασιν
1669 3436 1764 3486 ὲκ·-

165 3518 360 3586 πρεπῆ
389 3515 486 3586 τὴν
525 3515 683 3586 ἡμῶν
713 3518 989 3587 ἀποφῆναι
1031 3519 1191 3588 φύσιν
1215 3541 1226 3552 ·
1263 3518 1330 3591 ἦν
1372 3523 1478 3594 γὰρ
1509 3525 1536 3575 ό
1577 3525 1761 3590 αὐτὸς,

163 3612 299 3672 Θεός
333 3627 397 3678 γε
444 3610 578 3681 ὁμοῦ
623 3611 718 3664 καὶ
749 3611 1067 3681 ἄνθρωπος,
1100 3615 1191 3666 καὶ
1236 3616 1293 3667 ὲν
1326 3615 1630 3686 ὁμοιώματι
1664 3617 1763 3687 μὲν

163 3699 479 3769 άνΘρώπου,
513 3700 648 3752 καθὸ
683 3701 823 3768 μετὰ
863 3702 1052 3753 τούτου
1085 3705 1178 3755 καὶ
1224 3705 1356 3767 Θεὸς
1397 3701 1486 3776 ἦν,
1519 3709 1761 3778 σχήματι

162 3792 218 3844 δὲ
245 3792 321 3854 ὡς
351 3791 655 3864 ἄνθρωπος.
684 3790 816 3855 Θεὸς
845 3793 954 3865 γὰρ
990 3790 1057 3864 ἦν
1081 3796 1137 3847 ὲν
1169 3795 1298 3847 εἴδει
1329 3796 1406 3867 τῷ
1437 3799 1558 3850 καΘ’
1589 3801 1758 3869 ἡμᾶς,

162 3885 258 3936 καὶ
315 3885 374 3934 ἐν
420 3883 608 3935 δούλου
653 3888 871 3955 μορφῇ,
917 3888 1213 3958 Δεσπότης.
1246 3889 1435 3960 Σάρκα
1477 3892 1584 3962 γὰρ
1618 3891 1761 3944 οὕτω

161 3977 347 4048 φαμὲν
377 3978 655 4048 γενέσθαι.
688 3980 956 4053 Ταυτῃτοι
993 3983 1085 4036 καὶ
1113 3983 1376 4038 Θεοτόκον
1409 3983 1550 4041 εἶναι
1578 3988 1758 4042 διαδε-

161 4070 468 4140 Catoni;st
498 4072 594 4143 τὴν
625 4067 787 4140 ἁγίαν
816 4074 1112 4145 Παρθένον.

1910 686 2168 736 modare‘!
2228 683 2472 749 Quonam
2524 685 2686 754 igitur
2737 697 2895 755 pacto
2955 688 3007 742 in
3060 703 3225 743 carne
3289 690 3492 745 factum

1908 773 2074 827 fuisse
2102 774 2335 828 Verbum
2378 776 2642 841 dicamus,
2689 777 3186 833 immutabilitatem
3237 795 3358 850 qua:
3393 781 3494 850 ipsi

1904 867 2122 934 pmpria
2169 877 2332 936 atque
2383 870 2688 924 essentialis
2751 883 2808 924 ct
2845 872 3040 937 insita,
3092 883 3175 926 est
3230 883 3494 941 perpetuo

1903 970 2317 1026 conservantes,
2370 962 2806 1028 sapientissimus
2852 963 3073 1030 Paulus,
3111 966 3497 1034 mysteriorum

1902 1048 2072 1117 ipsius
2170 1053 2516 1120 dispensator
2590 1056 3026 1124 evangelicazque
3092 1059 3490 1126 praedicationis-

1905 1142 2178 1210 minister,
2206 1144 2467 1210 declarat,
2506 1147 2729 1201 dicens:
2766 1164 2785 1199 ι
2824 1148 2938 1202 Hoc
2973 1152 3173 1204 sentite
3196 1155 3492 1223 unusquis-

1901 1247 2006 1301 que
2039 1235 2088 1286 in
2123 1236 2274 1289 vobis
2302 1239 2441 1304 quod
2494 1248 2549 1292 et
2594 1240 2645 1292 in
2679 1239 2899 1294 Christo
2931 1240 3080 1309 Jesu,
3113 1244 3228 1311 qui,
3272 1260 3394 1299 cum
3435 1248 3488 1301 in

1902 1321 2074 1375 forma
2127 1322 2216 1376 Dei
2269 1334 2435 1389 esset,
2489 1340 2593 1381 non
2649 1329 2892 1398 rapinam
2940 1332 3245 1388 arbitratus
3296 1343 3380 1388 est
3428 1353 3488 1391 se

1897 1429 2018 1468 esse
2069 1416 2327 1484 mqnalem
2380 1417 2487 1472 Deo
2531 1437 2544 1472 :
2587 1420 2679 1474 sed
2730 1423 3084 1492 semetipsum
3143 1426 3482 1492 exinanivit.

1897 1503 2124 1560 formam
2154 1507 2297 1560 servi
2335 1508 2627 1579 accipiens,
2663 1510 2715 1563 in
2750 1511 3157 1569 similitudinem
3202 1516 3482 1573 hominum

1896 1595 2093 1663 factus,
2138 1608 2194 1651 et
2226 1597 2414 1653 habitu
2450 1601 2702 1657 inventus
2746 1613 2804 1655 ut
2834 1604 3016 1670 homo,
3049 1607 3361 1663 liuiniliavit
3393 1627 3482 1665 se-

1893 1685 2091 1753 ipsum,
2126 1685 2298 1741 factus
2330 1686 2590 1742 obediens
2627 1703 2798 1760 usque
2835 1693 2903 1745 ad
2936 1703 3164 1748 mortem
3201 1735 3215 1760 ,
3250 1710 3482 1756 mortem

1891 1784 2071 1829 autem
2119 1778 2298 1830 crucis
2318 1777 2382 1830 ιθ.
2416 1797 2436 1830 ι
2475 1779 2614 1833 Deus
2651 1781 2796 1834 enim
2833 1791 2887 1837 et
2927 1797 2991 1838 ει
3032 1783 3145 1839 Ι)εο
3183 1790 3482 1846 secundum

1892 1877 2140 1922 naturam
2190 1870 2460 1925 exsistens
2505 1872 2839 1940 unigenitum
2902 1874 3073 1942 ipsius
3113 1876 3377 1944 Verbum,
3426 1893 3482 1939 et

1891 1960 2143 2029 splendor
2199 1961 2413 2032 gloriae,
2464 1975 2518 2017 et
2565 1963 2851 2020 character
2899 1969 3217 2026 substantia:
3255 1972 3482 2031 Genito-

1892 2052 1968 2104 ris
1988 2049 2057 2113 ιν,
2095 2053 2293 2104 tactum
2322 2062 2403 2107 est
2433 2053 2619 2117 homo,
2641 2064 2694 2108 et
2727 2070 2832 2109 non
2865 2056 2918 2111 in
2947 2073 3168 2116 carnem
3191 2074 3479 2132 mutatum,

1891 2157 2064 2211 neque
2095 2145 2258 2198 ullam
2312 2155 2407 2199 aut
2450 2148 2760 2215 misturam,
2805 2162 2900 2207 aut
2937 2164 3356 2222 temperaturam
3387 2139 3481 2214 aut

1890 2233 2032 2288 aliud
2069 2235 2343 2306 quidpiam
2388 2236 2762 2305 hujuscemodi
2811 2243 3000 2307 subiit,
3045 2244 3138 2297 sed
3170 2248 3348 2313 potius
3379 2251 3476 2302 de-

1890 2329 2109 2379 mittcns
2165 2343 2222 2380 se
2259 2327 2323 2380 ad
2373 2328 2797 2385 exinanitionein
2826 2371 2839 2395 ,
2880 2343 2934 2387 et
2988 2349 3086 2402 pro
3138 2339 3338 2406 gaudio
3373 2342 3478 2396 sibi

1888 2418 2199 2487 preposito,
2261 2419 2497 2476 dedecus
2556 2433 2951 2488 contemnens,
3005 2427 3477 2501 humanitatisque

1888 2511 2158 2564 miseriam
2213 2520 2376 2580 atque
2423 2514 2773 2582 indigentiam
2817 2533 2923 2572 non
2975 2534 3319 2590 aspernatus.
3368 2525 3471 2583 Vo-

1885 2603 1984 2655 luit
2030 2605 2175 2658 enim
2229 2615 2285 2658 ut
2332 2605 2472 2661 Deus
2507 2623 2726 2663 carnem
2787 2613 2947 2666 morti
3002 2625 3056 2668 et
3101 2629 3329 2684 peccato
3378 2623 3473 2677 ob.

1885 2695 2128 2761 noxiam,
2176 2705 2351 2752 morte
2403 2713 2464 2754 ac
2508 2711 2734 2768 peccato
2779 2706 3115 2774 superiorem
3167 2711 3472 2780 declarare.-

1883 2789 2234 2858 pristinarque
2287 2790 2584 2859 integritati
2651 2796 2961 2865 restituere,
3022 2804 3294 2871 propriam
3349 2823 3471 2862 eam

1881 2880 1981 2934 sibi
2014 2879 2236 2943 faciens,
2271 2891 2323 2935 ct
2360 2883 2576 2950 quidem
2615 2886 2757 2938 illaut
2802 2903 2906 2942 non
2951 2891 3129 2962 anima
3168 2910 3467 2967 carentem,

1881 2981 1933 3020 ul
1965 2969 2183 3036 quidam
2220 2971 2537 3038 opinantur,
2568 2974 2675 3026 imo
2708 2978 2889 3044 potius
2922 2981 3102 3036 anima
3129 2985 3469 3060 intelligente

1878 3061 2195 3114 animatam.
2254 3061 2424 3117 Porro
2482 3064 2565 3116 via
2619 3081 2739 3134 quin
2799 3069 2926 3124 huic
2968 3077 3184 3144 negotio
3232 3086 3470 3149 gerendo

1878 3153 2195 3207 conveniret
2251 3153 2505 3209 incedere
2557 3171 2664 3211 non
2727 3159 3072 3232 dedignatus,
3125 3173 3467 3232 nativitatem

1879 3246 2037 3299 nobis
2071 3245 2301 3300 similem
2342 3247 2576 3302 subiisse
2623 3249 2844 3318 dicitur,
2879 3271 3211 3323 permanens
3245 3280 3374 3322 vero
3415 3269 3470 3325 id

1875 3339 2020 3407 quod
2069 3351 2208 3392 erat.
2247 3339 2419 3395 Natus
2449 3341 2594 3395 enim
2642 3353 2724 3398 est
2756 3346 3067 3406 admirabili
3123 3357 3336 3414 ratione
3376 3377 3467 3417 se-

1874 3433 2110 3486 cundum
2157 3448 2377 3488 carnem
2409 3450 2475 3489 ex
2524 3437 2794 3493 muliere:
2830 3456 3005 3510 neque
3053 3448 3199 3502 enim
3248 3465 3468 3522 poterat

1873 3525 2052 3588 aliter,
2086 3526 2227 3580 Deus
2268 3528 2566 3582 secundum
2603 3541 2850 3586 naturam
2882 3538 3175 3605 exsistens,
3214 3557 3374 3612 quam
3409 3550 3464 3605 in

1872 3619 2054 3687 specie
2094 3633 2213 3685 qua:
2255 3628 2455 3672 nostra:
2503 3621 2698 3676 similis
2752 3635 2894 3679 esset
2939 3631 3258 3690 mortalibus
3289 3653 3464 3708 appa-

1874 3725 2015 3772 rere,
2063 3710 2156 3780 qui
2194 3712 2552 3780 incorporeus
2603 3725 2687 3768 est
2728 3727 2782 3770 et
2821 3722 2962 3790 tangi
3017 3729 3225 3795 nequit.
3276 3729 3464 3801 Neque

1866 3801 2008 3854 enim
2049 3810 2260 3868 poterat
2295 3803 2454 3855 aliter
2478 3820 2638 3872 quam
2675 3822 2772 3873 per
2805 3810 3262 3884 incarnationem,
3294 3834 3458 3894 atque

1867 3893 1920 3945 in
1955 3908 2134 3960 seipse
2168 3904 2220 3946 et
2252 3893 2471 3962 quidem
2523 3897 2638 3951 solo
2673 3915 2915 3957 nosu'am
2948 3918 3197 3964 naturam
3239 3893 3460 3975 deitatis

1866 3985 2220 4054 dignitatibus
2267 3989 2547 4041 decorare.
2597 3988 2728 4046 Erat
2770 3997 2914 4050 enim
2949 3999 3064 4067 ipse
3106 4002 3248 4060 Deus
3292 4011 3458 4068 simul

1866 4093 1922 4137 et
1954 4083 2138 4141 homo,
2173 4078 2340 4149 719
2366 4091 2419 4134 et.
2445 4081 2496 4134 iu
2525 4085 2884 4144 similitudine
2928 4095 3151 4163 quidem
3193 4099 3452 4171 heminis,

161 4177 434 4234 quatenus
479 4182 584 4220 uua
621 4182 745 4222 cum
802 4170 902 4224 hac
951 4173 1114 4226 etiam
1172 4174 1313 4229 Deus
1370 4187 1524 4245 erat;
1599 4180 1787 4239 habitu
1828 4197 1978 4248 vero,
2027 4188 2088 4233 ut
2138 4177 2326 4232 homo.
2365 4177 2506 4233 Deus
2573 4181 2718 4236 enim
2762 4195 2881 4240 erat
2934 4189 2984 4242 in
3037 4195 3219 4263 specie
3255 4213 3456 4259 nostra:

161 4260 353 4322 simili,
394 4268 448 4311 et
478 4260 529 4312 in
559 4260 732 4314 ferina
757 4264 921 4328 servi,
954 4263 1235 4322 Dominus.
1272 4267 1382 4323 lloc
1411 4273 1557 4326 enim
1595 4277 1754 4331 modo
1794 4290 2013 4333 carnem
2042 4273 2245 4328 factum
2278 4287 2401 4328 esse
2443 4274 2675 4331 dicimus
2703 4295 2715 4332 :
2748 4295 2813 4336 ac
2871 4286 3096 4352 proinde
3163 4289 3452 4363 Deiparant

157 4370 377 4424 quoque
400 4357 678 4411 exstitisse
703 4371 1106 4416 sacrosanctam
1130 4362 1403 4434 Virginem
1427 4370 1746 4426 asserimus.

229 4445 291 4499 Β.
335 4445 562 4520 Βούλει,
586 4450 699 4511 τοῖς
743 4451 855 4513 σοῖς
899 4454 1427 4526 ἀντιπαρεξάγοντες
1456 4461 1638 4530 λόγοις
1677 4465 1745 4520 τὰ

1932 4459 1992 4514 Β.
2024 4459 2281 4517 Placetne
2308 4472 2390 4526 ut,
2424 4462 2634 4518 illorum
2657 4465 2996 4536 objectiones
3028 4476 3321 4538 tuis'dictis
3345 4500 3446 4555 op-

159 4539 290 4609 παρ⁴
326 4539 576 4605 ἐκείνων,
616 4542 930 4614 ἰσχνοτέραν
978 4547 1337 4620 ἀποτελῶμεν
1387 4555 1496 4609 τῶν
1530 4558 1748 4610 ἐννοιῶν

1882 4563 2137 4619 ιοιιειιιεε,
2171 4555 2561 4609 accuratiorem
2599 4565 2651 4612 et
2679 4561 3020 4617 subtiliorem
3058 4568 3130 4622 rei
3149 4539 3446 4641 proposiia:

153 4632 256 4704 τὴν
304 4632 559 4702 βάσανον,
605 4633 637 4704 ἢ
675 4637 1099 4710 παραχωρῶμεν
1134 4644 1324 4710 ἁπλῶς
1373 4647 1584 4717 λέγοντί
1637 4667 1742 4715 σοι,

152 4722 216 4778 τὸ
241 4718 300 4776 εὖ
331 4722 477 4792 ἔχειν
516 4725 956 4797 ὑπειλημμένον;

221 4900 290 4953 Α.
345 4898 776 4971 Ἀνεπίπληκτον
811 4903 934 4974 μὲν,
964 4903 1040 4969 ὥς
1063 4923 1126 4976 γε
1162 4903 1337 4979 οἶμαι,
1371 4913 1477 4965 πᾶν
1507 4913 1642 4985 ὅπερ
1676 4914 1742 4969 ἂν

154 4991 368 5059 λέγοιτο
403 4992 543 5062 πρὸς
588 4993 746 5062 ἡμῶν
775 4997 955 5065 σοφῶς
987 5015 1047 5051 τε
1079 5001 1171 5053 καὶ
1205 5004 1618 5075 ἐπιστημόνως,
1649 5008 1742 5061 καὶ

152 5085 251 5137 οὑκ
297 5083 619 5154 ἀπᾳδόντως
667 5086 792 5156 ἕχον
858 5093 981 5153 ταῖς
1046 5091 1426 5160 Θεοπνεύστοις
1472 5099 1736 5169 Γραφαῖς.

149 5169 328 5241 Φράξε
369 5169 424 5222 δὲ
458 5171 555 5224 καὶ
588 5173 762 5238 αὑτὸς-
799 5176 861 5229 τὸ
895 5178 1106 5236 δοκοῦν.
1143 5183 1388 5238 Ἐκτέκοι
1431 5189 1540 5259 γάρ
1590 5189 1655 5242 ἀν
1683 5207 1735 5243 τι

160 5260 257 5317 σῶν
282 5263 626 5338 όνησιφόρων
655 5269 688 5338 ἡ
712 5270 1048 5338 ἀντίστασις.

218 5448 279 5501 Β.
336 5448 396 5500 Ὀ
428 5448 719 5514 Θεσπέσιος
762 5454 984 5524 γράφει,
1017 5457 1172 5525 φασὶ,
1228 5459 1440 5525 Παῦλος
1485 5465 1735 5536 περὶτοῦ

157 5539 280 5593 Υίοῦ
307 5581 320 5604 ,
357 5541 450 5595 ἅτε
483 5541 548 5613 δὴ
597 5546 883 5612 γεγονότος
922 5550 1167 5619 κατάρας
1216 5569 1274 5604 τε
1311 5556 1404 5607 καὶ
1439 5557 1732 5628 ἁμαρτίας.

156 5631 292 5700 Ἔφη
337 5631 478 5704 γὰρ,
539 5633 622 5687 ὃτι
682 5655 700 5686 ι
735 5636 838 5689 Τὸν
887 5637 960 5708 μὴ
1008 5639 1206 5707 γνόντα
1259 5643 1556 5715 ἁμαρτίαν,
1595 5649 1734 5719 ὑπὲρ

156 5723 301 5795 ἡμῶν
349 5725 626 5798 ἁμαρτίαν
671 5729 915 5800 ἐποίησε.
954 5751 970 5782 ι
1039 5731 1143 5786 Καὶ
1191 5734 1382 5788 πάλιν·
1439 5757 1456 5788 ι
1497 5740 1733 5810 Χριστὸς

219 5900 265 5935 ⁸³
294 5900 526 5974 Philipp.
564 5921 625 5964 tt.
657 5906 775 5966 5-8.
868 5909 908 5941 ‘9
935 5906 1096 5965 Hebr.
1127 5927 1165 5979 I,
1205 5913 1256 5968 3.

1855 4648 2338 4718 investigationem
2376 4648 2726 4706 instituamus
2752 4692 2768 4717 ,
2796 4669 2862 4709 an
2899 4659 3081 4727 potius
3109 4664 3438 4735 simpliciter

1853 4740 2088 4795 orationi
2131 4749 2234 4795 tum
2278 4741 2435 4796 tidem
2461 4743 2806 4812 adhibentes,
2835 4748 2907 4803 ita
2939 4765 3063 4809 sese
3093 4771 3205 4810 rem
3235 4761 3440 4820 habere

1850 4831 2190 4887 statuamus?

1925 4921 1990 4974 A.
2025 4921 2188 4977 Extra
2218 4924 2698 4992 reprehensionem
2729 4943 2948 4986 onmem
2977 4937 3218 5005 positum
3253 4953 3356 5008 est,
3380 4958 3438 5002 ut

1849 5011 2107 5077 arbitror,
2138 5015 2282 5083 quod
2325 5030 2354 5069 a
2388 5016 2543 5070 nobis
2595 5020 2733 5076 scite
2782 5023 3171 5098 sapienterque
3228 5034 3434 5094 dictum

1849 5115 1955 5170 est,
1983 5120 2157 5176 neque
2198 5123 2304 5162 una
2339 5109 2552 5165 ratione
2586 5127 2614 5164 a
2663 5114 2835 5170 sacris
2867 5116 3166 5190 Scripturis
3215 5126 3433 5186 dissen-

1849 5196 1931 5250 tit.
1966 5198 2058 5250 Dic
2108 5213 2237 5252 vero
2280 5200 2447 5253 etiam
2491 5211 2544 5255 tu
2586 5205 2729 5273 quod
2787 5207 2883 5261 tibi
2927 5211 3142 5268 videtur
3184 5232 3198 5268 :
3241 5217 3433 5278 aﬂeret

1845 5289 1990 5343 enim
2027 5291 2277 5345 nonnihil
2313 5293 2560 5351 utilitatis
2591 5301 2882 5357 contraria:
2914 5309 3202 5365 sententia:
3261 5331 3434 5385 oppo-

1839 5380 1984 5434 sitio.

1913 5474 1972 5528 B.
2008 5473 2232 5532 Divinus
2256 5479 2473 5546 Paulus,
2527 5486 2701 5552 aiunt,
2764 5489 2957 5544 scribit
2991 5494 3057 5548 de
3096 5494 3259 5562 Filio,
3321 5511 3428 5557 tan-

1840 5580 2004 5634 quam
2059 5567 2148 5635 qui
2187 5568 2362 5625 factus
2388 5574 2461 5626 sit
2522 5577 2830 5634 maledictio
2859 5592 2912 5635 et
2970 5598 3274 5653 peccatum.
3343 5592 3429 5647 lit-

1839 5659 1956 5727 quit.
1986 5661 2315 5732 enim,quod
2355 5685 2372 5715 ι
2413 5666 2541 5720 Eum
2573 5672 2663 5738 qui
2695 5687 2800 5727 non
2826 5676 2974 5730 novit
3001 5691 3306 5748 peccaturo,
3331 5700 3430 5755 pro

1840 5751 1996 5808 nobis
2033 5765 2317 5824 peccatum
2375 5757 2502 5816 fecit
2536 5762 2600 5817 ⁵⁸.
2649 5782 2664 5814 ι
2708 5765 2770 5821 Et
2821 5784 3055 5826 rursus:
3102 5790 3126 5824 α
3177 5751 3434 5832 Christus

1337 5915 1382 5946 '°
1420 5915 1457 5968 ll
1488 5915 1615 5972 Cor.
1664 5933 1712 5986 ν,
1751 5919 1846 5976 91.
