4006 6460
176 431 317 486 1265

249 547 309 602 ιι.
368 550 475 603 Ὠδὶ
507 552 600 604 καὶ
635 553 790 604 αὐτοί
821 569 1004 622 φασιν.

247 644 318 694 Α.
360 642 567 696 Οὐκοῦν
605 644 765 715 εἴπερ
790 645 938 697 ἐστὶν
968 643 1165 715 ἀληθὲς
1184 687 1198 710 ,
1232 646 1372 699 κατά
1401 663 1465 716 γε
1492 647 1552 700 τὸ
1578 647 1760 712 αὐτοῖς

170 727 232 785 εὖ
289 730 437 802 ἔχειν
482 733 922 804 ὑπειλημμένον,
971 735 1053 788 ὅτι
1108 735 1331 802 γέγονεν
1377 736 1520 790 οὕτω
1556 736 1695 809 σὰρξ
1734 741 1763 793 ὁ

175 821 374 891 Λόγος,
406 823 548 876 καθά
578 826 674 877 καὶ
716 827 934 896 κατάρα
958 827 1051 879 καὶ
1079 826 1342 898 ἁμαρτία,
1375 829 1462 881 ἐπ’
1489 829 1764 901 ἀναιρέσει

177 915 410 984 σαρκὸς,
440 909 559 967 εἶτα
589 914 708 979 πῶς
733 914 1008 987 ἀφθαρτόν
1033 933 1093 969 τε
1122 919 1217 970 καὶ
1246 917 1552 991 ἀνώλεθρον
1593 921 1764 992 αὐτὴν

177 1005 475 1072 ἀποφαίνει
498 1047 513 1071 ,
542 1006 619 1070 ὡς
669 1007 728 1060 ἔν
769 1025 831 1076 γε
881 1009 1072 1081 πρώτῃ
1122 1010 1478 1081 κατορθώσας
1506 1012 1666 1066 τοῦτο
1699 1015 1764 1084 τῇ

181 1096 292 1159 ἰδία
325 1097 522 1167 σαρκί;
555 1099 616 1151 οὐ
669 1098 778 1169 γάρ
810 1115 891 1152 τοι
941 1099 1142 1171 θνητὴν
1185 1101 1478 1172 ἀπομεῐναι
1522 1103 1617 1156 καὶ
1661 1104 1768 1156 ὑπὸ

179 1189 393 1259 φθοράν
421 1190 632 1261 ἀφῆκεν
660 1190 830 1261 αὐτὴν
873 1192 1358 1264 (παραπέμποντος
1391 1196 1476 1258 είς,
1495 1196 1643 1266 ἡμᾶς
1671 1194 1766 1248 τοῦ

191 1282 372 1352 Ἀδὰμ
405 1284 503 1354 τὴν
535 1285 626 1337 ἐπὶ
666 1287 732 1354 τῇ
781 1286 1090 1355 παραόάσει
1137 1286 1354 1357 δίκην),
1382 1286 1459 1350 ὡς
1493 1287 1674 1358 σάρκα
1711 1287 1768 1341 δὲ

179 1375 387 1444 μᾶλλον
439 1377 716 1446 ἀφθάρτου
767 1377 936 1443 Θεοῦ,
990 1379 1299 1445 τουτέστιν,
1360 1379 1534 1446 ίδίαν,
1599 1381 1768 1450 ἠγουν

179 1467 382 1521 ἑαυτοῦ
408 1468 500 1522 καὶ
527 1467 758 1522 θανάτου
786 1471 878 1523 καὶ
902 1471 1108 1540 φθορᾶς
1139 1471 1398 1526 ἐπέκεινα
1427 1472 1538 1534 θείς
1564 1488 1577 1536 ς

252 1648 313 1701 Β.
361 1644 433 1700 Εὖ
474 1647 629 1716 ἔφης.

252 1743 317 1792 Δ.
365 1738 508 1810 Ἔφη
554 1740 612 1792 δέ
662 1757 762 1794 nou
812 1742 871 1794 τὸ
916 1742 1157 1814 Γράμμα
1206 1745 1267 1798 τὸ
1315 1746 1481 1817 ἱερὸν,
1527 1747 1618 1799 τὸν
1672 1747 1769 1817 μὲν

181 1830 401 1902 πρῶτον
445 1829 735 1902 ἄνθρωπον
758 1871 772 1895 ,
808 1833 1085 1887 τουτέστιν
1122 1836 1293 1907 Ἀδὰμ
1313 1878 1326 1898 ,
1360 1838 1440 1901 είς
1471 1837 1650 1909 ψυχὴν
1683 1855 1772 1906 γε-

1320 433 1508 502 QUOD
1547 431 1736 493 UNUS
1777 423 1884 495 SIT
1920 436 2290 496 cuatsrus.

1791 561 1838 617 Α
1938 557 1997 613 Β.
2030 557 2104 611 Ita
2135 557 2301 611 etiam
2338 556 2440 625 ipsi
2468 559 2678 611 dicunt.

3327 434 3462 490 ’1266

1936 648 2001 701 Α.
2032 649 2298 715 Quocirca
2331 647 2375 700 si
2415 661 2500 700 res
2541 646 2612 698 ita
2647 660 2706 700 se
2737 643 2918 708 habet,
2980 652 3140 713 prout
3173 644 3304 714 ipsis
3348 644 3466 712 plu-

1866 750 1973 801 cet,
1994 739 2134 806 quod
2163 737 2396 791 Verbum
2424 737 2610 790 eadem
2642 736 2853 790 ratione
2870 735 2942 790 sit
2973 733 3174 789 factum
3201 750 3330 790 caro
3355 751 3462 802 qua

1867 827 2172 882 maledictio
2205 838 2260 882 et
2286 835 2594 897 peccatum,
2624 827 2690 881 ad
2719 825 3083 882 sublationem
3103 826 3306 892 carnis,
3330 841 3465 896 quo-

1869 921 2027 974 modo
2063 917 2530 988 incorruptibilem
2564 927 2730 987 atque
2758 916 3011 973 interitus
3065 924 3345 986 expertem
3398 917 3463 971 il-

1868 1010 1976 1064 lam
2004 1008 2201 1074 eli'ecit,
2235 1011 2434 1079 quippe
2464 1009 2554 1078 qui
2586 1010 2639 1062 in
2677 1009 2856 1076 prima
2885 1008 3103 1077 propria
3154 1023 3252 1063 sua
3293 1024 3466 1064 carne

1868 1098 1972 1154 hoc
2006 1099 2358 1166 praestiterit?
2382 1097 2567 1168 Neque
2590 1100 2738 1153 enim
2762 1097 3047 1154 mortalem
3081 1099 3229 1152 illam
3264 1114 3462 1153 corru-

1871 1189 2149 1258 ptionique
2195 1191 2489 1244 obnoxiam
2573 1204 2794 1244 manere
2846 1190 3089 1258 permisit
3147 1188 3469 1259 (transmit-

1871 1287 2018 1332 tente
2046 1279 2098 1332 ln
2133 1293 2230 1333 nos
2293 1277 2502 1334 Adamo
2541 1278 2994 1346 transgressionis
3047 1279 3329 1350 poenam):
3373 1281 3469 1334 sed

1871 1369 2054 1438 potius
2079 1379 2334 1438 tanquam
2369 1385 2592 1425 carnem
2621 1369 3052 1438 incorruptibills
3091 1370 3208 1437 Dei,
3229 1371 3329 1426 hoc
3359 1380 3466 1434 est,

1872 1462 2169 1530 propriam,
2210 1460 2326 1516 sire
2364 1477 2516 1517 suam
2570 1473 2746 1518 morte
2799 1464 3260 1532 corruptioneque
3307 1478 3469 1532 supe-

1874 1552 2073 1604 riorem
2105 1551 2304 1606 effecit.

1949 1643 2006 1696 Β.
2043 1641 2208 1697 ﬂecte
2228 1646 2328 1699 ais.

1947 1738 2013 1789 Α.
2058 1737 2218 1806 Atqui
2282 1754 2438 1792 sacra
2487 1737 2768 1808 Scriptura
2801 1738 2996 1793 alicubi
3039 1739 3191 1805 dicit,
3223 1739 3460 1808 primum

1876 1827 2172 1890 hominem,
2199 1829 2300 1883 hoc
2325 1829 2739 1894 est,Adamum,
2766 1830 2965 1884 factum
2995 1845 3119 1885 esse
3149 1829 3201 1883 in
3232 1831 3468 1883 animam

178 1898 372 1974 νέσθαι
426 1898 630 1990 ζῶσαν,
673 1923 766 1977 τὸν
812 1923 870 1976 δὲ
914 1923 1164 1996 ὕστερον.
1220 1898 1364 1997 φημὶ
1693 1898 1772 1992 εἰς

1886 1919 2148 1973 viventem
2181 1938 2196 1987 ;
2230 1920 2460 1976 alterum
2504 1937 2634 1976 vero
2666 1921 3052 1990 posteriorem,
3085 1920 3362 1976 Christum
3386 1920 3473 1974 iu-

179 2015 407 2084 πνεῦμα
460 2010 900 2086 ζωοποιόν.⁷Αρ⁹
954 2013 1068 2082 οὖν,
1111 2017 1301 2088 ὥσπερ
1356 2019 1442 2073 ἐπ’
1493 2021 1773 2090 ἀναιρέσει

179 2106 432 2176 κατάρας
467 2108 561 2159 καὶ
587 2107 863 2177 ἁμαρτίας
880 2148 893 2172 ,
917 2108 1109 2177 γέγονε
1145 2111 1360 2182 κατάρα
1388 2113 1480 2164 καὶ
1505 2114 1773 2182 ἁμαρτία,

174 2196 360 2259 οὕτως
411 2199 498 2251 ἐπ’
547 2199 827 2269 ἀνατροπῇ
873 2199 968 2252 τοῦ
1017 2196 1156 2253 εἶναι
1209 2202 1289 2265 είς
1333 2202 1513 2274 ψυχὴν
1566 2204 1769 2266 ζῶσαν,

174 2289 439 2356 γενέσθαι
486 2285 686 2360 φαμὲν’
722 2291 885 2344 αὐτὸν
937 2295 1018 2355 είς
1073 2292 1290 2365 πνεῦμα
1339 2294 1622 2359 ζωοποιόν.
1664 2297 1775 2368 Τὴν

179 2381 284 2450 γάρ
331 2397 414 2432 τοι
445 2380 537 2433 τοῦ
583 2380 834 2448 γενέσθαι
878 2382 1108 2452 δύναμιν
1139 2385 1218 2446 είς
1248 2384 1310 2438 τὸ
1354 2384 1567 2455 ἀπηχὲς
1613 2403 1770 2458 περι-

174 2471 497 2541 τρέποντες,
523 2471 666 2525 οὕτω
692 2473 972 2542 γενέσθαι
1009 2476 1186 2545 σάρκα
1211 2477 1375 2546 φασιν
1404 2478 1587 2541 αὐτὸν,
1629 2479 1774 2532 καθά

174 2564 272 2615 καὶ
299 2564 444 2634 ἀράν
473 2580 532 2615 τε
566 2565 660 2616 καὶ
692 2565 989 2635 ἁμαρτίαν.
1033 2568 1370 2638 ’Λναιρετέον
1401 2565 1493 2624 οὖν
1525 2571 1634 2642 ἀρα
1677 2571 1771 2624 τοῦ

177 2653 359 2721 Λόγου
385 2654 486 2724 τὴν
516 2655 814 2726 σάρκωσιν,
845 2658 1013 2728 ἧγουν
1041 2659 1473 2732 ένανθρώπησιν·
1500 2656 1561 2715 οὗ
1591 2681 1772 2734 παρα-

175 2745 466 2815 δεχθέντος
499 2748 577 2808 εἰς
611 2747 891 2818 ἀλήθειαν,
930 2749 1136 2820 οἴχεται
1172 2752 1271 2819 μὲν
1299 2753 1442 2816 ἄπας
1470 2756 1602 2824 ἡμῖν
1627 2757 1654 2808 ὁ
1678 2755 1770 2809 τοῦ

181 2841 493 2907 μυστηρίου
543 2840 736 2907 λόγος’
784 2840 909 2894 οὔτε
954 2843 1010 2896 δὲ
1057 2844 1321 2915 ἐγεννήθη
1352 2847 1615 2917 Χριστδς,
1647 2847 1772 2900 οὔτε

178 2931 477 2993 ἀπέθανεν,
526 2932 652 2985 οὕτε
681 2935 1000 3006 ἐγήγερται,
1062 2937 1202 2989 κατά
1234 2936 1332 3000 τὰς
1377 2939 1617 3008 Γραφάς.
1662 2940 1771 2993 Ποῦ

180 3024 540 3096 τοιγαροῦνή
577 3027 779 3091 πίστις,
834 3029 950 3098 ἦτοι
1000 3029 1060 3081 τὸ
1101 3031 1250 3099 ρἦα
1294 3032 1392 3100 τῆς
1435 3031 1704 3094 πίστεως,
1745 3032 1773 3084 δ

181 3115 578 3185 κηρύσσομεν;
634 3116 758 3181 Πῶς
805 3119 911 3189 γὰρ
959 3121 1180 3190 ἤγειρεν
1228 3122 1389 3173 αὑτὸν
1437 3125 1464 3174 ὁ
1522 3122 1655 3185 Θεὸς
1710 3125 1773 3174 έκ

1879 2028 2064 2083 quam,
2092 2011 2298 2066 factum
2334 2026 2457 2068 esse
2486 2015 2539 2068 in
2563 2016 2815 2083 spiritum
2843 2014 3230 2069 viviﬁcantem.
3259 2013 3460 2069 Proin-

1879 2104 1965 2168 de,
1996 2103 2450 2171 quemadmodum
2473 2103 2540 2157 ad
2585 2104 2877 2160 tollendam
2929 2104 3362 2159 maledictlonem
3420 2113 3474 2159 et

1878 2204 2186 2265 peccatum,
2221 2196 2400 2252 lactus
2433 2206 2518 2252 est
2563 2199 2872 2254 maledictio
2902 2209 2957 2253 et
3013 2207 3295 2269 peccatum
3331 2213 3346 2251 :
3399 2199 3470 2252 ita

1877 2289 1944 2342 ad
1972 2289 2394 2343 subversionem.
2431 2290 2728 2344 exsistendi
2775 2291 2826 2344 in
2889 2291 3126 2345 animam
3176 2291 3470 2354 viventem,

1877 2380 2080 2436 factum
2115 2381 2290 2451 ipsum
2309 2397 2428 2437 esse
2461 2383 2692 2437 dicimus
2723 2383 2773 2437 iu
2794 2383 3043 2452 spiritum
3078 2383 3466 2437 vivificantem.

1876 2473 2210 2529 Facultatem
2241 2475 2387 2529 enim
2421 2490 2484 2529 ac
2515 2478 2620 2528 vim
2651 2475 2823 2539 Verbi,
2865 2476 3063 2546 factum
3120 2492 3250 2540 esse,
3280 2477 3348 2530 ad
3374 2477 3472 2531 ab-

1875 2565 2100 2620 surdum
2128 2573 2531 2631 convertentes,
2556 2568 2626 2621 ita
2658 2573 2835 2637 Ipsum
2855 2583 3073 2622 carnem
3117 2568 3315 2622 factum
3351 2583 3475 2623 esse

1875 2658 2049 2720 aiunt,
2080 2659 2219 2711 sicut
2251 2669 2306 2712 et
2357 2660 2795 2713 exsecrationem
2859 2669 2912 2715 et
2975 2669 3280 2728 peccatum.
3344 2655 3469 2713 Tol-

1878 2748 2033 2801 lenda
2063 2749 2245 2816 itaque
2275 2750 2379 2804 erit
2403 2749 2564 2804 Verbi
2602 2750 2930 2816 inearuatio,
2989 2751 3104 2804 sive
3133 2752 3470 2806 lnnuauatio.

1874 2839 2027 2905 Quod
2067 2840 2110 2894 si
2145 2849 2201 2892 ut
2237 2857 2423 2894 verum
2465 2842 2812 2906 admittatur,
2846 2843 3096 2896 universa
3162 2841 3320 2896 nobis
3353 2856 3473 2913 my-

1874 2931 2024 2984 sterii
2063 2931 2201 2983 ratio
2236 2942 2474 2987 corruet.
2516 2933 2700 3003 Neque
2731 2944 2890 2987 natus
2925 2941 3011 2986 est
3050 2933 3323 2996 Christus,
3372 2949 3466 2988 ne-

1876 3038 1981 3090 que
2007 3032 2249 3076 mortuus
2284 3030 2390 3087 est,
2410 3037 2583 3090 neque
2614 3024 2932 3090 resurrexit,
2975 3025 3275 3078 secundum
3328 3022 3479 3078 Scri-

1876 3123 2083 3181 pturas.
2115 3110 2375 3176 Qumnam
2407 3113 2567 3182 igitur
2592 3115 2696 3168 erit
2726 3114 2857 3169 fides
2881 3126 3089 3174 nostra,
3116 3115 3232 3169 sive
3252 3115 3474 3168 verbum

180 3208 421 3280 νεκρῶν,
447 3212 494 3262 εἰ
525 3212 598 3281 μὴ
627 3213 722 3264 καὶ
747 3213 1017 3277 ἀπέθανε;
1043 3215 1158 3276 πῶς
1189 3215 1232 3265 δ’
1269 3214 1333 3267 ἂν
1362 3217 1454 3268 καὶ
1477 3217 1769 3284 ἀπέθανεν,

1886 3202 2004 3253 lidei
2034 3202 2176 3268 quod
2211 3202 2610 3269 praedicaturus?
2667 3205 2948 3268 Quomodo
3001 3204 3146 3256 extim
3198 3203 3480 3258 suscitavit

182 3303 229 3353 εἰ
277 3302 354 3371 μὴ
389 3302 716 3371 γεγέννηται
756 3305 898 3357 κατά
931 3306 1142 3374 σάρκα;
1193 3306 1292 3358 ποῦ
1338 3306 1395 3358 δὲ
1447 3309 1541 3359 καὶ
1588 3310 1618 3377 ἡ
1666 3310 1773 3362 τῶν

183 3395 399 3465 νεκρῶν
455 3395 787 3461 ἀναϐίωσις,
829 3398 1018 3452 ἐλπίδα
1060 3402 1173 3462 τοῖς
1225 3400 1399 3467 ἀγίοις
1449 3401 1774 3471 εἰσφέρουσα

179 3493 285 3560 τῆς
331 3492 696 3560 ἀτελευτήτου
743 3493 886 3562 ζωῆς
912 3533 926 3557 ,
980 3495 1028 3546 εί
1066 3494 1138 3564 μὴ
1181 3495 1474 3564 ἐγήγερται
1510 3497 1772 3567 Χριστός;

182 3582 293 3634 ποῦ
333 3584 390 3635 δὲ
423 3585 517 3636 καὶ
550 3587 580 3653 ἡ
612 3585 720 3638 τῶν
747 3587 1107 3656 ἀνθρωπίνων
1136 3588 1401 3657 σωμάτων
1427 3587 1773 3658 ζωοποίησις,

183 3676 217 3743 ἡ
256 3675 399 3727 κατά
435 3675 652 3742 μέθεξιν
682 3677 980 3750 τελουμένη
1025 3679 1123 3748 τῆς
1157 3681 1320 3746 ἁγίας
1355 3681 1519 3733 αὑτοῦ
1573 3681 1777 3752 σαρκὸς

185 3767 281 3819 καὶ
313 3768 554 3837 αἵματος
579 3787 593 3833 ;

264 4031 322 4084 ll.
367 4032 553 4100 Σάρκα
583 4031 646 4100 δὴ
677 4025 770 4084 οὖν
806 4051 986 4102 φαμεν
1016 4035 1268 4102 γενέσθαι
1295 4036 1386 4088 τὸν
1421 4037 1616 4105 Λόγον,
1636 4042 1778 4092 κατά

183 4141 250 4190 γε
285 4121 384 4192 τὴν
437 4123 501 4174 ἐκ
543 4124 801 4189 γυναικὸς
845 4127 988 4179 κατὰ
1038 4125 1218 4196 σάρκα
1276 4128 1550 4198 γέννησιν,
1607 4133 1673 4199 ἣν
1725 4135 1780 4183 έν

186 4216 444 4284 ἐσχάτοις
492 4217 588 4268 τοῦ
644 4217 841 4280 αἰῶνος
901 4223 1114 4287 καιροῖς
1174 4221 1465 4290 ὑπομεῖναι
1525 4223 1777 4290 λέγεται”

186 4313 370 4364 καίτοι
399 4310 504 4382 πρὸ
535 4311 734 4374 παντὸς
761 4311 855 4364 τοῦ
897 4313 1090 4384 αἰῶνος
1125 4315 1384 4384 ὑπάρχων
1414 4317 1488 4379 ὡς
1518 4318 1669 4380 Θεός,

263 4488 326 4537 Α.
376 4485 522 4537 Πάνυ
554 4485 652 4554 μὲν
683 4481 794 4538 οὖν.
832 4487 987 4539 Οὕτω
1019 4489 1125 4558 γάρ
1154 4490 1376 4556 γέγονεν
1422 4493 1478 4542 ἐν
1524 4494 1780 4562 ὁμοιώσει

1878 3307 2001 3345 enim
2036 3292 2176 3346 Deus
2206 3308 2235 3346 e
2269 3295 2519 3355 mortuis,
2554 3295 2654 3346 nisi
2687 3304 2740 3346 et
2775 3303 3018 3347 mortuus
3042 3294 3165 3347 est?
3223 3302 3314 3346 aut
3345 3308 3481 3363 quo-

1879 3386 2039 3438 modo
2071 3385 2234 3438 etiam
2262 3397 2511 3447 uiprtuus
2546 3397 2649 3449 est,
2685 3388 2787 3440 nisi
2827 3400 2984 3442 natus
3034 3399 3122 3444 est
3174 3387 3473 3442 secundum

1879 3478 2142 3530 carnem?
2175 3487 2266 3531 aut
2309 3494 2558 3549 quaenam
2586 3481 2803 3533 tandem
2830 3481 2935 3533 erit
2971 3479 3300 3535 resurrecxio
3325 3493 3475 3533 mor-

1882 3578 2122 3633 tuorum,
2146 3585 2268 3639 quae
2300 3571 2558 3639 perennis
2593 3572 2713 3624 vita:
2749 3585 2900 3639 spem
2949 3570 3159 3625 sanctis
3208 3571 3475 3633 immittit,

1880 3661 1925 3713 si
1961 3661 2210 3715 Christus
2241 3678 2344 3714 non
2372 3662 2709 3716 resurrexit?
2737 3660 3020 3726 Quaenam
3061 3675 3190 3718 vero
3246 3661 3350 3715 erit
3379 3659 3479 3715 hu~

1880 3768 2164 3806 manorum
2229 3768 2518 3822 corporum
2571 3753 2884 3818 viviﬁcatio,
2948 3769 3069 3822 qum
3123 3769 3218 3822 per
3276 3762 3480 3806 sanctae

1883 3846 2050 3912 ipsius
2090 3846 2272 3900 carnis
2316 3853 2370 3899 et
2431 3846 2710 3915 sanguinis
2780 3846 3251 3916 participationem
3308 3844 3474 3900 eﬂici-

1885 3934 2016 3986 tur?
3053 3993 3058 3998 .

1955 4025 2113 4094 721
2166 4025 2224 4082 Β.
2277 4027 2518 4080 Dicimus
2575 4027 2761 4096 itaque
2815 4027 3051 4082 Verbum
3089 4043 3310 4081 carnem
3355 4042 3480 4080 esse

1884 4115 2108 4177 factum,
2183 4118 2392 4171 ratione
2458 4119 2754 4172 nativitatis
2801 4121 3097 4173 secundum
3149 4133 3368 4171 carnem
3411 4133 3476 4174 ex

1885 4206 2135 4269 muliere,
2161 4221 2322 4274 quam
2344 4207 2395 4259 in
2416 4209 2728 4262 novissimis
2752 4207 2932 4262 saeculi
2980 4207 3316 4276 temporibus
3359 4207 3480 4260 sub-

1887 4298 2014 4350 iisse
2048 4298 2264 4361 dicitur,
2299 4299 2515 4352 tametsi
2549 4307 2676 4353 ante
2715 4301 2894 4352 omnia
2939 4301 3132 4353 saecula
3181 4297 3474 4364 exstiterit,

1886 4399 1944 4442 ut
1967 4389 2128 4443 Deus.

1957 4483 2023 4535 A.
2072 4482 2328 4537 Omnino.
2366 4483 2441 4536 Ita
2474 4486 2616 4536 enim
2645 4483 2818 4538 factus
2847 4493 2928 4536 est
2961 4483 3276 4537 omnimodo
3326 4482 3479 4536 nobis

187 4581 255 4646 τῇ
291 4577 430 4646 πρὸς
454 4580 603 4646 ἡμᾶς
645 4581 712 4648 τῇ
759 4579 902 4630 κατὰ
947 4582 1053 4632 πᾶν
1079 4581 1278 4640 ὁτιοῦν,
1319 4585 1443 4654 δίχα
1475 4588 1569 4654 τῆς
1601 4588 1774 4658 ἁμαρ.

1889 4576 2099 4641 similis,
2134 4589 2359 4644 excepto
2416 4588 2656 4646 peccato.
2717 4577 2875 4643 Quod
2935 4588 2988 4630 et
3043 4577 3479 4646 sapientissimus

186 4672 336 4731 τίας.
387 4669 495 4718 Καὶ
549 4670 891 4738 μαρτυρήσει
934 4671 1106 4737 λέγων
1149 4676 1175 4725 ὁ
1223 4677 1498 4744 πάνσοφος
1538 4680 1775 4742 Παῦλος·

195 4781 213 4810 ι
241 4759 462 4830 Ἐπειδὴ
497 4759 602 4830 γάρ
637 4759 706 4811 τὰ
752 4761 941 4813 παιδία
978 4765 1375 4837 κεκοινώνηκεν
1418 4771 1652 4839 αἵματος
1685 4773 1781 4826 καὶ

195 4851 426 4923 σαρκὸς,
479 4853 574 4904 καὶ
622 4852 783 4914 αὐτὸς
823 4856 1218 4924 παραπλησίως
1272 4860 1501 4930 μετέσχε
1533 4863 1643 4916 τῶν
1686 4867 1780 4917 αὺ-

193 4945 326 5006 τῶν,
375 4943 460 4994 ἵνα
510 4941 598 4995 διὰ
629 4942 722 4994 τοῦ
757 4943 988 4995 θανάτου
1023 4949 1342 5018 καταργήσῃ
1373 4950 1464 5003 τὸν
1489 4953 1549 5004 τὸ
1583 4953 1784 5022 κράτος

195 5035 390 5105 ἔχοντα
419 5035 513 5086 τοῦ
550 5035 806 5100 θανάτου,
835 5037 1101 5100 τουτέστι,
1133 5039 1221 5091 τὸν
1251 5040 1516 5104 διάϐολον,
1547 5044 1640 5095 καὶ
1680 5046 1783 5096 ἀπο

194 5125 404 5198 ἀλλάξῃ
435 5126 658 5189 τούτους
681 5167 695 5188 ,
740 5127 854 5180 ὅσοι
885 5127 1035 5196 φόϐῳ
1066 5129 1296 5181 θανάτου
1327 5130 1417 5183 διὰ
1453 5134 1655 5195 παντὸς
1691 5135 1785 5186 τοῦ

195 5223 298 5290 ζῇν
342 5220 517 5288 ἔνοχοι
566 5215 708 5287 ἦσαν
749 5219 1010 5282 δουλείας.
1062 5223 1134 5273 Οὐ
1181 5222 1288 5293 γάρ
1336 5222 1507 5291 δήπου
1539 5225 1789 5292 ἀγγέλων

197 5311 636 5380 ἐπιλαμϐάνεται
662 5351 676 5373 ,
722 5311 862 5364 ἀλλὰ
909 5313 1225 5382 σπέρματος
1265 5314 1516 5386 Ἀϐραὰμ
1552 5317 1784 5388 ἐπιλαμ-

197 5404 424 5455 ϐάνεται
466 5420 479 5431 ·
550 5403 672 5455 ὅθεν
723 5401 922 5471 ὤφειλε
979 5403 1047 5456 τά
1112 5405 1292 5457 πάντα
1361 5407 1472 5469 τοῖς
1536 5406 1786 5475 ἀδελφοῖς

197 5495 555 5564 ὁμοιωθῆναι.
586 5513 603 5542 ι
649 5495 711 5545 'H
732 5495 788 5546 δὲ
828 5515 844 5546 ι
880 5495 1020 5546 κατὰ
1042 5496 1217 5547 πάντα
1255 5515 1271 5546 ι
1313 5498 1592 5564 ὁμοίωσις,
1617 5499 1789 5569 ἀρχὴν

200 5587 393 5655 ὥσπερ
420 5584 542 5637 τινὰ
571 5585 660 5636 καὶ
692 5587 1048 5655 προεισϐο).ὴν
1081 5588 1170 5638 τοῦ
1205 5588 1532 5657 πράγματος
1553 5631 1564 5650 ,
1598 5592 1694 5658 τὴν
1725 5595 1786 5642 ἐκ

202 5679 465 5749 γυναικὸς
499 5678 755 5744 ἀπότεξιν
787 5680 919 5748 ἔχει,
951 5681 1042 5732 καὶ
1073 5681 1167 5748 τὴν
1206 5683 1260 5732 ὲν
1289 5683 1448 5749 σαρκὶ
1480 5684 1786 5752 φανέρωῖιν

273 5860 339 5890 ³⁸³
369 5859 386 5912 Ι
417 5858 542 5912 Cur.
587 5876 667 5923 τι,
706 5858 794 5911 ib.
877 5862 918 5888 Μ
955 5857 1114 5912 iicln‘.
1142 5875 1197 5923 tt,
1239 5861 1294 5914 ii
1341 5858 1419 5913 I7.

1888 4667 2090 4721 Paulus
2123 4678 2375 4732 testatur,
2397 4669 2651 4737 inquiens
2684 4684 2697 4719 :
2739 4686 2754 4716 σ
2786 4669 2920 4733 Quia
2953 4684 3082 4737 ergo
3141 4670 3293 4736 pueri
3323 4683 3477 4720 eom-

1890 4760 2472 4813 municaveruutcarui
2546 4770 2599 4815 et
2653 4760 2928 4830 sanguini,
2977 4770 3031 4812 et
3096 4759 3480 4828 ipsesimiliter

1891 4853 2235 4921 partieipavit
2265 4853 2505 4916 eisdem;
2550 4862 2608 4905 ut
2635 4867 2729 4921 per
2765 4863 2997 4908 mortem
3024 4853 3332 4905 destrueret
3356 4866 3478 4905 eum

1894 4945 1981 5016 qui
2010 4945 2242 4999 habebat
2273 4947 2464 4999 mortis
2506 4945 2816 5013 imperium,
2856 4948 2905 4998 id
2938 4957 3024 4999 est
3077 4945 3377 5006 diabolum,
3427 4953 3482 4998 et

1896 5036 2154 5090 liberaret
2217 5051 2312 5090 eos
2373 5036 2466 5105 qui
2520 5037 2712 5090 timore
2748 5038 2939 5089 mortis
2993 5051 3088 5104 per
3117 5045 3280 5088 totam
3312 5035 3478 5088 vitam

1897 5136 2050 5180 erant
2085 5128 2302 5181 obnoxii
2339 5129 2612 5182 servituti.
2650 5128 2924 5196 Nusquam
2957 5128 3100 5181 enim
3136 5127 3358 5195 angelos
3387 5141 3481 5197 ap-

1900 5222 2205 5288 prehendit,
2233 5223 2323 5276 sed
2355 5237 2542 5275 semen
2600 5223 2832 5276 Abralne
2893 5221 3268 5290 apprehendit.
3326 5219 3482 5274 Unde

1896 5314 2080 5366 debuit
2111 5331 2204 5383 per
2221 5316 2402 5368 omnia
2428 5315 2686 5371 fratribus
2717 5316 3008 5370 assilnilari
3038 5317 3143 5368 δ’.»
3168 5315 3481 5370 Similitudo

1895 5416 2077 5460 autem
2114 5427 2129 5457 ι
2171 5424 2265 5475 per
2317 5410 2530 5473 omnia,
2573 5426 2592 5458 r
2627 5409 2841 5462 initium
2894 5408 3288 5474 quodammodo
3322 5418 3484 5476 atque

1895 5502 2247 5565 primordium
2275 5502 2432 5554 habet
2467 5502 2802 5555 nativitatem
2829 5517 2895 5555 ex
2934 5501 3181 5561 muliere,
3212 5509 3266 5552 et
3311 5499 3482 5552 inani-

1894 5593 2238 5644 l'estutionem
2264 5593 2313 5645 in
2343 5609 2507 5645 carne
2529 5593 2643 5662 ejus
2667 5593 2754 5662 qui
2789 5592 2940 5662 juxta
3011 5591 3283 5659 propriam
3323 5601 3479 5643 natu-

1897 5699 2009 5734 ram
2043 5686 2188 5738 «:rrni
2246 5687 2450 5752 nequit,
2499 5697 2550 5739 et
2610 5686 3030 5754 dispensativaui
3089 5685 3481 5740 habitationem
