4006 6466
204 395 347 450 ξῖῧθ

1345 392 1536 459 QUOD
1579 392 1764 449 UNUS
1807 395 1915 449 SIT
1957 393 2330 454 CHRISTUS.

3351 393 3488 446 1270

200 512 424 579 ἔχοντες
455 512 536 575 είς
569 511 629 565 τὸ
651 513 895 582 ἄμεινον,
925 513 1022 586 τὴν
1059 513 1146 567 διά
1172 513 1236 582 γέ
1279 531 1424 586 φημι
1454 515 1548 568 τοῦ
1577 534 1794 570 παντων

1928 535 2105 584 umus,
2146 535 2243 590 per
2283 519 2584 587 Christum,
2635 519 2877 588 inquam,
2926 515 3168 572 omnium
3232 513 3491 570 Servato-

197 601 365 669 ἡμῶν
393 602 648 671 Σωτῆρος
674 603 935 673 Χριστοῦ.

282 693 343 745 Β.
386 693 620 762 Συνίημι
650 693 678 745 ὃ
703 695 828 763 φής.

277 786 342 836 Α.
387 785 484 847 Τίς
513 785 560 838 δ’
590 785 656 838 ἂν
688 787 780 840 καὶ
834 791 1007 841 νοοῖτο
1055 789 1192 861 πρὸς
1230 791 1388 861 ἡμῶν
1422 794 1450 844 6
1501 794 1791 864 παραπλη-

205 875 343 939 σίως
372 878 502 946 ἡμῖν
535 879 892 949 μετεσχηκὼς
934 881 1165 950 αἵματος
1190 883 1281 936 καὶ
1313 884 1536 955 σαρκὸς,
1573 885 1647 948 ὡς
1679 885 1794 938 ἕτε-

209 984 304 1036 ρος
335 966 410 1020 ὢν
444 970 574 1039 παρ’
605 970 753 1040 ἡμᾶς
787 969 930 1023 κατὰ
964 972 1158 1040 φύσιν;
1189 975 1262 1028 Οὐ
1288 974 1398 1046 γάρ
1429 992 1511 1028 τοι
1547 979 1681 1046 φαίη
1712 993 1796 1039 τις

205 1055 276 1108 ἂν
305 1057 579 1129 ἀνθρώπῳ
612 1061 866 1130 πρέπειν,
915 1061 974 1114 τὺ
1022 1063 1438 1134 ἅνθρωποικητος
1483 1070 1792 1137 μετασχεῖν.

212 1151 283 1201 Ὃ
314 1150 425 1218 γάρ
469 1151 586 1205 ἐστι
633 1152 773 1206 κατά
813 1153 996 1223 φύσιν,
1029 1154 1144 1218 πῶς
1175 1156 1240 1210 ἄν
1268 1174 1351 1220 τις
1385 1160 1557 1211 νοοῖτο
1589 1159 1793 1224 λαεὼν,

205 1240 288 1300 ὡς
337 1243 523 1313 ἕτερον
564 1245 624 1297 δν
667 1263 720 1297 τι
755 1247 884 1318 παρ’
925 1251 1062 1318 ὅπερ
1104 1249 1278 1313 ἐστίν;
1308 1244 1433 1320 'Ap‘
1473 1251 1532 1302 οὐ
1577 1252 1710 1303 πολὺ
1740 1252 1798 1304 τὸ

206 1335 364 1399 εἰκὸς
390 1337 418 1389 6
449 1337 603 1406 λόγος
635 1337 782 1408 ἔχεις

286 1515 350 1568 Β.
393 1515 539 1568 Πάνυ
579 1514 676 1583 μὲν
709 1510 820 1568 οὗν.

285 1608 351 1659 Α.
391 1606 660 1676 Ἀορειδὲ
693 1607 756 1678 δὴ
799 1609 892 1660 καὶ
941 1609 1164 1680 ἑτέρως,
1205 1611 1279 1673 ὡς
1330 1611 1547 1665 ἀνόσιόν
1579 1613 1636 1666 τέ
1687 1615 1800 1666 ἐστι

212 1701 311 1754 καὶ
353 1702 590 1772 ἀπηχὲς,
622 1704 686 1756 τὸ
713 1705 959 1777 ἀναιρεῖν
994 1707 1290 1776 πειρᾶσθαι
1321 1709 1414 1761 τοῦ
1448 1709 1585 1762 Θεοῦ
1625 1711 1800 1778 Λόγου

209 1794 316 1861 τὴν
374 1795 438 1845 ὲκ
470 1796 728 1861 γυναικὸς
787 1797 930 1850 κατά
987 1797 1164 1868 σάρκα
1212 1800 1485 1870 γέννησιν.
1541 1799 1658 1854 Τίνι
1695 1803 1802 1872 γάρ

1895 627 2028 668 rem.

1967 703 2026 760 Β.
2061 704 2304 774 Intelligo
2324 703 2452 772 quid
2487 703 2642 758 velis.

1967 797 2033 850 A.
2073 796 2206 862 Quis
2235 811 2361 849 vero
2395 795 2729 864 intelligatur
2762 808 2790 846 a
2825 793 2980 846 nobis
3007 791 3098 862 qui
3131 790 3356 861 perinde
3409 799 3491 843 ato

1898 903 2002 958 que
2026 903 2122 942 nos
2149 886 2432 956 sanguinis
2485 901 2549 940 ac
2608 885 2794 939 carnis
2833 883 3106 952 particeps
3158 882 3336 936 lactus
3393 881 3489 942 sit,

1901 989 2156 1048 tauquam
2191 978 2441 1032 diversus
2469 990 2497 1029 a
2533 975 2688 1030 nobis
2718 973 3016 1030 secundum
3064 969 3354 1025 naturam?
3386 970 3494 1025 Ne-

1899 1081 2003 1136 que
2031 1067 2172 1120 enim
2208 1067 2474 1136 quispiam
2515 1065 2716 1119 dixerit
2741 1063 3038 1118 convenire
3099 1060 3332 1126 homini,
3394 1061 3496 1113 lut-

1901 1158 2178 1212 uianitatis
2221 1157 2540 1226 participem
2599 1152 2894 1210 ﬂeri.Nam
2942 1153 2994 1208 id
3036 1153 3180 1222 quod
3218 1150 3493 1205 naturalio

1904 1261 1985 1304 ter
2017 1256 2124 1314 est,
2151 1265 2262 1319 quo
2292 1259 2448 1318 pacto
2491 1247 2615 1318 quis
2646 1245 2924 1314 accepisse
2962 1243 3319 1312 intelligatur,
3339 1240 3491 1309 quasi

1902 1341 2045 1396 aliud
2069 1341 2140 1396 sit
2163 1355 2324 1410 quam
2349 1341 2490 1409 quod
2518 1340 2643 1395 est?
2687 1335 2876 1392 Nonne
2925 1335 3021 1392 tibi
3082 1341 3495 1390 consentaneus

1903 1448 2032 1487 vero
2059 1447 2240 1488 sermo
2275 1447 2426 1488 meus
2452 1431 2704 1487 videtur?

1975 1523 2034 1577 Β.
2066 1524 2319 1579 Omnino.

1973 1618 2033 1671 Α.
2071 1619 2201 1672 \‘ide
2227 1627 2408 1671 autem
2435 1617 2598 1670 etiam
2644 1616 2747 1670 alia
2804 1615 3018 1671 ratione
3039 1627 3202 1682 quam
3240 1611 3491 1681 impium,

1904 1723 2173 1777 quamque
2199 1709 2493 1762 absurdum
2523 1709 2593 1763 sit
2623 1707 2783 1762 Verbi
2832 1723 2896 1762 ex
2933 1707 3159 1760 muliere
3186 1710 3490 1759 secundum

1905 1814 2126 1852 carnem
2160 1799 2494 1852 nativitatem
2529 1799 2718 1854 tollere
2756 1798 2966 1852 conari.
3005 1795 3122 1862 Quo
3159 1795 3307 1849 enim
3338 1802 3499 1864 pacto

211 1885 405 1954 τρόπῳ
437 1883 828 1957 ζωοποιήσειεν
852 1888 916 1942 ἂν
943 1889 1006 1942 τὸ
1040 1890 1202 1960 σῶμα
1239 1892 1425 1957 αὐτοῦ,
1462 1895 1508 1945 εί
1541 1894 1615 1964 μὴ
1652 1895 1799 1946 ἐστιν

1926 1891 2182 1946 ririlieare
2214 1894 2385 1960 possit
2417 1905 2614 1960 corpus
2643 1883 2824 1953 suum,
2861 1888 3057 1942 nisisit
3103 1886 3382 1956 proprium
3414 1885 3497 1953 ip-

214 1973 351 2026 ἵδιον
379 1973 564 2035 αὑτοῦ,
592 1975 650 2037 ὃς
677 1976 793 2028 ἐστι
831 1976 980 2046 (toi);
1015 1975 1131 2039 πῶς
1164 1978 1223 2031 τὸ
1247 1974 1386 2048 αἷμα
1427 1980 1603 2048 Ἰησοῦ
1632 1979 1802 2032 καθα·

219 2067 361 2137 ρίξει
388 2067 538 2136 ἡμᾶς
567 2067 676 2121 ἀπὸ
703 2069 883 2138 πάσης
915 2071 1208 2142 ἁμαρτίας,
1233 2069 1392 2141 εἴπερ
1422 2072 1572 2124 ἐστὶν
1595 2070 1807 2142 ἀνορώο

214 2175 323 2211 που
347 2158 528 2212 κοινοῦ
563 2159 660 2212 καὶ
685 2159 837 2224 ὄντος
868 2161 958 2229 ὑφ’
990 2161 1303 2232 ἁμαρτίανς
1339 2163 1456 2224 πῶς
1481 2163 1806 2216 ἀπέστειλεν

212 2249 243 2300 6
274 2249 409 2312 Θεὸς
444 2251 538 2304 καὶ
565 2252 757 2321 Πατὴρ
784 2252 874 2304 τὸν
906 2253 1034 2305 Υἱὸν
1057 2253 1246 2317 uino-3,
1280 2255 1573 2325 γενόμενον
1612 2255 1677 2308 ἐκ
1707 2272 1806 2322 γυ-

216 2340 432 2404 ναικὸς,
466 2341 757 2411 γενόμενον
815 2344 920 2396 ὑπὸ
967 2345 1167 2414 νόμον;
1210 2346 1327 2408 πῶς
1374 2347 1663 2418 κατέκρινε
1710 2347 1808 2416 τὴν

217 2432 501 2502 ἁμαρτίαν
533 2432 590 2484 ὲν
619 2436 686 2504 τῇ
718 2436 916 2505 cap-Ai;
946 2438 1021 2490 Οὐ
1049 2438 1157 2508 γάρ
1190 2432 1257 2507 ἦν
1281 2437 1572 2509 ἀνθρώπου
1602 2439 1807 2503 κοινοῦ,

218 2524 314 2575 καὶ
370 2525 813 2595 τυραννουμένην
876 2526 1094 2597 ἔχοντος
1158 2529 1275 2598 μεθ’
1336 2530 1494 2598 ἡμῶν
1553 2529 1658 2582 ὑπὸ
1711 2532 1810 2601 της

219 2615 496 2688 ἁμαρτίας
539 2616 639 2684 τὴν
677 2617 861 2684 φύσιν,
905 2619 968 2671 τὸ
1011 2623 1338 2690 κατακρίναι
1378 2622 1474 2692 τὴν
1509 2623 1808 2693 ἁμαρτίαν.

232 2706 389 2758 Ἐπεὶ
413 2707 470 2759 δὲ
503 2707 662 2778 σῶμα
711 2710 901 2777 γέγονε
951 2710 1045 2763 τοῦ
1080 2713 1419 2783 πλημμελεῖν
1461 2715 1560 2767 οὐκ
1588 2715 1810 2778 εἰδότος,

228 2797 483 2868 cae-.910:
527 2801 621 2852 καὶ
662 2802 808 2870 μάλα
845 2805 1070 2867 εἰκότως
1101 2806 1200 2875 τὴν
1242 2805 1341 2875 τῆς
1388 2808 1664 2879 ἁμαρτίας
1708 2809 1812 2860 ἁπ-

221 2890 476 2942 εεείσατο
519 2893 832 2962 τυραννίδα,
874 2897 968 2948 καὶ
1019 2898 1119 2966 τὴν
1169 2897 1404 2966 ἰδιότητα
1465 2899 1686 2950 πλουτεί
1719 2899 1810 2951 τοῦ

222 2980 521 3050 ἀφράστως
550 2984 686 3054 αὐτῇ
737 2987 830 3038 καὶ
865 2988 940 3048 ὼς
980 2987 1080 3040 οὑκ
1109 2987 1257 3040 ἔστιν
1289 2988 1580 3052 ὲνωΟέντος
1610 2990 1808 3058 Λόγου,

223 3073 385 3140 ᾶγιὸν
431 3092 491 3126 τε
532 3078 624 3128 καὶ
681 3076 944 3140 ζωοποιόν
1002 3081 1143 3140 ἐστι.
1190 3081 1283 3134 καὶ
1333 3083 1430 3152 τῆς
1475 3081 1812 3152 (θεοπρεποῦς

224 3166 512 3236 ἐνεργείας
541 3166 814 3236 ἔμπλειον.
855 3170 940 3232 Ὠς
975 3171 1031 3222 ὲν
1062 3171 1285 3242 ἀπαρχῇ
1322 3173 1376 3225 δὲ
1406 3173 1648 3243 Χριστῷ,
1687 3191 1811 3242 μετ-

224 3257 658 3328 εστοιχειὼμεθα
688 3261 782 3313 καὶ
805 3263 986 3332 ἡμεῖς,
1014 3265 1095 3326 εἰς
1121 3263 1181 3316 τὸ
1203 3260 1341 3317 εἶναι
1373 3267 1465 3318 καὶ
1491 3265 1696 3336 φθορᾶς
1721 3265 1818 3318 καὶ
1846 3244 1886 3302 C

225 3350 515 3421 ἁμαρτίας
544 3351 874 3420 κρείττονες.
900 3354 1009 3407 Καὶ
1039 3354 1260 3424 ἀληθὲς,
1294 3356 1396 3420 ὅτι,
1423 3357 1565 3409 κατά
1595 3357 1693 3426 τὴν
1724 3356 1817 3409 τοῦ

229 3443 509 3514 μακαρίου
556 3443 766 3496 Παύλου
801 3447 1004 3514 φωνὴν,
1045 3465 1062 3497 ι
1095 3447 1309 3516 ’Ὠσπερ
1334 3446 1676 3516 ἐφορέσαμεν
1723 3445 1820 3514 τὴν

227 3534 420 3587 εἰκόνα
463 3534 558 3584 τοῦ
607 3534 823 3603 χοϊκοῦ,
860 3536 1169 3606 φορέσομεν
1203 3537 1296 3591 καὶ
1345 3537 1444 3608 τὴν
1500 3537 1684 3590 εἰκόνα
1725 3537 1820 3589 τοῦ

229 3621 582 3691 ἐπουρανίου,
621 3642 638 3674 ι
667 3625 913 3677 τουτέστι
949 3625 1204 3696 Χριστοῦ.
1243 3629 1592 3696 Ἐπουράνιος
1631 3627 1685 3678 δὲ
1731 3627 1822 3679 ἄν·

231 3714 458 3783 Θρωττος
483 3716 682 3766 νοεῖται
720 3716 978 3785 Χριστὸς,
1006 3719 1104 3787 οὐχ
1136 3717 1210 3780 ὡς
1243 3719 1448 3771 ἄνωθεν
1473 3720 1604 3788 ἡμῖν
1637 3723 1730 3771 καὶ
1766 3721 1824 3785 ἐξ

229 3801 470 3875 οὐρανοῦ
505 3805 604 3875 τὴν
642 3807 820 3878 σάρκα
865 3809 1233 3876 κατενεγκὼν,
1278 3812 1394 3864 ἀλλ’
1427 3813 1509 3864 ὅτι
1537 3812 1669 3875 θεὸς
1697 3812 1772 3865 ὢν
1799 3814 1826 3864 ὀ

233 3903 434 3971 Λόγος,
465 3901 842 3968 καταϐέϐηκεν
877 3902 935 3965 ἐξ
956 3902 1223 3972 οὐρανῶν,
1253 3904 1346 3956 καὶ
1381 3904 1480 3973 τὴν
1510 3905 1644 3973 πρὸς
1678 3909 1826 3975 ἡμᾶς

234 3994 502 4064 ὁμοίωσιν
530 3992 800 4060 ὑπελθὼν,
822 3996 1094 4056 τουτέστι,
1121 3995 1376 4064 γέννησιν
1406 3997 1705 4065 ὑπομείνας
1729 3999 1828 4066 τὴν

237 4085 384 4138 κατὰ
415 4084 593 4155 σάρκα
619 4086 682 4137 ὲκ
704 4085 982 4152 γυναικός,
1006 4086 1319 4156 μεμένηκεν
1349 4089 1484 4158 ὅπερ
1514 4087 1603 4160 ἧν,
1622 4090 1828 4141 ἄνωθεν

236 4183 487 4253 δηλονότι
510 4183 604 4234 καὶ
639 4182 697 4245 ἐξ
717 4183 983 4253 οὐρανῶν,
1009 4183 1104 4235 καὶ
1138 4185 1320 4236 ἐπάνω
1341 4186 1556 4237 πάντων
1580 4185 1654 4248 ὡς
1675 4187 1827 4251 Θεὸς,

242 4280 339 4330 καὶ
375 4278 513 4347 μετὰ
545 4277 767 4348 σαρκός.
809 4277 966 4330 Οὕτω
1013 4277 1121 4347 γάρ
1167 4277 1268 4329 πού
1293 4295 1457 4348 φησιν
1485 4281 1512 4330 6
1545 4277 1831 4342 Θεσπέσιος

253 4371 513 4440 Ἰωάννης
536 4373 667 4441 περὶ
692 4370 881 4424 αὐτοῦ’
915 4391 932 4422 σ
975 4371 1032 4423 Ὀ
1068 4372 1274 4426 ἄνωοεν
1307 4373 1624 4442 ἐρχόμενος,
1646 4374 1832 4428 ἐπάνω

245 4465 468 4518 πάντων
509 4463 678 4516 ἐστίν.
713 4481 730 4513 ι
777 4463 1196 4534 ’Λπομεμένηκε
1247 4466 1353 4537 γὰρ
1388 4465 1498 4518 τῶν
1539 4465 1675 4518 ὅλων
1722 4468 1834 4519 Κύ-

1909 1981 2043 2043 sius,
2070 1979 2160 2049 qui
2185 1989 2267 2035 cst
2293 1980 2437 2034 vita?
2459 1991 2553 2034 aut
2576 1979 2847 2049 quomodo
2872 1976 3097 2046 sanguis
3118 1974 3324 2029 Christi
3344 1989 3500 2027 mun-

1909 2071 2058 2127 dabit
2125 2087 2220 2126 nos
2275 2071 2341 2126 ab
2381 2070 2529 2124 omni
2581 2078 2826 2139 poeualo,
3062 2064 3106 2119 si
3160 2064 3233 2119 sit
3267 2061 3503 2118 heminis

1907 2165 2213 2222 communis
2241 2172 2293 2218 et
2317 2172 2542 2233 peccato
2569 2161 2790 2217 obnoxii
2815 2162 2838 2213 ?
2878 2175 2987 2229 quo
3005 2165 3162 2227 pacto
3193 2154 3343 2210 misit
3364 2153 3504 2208 Deus

1909 2275 1971 2314 ac
1992 2258 2152 2312 Pater
2179 2255 2373 2310 Filium
2403 2269 2560 2308 suum
2598 2254 2798 2308 factum
2851 2267 2914 2304 ex
2977 2248 3224 2312 muliere,
3301 2246 3502 2300 factum

1910 2353 2010 2407 sub
2045 2348 2547 2419 legc"?quomodo
2574 2346 2898 2400 condemnat
2919 2349 3199 2412 peccatum
3234 2338 3286 2391 in
3317 2334 3506 2392 carne?

1910 2441 2096 2511 Neque
2123 2443 2265 2495 enim
2308 2450 2423 2493 erat
2453 2437 2688 2492 hominis
2711 2434 2977 2504 vulgaris,
3010 2442 3066 2487 ct
3091 2429 3246 2499 cujus
3303 2439 3426 2483 natr
3456 2442 3498 2482 'a

1912 2551 2017 2590 una
2049 2534 2325 2588 nobiscum
2357 2531 2458 2586 sub
2487 2529 2694 2600 peccati
2731 2526 2960 2596 imperio
2995 2539 3057 2578 ac
3089 2521 3218 2592 jugo
3274 2520 3506 2574 teneba-

1916 2637 2021 2692 tur,
2045 2629 2409 2681 coudeuinare
2438 2610 2892 2694 peccatum.Ciim
2919 2635 3048 2674 vero
3072 2633 3269 2687 corpus
3305 2615 3508 2670 factum

1913 2718 1982 2772 sit
2017 2719 2132 2788 ejus
2162 2717 2251 2786 qui
2281 2726 2560 2787 peceatum
2595 2731 2699 2770 non
2743 2713 2911 2776 novit,
2943 2711 3167 2771 idcirco,
3206 2717 3260 2763 et
3289 2707 3509 2776 quidem

1913 2811 2266 2879 cptimojure
2295 2809 2500 2877 peccati
2561 2808 2901 2877 tyrannich
2943 2803 3206 2868 excussit,
3262 2815 3510 2856 comnm-

1917 2901 2220 2970 nicatisque
2249 2917 2371 2953 eum
2401 2900 2492 2953 illo
2531 2899 2954 2968 proprietatibus
2988 2894 3150 2950 Verbi
3213 2893 3357 2963 quod
3421 2892 3509 2945 in-

1915 2991 2112 3046 ell‘abili
2148 2994 2306 3047 modo
2331 2993 2432 3061 ipsi
2463 2992 2672 3044 unitum
2705 2999 2810 3054 est,
2841 2999 3090 3044 sanctum
3127 3001 3190 3042 ac
3223 2987 3500 3041 vivitieum

1915 3087 2166 3142 eﬂectum
2227 3096 2332 3148 est,
2377 3095 2433 3139 et
2487 3083 2686 3136 divina:
2730 3083 3007 3137 facultatis
3057 3079 3508 3150 uperationisqne

1919 3184 2158 3253 plenum.
2187 3180 2294 3235 Nos
2325 3195 2452 3234 vero
2471 3180 2522 3231 iu
2547 3179 2764 3232 Christo
2789 3187 3044 3246 tanquam
3065 3175 3317 3241 primitiis
3338 3184 3514 3227 trans-

1923 3273 2136 3326 formati
2185 3271 2344 3324 etiam
2376 3283 2586 3330 smnus,
2615 3275 2672 3320 et
2707 3265 2928 3320 interitu
2962 3273 3126 3332 atque
3175 3271 3399 3330 peccato
3421 3274 3518 3314 sn-

1924 3365 2166 3435 periores
2198 3361 2476 3416 deriarali.
2512 3359 2590 3414 Ac
2609 3372 2793 3412 verum
2815 3357 3037 3410 omnino
3063 3363 3170 3418 est,
3193 3353 3348 3422 juxta
3374 3350 3516 3406 beati

1927 3456 2073 3510 Pauli
2098 3452 2445 3517 sententiain,
2477 3451 2619 3519 quod
2669 3467 2688 3502 ι
2730 3445 3209 3515 Quemadmodum
3265 3443 3520 3512 portavi-

1927 3565 2047 3602 mus
2079 3546 2366 3614 imaginem
2400 3543 2622 3605 terreni,
2651 3541 2988 3610 portabimus
3024 3538 3185 3592 etiam
3228 3535 3520 3605 imaginem

1927 3640 2185 3702 caelestis,
2218 3639 2261 3670 ⁵⁷
2297 3658 2314 3690 ι
2356 3637 2459 3690 hoc
2482 3645 2588 3699 est,
2619 3631 2846 3688 Christi.
2877 3629 3128 3684 leestis
3160 3635 3338 3681 autem
3362 3627 3523 3680 boum

1929 3733 2249 3803 intelligitur
2273 3729 2556 3789 Christus;
2594 3742 2700 3781 non
2735 3735 3250 3794 tanquamsupornc
3281 3729 3444 3787 atque
3486 3733 3515 3772 a

1930 3825 2070 3879 emlo
2121 3837 2342 3876 carnem
2371 3823 2435 3876 ad
2472 3836 2567 3875 nos
2601 3819 2888 3882 detulerit,
2925 3817 3019 3870 sed
3065 3815 3208 3884 quod
3256 3813 3398 3868 Deus
3426 3827 3524 3866 ex-

1930 3917 2129 3970 sistens
2165 3913 2418 3975 Verbum,
2448 3911 2784 3966 descendite
2812 3908 2968 3963 cmlis
2989 3923 3004 3973 ;
3029 3916 3084 3961 et
3111 3906 3523 3962 similitudinem

1932 4009 2104 4061 nostri
2139 4005 2380 4069 subiens,
2420 4005 2522 4058 hoc
2545 4011 2648 4067 est,
2667 4002 2964 4056 secundum
2990 4013 3208 4053 carnem
3240 4013 3270 4052 e
3299 3997 3528 4051 muliere

1934 4100 2076 4152 sicut
2110 4112 2207 4150 nos
2245 4106 2429 4158 natus,
2470 4092 2770 4162 permansit
2793 4091 2846 4144 id
2875 4089 3174 4160 quoderat,
3203 4103 3236 4143 e
3275 4087 3529 4156 superuis

1937 4171 2189 4241 nimirum
2219 4197 2383 4255 atque
2409 4199 2438 4238 c
2472 4184 2647 4250 cmlis,
2679 4194 2734 4237 et
2761 4198 2923 4251 supra
2976 4196 3168 4235 omnes
3231 4189 3288 4232 ut
3345 4181 3486 4233 Deus
3509 4217 3527 4244 ,

1936 4282 2100 4335 etiam
2132 4297 2254 4334 cum
2280 4293 2463 4333 carne.
2498 4277 2570 4331 Ita
2601 4278 2744 4330 enim
2782 4274 2909 4329 alibi
2939 4273 3156 4326 divinus
3176 4270 3416 4326 Joannes
3449 4272 3532 4324 in-

1938 4375 2053 4441 quit
2082 4389 2094 4424 :
2142 4391 2160 4425 σ
2191 4373 2292 4438 Qui
2330 4387 2360 4426 e
2392 4369 2644 4439 supernis
2669 4367 2838 4428 venit,
2867 4380 3027 4432 supra
3064 4379 3253 4418 omnes
3276 4372 3361 4417 est
3397 4362 3462 4415 ".
3509 4381 3526 4411 ι

1939 4465 2248 4518 Permansit
2307 4462 2452 4517 enim
2508 4461 2670 4514 totius
2713 4458 2952 4511 universi
2994 4455 3276 4519 Dominus,
3317 4453 3530 4508 tametsi

249 4574 388 4627 ριος,
422 4556 516 4608 καὶ
543 4557 600 4608 ἐν
643 4558 712 4627 τῇ
753 4557 846 4609 τοῦ
885 4557 1078 4609 δούλου
1132 4562 1314 4629 μορφῇ
1347 4559 1585 4625 γεγονὼς
1622 4561 1819 4612 οἰκονο·

1944 4559 2151 4612 ratione
2184 4553 2574 4609 incarnationis
2605 4552 2838 4606 formam
2903 4547 3047 4603 servi
3091 4546 3385 4613 acceperit,
3449 4555 3533 4598 at-

250 4645 452 4716 μικῶς,
487 4645 581 4698 καὶ¹
612 4645 912 4714 παράδοξον
935 4647 1150 4717 ἀληθῶς
1168 4647 1255 4700 διὰ
1286 4648 1462 4701 ταῦτὰ
1491 4650 1605 4700 ἐστι
1629 4649 1687 4700 τὸ
1707 4651 1836 4720 Χρι-

248 4739 380 4791 στοῦ
419 4739 739 4807 μυστήριον.
774 4738 884 4791 Καὶ
917 4739 1046 4806 γοῦν
1081 4739 1184 4810 ἔφη
1218 4757 1321 4792 που
1372 4743 1508 4810 πρὸς
1551 4742 1838 4804 Ἰουδαίους

247 4834 315 4883 δι’
344 4832 462 4894 ἐνὸς
490 4831 598 4882 τῶν
632 4832 928 4902 προτητῶν
952 4834 980 4885 ὀ
1010 4832 1140 4895 Θεὸς
1171 4834 1264 4886 καὶ
1289 4836 1496 4903 ΙΙατήρο
1527 4853 1544 4883 ι
1573 4835 1763 4898 Ἴδετε,
1790 4837 1837 4887 οἱ

251 4924 686 4992 καταφρονηταὶ,
721 4924 813 4974 καὶ
852 4924 1211 4994 ἀφανίσθητε,
1245 4927 1338 4978 καὶ
1381 4927 1726 4994 θαυμάσατε,
1755 4928 1836 4978 ὅτι

251 5017 414 5084 ἔργον
450 5015 559 5082 ἐγὼ
587 5013 892 5084 ἐργάζομαι
933 5018 990 5068 ἐν
1024 5021 1143 5080 ταῖς
1180 5020 1413 5086 ἡμέραις
1450 5019 1621 5086 ὑμῶν,
1677 5021 1838 5089 ἔργον

249 5100 292 5173 ᾧ
344 5107 404 5158 οὐ
441 5107 516 5176 μὴ
559 5107 912 5176 πιστεύσητε,
943 5111 1036 5161 ἐάν
1079 5127 1160 5171 τις
1203 5110 1596 5180 ἐκδιηγήσηται
1635 5113 1779 5180 ὑμῖν.
1818 5132 1833 5157 μ

256 5197 609 5251 λινδυνεύσει
638 5199 746 5266 γάρ
771 5200 1118 5252 ἀπιστεῖσθαι
1155 5202 1214 5253 τὸ
1243 5201 1477 5270 Χριστοῦ
1515 5204 1836 5272 μυστήριον,

253 5291 340 5342 διά
364 5290 460 5359 τὴν
480 5289 574 5341 τοῦ
595 5290 692 5341 Οαὺ
705 5308 870 5357 ματος
890 5291 988 5343 ὑπε
1001 5293 1220 5361 ρὸοὶήν.
1241 5294 1373 5355 Θεὸς
1398 5289 1464 5362 ἦν
1483 5296 1538 5346 ἐν
1558 5295 1844 5364 ἀνθρωπὸ-

258 5399 379 5448 τητι
416 5383 508 5433 καὶ
542 5383 600 5431 ἐν
637 5386 746 5444 τοῖς
783 5384 902 5436 καίϊ
945 5387 1113 5454 ἡμᾶς,
1147 5387 1174 5437 6
1219 5387 1357 5457 ὑπὲρ
1391 5391 1568 5440 πᾶσαν
1602 5389 1699 5458 τὴν
1729 5393 1842 5440 κτί-

262 5492 343 5524 σιν
369 5490 378 5500 ·
411 5475 667 5543 ἀόρατος,
694 5477 887 5544 ὁρατὸς
931 5479 1070 5530 κατα
1119 5480 1320 5548 σάρκα,
1346 5484 1374 5531 6
1398 5481 1455 5545 ἐξ
1483 5482 1710 5550 οὐρανοῦ
1753 5481 1846 5534 καὶ

263 5566 491 5628 ἄνωθεν,
539 5567 594 5616 ἐν
627 5567 753 5617 εἴδει
791 5570 897 5619 τῶν
946 5573 1166 5638 [fimo-ﬂ
1225 5572 1412 5633 enim,
1461 5576 1487 5624 ὁ
1522 5575 1768 5642 ἀνατεὴς·
1817 5592 1844 5623 ο

266 5659 405 5712 Aut}:
448 5661 607 5726 φύσιν
651 5661 785 5714 ξῦῖαν
838 5661 1138 5730 Ξὶξυθετινιέ,
1196 5667 1247 5714 ζ)
1298 5666 1484 5717 δουλων
1546 5670 1726 5734 μορεὴ
1820 5667 1844 5715 ὁ

341 5843 384 5868 ¹“
421 5840 595 5894 Calai.
640 5855 708 5894 ιγ,
761 5855 796 5892 ι.
961 5841 974 5892 l
1023 5843 1143 5895 tim.
1190 5859 1270 5894 μ.
1334 5846 1408 5896 i‘J.
1495 5843 1692 5897 "‘Juan
1767 5862 1842 5900 ιιι,

1897 5843 1979 5895 ῗιί.
2065 5846 2101 5866 ""
2151 5844 2352 5899 llabat‘.
2403 5863 2439 5908 ι,
2482 5847 2543 5904 ἐν.

1944 4669 2048 4720 que
2071 4650 2449 4704 admirandum
2477 4662 2661 4701 revera
2689 4654 2773 4698 est
2796 4645 2866 4697 ob
2899 4642 3016 4695 lucc
3071 4641 3276 4694 Christi
3331 4651 3534 4709 myste-

1945 4747 2106 4800 rium.
2147 4743 2350 4798 ldeirco
2398 4741 2538 4795 Deus
2570 4754 2634 4793 ac
2665 4730 2826 4792 Pater
2871 4736 2998 4790 alibi
3055 4736 3121 4788 ad
3176 4733 3392 4788 Judaeos
3442 4751 3534 4803 per

1943 4837 2230 4906 quemdam
2275 4837 2594 4902 prophetam
2623 4833 2698 4885 ait
2729 4851 2738 4884 :
2784 4850 2800 4882 t
2859 4829 3072 4892 Videte,
3101 4838 3530 4898 contemptores,

1947 4939 2000 4980 et
2030 4925 2395 4990 adtltiramini,
2427 4935 2478 4977 et
2507 4923 2880 4990 disperdimini
2918 4937 2932 4973 :
2981 4923 3106 4990 quia
3162 4937 3298 4988 opus
3337 4936 3537 4986 operor

1947 5035 2046 5086 ego
2085 5018 2347 5072 indiebns
2380 5017 2594 5076 vestris,
2634 5031 2769 5082 opus
2831 5016 2975 5082 quod
3042 5028 3146 5064 ltuit
3203 5011 3426 5064 creditis
3494 5014 3536 5065 si

1948 5111 2069 5177 quis
2097 5108 2438 5163 enarraverit
2467 5109 2619 5161 vobis
2643 5106 2709 5158 ⁵⁵⁸.
2738 5125 2754 5156 ι
2789 5105 3095 5157 Periculum
3121 5103 3266 5156 enim
3307 5103 3413 5155 erit
3474 5119 3538 5156 uc

1953 5203 2242 5270 derogetur
2291 5200 2424 5255 lides
2458 5200 2721 5269 mysterio
2758 5198 2985 5261 Christi,
3023 5197 3092 5251 ob
3122 5195 3369 5249 miraculi
3421 5211 3537 5248 ma-

1949 5293 2309 5361 gnitudinem.
2347 5289 2486 5344 Deus
2521 5297 2638 5342 erat
2680 5289 2840 5340 homo
2881 5285 3050 5337 nostri
3083 5283 3280 5336 similis
3327 5281 3535 5343 factus,

1950 5384 2042 5452 qui
2080 5398 2239 5452 supra
2277 5397 2492 5437 otnnem
2526 5391 2834 5435 creaturam
2856 5387 2968 5444 est;
3034 5376 3344 5441 invisibilis,
3367 5376 3540 5427 l'ai-tus

1951 5484 2033 5528 est
2061 5475 2285 5528 visibilis
2319 5475 2620 5529 secundum
2656 5487 2910 5525 carnem:
2946 5472 3038 5540 qui
3090 5485 3154 5524 ex
3213 5468 3350 5523 ewlo
3381 5479 3542 5536 atque

1953 5585 1983 5622 c
2021 5569 2290 5637 supernis,
2326 5568 2554 5622 formam
2611 5565 2951 5621 terrestrium
3015 5563 3221 5616 induit:
3268 5562 3543 5630 lttttgibilis

1955 5674 2054 5718 νει.
2099 5661 2188 5729 qui
2229 5662 2373 5730 tangi
2419 5660 2605 5727 nequit
2644 5676 2656 5712 :
2693 5659 2782 5726 qui
2826 5673 2892 5711 ex
2955 5655 3172 5725 propria
3217 5670 3311 5708 sua
3347 5663 3540 5706 natura

2599 5846 2714 5897 Att.
2755 5856 2872 5905 Mli,
2918 5842 3004 5894 il.
