4006 6450
549 384 672 440 1271

1523 379 1580 436 S.
1623 377 1898 435 CYRILLI
1937 373 2402 431 ALEXANDIHNI
2445 375 2763 431 ARCHIEP.

3663 370 3810 428 i272

545 503 680 555 liber
701 510 805 566 est,
847 504 984 557 servi
1021 501 1246 558 formam
1267 500 1473 570 accepit
1510 517 1522 553 :
1556 500 1647 571 qui
1705 497 1970 556 creaturis
2023 498 2097 551 bet

2222 496 2458 565 εὐλογῶν
2490 498 2586 566 τὴν
2632 498 2827 560 κτίσιν,
2860 497 3152 567 ἐπάρατος,
3187 498 3280 550 καὶ
3314 496 3372 548 ἐν
3402 495 3517 557 τοῖς
3551 493 3806 562 ἀνόμοις,

545 592 768 656 uedicit,
803 592 977 648 lactus
1009 603 1093 648 est
1128 592 1513 655 exsecrabilis;
1553 598 1972 657 numeratusquc
2027 597 2110 642 est

544 696 682 739 inter
705 689 1141 754 prmvaricatores
1184 687 1315 755 legis
1338 687 1382 740 is
1409 685 1500 754 qui
1530 693 1610 739 est
1659 683 1835 736 omnis
1877 682 2104 750 justitia,

543 780 1048 848 mortemquesubiit
1086 783 1196 834 vita
1219 782 1351 850 ipsa.
1381 779 1564 848 Neque
1580 781 1720 833 enim
1745 791 1859 834 erat
1886 777 2108 832 alterius

542 869 856 940 rttjtlSpiam,
879 873 971 926 sed
1005 873 1183 941 potius
1211 873 1380 941 ipsius
1418 872 1709 924 secundum
1741 879 1986 923 naturam
2018 867 2106 920 Fi-

541 959 591 1010 lii
621 974 842 1027 corpus,
867 962 918 1015 id
943 963 1084 1030 quod
1110 973 1334 1016 mortem
1363 961 1525 1033 724
1558 963 1744 1018 subiit.
1804 963 1955 1015 Anne
1981 977 2106 1012 vero

541 1060 799 1118 tanquam
842 1066 946 1106 non
981 1063 1126 1107 recte
1158 1052 1335 1117 factis,
1379 1058 1490 1109 sive
1538 1070 1566 1108 a
1619 1054 1776 1109 nobis
1802 1054 1977 1118 dictis,
2010 1052 2105 1106 ali-

539 1141 666 1207 quid
695 1140 862 1196 habes
899 1143 1042 1210 quod
1069 1143 1151 1198 his
1185 1145 1446 1214 objicias?

605 1229 668 1284 Β.
707 1233 1078 1301 Nequaquam.

603 1322 668 1375 A.
709 1321 973 1380 Caaterum
1016 1327 1118 1382 hoc
1148 1328 1278 1382 mihi
1313 1339 1574 1398 praetcrea
1643 1329 2029 1383 animadverte.

603 1411 663 1466 Β.
688 1412 973 1482 Quidnam,
999 1418 1260 1474 obsecro?

605 1503 668 1555 Α.
697 1503 941 1560 Christus
994 1507 1190 1562 alicubi
1251 1509 1317 1564 ad
1382 1525 1474 1565 eos
1512 1511 1602 1579 qui
1648 1510 2098 1564 resurrectionem

535 1604 868 1650 mortuorum
913 1599 1097 1654 tollere
1149 1601 1418 1666 nituntur,
1441 1602 1577 1656 dixit
1615 1619 1626 1653 :
1663 1619 1681 1652 ι
1741 1600 1856 1655 Νοη
1897 1601 2101 1671 legistis

534 1685 658 1751 quia
680 1688 770 1755 qui
799 1687 924 1744 fecit
954 1691 1224 1746 hominem
1268 1695 1334 1746 ab
1363 1693 1534 1758 initio,
1579 1692 1875 1748 masculum
1933 1702 1985 1746 et
2009 1692 2098 1746 le-

533 1776 731 1829 miuam
789 1779 908 1832 fecit
935 1781 1121 1834 eos“?
1183 1801 1201 1833 ι
1261 1782 1461 1837 Scribit
1507 1798 1635 1838 vero
1696 1784 1857 1838 etiam
1889 1783 2099 1838 divinus

2218 593 2249 660 ἡ
2289 595 2434 645 πᾶσα
2461 591 2798 660 δικαιοσύνη,
2824 591 2916 643 καὶ
2939 592 2996 642 ὲν
3033 591 3249 660 δοκήσει
3298 589 3533 642 θανάτου
3577 587 3808 655 γέγονεν

2216 683 2248 752 ἡ
2281 683 2412 753 ζωή.
2441 685 2513 737 Οὐ
2552 683 2659 754 γὰρ
2693 679 2758 752 ἦν
2783 682 2966 750 ἐτέρου
2992 682 3155 746 τινὸς,
3187 681 3355 734 αὑτοῦ
3377 681 3434 732 δὲ
3472 679 3680 749 μᾶλλον
3707 675 3805 730 τοῦ

2219 772 2358 824 κατὰ
2404 773 2563 839 φύσιν
2593 772 2746 836 Υἱοῦ,
2784 773 2843 825 τὸ
2870 772 2965 825 τοῦ
2989 771 3218 829 θανάτου
3241 774 3582 840 γευσάμενον
3619 769 3798 837 σῶμα.

2214 857 2340 934 Ἀρ*
2385 863 2458 927 ὡς
2491 865 2592 916 οὐκ
2629 859 2687 916 εὖ
2721 862 3021 931 γεγονόσιν,
3070 863 3235 933 ἠγουν
3282 861 3418 931 πρὸς
3454 859 3618 932 ⁴ἡμῶν
3648 860 3802 928 εξρηο

2217 955 2400 1023 μένοις
2423 955 2567 1026 ἔχεις
2599 974 2648 1008 τι
2688 956 2896 1018 τούτοις
2923 955 3215 1024 ἐπιτιμᾷν;

2282 1223 2337 1274 Β.
2383 1219 2667 1289 Οὐδαμῶς.

2284 1317 2345 1367 Δ.
2385 1313 2574 1382 Ἀθρει
2605 1311 2666 1381 δή
2701 1327 2789 1379 μοι
2823 1311 3040 1362 κάκεῖνο
3071 1308 3204 1376 πρὸς
3233 1305 3464 1367 τούτοις.

2281 1406 2339 1456 Β.
2384 1405 2456 1454 Τὸ
2485 1404 2536 1454 τί
2565 1401 2628 1471 δὴ
2657 1401 2796 1468 φήςς

2281 1499 2344 1550 Α.
2391 1496 2532 1564 Ἔφη
2571 1510 2674 1544 που
2707 1491 2940 1561 Χριστὸς
2974 1491 3084 1552 τοῖς
3121 1487 3364 1556 ἀναιρεῖν
3404 1483 3652 1536 ἐθέλουσι
3697 1481 3797 1550 τὴν

2209 1591 2504 1643 ἀνάστασιν
2542 1584 2650 1637 τῶν
2684 1582 2922 1652 νεκρῶν·
2962 1600 2978 1630 ι
3011 1581 3124 1633 Οὐκ
3155 1579 3446 1644 ἀνέγνωτε,
3472 1576 3555 1627 ὅτι
3576 1576 3603 1625 6
3638 1573 3796 1640 ποιή-

2209 1692 2307 1737 σας
2337 1674 2425 1726 τὸν
2457 1672 2741 1740 ἄνθρωπον
2768 1671 2823 1720 ἐν
2850 1669 3064 1738 ἀρχαῖς,
3104 1667 3271 1737 ἄρσεν
3307 1664 3402 1716 καὶ
3431 1663 3566 1732 θῆλυ
3603 1661 3796 1731 ἐποίη-

2210 1784 2300 1825 σεν
2323 1763 2554 1827 αὐτούς
2591 1782 2609 1813 ι
2665 1761 2868 1832 Γράφει
2907 1760 2964 1814 δὲ
3006 1760 3098 1812 καὶ
3144 1760 3171 1810 6
3201 1757 3488 1818 Θεσπέσιος
3539 1754 3755 1817 Παῦλος
3779 1769 3792 1781 ·

533 1864 764 1923 Paulus:
800 1888 816 1921 ι
841 1868 1161 1926 llonorabile
1185 1875 1514 1929 conuubium
1555 1875 1606 1928 in
1636 1875 1906 1940 omnibus,
1937 1884 1991 1929 et
2018 1885 2097 1928 to-

2211 1877 2228 1908 (
2256 1856 2447 1925 Τίμιος
2477 1855 2504 1906 6
2531 1854 2709 1922 γάμος
2727 1855 2782 1906 ἐν
2800 1852 2953 1914 πᾶσι,
2980 1850 3073 1900 καὶ
3089 1850 3121 1918 ἡ
3139 1846 3292 1916 κοίτη
3316 1845 3598 1914 ἀμίαντος.
3617 1862 3634 1892 ι
3660 1843 3793 1894 Εἶτα

533 1967 624 2008 rus
670 1958 1044 2014 nnmaeulalus
1073 1961 1138 2016 “.
1180 1980 1197 2014 ι
1255 1962 1373 2028 Quo
1399 1974 1554 2032 pacto
1594 1979 1722 2019 vero
1771 1965 2102 2033 unigenitum

533 2044 623 2099 Dei
652 2045 902 2112 Verbum,
927 2066 1047 2105 cum
1090 2061 1332 2107 nostram
1364 2055 1766 2110 similitudinem
1788 2056 1969 2111 subire
2001 2056 2106 2110 vel-

533 2137 628 2202 let,
655 2139 721 2191 ad
745 2142 1184 2201 constitutionem
1215 2147 1327 2201 sive
1350 2149 1750 2217 generationem
1773 2163 1881 2202 suae
1899 2150 2100 2213 carnis,

532 2229 779 2284 humana:
806 2244 1012 2288 natum
1041 2234 1184 2304 leges
1237 2237 1418 2292 valere
1470 2238 1677 2292 noluit?
1727 2236 1911 2308 Neque
1957 2240 2100 2306 enin:

529 2330 594 2371 ex
628 2328 744 2375 toro
768 2333 819 2376 et
852 2325 1100 2399 conjugio
1126 2329 1274 2382 nasci
1300 2329 1490 2393 voluit,
1533 2332 1625 2385 sed
1660 2345 1724 2384 cx
1757 2330 1978 2400 Virgine
1997 2331 2098 2384 viri

529 2411 743 2468 nescia.
782 2424 1091 2484 prmgnante
1139 2431 1204 2470 ex
1275 2416 1502 2487 Spiritu,
1564 2421 1928 2475 obumbrante
2001 2420 2100 2487 ipsi

528 2500 727 2554 virtute
753 2501 868 2568 Dei,
912 2505 1051 2559 sicut
1084 2509 1342 2586 scriptum
1371 2511 1538 2564 est".
1564 2511 1698 2565 Cum
1754 2511 1934 2580 itaque
1962 2510 2102 2565 Deus

528 2591 831 2660 i-onjugium
851 2612 954 2649 non
1001 2610 1340 2665 aspernetur,
1363 2604 1456 2654 sed
1497 2603 1676 2671 potius
1727 2602 2101 2657 benedictione

527 2697 621 2736 sua
649 2683 772 2738 illud
798 2687 1403 2758 decoret,quamobrem
1426 2692 1700 2763 Virginem
1733 2703 2100 2764 prmgnantem

529 2787 590 2826 ex
621 2773 846 2842 Spiritu,
909 2780 1090 2834 carnis
1131 2796 1243 2836 suae
1287 2792 1513 2837 matrem
1557 2799 1677 2840 esse
1705 2786 1936 2840 voluerit
1958 2785 2100 2840 Deus

529 2866 790 2922 exsistens
818 2867 1196 2935 Verbum,non
1231 2873 1387 2927 facile
1415 2875 1667 2929 dixerim.
1696 2874 1935 2930 Tametsi
1963 2891 2101 2946 quo-

530 2959 686 3009 moilo
714 2975 816 3012 non
848 2963 1017 3016 cuivis
1049 2963 1330 3017 manifesta
1370 2964 1534 3019 fuerit
1565 2965 1680 3034 ejus
1733 2967 1807 3020 rei
1861 2969 2098 3033 occasio,

528 3047 654 3101 illud
680 3053 1086 3117 consideranti?
1123 3055 1407 3110 Descendit
1439 3059 1602 3122 enim,
1648 3058 1761 3111 sive
1823 3058 1980 3114 homo
2022 3060 2100 3112 la-

531 3148 645 3194 ctus
670 3151 753 3195 est
800 3142 988 3210 Filius,
1036 3145 1440 3203 instauraturus
1495 3159 1675 3203 nostra
1731 3161 1983 3220 tauquam
2044 3154 2096 3207 in

531 3231 742 3299 seipse;
787 3248 848 3288 ac
878 3237 1110 3302 primum
1163 3241 1378 3308 quidem
1443 3241 1495 3294 in
1533 3251 1772 3294 sanctam
1807 3243 2094 3310 quamdam

532 3331 692 3390 atque
726 3325 1094 3382 admirabilem
1167 3332 1500 3385 nativitatem
1552 3342 1606 3386 et
1657 3335 1846 3385 vitam.
1897 3334 2097 3388 Factus

532 3424 714 3470 autem
743 3424 825 3470 est
849 3419 1009 3472 etiam
1041 3421 1245 3489 primus
1273 3423 1387 3490 ipse
1427 3432 1587 3476 natus
1629 3437 1693 3476 ex
1745 3422 1960 3490 Spiritu
1991 3425 2098 3488 (se-

529 3507 760 3559 cundum
809 3523 1027 3561 carnem
1091 3510 1353 3578 inquam),
1413 3522 1470 3565 ut
1537 3513 1639 3565 hac
1706 3520 1958 3578 tanquam
2013 3513 2096 3565 via

528 3597 690 3648 etiam
717 3597 766 3648 iu
794 3613 890 3651 nos
928 3599 1080 3663 ipsos
1132 3608 1447 3655 transeunte
1476 3603 1668 3670 gratia,
1699 3617 1803 3654 non
1862 3618 1928 3655 ex
1970 3617 2099 3655 sau-

536 3687 991 3756 guinibus,neque
1018 3703 1082 3742 ex
1113 3689 1382 3744 voluntate
1404 3693 1602 3756 carnis,
1630 3706 1800 3760 neque
1815 3707 1880 3746 ex
1906 3694 2098 3746 volun-

531 3787 638 3830 tate
669 3779 788 3843 viri,
811 3780 903 3832 sed
939 3796 1002 3833 ex
1036 3779 1140 3834 Deo
1178 3796 1273 3849 per
1304 3783 1562 3844 Spiritum
1623 3785 2091 3854 regenerationem

531 3868 944 3923 intellectualem
987 3874 1262 3926 consecuti
1297 3873 1359 3939 ⁸³,
1397 3883 1451 3926 et
1503 3875 1933 3930 conformitalcm
1997 3877 2099 3946 spi.

531 3960 773 4015 ritualem
799 3979 919 4016 cum
951 3979 1015 4016 eo
1042 3965 1131 4032 qui
1175 3974 1366 4018 natura
1401 3979 1464 4019 ac
1489 3980 1615 4020 vcre
1645 3967 1910 4021 estFilius
1935 3968 2096 4037 adep-

530 4053 590 4115 ti,
622 4051 788 4106 Deum
847 4067 1100 4108 vocemus
1123 4055 1370 4116 Patrem,
1406 4065 1566 4126 atque
1590 4058 1661 4110 ita
1715 4058 2096 4127 incorruptibi-

529 4143 603 4197 les
630 4158 1071 4213 permaneamus;
1103 4145 1333 4213 nonjam
1366 4148 1594 4216 amplius
1657 4149 1886 4218 priorem
1924 4150 2090 4211 illum,

527 4238 628 4290 hoc
664 4246 767 4298 est,
798 4239 1057 4291 Adamum
1087 4249 1292 4308 patrem
1331 4240 1609 4303 habentes,
1647 4245 1698 4294 in
1752 4258 1857 4310 quo
1898 4254 1949 4298 et
1974 4259 2094 4298 cor-

529 4330 669 4397 rupti
703 4345 937 4384 eramus.
965 4329 1168 4382 Idcirco
1193 4341 1240 4383 el
1270 4331 1516 4385 Christus
1546 4332 1741 4399 inquit,
1793 4334 1917 4400 alibi
1978 4337 2097 4404 qui-

525 4423 643 4472 dem
675 4436 688 4472 :
729 4439 746 4472 ι
788 4420 964 4473 Nolite
980 4435 1169 4473 vocare
1187 4431 1392 4490 patrem
1417 4434 1650 4476 vestrum
1680 4425 1729 4476 in
1765 4426 2096 4481 terris.Unus

2207 1947 2323 2008 πῶς
2359 1948 2386 1998 ὁ
2432 1943 2722 2014 μονογενὴς
2757 1939 2846 1994 τοῦ
2886 1938 3019 1991 Θεοῦ
3066 1938 3255 2004 Λόγος,
3298 1935 3396 2005 τὴν
3450 1934 3588 2004 πρὸς
3640 1933 3790 2002 ἡμᾶς

2205 2039 2461 2108 ὁμοίωσιν
2499 2033 2746 2088 ἐπελθεῖν
2779 2031 3062 2102 ἐθελήσας,
3099 2030 3161 2082 οὑ
3207 2031 3318 2091 τοῖς
3366 2029 3467 2096 τῆς
3497 2025 3788 2096 ἀνθρωπό·

2205 2143 2364 2196 τητος
2394 2125 2579 2193 νόμοις
2609 2125 2777 2192 ἐφῆκε
2805 2125 3046 2193 κρατεῖν,
3087 2121 3164 2182 εἰς
3201 2118 3480 2179 σύστασιν,
3508 2117 3629 2186 ἦτοι
3660 2115 3789 2182 γέν-

2108 2222 2120 2232 “
2205 2236 2357 2290 νησιν
2388 2222 2485 2288 τῆς
2513 2217 2648 2278 ἰδίας
2675 2213 2840 2267 αὑτοῦ
2868 2213 3068 2284 σαρκός
3094 2229 3107 2276 ;
3143 2213 3216 2266 Οὐ
3249 2212 3358 2283 γὰρ
3394 2213 3456 2262 ἐκ
3481 2211 3673 2278 κοίτης
3699 2208 3790 2261 καὶ

2205 2311 2397 2380 γάμων
2438 2308 2698 2378 ἠνέσχετο
2743 2305 2926 2359 λαϐεῖν
2972 2305 3178 2374 αὐτὴν,
3223 2303 3338 2357 ἀλλ’
3390 2307 3455 2356 ὲκ
3505 2304 3788 2373 Παρθένου

2205 2403 2410 2472 σεμνῆς
2462 2400 2558 2454 καὶ
2612 2397 3014 2467 ἁπειρογὰμον,
3051 2395 3470 2466 κνοφορησάσης
3519 2396 3582 2447 ὲκ
3613 2393 3786 2447 Πνεύ-

2207 2512 2407 2566 ματος,
2463 2491 2863 2560 ἐπισκιασάσης
2918 2489 3056 2558 αὐτῇ
3100 2488 3382 2558 δυνάμεως
3419 2485 3589 2550 Θεοῦ,
3642 2485 3788 2541 καθὰ.

2203 2587 2532 2656 γέγραπται.
2569 2583 2704 2636 Θεοῦ
2749 2581 3041 2652 τοιγαροῦν
3079 2579 3172 2632 τὸν
3218 2579 3396 2648 γάμον
3445 2580 3548 2632 οὐκ
3590 2578 3786 2648 ἀτιμά-

2207 2695 2418 2742 σαντος,
2449 2675 2648 2745 μᾶλλον
2691 2674 2748 2727 δὲ
2782 2674 2875 2726 καὶ
2909 2672 3128 2742 εὐλογίᾳ
3162 2672 3518 2742 τιμήσαντος,
3557 2670 3784 2723 avem»

2204 2769 2479 2839 Παρθένον
2510 2765 2880 2836 κυοφοροῦσαν
2912 2757 2977 2818 ὲκ
3000 2765 3333 2833 Πνεύματος,
3356 2763 3456 2831 τῆς
3492 2762 3630 2826 ἰδίας
3654 2779 3784 2832 σαρ-

2204 2861 2297 2924 κὸς
2331 2861 2624 2930 ἐποιήσατο
2659 2857 2868 2927 μητέρα
2904 2855 3037 2909 Θεοῦ
3083 2857 3110 2907 6
3141 2855 3333 2922 Λόγος,
3373 2855 3475 2906 οὐκ
3505 2853 3617 2924 ἔχω
3643 2854 3783 2923 φρά-

2206 2971 2315 3006 σαι.
2360 2951 2553 3005 Καίτοι
2590 2949 2706 3012 πῶς
2752 2949 2849 3018 οὐχ
2898 2948 3103 3000 ἅπασιν
3138 2945 3370 3017 ἐναργὴς
3401 2944 3601 3011 γένοιτ’
3643 2945 3710 2998 ἂν
3752 2945 3782 3013 ἡ

2202 3043 2355 3097 τοῦδε
2380 3042 2672 3112 πρόφασις,
2698 3042 2872 3092 ἐκεῖνο
2900 3039 3123 3108 διεσκεμ
3134 3038 3314 3107 μένοις
3333 3055 3346 3103 ;
3366 3037 3622 3104 ’Λφίκετο
3653 3036 3780 3106 γὰρ,

2202 3137 2277 3197 ὡς
2304 3135 2463 3205 ἔφην,
2494 3135 2664 3204 ἤγουν
2699 3131 3124 3202 ἐνηνθρὼπησεν
3157 3131 3185 3181 ὁ
3223 3129 3366 3194 Υἱὸς,
3397 3128 3778 3198 ἀναστοιχειώ-

2203 3244 2310 3280 σων
2341 3229 2408 3280 τὰ
2425 3224 2546 3279 καθ’
2574 3226 2720 3293 ἡμᾶς
2753 3224 2827 3287 ὡς
2854 3225 2909 3276 ὲν
2936 3222 3135 3293 ἑαυτῷ,
3169 3224 3258 3275 καὶ
3283 3221 3499 3292 πρῶτον
3523 3223 3604 3284 εἰς
3627 3220 3778 3288 ἁγίαν

2199 3317 2320 3369 τινὰ
2349 3318 2443 3369 καὶ
2480 3316 2940 3385 τεθανμασμένην
2973 3314 3049 3376 ὡς
3082 3317 3140 3366 ὲν
3186 3313 3386 3383 ἑαυτῷ,
3424 3312 3517 3365 καὶ
3551 3312 3775 3384 παράδο-

2204 3409 2291 3474 ξον
2317 3407 2530 3478 ἀληθῶς
2562 3406 2814 3470 ἀπότεξιν
2861 3407 2953 3459 καὶ
2983 3405 3130 3475 ζωήν
3151 3421 3166 3436 ο
3205 3405 3393 3473 γέγονε
3423 3404 3479 3457 δὲ
3519 3407 3616 3457 καὶ
3645 3405 3774 3474 πρῶ·

2199 3515 2288 3560 τος
2323 3498 2482 3559 αὐτὸς
2527 3497 2783 3564 γεννητὸς
2813 3497 2906 3549 τοῦ
2949 3496 3102 3562 ἁγίου
3138 3494 3454 3564 Πνεύματος
3487 3496 3656 3562 (κατά
3687 3511 3774 3562 γε,

2202 3605 2273 3657 φη
2285 3589 2365 3656 μὶ,
2398 3589 2492 3658 τὴν
2516 3587 2732 3657 σάρκα),
2757 3587 2820 3638 ἵν’
2846 3588 3033 3656 ὥσπερ
3056 3585 3159 3655 ὁδῴ
3179 3586 3272 3638 καὶ
3295 3587 3374 3648 εἰς
3394 3586 3548 3655 ἡμᾶς
3573 3585 3774 3646 αὐτοὺς

2199 3679 2578 3744 διαὸαινούσης
2610 3681 2709 3750 τῆς
2740 3681 2979 3749 χάριτος,
3021 3679 3121 3729 οὐκ
3151 3676 3210 3742 ἐξ
3243 3678 3518 3746 αἱμάτων,
3565 3676 3690 3730 οὐδὲ
3717 3677 3771 3728 ὲν

2201 3771 2504 3842 θελήματος
2536 3772 2757 3841 σαρκὸς,
2779 3770 2899 3822 οὐδὲ
2924 3773 2986 3822 ὲκ
3011 3769 3316 3838 θελήματος
3346 3767 3560 3836 ἀνδρὸς,
3581 3768 3694 3822 ἀλλ’
3718 3767 3772 3818 ἐκ

2200 3863 2338 3915 Θεοῦ
2370 3863 2460 3915 διὰ
2494 3862 2811 3930 Πνεύματος
2850 3861 2948 3930 τὴν
2987 3860 3186 3929 νοητὴν
3228 3859 3443 3929 ἔχοντες
3483 3859 3774 3928 ἀναγέννη-

2202 3971 2306 4017 σιν,
2340 3953 2432 4006 καὶ¹
2480 3954 2579 4023 τὴν
2615 3953 2751 4022 πρός
2799 3970 2861 4021 γε
2909 3952 3000 4005 τὸν
3055 3950 3213 4019 φύσει
3247 3952 3339 4004 καὶ
3385 3950 3603 4018 ἀληθῶς
3657 3950 3775 4003 Υἱδν

2203 4043 2552 4112 σνμμορφίαν
2573 4045 2969 4112 πνευματικὴν,
2993 4042 3210 4113 Πατέρα
3239 4041 3493 4111 καλῶμεν
3514 4043 3609 4095 τὸν
3628 4043 3775 4105 Θεὸν,

2199 4138 2339 4193 οὕτω
2367 4155 2424 4188 τε
2467 4135 2732 4206 ἄφθαρτοι
2785 4134 3148 4204 δεαμένωμεν,
3193 4133 3268 4197 ὡς
3305 4134 3405 4186 οὑκ
3452 4133 3533 4185 ἔτι
3570 4134 3775 4198 πατέρα

2199 4234 2288 4284 τὸν
2317 4233 2529 4300 πρῶτον
2557 4229 2791 4298 ἔχοντες,
2832 4225 3112 4277 τουτέστιν
3160 4225 3350 4294 Ἀδὰμ,
3380 4225 3438 4276 ἐν
3481 4216 3525 4291 ᾧ
3557 4226 3654 4276 καὶ
3684 4226 3774 4291 6;;-

2201 4322 2470 4393 θάρμεθα.
2497 4322 2606 4372 Καὶ
2649 4319 2776 4385 γοῦν
2809 4318 2910 4385 ἔφη
2948 4315 3202 4384 Χριστὸς,
3237 4315 3315 4383 πῆ
3350 4314 3469 4383 μὲν,
3498 4315 3582 4366 ὅτι
3620 4333 3638 4363 ‹
3662 4313 3770 4367 Καὶ

2203 4413 2412 4484 πατέρα
2449 4412 2522 4480 μὴ
2544 4409 2804 4476 καλέσητε
2829 4407 2981 4476 ὑμῶν
3012 4406 3104 4457 ἐπὶ
3118 4404 3218 4473 τῆς
3240 4405 3362 4473 γῆς,
3389 4398 3469 4468 εἷς
3493 4406 3603 4476 γάρ
3631 4405 3774 4457 ἐστιν

523 4513 666 4563 enlm
717 4522 797 4565 est
825 4511 986 4566 Pater
1032 4522 1212 4565 vester
1249 4513 1302 4566 in
1334 4514 1574 4580 caelis“,
1613 4535 1629 4567 )
1666 4516 1791 4569 alibi
1837 4531 1983 4580 vero,
2036 4529 2092 4572 ut

2204 4507 2230 4558 6
2249 4505 2437 4575 Πατὴρ
2472 4502 2624 4572 ὑμῶν
2642 4503 2669 4552 6
2689 4502 2873 4562 ἐντοῖς
2894 4499 3160 4567 οὐρανοῖς.
3179 4516 3196 4547 ›
3216 4498 3296 4567 Hi]
3321 4497 3376 4549 δὲ
3394 4497 3480 4566 δὴ,
3494 4496 3571 4559 ὡς
3589 4499 3646 4548 ὲν
3669 4499 3772 4559 τοῖς

525 4601 611 4666 qui
649 4603 845 4655 idcirco
871 4603 937 4654 ad
967 4616 1062 4655 nos
1090 4603 1386 4670 descendit,
1431 4615 1488 4658 ut
1541 4621 1639 4659 nos
1687 4606 1982 4660 transferat
2030 4609 2094 4662 ad

525 4691 792 4759 propriam
819 4707 972 4748 suam
1005 4706 1066 4744 ac
1090 4691 1329 4745 divinam
1381 4694 1691 4763 dignitatem
1722 4715 1734 4749 :
1763 4716 1779 4746 ι
1834 4696 1982 4751 Vado
2030 4698 2096 4753 ad

524 4784 733 4837 l-‘utrem
772 4801 967 4849 meum,
998 4793 1049 4839 et
1083 4783 1296 4839 Patrem
1331 4796 1566 4842 vestrum
1595 4828 1609 4851 ,
1638 4797 1692 4843 et
1725 4787 2095 4844 Deummeum

523 4888 571 4930 ct
605 4877 769 4930 Demn
809 4887 1044 4930 vestrum
1077 4878 1142 4930 ⁸⁸.
1182 4897 1199 4929 ›
1233 4878 1408 4947 Ipsius
1452 4880 1594 4932 enim
1649 4891 1732 4934 est
1777 4891 1968 4935 natura
2002 4882 2096 4935 l’a-

523 4983 623 5036 ter,
661 4973 750 5040 qui
785 4973 836 5024 in
868 4973 1019 5026 caelis
1061 4981 1172 5037 est,
1223 4984 1405 5027 noster
1426 4984 1600 5027 autem
1630 4973 1788 5030 Deus.
1843 4974 1977 5028 Cum
2011 4992 2094 5030 ve-

522 5079 579 5114 ro
613 5063 698 5142 qui
731 5072 918 5116 natura
953 5077 1016 5115 ac
1044 5079 1168 5116 vere
1208 5075 1289 5117 est
1317 5065 1504 5130 Filius,
1549 5066 1724 5120 factus
1778 5075 1862 5119 est
1931 5068 2090 5121 homo

521 5155 688 5207 nostri
729 5156 941 5218 similis,
981 5156 1143 5209 Deum
1170 5157 1338 5224 ipsum
1368 5157 1616 5213 habuisse
1650 5160 1798 5223 dicit,
1835 5161 2087 5212 nimirum

522 5247 678 5314 725
704 5249 912 5300 ratione
943 5249 1349 5305 exinanitinuis.
1381 5249 1532 5303 Dedit
1561 5259 1739 5303 autem
1797 5251 1958 5303 etiam
1990 5267 2087 5303 no-

523 5337 599 5387 lns
631 5353 784 5389 suum
825 5338 1063 5391 Patrem.
1101 5339 1369 5408 Scriptum
1398 5352 1480 5394 est
1520 5343 1660 5394 enim
1690 5360 1702 5397 :
1736 5359 1754 5391 ι
1815 5342 2087 5409 Quotquot

522 5433 698 5474 utilem
727 5436 1047 5490 receperunt
1084 5441 1228 5488 ettui,
1282 5430 1430 5482 dedit
1479 5431 1558 5483 eis
1583 5441 1903 5499 potestatein
1951 5432 2090 5486 ﬁlios

521 5509 609 5561 Ι)εή
645 5513 781 5572 lieri,
806 5514 990 5579 hisqui
1024 5516 1246 5568 credunt
1277 5517 1324 5569 in
1359 5520 1575 5571 nomine
1610 5521 1935 5588 ipsins“"‘7.
1968 5541 1984 5571 ι
2020 5523 2088 5573 At

524 5613 652 5652 vero
693 5601 735 5654 si
765 5603 1012 5669 imperite
1033 5618 1287 5670 negemus
1319 5610 1381 5660 ad
1410 5619 1645 5663 nostram
1678 5611 2082 5664 similitudinem

1173 5718 1209 5747 "
1247 5720 1384 5773 llcbr
1434 5739 1548 5788 xm,
1592 5724 1612 5774 ι

834 5786 962 5832 Ᾱέυιη
1027 5801 1061 5832 t.
1101 5788 1177 5834 12.

589 5716 630 5744 ’θ
677 5715 858 5766 binlllt.
901 5733 1009 5774 λιῖ,
1043 5717 1092 5767 ἇκ

524 5781 598 5832 ΙῙ.
684 5786 797 5825 ί⁶-“τ
834 5786 962 5832 lini”
1027 5801 1061 5832 t.

553 5783 598 5834 Ῑ.
684 5786 797 5825 ες,ετ

1717 5726 1758 5754 ειη
1792 5724 1919 5778 Luc.
1963 5739 1998 5790 l,
2033 5722 2215 5776 50-53.

2203 4599 2323 4652 καθ’
2339 4600 2484 4671 ἡμᾶς
2513 4596 2600 4649 διὰ
2624 4595 2780 4648 τοῦτο
2796 4591 3146 4662 καθιγμένος,
3175 4591 3240 4642 ἵν’
3266 4593 3412 4660 ἡμᾶς
3431 4591 3617 4661 ἀγάγῃ
3641 4591 3771 4660 πρὸς

2201 4693 2262 4745 τὺ
2297 4691 2424 4744 ἴδιον
2464 4688 2628 4740 αὑτοῦ
2657 4687 2750 4740 καὶ
2775 4684 3076 4755 Θεοπρεπὲς
3115 4683 3364 4751 ἀξίωμα·
3407 4700 3423 4732 ι
3462 4681 3773 4751 Πορεύομαι

2204 4785 2338 4853 πρὸς
2355 4783 2445 4834 τὸν
2462 4781 2680 4849 Πατέρα
2711 4795 2811 4848 μου
2840 4777 2932 4830 καὶ
2957 4775 3175 4843 Πατέρα
3195 4774 3367 4842 ὑμῶν,
3389 4775 3482 4826 καὶ
3509 4774 3643 4825 Θεὸν
3673 4790 3772 4842 μου

2202 4876 2295 4927 καὶ
2320 4873 2450 4926 Θεὸν
2484 4871 2654 4940 ὑμῶν.
2687 4891 2705 4919 ›
2729 4867 2901 4924 Αὑτοῦ
2949 4868 3046 4936 μὲν
3085 4867 3191 4935 γὰρ
3221 4867 3376 4935 φύσει
3410 4865 3600 4934 Πατὴρ
3649 4867 3676 4916 6
3718 4866 3772 4917 ὲν

2199 4969 2309 5026 τοῖς
2343 4965 2623 5032 οὐρανοῖς,
2659 4960 2812 5030 ἡμῶν
2865 4959 2921 5011 δὲ
2969 4959 3119 5021 Θεός.
3186 4956 3405 5025 Ἐπειδὴ
3444 4955 3499 5007 δὲ
3540 4957 3568 5006 6
3616 4957 3769 5024 φύσει

2199 5059 2291 5108 καὶ
2320 5056 2533 5125 ἀληθῶς
2558 5055 2682 5116 Υἱὸς
2712 5054 2901 5120 γέγονε
2947 5052 3064 5110 καθ’
3098 5051 3263 5119 ἡμᾶς,
3303 5050 3434 5101 Θεὸν
3479 5049 3769 5118 ἐσχηκέναι

2198 5150 2360 5218 φησὶν
2401 5147 2581 5208 αὑτὸν,
2614 5146 2752 5198 κατά
2783 5163 2844 5212 γε
2871 5143 2958 5195 τὸν
2995 5145 3057 5212 τῇ
3096 5141 3318 5194 κενώσει
3364 5141 3641 5210 πρέποντα
3684 5142 3766 5192 λό-

2195 5259 2309 5308 γον.
2341 5240 2547 5292 Δέόωκε
2572 5239 2624 5290 δὲ
2658 5237 2749 5290 καὶ
2777 5237 2907 5305 ἡμῖν
2941 5235 3029 5286 τὸν
3061 5232 3253 5286 ἑαυτοῦ
3283 5234 3500 5302 Πατέρα
3522 5250 3534 5261 ·
3569 5235 3766 5302 γέγρα-

2195 5352 2324 5385 πται
2370 5332 2503 5401 γὰρ,
2547 5333 2626 5383 ὅτι
2666 5330 2857 5380 ι”Οσοι
2882 5327 2936 5378 δὲ
2968 5326 3157 5378 ἔλαϐον
3195 5325 3390 5392 αὐτὸν,
3428 5326 3626 5378 ἔδωκεν
3670 5327 3758 5379 αὑ-

2194 5430 2304 5488 τοῖς
2337 5424 2584 5490 ἐξουσίαν
2616 5422 2778 5474 τέκνα
2820 5419 2954 5471 Θεοῦ
2980 5417 3231 5485 γενέσθαι
3262 5420 3370 5479 τοῖς
3420 5417 3763 5469 πιστεύουσιν

2192 5525 2269 5581 εἰς
2309 5520 2371 5570 τὸ
2398 5519 2567 5584 ὄνομα
2596 5514 2778 5566 αὑτοῦ.
2809 5532 2824 5562 ι
2863 5513 2920 5562 Εἰ
2951 5511 3004 5561 δὲ
3049 5512 3412 5577 ἀναιρήσομεν
3445 5510 3669 5578 ἀμαθῶς
3706 5507 3762 5559 τὸ

2191 5615 2246 5663 ἐν
2280 5610 2530 5673 ἁποτέξει
2577 5605 2829 5673 γενέσθαι.
2866 5606 2928 5670 τῇ
2963 5602 3082 5653 καθ’
3140 5603 3283 5669 ἡμᾶς
3317 5601 3407 5655 τὸν
3445 5602 3508 5654 ὲκ
3559 5601 3759 5670 11::pr

2296 5724 2340 5752 ‘3
2375 5721 2504 5777 Jiuui
2567 5737 2598 5782 ι,
2634 5718 2711 5771 l5.
2791 5715 2832 5744 ⁸³
2865 5713 3050 5766 δίλῑιὺ.
3085 5729 3252 5777 xxtll,
3285 5715 3334 5766 9.
3415 5716 3455 5743 εδ
3485 5715 3613 5768 Junii
3671 5728 3752 5773 \x,
