4006 6454
274 435 416 489 127⁸5

1407 424 1600 494 QUOD
1642 421 1831 480 UNUS
1873 419 1982 476 SIT
2016 418 2381 477 CHRISTUS.

3417 410 3554 465 1'27}

269 551 410 604 Θεοῦ
439 549 630 618 Λόγον,
672 547 762 600 τὸν
793 547 850 601 ὲν
885 547 1017 600 πᾶσι
1051 548 1422 616 πρωτεύοντα,
1455 542 1598 596 κατὰ
1639 541 1738 612 τὴν
1767 538 1853 591 τοῦ

1969 547 2151 592 uatum
2183 552 2304 592 esse
2338 534 2577 590 Verbum
2604 533 2783 587 Deiex
2817 531 3001 595 Patre,
3033 529 3174 598 quod
3198 529 3250 582 in
3299 528 3555 584 omnibus

272 645 586 710 σοφωτάτου
637 638 852 693 Παύλου
885 636 1089 708 φωνὴν.
1137 637 1272 707 πρὸς
1326 636 1448 688 τινα
1495 634 1680 686 λοιπὸν
1722 649 1853 703 μορ-

271 735 378 802 φοῦ
390 751 563 800 μενοι,
592 733 844 801 γεννητοὶ
873 732 1008 784 Θεοῦ
1037 731 1126 784 διὰ
1164 728 1482 798 Πνεύματος
1519 726 1857 799 χρηματιοῦο

273 843 376 879 ’λεν
413 828 572 896 ἡμεῖς
599 842 612 890 ;
636 825 753 877 τίνα
776 822 868 878 τοῦ
905 824 1230 892 πράγματος
1264 820 1520 882 λαϐόντες
1551 819 1648 888 τὴν
1676 819 1855 889 ἁπαρι

275 917 394 988 (ὴν,
431 917 464 985 ἦ
505 915 600 967 καὶ
626 915 768 978 τίνος
797 917 932 978 ὅλως
963 916 1040 978 εἰς
1066 916 1212 985 ἡμᾶς
1247 914 1555 982 πέμποντος
1595 911 1655 965 τὸ
1694 911 1858 976 ἀξίω-

273 1026 386 1077 μα;
422 1009 584 1060 Φαῖεν
613 1007 696 1067 ἂν.
717 1007 792 1070 ὦς
819 1025 883 1074 γε
912 1003 1085 1076 οἶμαι,
1109 1007 1201 1059 καὶ
1229 1005 1382 1058 αὐτοί
1403 1023 1416 1034 ·
1451 1005 1558 1058 Τοῦ
1586 1003 1857 1074 ἑνανθρω-

271 1101 347 1168 πή
361 1115 552 1163 σαντος
577 1100 772 1167 Λόγου.
800 1097 933 1152 Εἶτα
962 1098 1079 1162 πῶς
1105 1100 1254 1152 ἔσται
1282 1097 1436 1152 τοῦτο
1457 1097 1672 1169 ἀληθὲς,
1707 1097 1755 1148 εἰ
1780 1095 1854 1167 μὴ

270 1192 436 1254 αὐτὸς
468 1193 656 1261 γέγονε
690 1192 847 1263 σὰρξ,
886 1193 1164 1245 τουτέστιν
1195 1193 1500 1261 ἄνθρωπος,
1539 1191 1670 1245 ἴδιον
1699 1206 1856 1259 ποιη-

272 1284 509 1352 σάμενος
547 1286 705 1354 σῶμα
731 1285 791 1337 τὸ
817 1283 1178 1355 ἀνθρώπινον,
1203 1284 1327 1336 καθ’
1361 1283 1557 1335 ἕνωσιν
1590 1282 1855 1336 ἀδιάσπα-

272 1393 421 1440 στον,
447 1377 534 1430 ἵνα
561 1377 651 1429 καὶ
678 1376 844 1430 αὐτοῦ
875 1377 1080 1445 νοῆται,
1105 1377 1199 1428 καὶ
1375 1375 1434 1439 ἐξ
1459 1375 1645 1444 ἑτέρου
1675 1373 1852 1440 τινός;

269 1467 491 1536 nepos:
531 1468 637 1538 γὰρ
668 1467 811 1521 οὕτω
858 1469 952 1522 καὶ
996 1469 1070 1530 εἰς
1124 1470 1268 1538 ἡμᾶς
1310 1469 1408 1538 τῆς
1447 1467 1722 1529 υἱοθεσίας
1758 1466 1856 1536 τὴν

269 1557 455 1628 χάριν,
497 1561 587 1610 καὶ
625 1560 874 1629 γεννητοὶ
908 1558 1226 1629 Πνεύματος
1266 1559 1503 1628 ἐσόμεθα
1535 1559 1628 1612 καὶ
1669 1559 1852 1629 ἡμεῖς,

269 1649 370 1704 ἆτε
400 1650 464 1718 δὴ
494 1653 592 1721 τῆς
641 1651 932 1723 ἀνθρώπου
973 1651 1190 1720 φύσεως
1230 1654 1286 1705 ὲν
1319 1651 1470 1722 αὐτῷ
1507 1653 1602 1705 καὶ
1652 1649 1856 1722 πρώτῳ

268 1742 546 1812 λαχούσης
573 1742 751 1797 τοῦτο.
778 1744 884 1797 Καί
908 1761 996 1814 μοι
1022 1744 1169 1797 δοκεῖ
1186 1743 1424 1797 τοιοῦτόν
1445 1762 1496 1796 τι
1519 1743 1639 1796 καθ’
1665 1743 1855 1797 ἑαυτὸν

268 1833 626 1902 ἐννενοηκὼς,
659 1834 826 1902 φάναι
853 1852 956 1888 που
995 1836 1086 1888 καὶ
1116 1836 1262 1905 μάλα
1292 1835 1470 1906 ὀρθῶς
1499 1836 1527 1888 6
1566 1836 1854 1900 Θεσπέσιος

1965 632 2168 700 primas
2189 630 2397 683 obtinet
2425 628 2490 692 “',
2515 625 2669 693 juxta
2699 624 2848 678 Pauli
2906 621 3289 692 sapientissimi
3339 635 3555 685 vocem,

1963 725 2030 775 ad
2057 737 2220 790 quem
2267 720 2485 773 tandem
2541 716 2893 782 conformati,
2944 729 3007 769 ex
3071 713 3180 769 Dco
3233 713 3397 783 geniti
3459 727 3558 779 per

1966 815 2228 882 Spiritum
2289 810 2701 880 appellabimur,
2755 818 2849 862 aut
2909 824 3071 878 quem
3141 805 3303 874 hujus
3351 803 3551 874 negotii

1965 906 2264 974 principem
2332 917 2398 957 ac
2459 911 2622 972 caput
2651 899 3011 956 habebimus?
3058 908 3149 952 aut
3179 899 3301 966 quis
3329 897 3554 954 omnino

1965 998 2103 1052 hanc
2133 997 2449 1066 dignitatem
2473 995 2526 1050 in
2569 1010 2667 1050 nos
2721 993 3124 1048 transmiserit?
3173 993 3360 1047 Dicent
3423 1006 3552 1059 pro-

1965 1091 2127 1154 recte,
2162 1099 2222 1144 ut
2251 1085 2520 1154 arbitror,
2553 1088 2720 1143 etiam
2745 1087 2846 1155 ipsi
2877 1105 2889 1140 :
2917 1084 3154 1140 Verbum
3186 1087 3550 1138 incarnatum.

1963 1185 2125 1254 Atqui
2147 1199 2252 1252 quo
2281 1193 2440 1252 Paeto
2475 1196 2662 1234 verum
2688 1181 2788 1234 hoc
2821 1178 2946 1242 erit,
2977 1178 3078 1232 nisi
3101 1178 3275 1246 ipsum
3316 1175 3551 1230 Verbum

1964 1276 2166 1331 factum
2201 1284 2285 1328 est
2306 1288 2457 1336 caro,
2487 1273 2591 1326 hoc
2608 1280 2712 1338 est,
2737 1272 2938 1335 bomof,
2998 1269 3196 1338 quippe
3237 1268 3378 1336 quod
3425 1282 3552 1334 pro-

1962 1369 2140 1438 prium
2170 1367 2271 1423 sibi
2293 1365 2482 1421 fecerit
2506 1379 2704 1434 corpus
2733 1379 2795 1418 ea
2824 1363 3033 1417 unitate
3060 1378 3179 1431 qua:
3197 1361 3379 1415 divelli
3406 1359 3552 1414 nulla

1965 1458 2177 1512 ratione
2194 1463 2396 1526 queat:
2425 1455 2500 1510 ita
2538 1454 2795 1508 nimirum
2820 1463 2877 1506 ut
2910 1452 3080 1520 ipsius
3123 1451 3283 1504 Verbi
3330 1463 3554 1504 censea-

1965 1559 2072 1617 tur,
2107 1560 2284 1606 etnon
2308 1549 2532 1604 alterius
2555 1545 2893 1616 cuiuspiam?
2919 1545 3030 1601 Hoc
3052 1545 3194 1599 enim
3212 1554 3368 1612 pacto
3384 1543 3551 1596 etiam

1965 1646 2017 1697 in
2049 1657 2145 1697 nos
2188 1641 2520 1695 transmittet
2577 1637 2851 1693 ﬁliationis
2903 1635 3464 1706 gratiam,genitique
3523 1647 3555 1689 e

1968 1732 2171 1802 Spiritu
2203 1731 2408 1787 erimus
2455 1730 2619 1784 etiam
2657 1743 2780 1795 nos,
2833 1737 3023 1797 utpote
3084 1737 3278 1780 natura
3312 1727 3554 1779 humana

1965 1825 2136 1878 hocin
2157 1825 2275 1893 ipso
2297 1831 2352 1877 et
2372 1820 2594 1892 quidem
2631 1820 2811 1890 primo
2836 1826 3153 1874 consecuta.
3179 1819 3258 1871 Ac
3281 1817 3410 1871 mihi
3440 1815 3557 1886 qui.

269 1923 516 1987 Παῦλος·
552 1945 569 1974 ι
609 1925 824 1996 ’Ὥσπερ
864 1926 972 1997 γὰρ
1008 1926 1353 1996 ὲφορέσαμεν
1388 1926 1486 1997 τὴν
1530 1927 1715 1980 εἰκόνα
1757 1926 1850 1981 τοῦ

1964 1917 2078 1971 dem
2139 1915 2356 1969 videtur
2403 1913 2568 1968 etiam
2611 1912 2829 1966 divinus
2897 1911 3119 1973 Paulus,
3181 1908 3552 1978 hujuscemodi

264 2016 477 2086 χοϊκοῦ,
513 2017 820 2087 φορέσομεν
855 2019 948 2072 καὶ
987 2019 1084 2088 τῂν
1117 2018 1304 2073 είκόνα
1335 2019 1428 2072 τοῦ
1453 2019 1779 2090 ἐπουρανίου
1800 2038 1848 2072 ο»

265 2108 483 2161 καὶτὸν
533 2107 632 2178 μὲν
685 2109 903 2181 πρῶτον
934 2110 1223 2178 ἄνθρωπον
1265 2112 1331 2164 ὲκ
1367 2112 1471 2181 γῆς
1512 2113 1615 2182 ἔφη
1648 2111 1854 2182 χοῖκὸν,

263 2199 361 2251 τὸν
409 2199 464 2251 δὲ
501 2198 752 2269 δεύτερον
793 2200 853 2266 ἐξ
894 2199 1129 2270 οὐρανοῦ
1153 2217 1166 2230 °
1209 2220 1228 2252 ι
1266 2201 1405 2256 Ἀλλ’
1453 2196 1566 2266 οἷος
1596 2201 1623 2252 6
1651 2203 1854 2272 χοῖκὸς.

265 2289 495 2343 τοιοῦτοι
545 2292 641 2344 καὶ
664 2293 712 2344 οἱ
746 2291 941 2363 χοῖκοὶ,
988 2293 1143 2363 φησὶ,
1177 2292 1271 2346 καὶ
1302 2288 1414 2357 οἶος
1446 2295 1474 2347 ὁ
1510 2296 1854 2366 ἐπουράνιος,

263 2381 502 2434 τοιοῦτοι
534 2384 628 2435 καὶ
661 2384 708 2435 οἱ
761 2384 1099 2453 ἐπουράνιοι.
1129 2403 1146 2434 ι
1186 2385 1378 2438 Χοῖκοὶ
1417 2387 1524 2457 γάρ
1561 2387 1749 2456 ἐσμεν,
1782 2386 1858 2451 ὡς

265 2476 332 2527 ὲκ
375 2474 561 2544 χοϊκοῦ
597 2474 692 2527 τοῦ
729 2475 901 2544 Ἀδὰμ
937 2476 1404 2546 παρεμπεσούσης
1439 2480 1520 2540 είς
1557 2479 1705 2546 ἡμᾶς
1755 2479 1857 2547 τῆς

263 2566 409 2635 ἀρᾶς
449 2565 548 2633 τῆς
590 2565 818 2636 φθορᾶς,
849 2566 915 2618 δι’
950 2563 1018 2640 ἦς
1045 2567 1138 2620 καὶ
1169 2569 1198 2621 ὁ
1239 2569 1338 2639 τῆς
1371 2570 1648 2640 ἁμαρτίας
1679 2570 1856 2623 εἰσέδυ

261 2656 451 2725 νόμος,
484 2659 510 2709 6
534 2659 591 2708 ὲν
611 2660 722 2720 τοῖς
756 2657 943 2726 μέλεσι
974 2661 1087 2722 τοῖς
1115 2659 1214 2729 τῆς
1252 2661 1473 2732 σαρκός.
1511 2662 1856 2732 Ἐπουράνιοι

261 2747 322 2798 δὲ
356 2747 684 2816 γεγόναμεν,
735 2749 810 2812 ὠς
862 2752 922 2803 ὲν
975 2751 1197 2820 Χριστῷ
1243 2751 1501 2816 λαϐόντες
1548 2753 1607 2806 τὸ
1643 2755 1853 2825 χρῆμα.

261 2837 400 2899 Θεὸς
428 2837 536 2908 γὰρ
579 2836 653 2889 ὢν
696 2839 856 2906 φύσει
881 2840 976 2894 καὶ
1025 2843 1089 2893 ὲκ
1125 2841 1261 2894 Θεοῦ
1284 2843 1378 2894 καὶ
1421 2843 1650 2908 ἄνωθεν,
1687 2863 1858 2898 καταο

270 2929 611 2999 πεφοίτηκεν
662 2930 720 2982 ὲν
767 2933 880 2995 τοῖς
931 2932 1054 2985 καθ’
1102 2935 1251 3003 ἡμᾶς
1311 2936 1596 3004 ἀσυνήθως
1653 2954 1712 2990 τε
1764 2939 1858 2992 καὶ

265 3019 456 3084 ξένως,
480 3023 735 3091 γεννητὸς
762 3023 902 3076 κατὰ
927 3025 1107 3097 σάρκα
1133 3025 1372 3094 γεγονὼς
1404 3027 1497 3084 τοῦ
1522 3029 1854 3099 πνεύματος,

265 3109 358 3162 ἵνα
414 3112 559 3178 ἆγιοί
615 3131 674 3166 τε
725 3115 817 3167 καὶ
875 3116 1144 3188 ἄφθαρτοι
1185 3119 1276 3170 καὶ
1325 3121 1488 3187 ἡμεῖς
1523 3121 1643 3172 κατ’
1693 3121 1858 3176 αὐτὸν

261 3201 634 3273 διαμείνωμεν
660 3204 735 3268 ὠς
774 3204 833 3269 ἐξ
863 3206 1035 3277 ἀρχῆς
1064 3208 1159 3259 καὶ
1185 3207 1353 3278 ’ῥίζης
1377 3209 1639 3280 δευτέρας
1667 3210 1853 3275 αὐτοῦ,

262 3290 510 3359 δηλονότι
542 3295 975 3368 καταϐαινούσης
1011 3299 1090 3360 εἰς
1117 3299 1266 3368 ἡμᾶς
1307 3299 1403 3370 τῆς
1432 3301 1675 3370 χάριτος.

340 3571 400 3623 Β.
442 3571 676 3640 Ἀριστα
721 3573 871 3641 ἔφης.

339 3662 402 3715 Α.
445 3662 578 3712 Τίνα
631 3661 689 3712 δὲ
737 3663 939 3730 τρόπον
990 3663 1084 3714 καὶ
1112 3661 1430 3731 ὼμοιῶσθαί
1474 3678 1641 3730 φασιν
1696 3661 1858 3715 αὑτὸν

259 3747 414 3804 κατὰ
458 3749 636 3801 πάντα
679 3750 793 3810 τοῖς
843 3749 1113 3816 ἀδελφοῖς,
1159 3751 1437 3803 τουτέστιν
1477 3753 1644 3820 ἠμῖν;
1695 3751 1728 3822 ἢ
1765 3751 1858 3804 καὶ

262 3841 352 3903 τίς
392 3840 529 3902 ὅλως
568 3840 726 3893 νοοῖτ’
768 3841 834 3893 ἂν
876 3843 903 3893 ό
937 3841 1036 3911 τὴν
1082 3843 1343 3910 ὁμοίωσιν
1388 3841 1670 3906 ὑπελθὼν,
1704 3845 1751 3895 εί
1783 3843 1858 3914 μὴ

259 3932 410 3984 κατὰ
438 3931 598 3999 φύσιν
619 3931 803 3998 ἕτερος
824 3926 914 4000 ἦν,
947 3933 1038 3984 καὶ
1072 3934 1171 3984 οὐκ
1210 3932 1265 3984 ἔν
1289 3950 1351 4000 γε
1379 3935 1490 3996 τοῖς
1525 3932 1646 3985 καθ’
1672 3934 1852 4002 ἡμᾶς

260 4023 339 4077 Τὸ
397 4023 506 4093 γάρ
549 4024 611 4091 γέ
658 4039 801 4075 τισιν
857 4023 1234 4094 ὁμοιούμενον,
1275 4021 1414 4076 εἷναί
1468 4043 1569 4077 που
1638 4025 1856 4087 πάντως

258 4117 482 4184 ἀνάγκη
515 4115 770 4185 διάφορον
796 4118 925 4186 παρ’
957 4117 1176 4179 αὐτοὺς,
1204 4117 1297 4170 καὶ
1323 4118 1422 4170 οὐκ
1440 4118 1616 4182 ἐοικὸς
1647 4119 1853 4183 αὐτοῖς,

259 4207 563 4277 ἑτεροειδὲς
611 4208 667 4260 δὲ
718 4209 940 4277 μᾶλλον,
983 4207 1160 4262 εἴτουν
1213 4211 1528 4280 ἐτεροφυές.
1578 4211 1856 4280 Ἀνόμοιος

259 4302 446 4353 τοίνυν
509 4301 774 4371 ὑπάρχων
824 4303 956 4371 ἡμῖν
1017 4302 1162 4354 κατὰ
1209 4303 1373 4372 φύσιν
1417 4305 1444 4358 6
1501 4304 1853 4374 Μονογενὴς,

258 4392 583 4461 ὼμοιῶσθαι
629 4393 848 4462 λέγεται
891 4393 1131 4462 γεγονὼς
1183 4394 1304 4449 καθ’
1357 4397 1537 4466 ἡμᾶς,
1575 4397 1854 4448 τουτέστιν

258 4483 573 4552 ἄνθρωπος.
611 4484 823 4538 Γένοιτο
851 4485 896 4538 δ*
937 4485 1002 4538 ἂν
1031 4484 1188 4539 τοῦτο
1221 4487 1318 4539 καὶ
1359 4487 1506 4554 μάλα
1547 4487 1725 4556 ὀρθῶς
1760 4489 1853 4541 καὶ

1961 2005 2237 2078 quidpiam
2269 2005 2532 2069 sentiens,
2567 2004 2692 2057 alibi
2721 2004 2794 2058 ita
2855 2011 3005 2057 recte
3049 2002 3339 2056 admodum
3379 1999 3553 2056 dixis-

1959 2115 2061 2156 se:
2105 2118 2125 2151 ι
2157 2098 2632 2166 Quemadmodum
2679 2097 2825 2150 enim
2871 2095 3209 2166 portavimus
3258 2094 3555 2163 imaginem

1963 2193 2186 2258 terreni,
2217 2190 2561 2261 portabimus
2591 2188 2756 2243 etiam
2795 2189 3085 2258 imaginem
3148 2187 3390 2243 caelestis
3426 2186 3494 2240 ".
3530 2204 3550 2239 ι

1961 2285 2030 2338 Et
2059 2285 2295 2356 primum
2335 2282 2554 2353 quidem
2600 2281 2873 2336 hominem
2909 2296 2976 2335 ex
3018 2289 3184 2345 terra,
3217 2278 3354 2335 dixit
3395 2287 3562 2333 terre-

1960 2396 2122 2444 num;
2154 2379 2453 2433 secundum
2475 2389 2605 2432 vero
2628 2389 2691 2429 ex
2721 2373 2880 2438 ctelo,
2906 2372 3207 2428 ctelestem.
3243 2390 3261 2422 ι
3291 2370 3397 2426 Sed
3420 2384 3560 2441 qua-

1961 2471 2026 2527 lis
2063 2483 2333 2535 terrenus,
2389 2467 2525 2525 tales
2583 2476 2639 2522 et
2699 2466 2939 2532 terreni;
2991 2475 3046 2521 et
3090 2464 3555 2535 qualiscoelestis,

1962 2565 2096 2619 tales
2125 2573 2180 2619 et
2226 2563 2504 2619 cmlestes.
2546 2580 2565 2613 ι
2598 2559 2826 2616 Terreni
2884 2560 3030 2615 enim
3094 2575 3304 2624 sumus,
3371 2565 3560 2626 utpote

1962 2652 2284 2708 transmissa
2313 2651 2366 2706 in
2407 2666 2507 2708 nos
2564 2665 2631 2705 ex
2681 2663 2898 2705 terreno
2946 2649 3119 2703 Adam
3173 2648 3561 2704 maledictione

1960 2745 2352 2817 corruptionis,
2396 2759 2493 2813 per
2511 2760 2673 2816 quam
2705 2753 2760 2799 et
2784 2743 2868 2798 lex
2901 2743 3114 2814 peccati
3151 2743 3402 2812 irrepsit,
3433 2756 3558 2811 qum

1959 2847 2042 2891 est
2070 2837 2120 2890 in
2149 2838 2412 2892 membris
2444 2837 2648 2891 carnis.
2681 2833 2946 2890 Cceleslcs
2963 2846 3142 2889 autem
3176 2835 3303 2888 facti
3346 2850 3556 2900 sumus,

1961 2931 2011 2984 in
2036 2928 2256 2984 Christo
2281 2929 2332 2982 id
2357 2927 2656 2984 consecuti.
2695 2928 2836 2983 Deus
2861 2928 3007 2983 enim
3033 2928 3311 2982 exsistens
3342 2937 3555 2990 natura,

1958 3031 2012 3074 et
2042 3036 2106 3074 ex
2145 3020 2253 3075 Deo
2277 3029 2440 3089 atque
2472 3035 2535 3074 ex
2565 3021 2837 3089 supernis,
2908 3019 3191 3074 descendit
3231 3020 3296 3072 ad
3346 3029 3555 3084 nostra,

1961 3128 2098 3166 novo
2127 3123 2289 3180 atque
2335 3111 2599 3164 inusitato
2637 3126 2787 3163 more
2811 3111 3029 3179 genitus
3079 3112 3378 3165 secundum
3431 3127 3555 3165 car-

1962 3219 2082 3258 nem
2112 3203 2285 3257 factus
2307 3211 2392 3256 est
2438 3200 2697 3269 Spiritus,
2750 3212 2806 3256 ut
2841 3203 3099 3256 videlicet
3155 3204 3328 3257 sancti
3389 3213 3556 3274 atque

1964 3293 2408 3360 incorruptibiles
2458 3291 2624 3346 etiam
2685 3307 2784 3348 nos
2831 3293 2884 3346 in
2953 3295 3072 3361 ipso
3145 3308 3463 3350 maneamus
3491 3310 3560 3350 ex

1967 3388 2108 3456 ipso,
2156 3395 2416 3454 tanquam
2449 3400 2513 3440 cx
2555 3384 2828 3456 principio
2855 3394 2910 3439 et
2964 3385 3150 3441 radice
3207 3387 3467 3452 secunda,
3504 3388 3560 3443 in

1964 3493 2064 3534 nos
2095 3475 2419 3531 transmissa
2447 3477 2644 3546 gratia.

2033 3569 2095 3628 Β.
2135 3569 2354 3639 Optime
2385 3569 2592 3623 dixisti.

2032 3663 2098 3714 A.
2141 3659 2386 3727 Quonam
2420 3676 2552 3714 vero
2592 3668 2749 3728 pacto
2791 3658 2956 3714 etiam
2987 3658 3220 3714 similem
3258 3660 3432 3728 ipsum
3475 3660 3560 3716 fa—

1963 3762 2110 3808 ctum
2142 3767 2265 3807 esse
2292 3753 2446 3806 aiunt
2468 3768 2563 3819 per
2586 3753 2768 3805 omnia
2801 3751 3082 3819 fratribus,
3114 3752 3214 3807 hoc
3240 3765 3342 3817 εει,
3372 3754 3563 3808 nobis?

1961 3856 2054 3899 aut
2084 3845 2332 3913 quisnam
2366 3844 2590 3897 omnino
2621 3852 2913 3896 censeatur
2953 3842 3124 3897 fuisse
3157 3842 3202 3897 is
3232 3843 3323 3912 qui
3359 3844 3558 3897 simili-

1965 3939 2204 3992 tudinem
2240 3947 2481 3992 nostram
2512 3936 2697 4000 subiit,
2725 3935 2826 3989 nisi
2860 3937 3156 3988 secundum
3189 3946 3436 3989 naturam
3474 3938 3559 3987 di—

1961 4046 2151 4086 versus
2187 4041 2327 4093 erat,
2367 4037 2422 4082 et
2467 4044 2576 4082 non
2626 4029 2780 4082 nobis
2820 4027 3058 4082 similis?
3087 4027 3238 4094 Quod
3272 4027 3416 4081 enim
3457 4028 3558 4080 ali-

1960 4123 2156 4191 quibus
2185 4122 2364 4177 simile
2399 4120 2657 4184 ellicitur,
2709 4134 2931 4174 necesse
2965 4131 3050 4174 est
3082 4130 3140 4172 ut
3170 4120 3444 4175 diversum
3493 4121 3561 4175 ab

1960 4217 2026 4271 iis
2057 4215 2353 4280 exstiterit,
2389 4230 2562 4284 neque
2610 4212 2786 4268 simile
2819 4214 2971 4282 ipsis,
3006 4213 3100 4268 sed
3128 4214 3308 4282 potius
3340 4214 3561 4269 alterius

1959 4305 2183 4375 speciei,
2217 4307 2334 4360 sive
2370 4316 2600 4359 naturre.
2633 4303 2798 4374 726
2826 4303 3119 4358 Dissimilis
3144 4303 3328 4372 itaque
3354 4315 3561 4358 naturzc

1961 4417 1989 4454 a
2028 4401 2184 4455 nobis
2211 4401 2481 4454 exsistens
2515 4398 2859 4468 Unigenitus,
2891 4396 3084 4450 similis
3114 4395 3287 4450 factus
3327 4412 3447 4450 esse
3473 4397 3558 4450 di-

1960 4493 2121 4555 citur,
2157 4496 2330 4545 lactus
2377 4491 2426 4543 id
2464 4491 2604 4558 quod
2639 4503 2757 4553 nos,
2815 4487 2918 4540 huc
2953 4497 3055 4550 est,
3104 4485 3284 4539 homo.
3331 4485 3556 4538 Factum

262 4577 466 4645 μόνως,
499 4577 556 4628 ὲν
579 4578 831 4642 ἀποτέξει
865 4581 930 4648 τῇ
967 4578 1088 4631 καθ’
1114 4581 1286 4648 ἡμᾶς,
1310 4581 1358 4631 εί
1389 4582 1486 4632 καὶ
1513 4578 1851 4650 παραδόξως,

1964 4597 2143 4638 autem
2177 4586 2276 4638 fuit
2303 4584 2424 4647 hoc,
2465 4593 2517 4635 et
2544 4591 2688 4634 recte
2724 4580 3012 4633 admodum
3046 4594 3109 4633 ac
3141 4579 3482 4632 soluunnodo
3507 4578 3558 4631 in

255 4669 347 4720 ἐπ’
372 4667 560 4720 αὐτοῦ.
590 4669 723 4731 Θεὸς
745 4669 854 4738 γὰρ
885 4664 952 4738 ἦν
981 4672 1008 4722 ό
1030 4670 1421 4741 σαρκούμενος.
1455 4671 1850 4741 ὐμολογείσθω

255 4776 320 4826 γε
360 4759 467 4829 μὴν
508 4760 583 4822 ὡς
623 4761 869 4830 ὲψύχωτο
899 4765 1103 4832 νοερῶς
1135 4763 1195 4815 τὸ
1242 4763 1442 4816 ἑνωθὲν
1480 4765 1628 4835 αὑτῴ
1669 4765 1848 4835 σῶμα.

256 4852 337 4902 Οὐ
371 4851 481 4920 γάρ
517 4869 601 4903 τοι
630 4853 690 4905 τὸ
730 4855 976 4922 κρεῖττον
1005 4855 1114 4907 τῶν
1149 4856 1206 4908 ὲν
1233 4857 1366 4926 ἡμῖν
1394 4857 1574 4926 ἀφεὶς,
1603 4861 1849 4913 τουτέστι

258 4944 460 5013 ιζυχὴν,
496 4944 660 5013 μόνου
693 4945 988 5014 πεποίηται
1012 4946 1178 5014 φειδὼ
1208 4949 1402 5017 γηῖνου
1434 4948 1710 5018 σώματος,
1734 4952 1848 5004 ἀλλ’

256 5036 393 5104 ἐμοῦ
429 5037 608 5106 ψυχῆς
649 5038 739 5090 καὶ
787 5037 1038 5108 σώματος
1073 5042 1371 5112 προενόησε
1417 5043 1594 5112 σοφῶς
1619 5044 1749 5108 Θεὸς
1776 5045 1850 5098 ὢν

258 5130 284 5180 ό
317 5129 512 5194 Λόγος.

332 5307 390 5356 Β.
437 5305 700 5376 Σύμφημι
723 5324 737 5338 ο
769 5313 986 5379 φρονεῖς
1015 5313 1124 5384 γὰρ
1151 5315 1348 5385 ὀρθῶς.

329 5398 391 5448 Α.
437 5397 647 5449 Οὐκοῦν
685 5400 735 5451 εἰ
777 5400 985 5468 λέγοιεν
1013 5403 1060 5455 οἱ
1097 5405 1162 5456 δι’
1203 5407 1472 5474 ἐναντίας,
1509 5411 1707 5481 ἥκιστα
1751 5415 1848 5483 μὲν

256 5487 522 5540 θεοτόκον
547 5489 908 5558 ὀνομάζεσθαι
939 5495 1050 5548 δεῖν
1080 5496 1176 5567 τὴν
1200 5500 1365 5566 ἁγίαν
1397 5502 1690 5571 Παρθένον,
1714 5508 1846 5576 Χρι-

260 5580 516 5631 στοτόκον
542 5582 596 5633 δὲ
629 5583 848 5650 μᾶλλον,
881 5586 1256 5657 δυσφημοῦσιν
1281 5593 1606 5661 ἀναφανδὸν,
1633 5599 1725 5650 καὶ
1753 5601 1845 5650 τοῦ

259 5670 400 5721 εἶναι
430 5670 564 5723 Θεὸν
600 5673 690 5724 καὶ
721 5673 849 5727 Υἱὸν
886 5675 1104 5744 άληθῶς
1139 5680 1469 5735 ἀποσοϐοὖσι
1495 5687 1746 5755 Χριστόν.
1787 5690 1843 5740 ΕΞ

267 5760 373 5830 γάρ
415 5757 556 5814 εἶναι
599 5765 918 5818 πιστεύουσι
956 5769 1088 5822 Θεὸν
1117 5771 1330 5840 άληθῶς
1387 5778 1565 5841 αὐτὸν,
1602 5781 1674 5842 ὡς
1727 5786 1844 5833 κέν’

336 5853 380 5885 ⁸⁸
413 5853 427 5906 l
467 5856 590 5910 Cor.
633 5875 714 5919 xv.
745 5858 831 5914 ‘25.
913 5861 955 5893 ⁶²³
993 5863 1120 5918 ibid.
1152 5865 1234 5918 49.

1960 4677 2240 4731 nativitate
2275 4684 2476 4731 nostra:
2517 4672 2708 4736 simili,
2743 4674 2957 4725 tametsi
2984 4669 3378 4724 admirabiliter
3417 4670 3560 4738 quod

1960 4768 2025 4820 ad
2070 4769 2244 4836 ipsum
2291 4767 2505 4819 attinet.
2553 4763 2696 4818 Deus
2741 4761 2885 4817 enim
2943 4771 3082 4826 erat,
3119 4762 3208 4828 qui
3244 4760 3560 4813 incarnatus

1959 4868 2062 4914 cst.
2103 4858 2464 4912 Proﬁteamur
2504 4857 2692 4925 utique
2730 4854 3029 4906 animatum
3063 4866 3183 4906 esse
3219 4852 3560 4905 intellectua-

1960 4953 2085 5005 litcr
2111 4966 2308 5019 corpus
2354 4950 2454 5019 ipsi
2503 4948 2736 5003 unitum.
2786 4944 2974 5014 Neque
3005 4946 3147 4998 enim
3182 4945 3559 5012 prtesmntiure

1958 5044 2131 5099 nostri
2168 5053 2343 5113 parte,
2383 5043 2484 5096 hoc
2509 5049 2612 5106 est,
2647 5039 2828 5094 anima
2856 5038 3122 5107 neglecta,
3153 5036 3320 5090 solius
3354 5037 3553 5089 terreni

1957 5137 2207 5204 corporis
2242 5150 2371 5189 cura
2414 5135 2601 5188 habita
2638 5141 2740 5197 est,
2783 5131 2876 5186 sed
2907 5131 3066 5184 simul
3099 5130 3294 5181 anima:
3335 5137 3390 5183 et
3431 5144 3555 5183 cor-

1958 5229 2076 5300 pori
2111 5228 2386 5296 sapienter
2408 5226 2689 5296 prospexit
2721 5225 2860 5278 Deus
2889 5223 3156 5277 cxsistcns
3186 5221 3446 5276 Verbum.

2029 5323 2087 5376 B.
2128 5322 2414 5377 Assentior
2445 5339 2457 5374 :
2498 5330 2644 5374 recte
2667 5318 2811 5373 enim
2849 5317 3042 5371 sentis.

2027 5414 2094 5466 A.
2130 5413 2369 5468 Proinde
2390 5413 2435 5466 si
2461 5412 2643 5465 dicant
2665 5408 2983 5470 adversarii,
3005 5415 3252 5461 sanctam
3280 5403 3554 5473 Virginem

1958 5504 2100 5558 nulla
2149 5505 2362 5557 ratione
2414 5502 2700 5571 Deiparam
2730 5499 2986 5569 appellari
3017 5499 3236 5558 debere,
3260 5497 3352 5550 sed
3382 5499 3557 5564 potius

1958 5599 2381 5666 Christiparam,
2416 5596 2703 5649 manifeste
2756 5593 3154 5659 blasphemaut,
3190 5600 3242 5642 et
3277 5588 3554 5642 Christum

1961 5693 2124 5745 Dcum
2175 5707 2236 5744 ac
2285 5706 2408 5744 vcrc
2456 5688 2650 5742 Filium
2689 5702 2808 5740 csse
2842 5693 3060 5753 negant.
3097 5683 3226 5736 Nam
3271 5684 3313 5734 si
3371 5684 3552 5748 ipsum

1961 5799 2144 5837 πνοι-,ι
2217 5782 2381 5836 Dcum
2448 5795 2568 5834 esse
2619 5779 2866 5840 credunt,
2933 5785 3114 5846 ulpulc
3169 5776 3338 5829 nostri
3386 5771 3552 5826 simili
