  <div class='ocr_page' id='page_1' title='image "/cluster/home/n/w/nwhite01/storage/ocr_20150623/75/ien.35556001661032/650.png"; bbox 0 0 4006 6458; ppageno 0'>
   <div class='ocr_carea' id='block_1_1' title="bbox 315 407 447 465">
    <p class='ocr_par' dir='ltr' id='par_1_1' title="bbox 315 407 447 465">
     <span class='ocr_line' id='line_1_1' title="bbox 315 407 447 465; baseline -0.038 -1"><span class='ocrx_word' id='word_1_1' title='bbox 315 407 447 465; x_wconf 68' lang='grc' dir='ltr'><strong>ιεπ</strong></span> 
     </span>
    </p>
   </div>
   <div class='ocr_carea' id='block_1_2' title="bbox 1440 381 2430 457">
    <p class='ocr_par' dir='ltr' id='par_1_2' title="bbox 1440 381 2430 457">
     <span class='ocr_line' id='line_1_2' title="bbox 1440 381 2430 457; baseline -0.007 -11"><span class='ocrx_word' id='word_1_2' title='bbox 1440 386 1631 457; x_wconf 85' lang='lat' dir='ltr'><strong>QUOD</strong></span> <span class='ocrx_word' id='word_1_3' title='bbox 1670 384 1861 443; x_wconf 86' lang='lat' dir='ltr'><strong>UNUS</strong></span> <span class='ocrx_word' id='word_1_4' title='bbox 1902 381 2016 439; x_wconf 77' lang='lat' dir='ltr'><strong>SIT</strong></span> <span class='ocrx_word' id='word_1_5' title='bbox 2056 382 2430 441; x_wconf 78' lang='lat' dir='ltr'><strong>CHRISTUS.</strong></span> 
     </span>
    </p>
   </div>
   <div class='ocr_carea' id='block_1_3' title="bbox 3449 386 3586 443">
    <p class='ocr_par' dir='ltr' id='par_1_3' title="bbox 3449 386 3586 443">
     <span class='ocr_line' id='line_1_3' title="bbox 3449 386 3586 443; baseline -0.044 0"><span class='ocrx_word' id='word_1_6' title='bbox 3449 386 3586 443; x_wconf 68' lang='lat'><strong>1273</strong></span> 
     </span>
    </p>
   </div>
   <div class='ocr_carea' id='block_1_4' title="bbox 310 502 1881 594">
    <p class='ocr_par' dir='ltr' id='par_1_4' title="bbox 310 504 1881 594">
     <span class='ocr_line' id='line_1_4' title="bbox 310 504 1881 594; baseline -0.015 -13"><span class='ocrx_word' id='word_1_7' title='bbox 310 526 442 581; x_wconf 76' lang='grc' dir='ltr'>·ιύτὸ</span> <span class='ocrx_word' id='word_1_8' title='bbox 476 524 532 579; x_wconf 76' lang='grc' dir='ltr'>δὲ</span> <span class='ocrx_word' id='word_1_9' title='bbox 563 523 626 578; x_wconf 86' lang='grc' dir='ltr'><strong>τὸ</strong></span> <span class='ocrx_word' id='word_1_10' title='bbox 655 522 866 594; x_wconf 83' lang='grc' dir='ltr'>χρῆμα,</span> <span class='ocrx_word' id='word_1_11' title='bbox 893 516 1168 573; x_wconf 74' lang='grc' dir='ltr'>τουτέστιν</span> <span class='ocrx_word' id='word_1_12' title='bbox 1195 515 1229 586; x_wconf 78' lang='grc' dir='ltr'>ἡ</span> <span class='ocrx_word' id='word_1_13' title='bbox 1259 513 1458 585; x_wconf 85' lang='grc' dir='ltr'>χρίσις,</span> <span class='ocrx_word' id='word_1_14' title='bbox 1493 508 1632 580; x_wconf 83' lang='grc' dir='ltr'><strong>μετά</strong></span> <span class='ocrx_word' id='word_1_15' title='bbox 1651 507 1756 560; x_wconf 83' lang='grc' dir='ltr'><strong>τῶν</strong></span> <span class='ocrx_word' id='word_1_16' title='bbox 1786 504 1881 574; x_wconf 83' lang='grc' dir='ltr'>τῆς</span> 
     </span>
    </p>
   </div>
   <div class='ocr_carea' id='block_1_5' title="bbox 1987 502 3583 594">
    <p class='ocr_par' dir='ltr' id='par_1_5' title="bbox 1991 502 3583 575">
     <span class='ocr_line' id='line_1_5' title="bbox 1991 502 3583 575; baseline -0.001 -18"><span class='ocrx_word' id='word_1_17' title='bbox 1991 518 2077 558; x_wconf 87' lang='lat' dir='ltr'><strong>res</strong></span> <span class='ocrx_word' id='word_1_18' title='bbox 2111 506 2245 575; x_wconf 82' lang='lat' dir='ltr'><strong>ipsa,</strong></span> <span class='ocrx_word' id='word_1_19' title='bbox 2289 504 2391 558; x_wconf 90' lang='lat' dir='ltr'><strong>hoc</strong></span> <span class='ocrx_word' id='word_1_20' title='bbox 2428 511 2537 568; x_wconf 91' lang='lat' dir='ltr'><strong>est,</strong></span> <span class='ocrx_word' id='word_1_21' title='bbox 2572 502 2777 570; x_wconf 77' lang='lat' dir='ltr'><strong>unctio,</strong></span> <span class='ocrx_word' id='word_1_22' title='bbox 2827 512 3110 574; x_wconf 74' lang='lat' dir='ltr'><strong>postquam</strong></span> <span class='ocrx_word' id='word_1_23' title='bbox 3151 504 3583 563; x_wconf 81' lang='lat' dir='ltr'><strong>exinanitionem</strong></span> 
     </span>
    </p>
   </div>
   <div class='ocr_carea' id='block_1_6' title="bbox 308 596 1886 685">
    <p class='ocr_par' dir='ltr' id='par_1_6' title="bbox 308 596 1886 685">
     <span class='ocr_line' id='line_1_6' title="bbox 308 596 1886 685; baseline -0.014 -13"><span class='ocrx_word' id='word_1_24' title='bbox 308 616 594 680; x_wconf 71' lang='grc' dir='ltr'>κενώσεως</span> <span class='ocrx_word' id='word_1_25' title='bbox 618 614 836 685; x_wconf 84' lang='grc' dir='ltr'>τρόπων</span> <span class='ocrx_word' id='word_1_26' title='bbox 871 609 1204 680; x_wconf 75' lang='grc' dir='ltr'><strong>προσγέγονε</strong></span> <span class='ocrx_word' id='word_1_27' title='bbox 1236 605 1315 675; x_wconf 84' lang='grc' dir='ltr'>τῷ</span> <span class='ocrx_word' id='word_1_28' title='bbox 1342 602 1656 669; x_wconf 87' lang='grc' dir='ltr'>Μονογενεῖ,</span> <span class='ocrx_word' id='word_1_29' title='bbox 1680 596 1886 666; x_wconf 77' lang='grc' dir='ltr'>ἐναργῆ</span> 
     </span>
    </p>
   </div>
   <div class='ocr_carea' id='block_1_7' title="bbox 314 688 1884 782">
    <p class='ocr_par' dir='ltr' id='par_1_7' title="bbox 314 688 1884 782">
     <span class='ocr_line' id='line_1_7' title="bbox 314 688 1884 782; baseline -0.016 -17"><span class='ocrx_word' id='word_1_30' title='bbox 314 711 407 782; x_wconf 80' lang='grc' dir='ltr'>τῆς</span> <span class='ocrx_word' id='word_1_31' title='bbox 460 707 931 778; x_wconf 79' lang='grc' dir='ltr'>ὲνανθρωπήσεως</span> <span class='ocrx_word' id='word_1_32' title='bbox 982 704 1096 766; x_wconf 81' lang='grc' dir='ltr'>τοῖς</span> <span class='ocrx_word' id='word_1_33' title='bbox 1150 696 1522 769; x_wconf 82' lang='grc' dir='ltr'><strong>ἀκροωμένοις</strong></span> <span class='ocrx_word' id='word_1_34' title='bbox 1572 688 1884 782; x_wconf 62' lang='grc' dir='ltr'>εἰσκομίςον</span> 
     </span>
    </p>
   </div>
   <div class='ocr_carea' id='block_1_8' title="bbox 304 778 1883 872">
    <p class='ocr_par' dir='ltr' id='par_1_8' title="bbox 304 778 1883 872">
     <span class='ocr_line' id='line_1_8' title="bbox 304 778 1883 872; baseline -0.016 -18"><span class='ocrx_word' id='word_1_35' title='bbox 304 778 407 872; x_wconf 65' lang='grc' dir='ltr'><strong>την</strong></span> <span class='ocrx_word' id='word_1_36' title='bbox 450 799 707 869; x_wconf 81' lang='grc' dir='ltr'><strong>δήλωσιν.</strong></span> <span class='ocrx_word' id='word_1_37' title='bbox 736 795 861 847; x_wconf 81' lang='grc' dir='ltr'><strong>Ὀτι</strong></span> <span class='ocrx_word' id='word_1_38' title='bbox 894 794 1003 863; x_wconf 87' lang='grc' dir='ltr'><strong>γὰρ</strong></span> <span class='ocrx_word' id='word_1_39' title='bbox 1032 790 1316 860; x_wconf 78' lang='grc' dir='ltr'>κέχρισται</span> <span class='ocrx_word' id='word_1_40' title='bbox 1352 784 1488 839; x_wconf 88' lang='grc' dir='ltr'>καθὸ</span> <span class='ocrx_word' id='word_1_41' title='bbox 1521 782 1760 872; x_wconf 49' lang='grc' dir='ltr'>πέφηνεν</span> <span class='ocrx_word' id='word_1_42' title='bbox 1788 778 1883 872; x_wconf 34' lang='lat' dir='ltr'><strong>du.-</strong></span> 
     </span>
    </p>
   </div>
   <div class='ocr_carea' id='block_1_9' title="bbox 304 863 1883 960">
    <p class='ocr_par' dir='ltr' id='par_1_9' title="bbox 304 863 1883 960">
     <span class='ocr_line' id='line_1_9' title="bbox 304 863 1883 960; baseline -0.015 -17"><span class='ocrx_word' id='word_1_43' title='bbox 304 863 545 960; x_wconf 75' lang='grc' dir='ltr'>θρωτιος,</span> <span class='ocrx_word' id='word_1_44' title='bbox 580 882 1025 953; x_wconf 72' lang='grc' dir='ltr'>κατασημήνειεν</span> <span class='ocrx_word' id='word_1_45' title='bbox 1067 877 1132 932; x_wconf 76' lang='grc' dir='ltr'><strong>ἀν</strong></span> <span class='ocrx_word' id='word_1_46' title='bbox 1160 874 1219 930; x_wconf 83' lang='grc' dir='ltr'>εὖ</span> <span class='ocrx_word' id='word_1_47' title='bbox 1263 876 1428 947; x_wconf 85' lang='grc' dir='ltr'>μάλα.</span> <span class='ocrx_word' id='word_1_48' title='bbox 1453 874 1516 926; x_wconf 80' lang='lat' dir='ltr'><strong>Ei</strong></span> <span class='ocrx_word' id='word_1_49' title='bbox 1548 871 1647 941; x_wconf 71' lang='grc' dir='ltr'><strong>μὲν</strong></span> <span class='ocrx_word' id='word_1_50' title='bbox 1689 863 1883 960; x_wconf 27' lang='grc' dir='ltr'>οὗν-μὴ</span> 
     </span>
    </p>
   </div>
   <div class='ocr_carea' id='block_1_10' title="bbox 303 956 1885 1045">
    <p class='ocr_par' dir='ltr' id='par_1_10' title="bbox 303 956 1885 1045">
     <span class='ocr_line' id='line_1_10' title="bbox 303 956 1885 1045; baseline -0.015 -13"><span class='ocrx_word' id='word_1_51' title='bbox 303 956 467 1032; x_wconf 67' lang='grc' dir='ltr'>αῦτὸν</span> <span class='ocrx_word' id='word_1_52' title='bbox 488 978 590 1045; x_wconf 78' lang='grc' dir='ltr'>τῆς</span> <span class='ocrx_word' id='word_1_53' title='bbox 625 973 764 1045; x_wconf 80' lang='grc' dir='ltr'><strong>μετά</strong></span> <span class='ocrx_word' id='word_1_54' title='bbox 793 971 997 1043; x_wconf 84' lang='grc' dir='ltr'>σαρκὸς</span> <span class='ocrx_word' id='word_1_55' title='bbox 1017 966 1326 1037; x_wconf 79' lang='grc' dir='ltr'><strong>οἰκονομίας</strong></span> <span class='ocrx_word' id='word_1_56' title='bbox 1363 959 1756 1028; x_wconf 75' lang='grc' dir='ltr'>ἐϐασανίζομεν</span> <span class='ocrx_word' id='word_1_57' title='bbox 1783 956 1885 1010; x_wconf 83' lang='grc' dir='ltr'><strong>Λό-</strong></span> 
     </span>
    </p>
   </div>
   <div class='ocr_carea' id='block_1_11' title="bbox 305 1048 1883 1138">
    <p class='ocr_par' dir='ltr' id='par_1_11' title="bbox 305 1048 1883 1138">
     <span class='ocr_line' id='line_1_11' title="bbox 305 1048 1883 1138; baseline -0.015 -15"><span class='ocrx_word' id='word_1_58' title='bbox 305 1085 423 1138; x_wconf 90' lang='grc' dir='ltr'>γον,</span> <span class='ocrx_word' id='word_1_59' title='bbox 450 1068 566 1122; x_wconf 82' lang='grc' dir='ltr'>ἀλλ’</span> <span class='ocrx_word' id='word_1_60' title='bbox 604 1066 711 1131; x_wconf 78' lang='grc' dir='ltr'><strong>ἔξω</strong></span> <span class='ocrx_word' id='word_1_61' title='bbox 745 1082 846 1118; x_wconf 85' lang='grc' dir='ltr'><strong>που</strong></span> <span class='ocrx_word' id='word_1_62' title='bbox 878 1062 1014 1125; x_wconf 76' lang='grc' dir='ltr'>τέως</span> <span class='ocrx_word' id='word_1_63' title='bbox 1042 1059 1151 1114; x_wconf 87' lang='grc' dir='ltr'><strong>τῶν</strong></span> <span class='ocrx_word' id='word_1_64' title='bbox 1186 1057 1286 1128; x_wconf 85' lang='grc' dir='ltr'>τῆς</span> <span class='ocrx_word' id='word_1_65' title='bbox 1320 1052 1603 1115; x_wconf 80' lang='grc' dir='ltr'><strong>κενώσεως</strong></span> <span class='ocrx_word' id='word_1_66' title='bbox 1630 1048 1883 1119; x_wconf 62' lang='grc' dir='ltr'>ὅνταρμέ-</span> 
     </span>
    </p>
   </div>
   <div class='ocr_carea' id='block_1_12' title="bbox 303 1140 1883 1230">
    <p class='ocr_par' dir='ltr' id='par_1_12' title="bbox 303 1140 1883 1230">
     <span class='ocr_line' id='line_1_12' title="bbox 303 1140 1883 1230; baseline -0.012 -18"><span class='ocrx_word' id='word_1_67' title='bbox 303 1175 450 1227; x_wconf 88' lang='grc' dir='ltr'>τρων</span> <span class='ocrx_word' id='word_1_68' title='bbox 479 1157 776 1230; x_wconf 76' lang='grc' dir='ltr'>προῦκειτο</span> <span class='ocrx_word' id='word_1_69' title='bbox 813 1155 1029 1225; x_wconf 80' lang='grc' dir='ltr'><strong>βλέπειν</strong></span> <span class='ocrx_word' id='word_1_70' title='bbox 1066 1150 1158 1205; x_wconf 85' lang='grc' dir='ltr'><strong>τὸν</strong></span> <span class='ocrx_word' id='word_1_71' title='bbox 1198 1146 1459 1220; x_wconf 82' lang='grc' dir='ltr'>μονογενῆ</span> <span class='ocrx_word' id='word_1_72' title='bbox 1488 1145 1583 1198; x_wconf 87' lang='grc' dir='ltr'><strong>τοῦ</strong></span> <span class='ocrx_word' id='word_1_73' title='bbox 1613 1141 1749 1196; x_wconf 84' lang='grc' dir='ltr'><strong>Θεοῦ</strong></span> <span class='ocrx_word' id='word_1_74' title='bbox 1780 1140 1883 1194; x_wconf 89' lang='grc' dir='ltr'><strong>Λό-</strong></span> 
     </span>
    </p>
   </div>
   <div class='ocr_carea' id='block_1_13' title="bbox 306 1232 1881 1320">
    <p class='ocr_par' dir='ltr' id='par_1_13' title="bbox 306 1232 1881 1320">
     <span class='ocr_line' id='line_1_13' title="bbox 306 1232 1881 1320; baseline -0.013 -17"><span class='ocrx_word' id='word_1_75' title='bbox 306 1262 425 1319; x_wconf 78' lang='grc' dir='ltr'>γον,</span> <span class='ocrx_word' id='word_1_76' title='bbox 454 1245 522 1320; x_wconf 80' lang='grc' dir='ltr'>ἦν</span> <span class='ocrx_word' id='word_1_77' title='bbox 549 1250 616 1303; x_wconf 78' lang='grc' dir='ltr'>ἂν</span> <span class='ocrx_word' id='word_1_78' title='bbox 640 1249 736 1303; x_wconf 77' lang='grc' dir='ltr'>καὶ</span> <span class='ocrx_word' id='word_1_79' title='bbox 777 1247 920 1318; x_wconf 80' lang='grc' dir='ltr'>μάλα</span> <span class='ocrx_word' id='word_1_80' title='bbox 950 1245 1175 1306; x_wconf 81' lang='grc' dir='ltr'><strong>εἰκότως</strong></span> <span class='ocrx_word' id='word_1_81' title='bbox 1201 1238 1474 1308; x_wconf 80' lang='grc' dir='ltr'><strong>ἀσύφηλον</strong></span> <span class='ocrx_word' id='word_1_82' title='bbox 1503 1232 1719 1305; x_wconf 79' lang='grc' dir='ltr'>κομιδῇ,</span> <span class='ocrx_word' id='word_1_83' title='bbox 1743 1233 1881 1301; x_wconf 83' lang='grc' dir='ltr'>Χρι-</span> 
     </span>
    </p>
   </div>
   <div class='ocr_carea' id='block_1_14' title="bbox 304 1324 1882 1413">
    <p class='ocr_par' dir='ltr' id='par_1_14' title="bbox 304 1324 1882 1413">
     <span class='ocr_line' id='line_1_14' title="bbox 304 1324 1882 1413; baseline -0.013 -16"><span class='ocrx_word' id='word_1_84' title='bbox 304 1344 433 1397; x_wconf 80' lang='grc' dir='ltr'>στὸν</span> <span class='ocrx_word' id='word_1_85' title='bbox 482 1340 767 1413; x_wconf 75' lang='grc' dir='ltr'>ὀνομάζειν</span> <span class='ocrx_word' id='word_1_86' title='bbox 812 1340 905 1392; x_wconf 87' lang='grc' dir='ltr'><strong>τὸν</strong></span> <span class='ocrx_word' id='word_1_87' title='bbox 942 1338 1017 1409; x_wconf 73' lang='grc' dir='ltr'>μὴ</span> <span class='ocrx_word' id='word_1_88' title='bbox 1047 1333 1428 1406; x_wconf 79' lang='grc' dir='ltr'>κεχρισμένον.</span> <span class='ocrx_word' id='word_1_89' title='bbox 1465 1326 1685 1397; x_wconf 76' lang='grc' dir='ltr'>Ἐπειδὴ</span> <span class='ocrx_word' id='word_1_90' title='bbox 1724 1325 1781 1379; x_wconf 85' lang='grc' dir='ltr'>δὲ</span> <span class='ocrx_word' id='word_1_91' title='bbox 1821 1324 1882 1377; x_wconf 88' lang='grc' dir='ltr'><strong>τὸ</strong></span> 
     </span>
    </p>
   </div>
   <div class='ocr_carea' id='block_1_15' title="bbox 304 1416 1881 1505">
    <p class='ocr_par' dir='ltr' id='par_1_15' title="bbox 304 1416 1881 1505">
     <span class='ocr_line' id='line_1_15' title="bbox 304 1416 1881 1505; baseline -0.013 -17"><span class='ocrx_word' id='word_1_92' title='bbox 304 1420 451 1488; x_wconf 79' lang='grc' dir='ltr'>θεῖον</span> <span class='ocrx_word' id='word_1_93' title='bbox 478 1435 571 1488; x_wconf 79' lang='grc' dir='ltr'>καὶ</span> <span class='ocrx_word' id='word_1_94' title='bbox 604 1431 894 1505; x_wconf 80' lang='grc' dir='ltr'>ἱερώτατον</span> <span class='ocrx_word' id='word_1_95' title='bbox 926 1430 1188 1500; x_wconf 85' lang='grc' dir='ltr'>Γράμμα,</span> <span class='ocrx_word' id='word_1_96' title='bbox 1222 1425 1403 1497; x_wconf 77' lang='grc' dir='ltr'>σάρκα</span> <span class='ocrx_word' id='word_1_97' title='bbox 1432 1420 1682 1491; x_wconf 81' lang='grc' dir='ltr'>γενέσθαι</span> <span class='ocrx_word' id='word_1_98' title='bbox 1716 1416 1881 1488; x_wconf 65' lang='grc' dir='ltr'>φησιν</span> 
     </span>
    </p>
   </div>
   <div class='ocr_carea' id='block_1_16' title="bbox 302 1510 1881 1595">
    <p class='ocr_par' dir='ltr' id='par_1_16' title="bbox 302 1510 1881 1595">
     <span class='ocr_line' id='line_1_16' title="bbox 302 1510 1881 1595; baseline -0.012 -16"><span class='ocrx_word' id='word_1_99' title='bbox 302 1525 490 1587; x_wconf 87' lang='grc' dir='ltr'>αὐτὸν,</span> <span class='ocrx_word' id='word_1_100' title='bbox 520 1523 726 1595; x_wconf 82' lang='grc' dir='ltr'>πρέποι</span> <span class='ocrx_word' id='word_1_101' title='bbox 771 1522 817 1574; x_wconf 90' lang='grc' dir='ltr'>δ’</span> <span class='ocrx_word' id='word_1_102' title='bbox 848 1521 917 1575; x_wconf 79' lang='grc' dir='ltr'>ἂν</span> <span class='ocrx_word' id='word_1_103' title='bbox 960 1521 1065 1591; x_wconf 74' lang='grc' dir='ltr'>ήδη</span> <span class='ocrx_word' id='word_1_104' title='bbox 1105 1518 1201 1573; x_wconf 77' lang='grc' dir='ltr'>καὶ</span> <span class='ocrx_word' id='word_1_105' title='bbox 1231 1518 1264 1587; x_wconf 77' lang='grc' dir='ltr'>ἡ</span> <span class='ocrx_word' id='word_1_106' title='bbox 1298 1514 1477 1587; x_wconf 87' lang='grc' dir='ltr'>χρίσις</span> <span class='ocrx_word' id='word_1_107' title='bbox 1525 1510 1695 1582; x_wconf 78' lang='grc' dir='ltr'>αὐτῷ,</span> <span class='ocrx_word' id='word_1_108' title='bbox 1728 1524 1881 1578; x_wconf 87' lang='grc' dir='ltr'>γενο-</span> 
     </span>
    </p>
   </div>
   <div class='ocr_carea' id='block_1_17' title="bbox 305 1602 1879 1686">
    <p class='ocr_par' dir='ltr' id='par_1_17' title="bbox 305 1602 1879 1686">
     <span class='ocr_line' id='line_1_17' title="bbox 305 1602 1879 1686; baseline -0.011 -17"><span class='ocrx_word' id='word_1_109' title='bbox 305 1616 445 1686; x_wconf 73' lang='grc' dir='ltr'>μένη</span> <span class='ocrx_word' id='word_1_110' title='bbox 479 1614 610 1685; x_wconf 77' lang='grc' dir='ltr'>περὶ</span> <span class='ocrx_word' id='word_1_111' title='bbox 640 1612 742 1683; x_wconf 80' lang='grc' dir='ltr'>τὴν</span> <span class='ocrx_word' id='word_1_112' title='bbox 774 1614 1068 1684; x_wconf 83' lang='grc' dir='ltr'>σάρκωσιν,</span> <span class='ocrx_word' id='word_1_113' title='bbox 1106 1610 1230 1678; x_wconf 75' lang='grc' dir='ltr'>ἥτις</span> <span class='ocrx_word' id='word_1_114' title='bbox 1272 1608 1419 1661; x_wconf 74' lang='grc' dir='ltr'>ἐστὶν</span> <span class='ocrx_word' id='word_1_115' title='bbox 1448 1602 1630 1658; x_wconf 79' lang='grc' dir='ltr'>αὐτοῦ.</span> <span class='ocrx_word' id='word_1_116' title='bbox 1673 1602 1879 1673; x_wconf 79' lang='grc' dir='ltr'>Γράφει</span> 
     </span>
    </p>
   </div>
   <div class='ocr_carea' id='block_1_18' title="bbox 302 1690 1880 1776">
    <p class='ocr_par' dir='ltr' id='par_1_18' title="bbox 302 1690 1880 1776">
     <span class='ocr_line' id='line_1_18' title="bbox 302 1690 1880 1776; baseline -0.011 -15"><span class='ocrx_word' id='word_1_117' title='bbox 302 1706 437 1776; x_wconf 89' lang='grc' dir='ltr'>γοῦν</span> <span class='ocrx_word' id='word_1_118' title='bbox 463 1709 493 1760; x_wconf 82' lang='grc' dir='ltr'><strong>ό</strong></span> <span class='ocrx_word' id='word_1_119' title='bbox 522 1705 798 1772; x_wconf 80' lang='grc' dir='ltr'>πάνσοφος</span> <span class='ocrx_word' id='word_1_120' title='bbox 834 1702 1042 1765; x_wconf 82' lang='grc' dir='ltr'><strong>Παῦλος</strong></span> <span class='ocrx_word' id='word_1_121' title='bbox 1068 1718 1083 1732; x_wconf 89' lang='grc'><strong>·</strong></span> <span class='ocrx_word' id='word_1_122' title='bbox 1118 1720 1135 1752; x_wconf 86' lang='grc' dir='ltr'><strong>ι</strong></span> <span class='ocrx_word' id='word_1_123' title='bbox 1164 1700 1232 1753; x_wconf 83' lang='lat'><strong>&quot;0</strong></span> <span class='ocrx_word' id='word_1_124' title='bbox 1258 1715 1316 1752; x_wconf 84' lang='grc' dir='ltr'><strong>τε</strong></span> <span class='ocrx_word' id='word_1_125' title='bbox 1343 1698 1450 1768; x_wconf 79' lang='grc' dir='ltr'>γὰρ</span> <span class='ocrx_word' id='word_1_126' title='bbox 1494 1693 1758 1763; x_wconf 77' lang='grc' dir='ltr'><strong>ἁγιάζων,</strong></span> <span class='ocrx_word' id='word_1_127' title='bbox 1786 1690 1880 1746; x_wconf 79' lang='grc' dir='ltr'>καὶ</span> 
     </span>
    </p>
   </div>
   <div class='ocr_carea' id='block_1_19' title="bbox 304 1785 1880 1867">
    <p class='ocr_par' dir='ltr' id='par_1_19' title="bbox 304 1785 1880 1867">
     <span class='ocr_line' id='line_1_19' title="bbox 304 1785 1880 1867; baseline -0.01 -15"><span class='ocrx_word' id='word_1_128' title='bbox 304 1798 360 1853; x_wconf 71' lang='grc' dir='ltr'>οἱ</span> <span class='ocrx_word' id='word_1_129' title='bbox 394 1797 765 1867; x_wconf 82' lang='grc' dir='ltr'>ἁγιαζόμενοι,</span> <span class='ocrx_word' id='word_1_130' title='bbox 814 1794 875 1861; x_wconf 70' lang='grc' dir='ltr'><strong>ἐξ</strong></span> <span class='ocrx_word' id='word_1_131' title='bbox 904 1795 1022 1858; x_wconf 77' lang='grc' dir='ltr'>ἐνὸς</span> <span class='ocrx_word' id='word_1_132' title='bbox 1079 1794 1306 1855; x_wconf 86' lang='grc' dir='ltr'>πάντες·</span> <span class='ocrx_word' id='word_1_133' title='bbox 1343 1790 1411 1845; x_wconf 88' lang='grc' dir='ltr'>δι’</span> <span class='ocrx_word' id='word_1_134' title='bbox 1461 1790 1530 1862; x_wconf 81' lang='grc' dir='ltr'>ἢν</span> <span class='ocrx_word' id='word_1_135' title='bbox 1572 1788 1751 1841; x_wconf 85' lang='grc' dir='ltr'>αἰτίαν</span> <span class='ocrx_word' id='word_1_136' title='bbox 1780 1785 1880 1838; x_wconf 84' lang='grc' dir='ltr'>οὐκ</span> 
     </span>
    </p>
   </div>
   <div class='ocr_carea' id='block_1_20' title="bbox 304 1880 1885 1959">
    <p class='ocr_par' dir='ltr' id='par_1_20' title="bbox 304 1880 1885 1959">
     <span class='ocr_line' id='line_1_20' title="bbox 304 1880 1885 1959; baseline -0.01 -14"><span class='ocrx_word' id='word_1_137' title='bbox 304 1888 699 1959; x_wconf 71' lang='grc' dir='ltr'>ιπαισχύνεται</span> <span class='ocrx_word' id='word_1_138' title='bbox 720 1886 983 1956; x_wconf 77' lang='grc' dir='ltr'>ἀδελφοὺς</span> <span class='ocrx_word' id='word_1_139' title='bbox 1009 1886 1206 1949; x_wconf 74' lang='grc' dir='ltr'>αὐτοὺς</span> <span class='ocrx_word' id='word_1_140' title='bbox 1237 1883 1441 1947; x_wconf 83' lang='grc' dir='ltr'>καλεῖν,</span> <span class='ocrx_word' id='word_1_141' title='bbox 1468 1881 1660 1949; x_wconf 79' lang='grc' dir='ltr'>λέγων’</span> <span class='ocrx_word' id='word_1_142' title='bbox 1679 1880 1885 1944; x_wconf 77' lang='grc' dir='ltr'>Ἀπαγ-</span> 
     </span>
    </p>
   </div>
   <div class='ocr_carea' id='block_1_21' title="bbox 302 1970 1884 2053">
    <p class='ocr_par' dir='ltr' id='par_1_21' title="bbox 302 1970 1884 2053">
     <span class='ocr_line' id='line_1_21' title="bbox 302 1970 1884 2053; baseline -0.009 -16"><span class='ocrx_word' id='word_1_143' title='bbox 302 1983 451 2053; x_wconf 86' lang='grc' dir='ltr'>γελῶ</span> <span class='ocrx_word' id='word_1_144' title='bbox 470 1982 532 2036; x_wconf 87' lang='grc' dir='ltr'><strong>τὸ</strong></span> <span class='ocrx_word' id='word_1_145' title='bbox 559 1982 730 2052; x_wconf 82' lang='grc' dir='ltr'>δνομά</span> <span class='ocrx_word' id='word_1_146' title='bbox 756 1997 848 2034; x_wconf 81' lang='grc' dir='ltr'><strong>σου</strong></span> <span class='ocrx_word' id='word_1_147' title='bbox 874 1982 985 2043; x_wconf 85' lang='grc' dir='ltr'>τοῖς</span> <span class='ocrx_word' id='word_1_148' title='bbox 1008 1979 1255 2048; x_wconf 80' lang='grc' dir='ltr'>ἀδελφοῖς</span> <span class='ocrx_word' id='word_1_149' title='bbox 1284 1993 1387 2047; x_wconf 90' lang='grc' dir='ltr'><strong>μου</strong></span> <span class='ocrx_word' id='word_1_150' title='bbox 1406 1993 1419 2005; x_wconf 89' lang='grc'>·</span> <span class='ocrx_word' id='word_1_151' title='bbox 1449 1994 1467 2027; x_wconf 87' lang='grc' dir='ltr'><strong>ι</strong></span> <span class='ocrx_word' id='word_1_152' title='bbox 1493 1972 1749 2046; x_wconf 74' lang='grc' dir='ltr'>ἡγιάζετο</span> <span class='ocrx_word' id='word_1_153' title='bbox 1775 1970 1884 2039; x_wconf 80' lang='grc' dir='ltr'><strong>γάρ</strong></span> 
     </span>
    </p>
   </div>
   <div class='ocr_carea' id='block_1_22' title="bbox 308 2063 1883 2147">
    <p class='ocr_par' dir='ltr' id='par_1_22' title="bbox 308 2063 1883 2147">
     <span class='ocr_line' id='line_1_22' title="bbox 308 2063 1883 2147; baseline -0.008 -18"><span class='ocrx_word' id='word_1_154' title='bbox 308 2075 431 2147; x_wconf 86' lang='grc' dir='ltr'>μεθ’</span> <span class='ocrx_word' id='word_1_155' title='bbox 448 2075 629 2145; x_wconf 81' lang='grc' dir='ltr'>ἡμῶν,</span> <span class='ocrx_word' id='word_1_156' title='bbox 650 2076 740 2128; x_wconf 84' lang='grc' dir='ltr'>ὅτε</span> <span class='ocrx_word' id='word_1_157' title='bbox 761 2075 952 2142; x_wconf 80' lang='grc' dir='ltr'>γέγονε</span> <span class='ocrx_word' id='word_1_158' title='bbox 976 2071 1096 2125; x_wconf 83' lang='grc' dir='ltr'>καθ’</span> <span class='ocrx_word' id='word_1_159' title='bbox 1118 2070 1415 2141; x_wconf 77' lang='grc' dir='ltr'>ήμᾶς.”υτι</span> <span class='ocrx_word' id='word_1_160' title='bbox 1438 2067 1494 2121; x_wconf 73' lang='grc' dir='ltr'>δὲ</span> <span class='ocrx_word' id='word_1_161' title='bbox 1514 2064 1731 2137; x_wconf 83' lang='grc' dir='ltr'>ἀληθῶς</span> <span class='ocrx_word' id='word_1_162' title='bbox 1761 2063 1883 2126; x_wconf 78' lang='grc' dir='ltr'>Υἱὸς</span> 
     </span>
    </p>
   </div>
   <div class='ocr_carea' id='block_1_23' title="bbox 302 2156 1883 2237">
    <p class='ocr_par' dir='ltr' id='par_1_23' title="bbox 302 2156 1883 2237">
     <span class='ocr_line' id='line_1_23' title="bbox 302 2156 1883 2237; baseline -0.008 -17"><span class='ocrx_word' id='word_1_163' title='bbox 302 2168 336 2220; x_wconf 80' lang='grc' dir='ltr'><strong>ὁ</strong></span> <span class='ocrx_word' id='word_1_164' title='bbox 364 2167 653 2237; x_wconf 79' lang='grc' dir='ltr'>χριόμενος</span> <span class='ocrx_word' id='word_1_165' title='bbox 703 2160 793 2234; x_wconf 78' lang='grc' dir='ltr'>ἦν,</span> <span class='ocrx_word' id='word_1_166' title='bbox 840 2163 974 2218; x_wconf 84' lang='grc' dir='ltr'>καθὸ</span> <span class='ocrx_word' id='word_1_167' title='bbox 1012 2163 1202 2231; x_wconf 82' lang='grc' dir='ltr'>γέγονε</span> <span class='ocrx_word' id='word_1_168' title='bbox 1252 2159 1411 2230; x_wconf 78' lang='grc' dir='ltr'>σάρξ,</span> <span class='ocrx_word' id='word_1_169' title='bbox 1460 2159 1631 2229; x_wconf 75' lang='grc' dir='ltr'>ἦγουν</span> <span class='ocrx_word' id='word_1_170' title='bbox 1681 2156 1883 2217; x_wconf 81' lang='grc' dir='ltr'>τέλειος</span> 
     </span>
    </p>
   </div>
   <div class='ocr_carea' id='block_1_24' title="bbox 298 2246 1883 2326">
    <p class='ocr_par' dir='ltr' id='par_1_24' title="bbox 298 2246 1883 2326">
     <span class='ocr_line' id='line_1_24' title="bbox 298 2246 1883 2326; baseline -0.008 -16"><span class='ocrx_word' id='word_1_171' title='bbox 298 2257 612 2326; x_wconf 75' lang='grc' dir='ltr'>ἅνθρωπος,</span> <span class='ocrx_word' id='word_1_172' title='bbox 640 2255 972 2309; x_wconf 86' lang='grc' dir='ltr'>πιστώσεται</span> <span class='ocrx_word' id='word_1_173' title='bbox 1001 2252 1176 2321; x_wconf 84' lang='grc' dir='ltr'>λέγων</span> <span class='ocrx_word' id='word_1_174' title='bbox 1195 2255 1223 2305; x_wconf 85' lang='grc' dir='ltr'><strong>ὁ</strong></span> <span class='ocrx_word' id='word_1_175' title='bbox 1243 2251 1527 2313; x_wconf 76' lang='grc' dir='ltr'>θεσπέσιος</span> <span class='ocrx_word' id='word_1_176' title='bbox 1556 2246 1720 2301; x_wconf 67' lang='grc' dir='ltr'>Δαόιδ</span> <span class='ocrx_word' id='word_1_177' title='bbox 1746 2246 1883 2317; x_wconf 86' lang='grc' dir='ltr'>πρὸς</span> 
     </span>
    </p>
   </div>
   <div class='ocr_carea' id='block_1_25' title="bbox 298 2336 1881 2417">
    <p class='ocr_par' dir='ltr' id='par_1_25' title="bbox 298 2336 1881 2417">
     <span class='ocr_line' id='line_1_25' title="bbox 298 2336 1881 2417; baseline -0.008 -15"><span class='ocrx_word' id='word_1_178' title='bbox 298 2348 498 2402; x_wconf 73' lang='grc' dir='ltr'>αὐτόν’</span> <span class='ocrx_word' id='word_1_179' title='bbox 547 2367 566 2399; x_wconf 80' lang='grc' dir='ltr'><strong>ι</strong></span> <span class='ocrx_word' id='word_1_180' title='bbox 611 2348 668 2400; x_wconf 87' lang='lat'><strong>&#39;0</strong></span> <span class='ocrx_word' id='word_1_181' title='bbox 700 2347 887 2417; x_wconf 80' lang='grc' dir='ltr'>θρόνος</span> <span class='ocrx_word' id='word_1_182' title='bbox 921 2364 1036 2407; x_wconf 83' lang='grc' dir='ltr'>σου,</span> <span class='ocrx_word' id='word_1_183' title='bbox 1071 2347 1098 2398; x_wconf 71' lang='grc' dir='ltr'>ὁ</span> <span class='ocrx_word' id='word_1_184' title='bbox 1140 2344 1295 2407; x_wconf 82' lang='grc' dir='ltr'>Θεὸς,</span> <span class='ocrx_word' id='word_1_185' title='bbox 1336 2345 1417 2406; x_wconf 86' lang='grc' dir='ltr'><strong>είς</strong></span> <span class='ocrx_word' id='word_1_186' title='bbox 1443 2342 1534 2393; x_wconf 86' lang='grc' dir='ltr'><strong>τὸν</strong></span> <span class='ocrx_word' id='word_1_187' title='bbox 1566 2340 1737 2393; x_wconf 81' lang='grc' dir='ltr'>αἰῶνα</span> <span class='ocrx_word' id='word_1_188' title='bbox 1786 2336 1881 2391; x_wconf 87' lang='grc' dir='ltr'><strong>τοῦ</strong></span> 
     </span>
    </p>
   </div>
   <div class='ocr_carea' id='block_1_26' title="bbox 298 2426 1882 2506">
    <p class='ocr_par' dir='ltr' id='par_1_26' title="bbox 298 2426 1882 2506">
     <span class='ocr_line' id='line_1_26' title="bbox 298 2426 1882 2506; baseline -0.009 -15"><span class='ocrx_word' id='word_1_189' title='bbox 298 2437 532 2499; x_wconf 75' lang='grc' dir='ltr'>αἰῶνοςο</span> <span class='ocrx_word' id='word_1_190' title='bbox 584 2434 782 2506; x_wconf 75' lang='grc' dir='ltr'>ῥάϐδος</span> <span class='ocrx_word' id='word_1_191' title='bbox 814 2434 1111 2503; x_wconf 77' lang='grc' dir='ltr'><strong>εὐθύτητος</strong></span> <span class='ocrx_word' id='word_1_192' title='bbox 1144 2435 1178 2502; x_wconf 79' lang='grc' dir='ltr'>ἡ</span> <span class='ocrx_word' id='word_1_193' title='bbox 1218 2431 1412 2503; x_wconf 73' lang='grc' dir='ltr'>ῥάϐδος</span> <span class='ocrx_word' id='word_1_194' title='bbox 1466 2429 1564 2499; x_wconf 79' lang='grc' dir='ltr'>τῆς</span> <span class='ocrx_word' id='word_1_195' title='bbox 1603 2426 1882 2498; x_wconf 76' lang='grc' dir='ltr'>βασιλείας</span> 
     </span>
    </p>
   </div>
   <div class='ocr_carea' id='block_1_27' title="bbox 300 2517 1881 2597">
    <p class='ocr_par' dir='ltr' id='par_1_27' title="bbox 300 2517 1881 2597">
     <span class='ocr_line' id='line_1_27' title="bbox 300 2517 1881 2597; baseline -0.008 -16"><span class='ocrx_word' id='word_1_196' title='bbox 300 2545 422 2582; x_wconf 86' lang='grc' dir='ltr'>σου.</span> <span class='ocrx_word' id='word_1_197' title='bbox 458 2527 781 2597; x_wconf 84' lang='grc' dir='ltr'>Ἠγάπησας</span> <span class='ocrx_word' id='word_1_198' title='bbox 807 2524 1173 2593; x_wconf 75' lang='grc' dir='ltr'>δικαιοσύνην,</span> <span class='ocrx_word' id='word_1_199' title='bbox 1206 2524 1301 2576; x_wconf 80' lang='grc' dir='ltr'>καὶ</span> <span class='ocrx_word' id='word_1_200' title='bbox 1330 2522 1599 2592; x_wconf 69' lang='grc' dir='ltr'>ἐμίσησας</span> <span class='ocrx_word' id='word_1_201' title='bbox 1628 2517 1881 2587; x_wconf 82' lang='grc' dir='ltr'>ἀνομίαν,</span> 
     </span>
    </p>
   </div>
   <div class='ocr_carea' id='block_1_28' title="bbox 297 2610 1879 2687">
    <p class='ocr_par' dir='ltr' id='par_1_28' title="bbox 297 2610 1879 2687">
     <span class='ocr_line' id='line_1_28' title="bbox 297 2610 1879 2687; baseline -0.006 -15"><span class='ocrx_word' id='word_1_202' title='bbox 297 2618 387 2673; x_wconf 78' lang='grc' dir='ltr'>διὰ</span> <span class='ocrx_word' id='word_1_203' title='bbox 406 2617 567 2671; x_wconf 85' lang='grc' dir='ltr'>τοῦτο</span> <span class='ocrx_word' id='word_1_204' title='bbox 594 2616 779 2687; x_wconf 81' lang='grc' dir='ltr'>εχρισέ</span> <span class='ocrx_word' id='word_1_205' title='bbox 816 2634 873 2669; x_wconf 88' lang='grc' dir='ltr'><strong>σε</strong></span> <span class='ocrx_word' id='word_1_206' title='bbox 902 2618 930 2669; x_wconf 85' lang='grc' dir='ltr'>ὁ</span> <span class='ocrx_word' id='word_1_207' title='bbox 962 2616 1114 2680; x_wconf 85' lang='grc' dir='ltr'>Θεὸς,</span> <span class='ocrx_word' id='word_1_208' title='bbox 1143 2616 1173 2668; x_wconf 83' lang='grc' dir='ltr'>ὁ</span> <span class='ocrx_word' id='word_1_209' title='bbox 1196 2614 1327 2677; x_wconf 88' lang='grc' dir='ltr'>Θεός</span> <span class='ocrx_word' id='word_1_210' title='bbox 1366 2630 1480 2675; x_wconf 87' lang='grc' dir='ltr'>σου,</span> <span class='ocrx_word' id='word_1_211' title='bbox 1506 2611 1684 2665; x_wconf 80' lang='grc' dir='ltr'>ἔλαιον</span> <span class='ocrx_word' id='word_1_212' title='bbox 1710 2610 1879 2678; x_wconf 82' lang='grc' dir='ltr'>ἀγαλ-</span> 
     </span>
    </p>
   </div>
   <div class='ocr_carea' id='block_1_29' title="bbox 298 2698 1883 2778">
    <p class='ocr_par' dir='ltr' id='par_1_29' title="bbox 298 2698 1883 2778">
     <span class='ocr_line' id='line_1_29' title="bbox 298 2698 1883 2778; baseline -0.006 -16"><span class='ocrx_word' id='word_1_213' title='bbox 298 2708 532 2771; x_wconf 86' lang='grc' dir='ltr'>λιάσεως</span> <span class='ocrx_word' id='word_1_214' title='bbox 571 2708 723 2778; x_wconf 77' lang='grc' dir='ltr'>παρὰ</span> <span class='ocrx_word' id='word_1_215' title='bbox 749 2707 876 2770; x_wconf 76' lang='grc' dir='ltr'>τοὺς</span> <span class='ocrx_word' id='word_1_216' title='bbox 910 2705 1167 2777; x_wconf 83' lang='grc' dir='ltr'>μετόχους</span> <span class='ocrx_word' id='word_1_217' title='bbox 1199 2722 1312 2757; x_wconf 89' lang='grc' dir='ltr'>σου.</span> <span class='ocrx_word' id='word_1_218' title='bbox 1349 2722 1367 2755; x_wconf 82' lang='grc' dir='ltr'><strong>ι</strong></span> <span class='ocrx_word' id='word_1_219' title='bbox 1404 2702 1570 2765; x_wconf 80' lang='grc' dir='ltr'>Σύνες</span> <span class='ocrx_word' id='word_1_220' title='bbox 1598 2698 1712 2766; x_wconf 74' lang='grc' dir='ltr'>οὖν,</span> <span class='ocrx_word' id='word_1_221' title='bbox 1734 2703 1883 2764; x_wconf 83' lang='grc' dir='ltr'>ὅπως</span> 
     </span>
    </p>
   </div>
   <div class='ocr_carea' id='block_1_30' title="bbox 296 2794 1878 2869">
    <p class='ocr_par' dir='ltr' id='par_1_30' title="bbox 296 2794 1878 2869">
     <span class='ocr_line' id='line_1_30' title="bbox 296 2794 1878 2869; baseline -0.004 -16"><span class='ocrx_word' id='word_1_222' title='bbox 296 2802 395 2854; x_wconf 72' lang='grc' dir='ltr'>καὶ</span> <span class='ocrx_word' id='word_1_223' title='bbox 427 2798 559 2853; x_wconf 85' lang='grc' dir='ltr'>Θεὸν</span> <span class='ocrx_word' id='word_1_224' title='bbox 590 2801 781 2863; x_wconf 74' lang='grc' dir='ltr'>εἰπὼν,</span> <span class='ocrx_word' id='word_1_225' title='bbox 808 2801 903 2854; x_wconf 72' lang='grc' dir='ltr'>καὶ</span> <span class='ocrx_word' id='word_1_226' title='bbox 933 2799 1123 2869; x_wconf 80' lang='grc' dir='ltr'>θρόνον</span> <span class='ocrx_word' id='word_1_227' title='bbox 1147 2796 1294 2867; x_wconf 80' lang='grc' dir='ltr'>αὐτῷ</span> <span class='ocrx_word' id='word_1_228' title='bbox 1316 2797 1407 2849; x_wconf 83' lang='grc' dir='ltr'><strong>τὸν</strong></span> <span class='ocrx_word' id='word_1_229' title='bbox 1428 2796 1507 2860; x_wconf 83' lang='grc' dir='ltr'>εἰς</span> <span class='ocrx_word' id='word_1_230' title='bbox 1530 2794 1704 2849; x_wconf 84' lang='grc' dir='ltr'>αἰῶνα</span> <span class='ocrx_word' id='word_1_231' title='bbox 1734 2795 1878 2857; x_wconf 74' lang='grc' dir='ltr'>δοὺς,</span> 
     </span>
    </p>
   </div>
   <div class='ocr_carea' id='block_1_31' title="bbox 296 2885 1879 2961">
    <p class='ocr_par' dir='ltr' id='par_1_31' title="bbox 296 2885 1879 2961">
     <span class='ocr_line' id='line_1_31' title="bbox 296 2885 1879 2961; baseline -0.006 -16"><span class='ocrx_word' id='word_1_232' title='bbox 296 2890 590 2960; x_wconf 83' lang='grc' dir='ltr'>κεχρῖσθαί</span> <span class='ocrx_word' id='word_1_233' title='bbox 620 2906 753 2959; x_wconf 78' lang='grc' dir='ltr'>φησι</span> <span class='ocrx_word' id='word_1_234' title='bbox 790 2889 942 2961; x_wconf 81' lang='grc' dir='ltr'><strong>παρά</strong></span> <span class='ocrx_word' id='word_1_235' title='bbox 966 2887 1124 2953; x_wconf 87' lang='grc' dir='ltr'>Θεοῦ,</span> <span class='ocrx_word' id='word_1_236' title='bbox 1148 2887 1304 2957; x_wconf 78' lang='grc' dir='ltr'>δῆλον</span> <span class='ocrx_word' id='word_1_237' title='bbox 1325 2887 1381 2941; x_wconf 80' lang='grc' dir='ltr'>δὲ</span> <span class='ocrx_word' id='word_1_238' title='bbox 1416 2888 1496 2940; x_wconf 82' lang='grc' dir='ltr'>ὄτι</span> <span class='ocrx_word' id='word_1_239' title='bbox 1520 2885 1615 2939; x_wconf 88' lang='grc' dir='ltr'><strong>τοῦ</strong></span> <span class='ocrx_word' id='word_1_240' title='bbox 1645 2885 1879 2955; x_wconf 84' lang='grc' dir='ltr'>Πατρὸς,</span> 
     </span>
    </p>
   </div>
   <div class='ocr_carea' id='block_1_32' title="bbox 298 2972 1878 3052">
    <p class='ocr_par' dir='ltr' id='par_1_32' title="bbox 298 2972 1878 3052">
     <span class='ocr_line' id='line_1_32' title="bbox 298 2972 1878 3052; baseline -0.004 -20"><span class='ocrx_word' id='word_1_241' title='bbox 298 2979 568 3051; x_wconf 75' lang='grc' dir='ltr'><strong>ἐξαιρέτῳ</strong></span> <span class='ocrx_word' id='word_1_242' title='bbox 609 2981 716 3033; x_wconf 76' lang='grc' dir='ltr'>τινὶ</span> <span class='ocrx_word' id='word_1_243' title='bbox 754 2980 934 3052; x_wconf 85' lang='grc' dir='ltr'>χρίσει</span> <span class='ocrx_word' id='word_1_244' title='bbox 969 2978 1121 3050; x_wconf 75' lang='grc' dir='ltr'>παρὰ</span> <span class='ocrx_word' id='word_1_245' title='bbox 1157 2977 1652 3048; x_wconf 58' lang='grc' dir='ltr'>τοὺςιμετέχοντας</span> <span class='ocrx_word' id='word_1_246' title='bbox 1691 2972 1878 3037; x_wconf 68' lang='grc' dir='ltr'>αὑτοῦ,</span> 
     </span>
    </p>
   </div>
   <div class='ocr_carea' id='block_1_33' title="bbox 295 3066 1880 3142">
    <p class='ocr_par' dir='ltr' id='par_1_33' title="bbox 295 3066 1880 3142">
     <span class='ocr_line' id='line_1_33' title="bbox 295 3066 1880 3142; baseline -0.005 -17"><span class='ocrx_word' id='word_1_247' title='bbox 295 3072 576 3125; x_wconf 77' lang='grc' dir='ltr'>τουτέστιν</span> <span class='ocrx_word' id='word_1_248' title='bbox 612 3073 781 3141; x_wconf 76' lang='grc' dir='ltr'>ἡμᾶς.</span> <span class='ocrx_word' id='word_1_249' title='bbox 818 3073 878 3126; x_wconf 82' lang='lat' dir='ltr'><strong>El</strong></span> <span class='ocrx_word' id='word_1_250' title='bbox 918 3071 1027 3142; x_wconf 76' lang='grc' dir='ltr'><strong>γάρ</strong></span> <span class='ocrx_word' id='word_1_251' title='bbox 1068 3070 1290 3139; x_wconf 82' lang='grc' dir='ltr'>γέγονεν</span> <span class='ocrx_word' id='word_1_252' title='bbox 1339 3069 1647 3140; x_wconf 74' lang='grc' dir='ltr'>ἄνθρωπος,</span> <span class='ocrx_word' id='word_1_253' title='bbox 1699 3066 1880 3119; x_wconf 82' lang='grc' dir='ltr'>καίτοι</span> 
     </span>
    </p>
   </div>
   <div class='ocr_carea' id='block_1_34' title="bbox 296 3153 1953 3229">
    <p class='ocr_par' dir='ltr' id='par_1_34' title="bbox 296 3153 1953 3229">
     <span class='ocr_line' id='line_1_34' title="bbox 296 3153 1953 3229; baseline -0.005 -16"><span class='ocrx_word' id='word_1_254' title='bbox 296 3160 433 3223; x_wconf 87' lang='grc' dir='ltr'>Θεὸς</span> <span class='ocrx_word' id='word_1_255' title='bbox 454 3159 529 3212; x_wconf 83' lang='grc' dir='ltr'>ὢν</span> <span class='ocrx_word' id='word_1_256' title='bbox 559 3161 587 3212; x_wconf 87' lang='grc' dir='ltr'>ὀ</span> <span class='ocrx_word' id='word_1_257' title='bbox 614 3160 807 3227; x_wconf 83' lang='grc' dir='ltr'>Λόγος,</span> <span class='ocrx_word' id='word_1_258' title='bbox 837 3158 952 3213; x_wconf 80' lang='grc' dir='ltr'>ἀλλ’</span> <span class='ocrx_word' id='word_1_259' title='bbox 983 3154 1052 3227; x_wconf 81' lang='grc' dir='ltr'>ἦν</span> <span class='ocrx_word' id='word_1_260' title='bbox 1082 3159 1175 3210; x_wconf 68' lang='grc' dir='ltr'>καὶ</span> <span class='ocrx_word' id='word_1_261' title='bbox 1210 3156 1383 3221; x_wconf 76' lang='grc' dir='ltr'>οὕτως</span> <span class='ocrx_word' id='word_1_262' title='bbox 1426 3154 1728 3226; x_wconf 79' lang='grc' dir='ltr'>ἀπροσδεὴς</span> <span class='ocrx_word' id='word_1_263' title='bbox 1773 3153 1881 3206; x_wconf 83' lang='grc' dir='ltr'>τῶν</span> <span class='ocrx_word' id='word_1_264' title='bbox 1911 3172 1953 3229; x_wconf 75' lang='lat' dir='ltr'>c</span> 
     </span>
    </p>
   </div>
   <div class='ocr_carea' id='block_1_35' title="bbox 296 3245 1881 3321">
    <p class='ocr_par' dir='ltr' id='par_1_35' title="bbox 296 3245 1881 3321">
     <span class='ocr_line' id='line_1_35' title="bbox 296 3245 1881 3321; baseline -0.005 -17"><span class='ocrx_word' id='word_1_265' title='bbox 296 3251 399 3321; x_wconf 79' lang='grc' dir='ltr'>τῆς</span> <span class='ocrx_word' id='word_1_266' title='bbox 438 3250 576 3313; x_wconf 72' lang='grc' dir='ltr'>ιδίας</span> <span class='ocrx_word' id='word_1_267' title='bbox 620 3250 834 3319; x_wconf 82' lang='grc' dir='ltr'>φύσεως</span> <span class='ocrx_word' id='word_1_268' title='bbox 879 3248 1123 3318; x_wconf 82' lang='grc' dir='ltr'>ἀγαθῶν,</span> <span class='ocrx_word' id='word_1_269' title='bbox 1169 3248 1467 3318; x_wconf 76' lang='grc' dir='ltr'>αὐτοτελής</span> <span class='ocrx_word' id='word_1_270' title='bbox 1511 3264 1569 3300; x_wconf 85' lang='grc' dir='ltr'><strong>τε</strong></span> <span class='ocrx_word' id='word_1_271' title='bbox 1620 3245 1881 3316; x_wconf 79' lang='grc' dir='ltr'>ὑπάρχων</span> 
     </span>
    </p>
   </div>
   <div class='ocr_carea' id='block_1_36' title="bbox 295 3339 1883 3413">
    <p class='ocr_par' dir='ltr' id='par_1_36' title="bbox 295 3339 1883 3413">
     <span class='ocr_line' id='line_1_36' title="bbox 295 3339 1883 3413; baseline -0.004 -18"><span class='ocrx_word' id='word_1_272' title='bbox 295 3343 396 3395; x_wconf 69' lang='grc' dir='ltr'>καὶ</span> <span class='ocrx_word' id='word_1_273' title='bbox 444 3343 662 3413; x_wconf 76' lang='grc' dir='ltr'>πλήρης</span> <span class='ocrx_word' id='word_1_274' title='bbox 719 3340 941 3411; x_wconf 89' lang='grc' dir='ltr'>χάριτος</span> <span class='ocrx_word' id='word_1_275' title='bbox 998 3341 1094 3394; x_wconf 74' lang='grc' dir='ltr'>καὶ</span> <span class='ocrx_word' id='word_1_276' title='bbox 1148 3340 1428 3410; x_wconf 79' lang='grc' dir='ltr'>ἀληθείας,</span> <span class='ocrx_word' id='word_1_277' title='bbox 1477 3339 1619 3391; x_wconf 86' lang='grc' dir='ltr'>κατά</span> <span class='ocrx_word' id='word_1_278' title='bbox 1673 3355 1737 3405; x_wconf 83' lang='grc' dir='ltr'><strong>γε</strong></span> <span class='ocrx_word' id='word_1_279' title='bbox 1784 3340 1883 3408; x_wconf 76' lang='grc' dir='ltr'>τὴν</span> 
     </span>
    </p>
   </div>
   <div class='ocr_carea' id='block_1_37' title="bbox 310 3430 1882 3505">
    <p class='ocr_par' dir='ltr' id='par_1_37' title="bbox 310 3430 1882 3505">
     <span class='ocr_line' id='line_1_37' title="bbox 310 3430 1882 3505; baseline -0.005 -16"><span class='ocrx_word' id='word_1_280' title='bbox 310 3435 564 3490; x_wconf 81' lang='grc' dir='ltr'>Ἰωάννου</span> <span class='ocrx_word' id='word_1_281' title='bbox 594 3435 809 3505; x_wconf 58' lang='grc' dir='ltr'>φωνήν</span> <span class='ocrx_word' id='word_1_282' title='bbox 839 3433 932 3488; x_wconf 68' lang='grc' dir='ltr'>καὶ</span> <span class='ocrx_word' id='word_1_283' title='bbox 967 3432 1079 3504; x_wconf 73' lang='grc' dir='ltr'>ἔχει</span> <span class='ocrx_word' id='word_1_284' title='bbox 1117 3432 1214 3503; x_wconf 79' lang='grc' dir='ltr'>μὲν</span> <span class='ocrx_word' id='word_1_285' title='bbox 1243 3433 1404 3495; x_wconf 62' lang='grc' dir='ltr'>αὐτὸς</span> <span class='ocrx_word' id='word_1_286' title='bbox 1432 3430 1634 3501; x_wconf 80' lang='grc' dir='ltr'>ἀρτίως</span> <span class='ocrx_word' id='word_1_287' title='bbox 1670 3431 1751 3493; x_wconf 86' lang='grc' dir='ltr'><strong>εἰς</strong></span> <span class='ocrx_word' id='word_1_288' title='bbox 1773 3433 1882 3484; x_wconf 82' lang='grc' dir='ltr'><strong>πᾶν</strong></span> 
     </span>
    </p>
   </div>
   <div class='ocr_carea' id='block_1_38' title="bbox 295 3521 1882 3597">
    <p class='ocr_par' dir='ltr' id='par_1_38' title="bbox 295 3521 1882 3597">
     <span class='ocr_line' id='line_1_38' title="bbox 295 3521 1882 3597; baseline -0.003 -16"><span class='ocrx_word' id='word_1_289' title='bbox 295 3527 477 3581; x_wconf 69' lang='grc' dir='ltr'>ὁτιοῦν</span> <span class='ocrx_word' id='word_1_290' title='bbox 502 3526 610 3580; x_wconf 84' lang='grc' dir='ltr'><strong>τῶν</strong></span> <span class='ocrx_word' id='word_1_291' title='bbox 636 3526 978 3597; x_wconf 81' lang='grc' dir='ltr'>θεοπρεπῶν,</span> <span class='ocrx_word' id='word_1_292' title='bbox 1010 3527 1117 3579; x_wconf 86' lang='grc' dir='ltr'><strong>ἀπὸ</strong></span> <span class='ocrx_word' id='word_1_293' title='bbox 1148 3524 1203 3578; x_wconf 76' lang='grc' dir='ltr'>δὲ</span> <span class='ocrx_word' id='word_1_294' title='bbox 1241 3524 1333 3578; x_wconf 85' lang='grc' dir='ltr'><strong>τοῦ</strong></span> <span class='ocrx_word' id='word_1_295' title='bbox 1378 3521 1741 3593; x_wconf 80' lang='grc' dir='ltr'>πληρώματος</span> <span class='ocrx_word' id='word_1_296' title='bbox 1782 3528 1882 3577; x_wconf 76' lang='grc' dir='ltr'><strong>αὑ-</strong></span> 
     </span>
    </p>
   </div>
   <div class='ocr_carea' id='block_1_39' title="bbox 294 3615 1880 3691">
    <p class='ocr_par' dir='ltr' id='par_1_39' title="bbox 294 3615 1880 3691">
     <span class='ocr_line' id='line_1_39' title="bbox 294 3615 1880 3691; baseline -0.001 -20"><span class='ocrx_word' id='word_1_297' title='bbox 294 3618 394 3672; x_wconf 84' lang='grc' dir='ltr'><strong>τοῦ</strong></span> <span class='ocrx_word' id='word_1_298' title='bbox 432 3618 632 3680; x_wconf 82' lang='grc' dir='ltr'>πάντες</span> <span class='ocrx_word' id='word_1_299' title='bbox 671 3622 823 3691; x_wconf 68' lang='grc' dir='ltr'>ἡμεῖς</span> <span class='ocrx_word' id='word_1_300' title='bbox 864 3618 1154 3685; x_wconf 72' lang='grc' dir='ltr'>ἐλάϐομεν,</span> <span class='ocrx_word' id='word_1_301' title='bbox 1196 3616 1336 3669; x_wconf 70' lang='grc' dir='ltr'>κατὰ</span> <span class='ocrx_word' id='word_1_302' title='bbox 1370 3615 1424 3668; x_wconf 82' lang='grc' dir='ltr'><strong>τὸ</strong></span> <span class='ocrx_word' id='word_1_303' title='bbox 1474 3616 1880 3685; x_wconf 78' lang='grc' dir='ltr'>γεγραμμένον.</span> 
     </span>
    </p>
   </div>
   <div class='ocr_carea' id='block_1_40' title="bbox 307 3706 1885 3778">
    <p class='ocr_par' dir='ltr' id='par_1_40' title="bbox 307 3706 1885 3778">
     <span class='ocr_line' id='line_1_40' title="bbox 307 3706 1885 3778; baseline -0.002 -16"><span class='ocrx_word' id='word_1_304' title='bbox 307 3706 480 3778; x_wconf 85' lang='grc' dir='ltr'>Ὅμοῦ</span> <span class='ocrx_word' id='word_1_305' title='bbox 517 3707 808 3778; x_wconf 81' lang='grc' dir='ltr'>τοιγαροῦν</span> <span class='ocrx_word' id='word_1_306' title='bbox 849 3710 964 3771; x_wconf 88' lang='grc' dir='ltr'>τοῖς</span> <span class='ocrx_word' id='word_1_307' title='bbox 994 3707 1093 3777; x_wconf 82' lang='grc' dir='ltr'>τῆς</span> <span class='ocrx_word' id='word_1_308' title='bbox 1150 3706 1283 3770; x_wconf 77' lang='grc' dir='ltr'>ἰδίας</span> <span class='ocrx_word' id='word_1_309' title='bbox 1331 3706 1752 3777; x_wconf 85' lang='grc' dir='ltr'>ἀνθρωπότητος</span> <span class='ocrx_word' id='word_1_310' title='bbox 1790 3707 1885 3777; x_wconf 83' lang='grc' dir='ltr'><strong>μὲ-</strong></span> 
     </span>
    </p>
   </div>
   <div class='ocr_carea' id='block_1_41' title="bbox 295 3795 1881 3869">
    <p class='ocr_par' dir='ltr' id='par_1_41' title="bbox 295 3795 1881 3869">
     <span class='ocr_line' id='line_1_41' title="bbox 295 3795 1881 3869; baseline -0.001 -19"><span class='ocrx_word' id='word_1_311' title='bbox 295 3813 446 3868; x_wconf 87' lang='grc' dir='ltr'>τροις</span> <span class='ocrx_word' id='word_1_312' title='bbox 481 3799 580 3854; x_wconf 76' lang='grc' dir='ltr'>’καὶ</span> <span class='ocrx_word' id='word_1_313' title='bbox 616 3798 692 3852; x_wconf 84' lang='grc' dir='ltr'><strong>τὰ</strong></span> <span class='ocrx_word' id='word_1_314' title='bbox 718 3796 883 3852; x_wconf 83' lang='grc' dir='ltr'>αὐτοῦ</span> <span class='ocrx_word' id='word_1_315' title='bbox 920 3795 1311 3866; x_wconf 80' lang='grc' dir='ltr'>οἰκειούμενος,</span> <span class='ocrx_word' id='word_1_316' title='bbox 1352 3797 1588 3869; x_wconf 84' lang='grc' dir='ltr'>Χριστὸς</span> <span class='ocrx_word' id='word_1_317' title='bbox 1616 3798 1881 3868; x_wconf 74' lang='grc' dir='ltr'>ὀνομάζε-</span> 
     </span>
    </p>
   </div>
   <div class='ocr_carea' id='block_1_42' title="bbox 294 3887 1879 3959">
    <p class='ocr_par' dir='ltr' id='par_1_42' title="bbox 294 3887 1879 3959">
     <span class='ocr_line' id='line_1_42' title="bbox 294 3887 1879 3959; baseline -0.001 -18"><span class='ocrx_word' id='word_1_318' title='bbox 294 3903 412 3954; x_wconf 83' lang='grc' dir='ltr'>ται,</span> <span class='ocrx_word' id='word_1_319' title='bbox 439 3889 542 3943; x_wconf 78' lang='grc' dir='ltr'>κᾶν</span> <span class='ocrx_word' id='word_1_320' title='bbox 564 3891 611 3942; x_wconf 88' lang='grc' dir='ltr'><strong>εί</strong></span> <span class='ocrx_word' id='word_1_321' title='bbox 643 3888 717 3959; x_wconf 80' lang='grc' dir='ltr'>μὴ</span> <span class='ocrx_word' id='word_1_322' title='bbox 746 3887 1032 3959; x_wconf 81' lang='grc' dir='ltr'>κεχρῖσθαι</span> <span class='ocrx_word' id='word_1_323' title='bbox 1072 3890 1264 3949; x_wconf 87' lang='grc' dir='ltr'>νοοῖτο,</span> <span class='ocrx_word' id='word_1_324' title='bbox 1294 3890 1434 3944; x_wconf 88' lang='grc' dir='ltr'>κατὰ</span> <span class='ocrx_word' id='word_1_325' title='bbox 1462 3905 1548 3955; x_wconf 90' lang='grc' dir='ltr'><strong>γε,</strong></span> <span class='ocrx_word' id='word_1_326' title='bbox 1573 3890 1736 3959; x_wconf 71' lang='grc' dir='ltr'>φημὶ,</span> <span class='ocrx_word' id='word_1_327' title='bbox 1761 3888 1879 3958; x_wconf 82' lang='grc' dir='ltr'>τὴν,</span> 
     </span>
    </p>
   </div>
   <div class='ocr_carea' id='block_1_43' title="bbox 303 3980 1884 4052">
    <p class='ocr_par' dir='ltr' id='par_1_43' title="bbox 303 3980 1884 4052">
     <span class='ocr_line' id='line_1_43' title="bbox 303 3980 1884 4052; baseline -0.001 -16"><span class='ocrx_word' id='word_1_328' title='bbox 303 3990 409 4051; x_wconf 77' lang='grc' dir='ltr'>τῆς</span> <span class='ocrx_word' id='word_1_329' title='bbox 442 3982 695 4052; x_wconf 74' lang='grc' dir='ltr'>θεότητος</span> <span class='ocrx_word' id='word_1_330' title='bbox 729 3981 911 4049; x_wconf 79' lang='grc' dir='ltr'>φύσιν,</span> <span class='ocrx_word' id='word_1_331' title='bbox 948 3980 1116 4050; x_wconf 66' lang='grc' dir='ltr'>ἤγουν</span> <span class='ocrx_word' id='word_1_332' title='bbox 1144 3980 1280 4033; x_wconf 85' lang='grc' dir='ltr'>καθὸ</span> <span class='ocrx_word' id='word_1_333' title='bbox 1308 3983 1508 4035; x_wconf 83' lang='grc' dir='ltr'>νοεῖται</span> <span class='ocrx_word' id='word_1_334' title='bbox 1534 3980 1687 4045; x_wconf 87' lang='grc' dir='ltr'>Θεός.</span> <span class='ocrx_word' id='word_1_335' title='bbox 1732 3982 1884 4036; x_wconf 78' lang='grc' dir='ltr'>Ἐπεὶ</span> 
     </span>
    </p>
   </div>
   <div class='ocr_carea' id='block_1_44' title="bbox 280 4071 1882 4145">
    <p class='ocr_par' dir='ltr' id='par_1_44' title="bbox 280 4071 1882 4145">
     <span class='ocr_line' id='line_1_44' title="bbox 280 4071 1882 4145; baseline 0.002 -24"><span class='ocrx_word' id='word_1_336' title='bbox 280 4074 529 4145; x_wconf 68' lang='grc' dir='ltr'>,φράσον,</span> <span class='ocrx_word' id='word_1_337' title='bbox 564 4073 680 4135; x_wconf 83' lang='grc' dir='ltr'>πῶς</span> <span class='ocrx_word' id='word_1_338' title='bbox 699 4072 901 4143; x_wconf 74' lang='grc' dir='ltr'>ἑτέρως</span> <span class='ocrx_word' id='word_1_339' title='bbox 936 4072 1094 4125; x_wconf 88' lang='grc' dir='ltr'>νοοῖτ’</span> <span class='ocrx_word' id='word_1_340' title='bbox 1127 4071 1194 4125; x_wconf 85' lang='grc' dir='ltr'>ἂν</span> <span class='ocrx_word' id='word_1_341' title='bbox 1214 4072 1471 4141; x_wconf 82' lang='grc' dir='ltr'>Χριστὸς,</span> <span class='ocrx_word' id='word_1_342' title='bbox 1497 4071 1627 4135; x_wconf 82' lang='grc' dir='ltr'>Υἱὸς</span> <span class='ocrx_word' id='word_1_343' title='bbox 1652 4072 1747 4125; x_wconf 73' lang='grc' dir='ltr'>καὶ</span> <span class='ocrx_word' id='word_1_344' title='bbox 1767 4072 1882 4125; x_wconf 79' lang='grc' dir='ltr'><strong>Κύ-</strong></span> 
     </span>
    </p>
   </div>
   <div class='ocr_carea' id='block_1_45' title="bbox 299 4162 1882 4235">
    <p class='ocr_par' dir='ltr' id='par_1_45' title="bbox 299 4162 1882 4235">
     <span class='ocr_line' id='line_1_45' title="bbox 299 4162 1882 4235; baseline 0.001 -20"><span class='ocrx_word' id='word_1_345' title='bbox 299 4181 439 4235; x_wconf 80' lang='grc' dir='ltr'>ριος,</span> <span class='ocrx_word' id='word_1_346' title='bbox 478 4162 836 4231; x_wconf 77' lang='grc' dir='ltr'>ἀπαξιοῦντος</span> <span class='ocrx_word' id='word_1_347' title='bbox 863 4162 961 4216; x_wconf 89' lang='grc' dir='ltr'><strong>τοῦ</strong></span> <span class='ocrx_word' id='word_1_348' title='bbox 1008 4162 1348 4231; x_wconf 81' lang='grc' dir='ltr'>Μονογενοῦς</span> <span class='ocrx_word' id='word_1_349' title='bbox 1392 4163 1491 4233; x_wconf 74' lang='grc' dir='ltr'>τὴν</span> <span class='ocrx_word' id='word_1_350' title='bbox 1536 4164 1741 4234; x_wconf 89' lang='grc' dir='ltr'>χρίσιν,</span> <span class='ocrx_word' id='word_1_351' title='bbox 1786 4164 1882 4217; x_wconf 81' lang='grc' dir='ltr'>καὶ</span> 
     </span>
    </p>
   </div>
   <div class='ocr_carea' id='block_1_46' title="bbox 294 4254 1619 4327">
    <p class='ocr_par' dir='ltr' id='par_1_46' title="bbox 294 4254 1619 4327">
     <span class='ocr_line' id='line_1_46' title="bbox 294 4254 1619 4327; baseline -0.001 -17"><span class='ocrx_word' id='word_1_352' title='bbox 294 4257 407 4311; x_wconf 75' lang='grc' dir='ltr'><strong>⁸τῶν</strong></span> <span class='ocrx_word' id='word_1_353' title='bbox 438 4257 538 4327; x_wconf 84' lang='grc' dir='ltr'>τῆς</span> <span class='ocrx_word' id='word_1_354' title='bbox 571 4255 853 4319; x_wconf 84' lang='grc' dir='ltr'>κενώσεως</span> <span class='ocrx_word' id='word_1_355' title='bbox 887 4255 1100 4326; x_wconf 80' lang='grc' dir='ltr'>μέτρων</span> <span class='ocrx_word' id='word_1_356' title='bbox 1127 4254 1227 4308; x_wconf 78' lang='grc' dir='ltr'>οὐκ</span> <span class='ocrx_word' id='word_1_357' title='bbox 1259 4254 1619 4327; x_wconf 71' lang='grc' dir='ltr'>ἀνεχομένους</span> 
     </span>
    </p>
   </div>
   <div class='ocr_carea' id='block_1_47' title="bbox 372 4430 1881 4505">
    <p class='ocr_par' dir='ltr' id='par_1_47' title="bbox 372 4430 1881 4505">
     <span class='ocr_line' id='line_1_47' title="bbox 372 4430 1881 4505; baseline 0.001 -19"><span class='ocrx_word' id='word_1_358' title='bbox 372 4432 432 4486; x_wconf 79' lang='grc' dir='ltr'><strong>Β.</strong></span> <span class='ocrx_word' id='word_1_359' title='bbox 481 4430 708 4500; x_wconf 78' lang='grc' dir='ltr'>Ἑτέραν</span> <span class='ocrx_word' id='word_1_360' title='bbox 726 4431 788 4500; x_wconf 76' lang='grc' dir='ltr'><strong>γε</strong></span> <span class='ocrx_word' id='word_1_361' title='bbox 822 4430 995 4502; x_wconf 85' lang='grc' dir='ltr'>πωςῆ</span> <span class='ocrx_word' id='word_1_362' title='bbox 1031 4431 1154 4485; x_wconf 84' lang='grc' dir='ltr'>καθ’</span> <span class='ocrx_word' id='word_1_363' title='bbox 1184 4433 1331 4504; x_wconf 79' lang='grc' dir='ltr'>ἡμᾶς</span> <span class='ocrx_word' id='word_1_364' title='bbox 1374 4432 1546 4485; x_wconf 75' lang='grc' dir='ltr'>ἵενται</span> <span class='ocrx_word' id='word_1_365' title='bbox 1576 4433 1789 4505; x_wconf 75' lang='grc' dir='ltr'>τρίϐον,</span> <span class='ocrx_word' id='word_1_366' title='bbox 1822 4435 1881 4487; x_wconf 80' lang='grc' dir='ltr'><strong>τὸ</strong></span> 
     </span>
    </p>
   </div>
   <div class='ocr_carea' id='block_1_48' title="bbox 1986 594 3586 664">
    <p class='ocr_par' dir='ltr' id='par_1_48' title="bbox 1986 594 3586 664">
     <span class='ocr_line' id='line_1_48' title="bbox 1986 594 3586 664; baseline -0.001 -13"><span class='ocrx_word' id='word_1_367' title='bbox 1986 595 2171 660; x_wconf 86' lang='lat' dir='ltr'><strong>subiit,</strong></span> <span class='ocrx_word' id='word_1_368' title='bbox 2208 594 2495 664; x_wconf 75' lang='lat' dir='ltr'><strong>Unigenito</strong></span> <span class='ocrx_word' id='word_1_369' title='bbox 2521 595 2774 659; x_wconf 88' lang='lat' dir='ltr'><strong>accessit,</strong></span> <span class='ocrx_word' id='word_1_370' title='bbox 2806 596 3149 652; x_wconf 86' lang='lat' dir='ltr'><strong>manifestam</strong></span> <span class='ocrx_word' id='word_1_371' title='bbox 3186 597 3586 651; x_wconf 81' lang='lat' dir='ltr'><strong>incarnationis</strong></span> 
     </span>
    </p>
   </div>
   <div class='ocr_carea' id='block_1_49' title="bbox 1986 684 3585 755">
    <p class='ocr_par' dir='ltr' id='par_1_49' title="bbox 1986 684 3585 755">
     <span class='ocr_line' id='line_1_49' title="bbox 1986 684 3585 755; baseline 0.001 -18"><span class='ocrx_word' id='word_1_372' title='bbox 1986 684 2100 737; x_wconf 84' lang='lat' dir='ltr'><strong>sive</strong></span> <span class='ocrx_word' id='word_1_373' title='bbox 2140 684 2544 738; x_wconf 87' lang='lat' dir='ltr'><strong>humanationis</strong></span> <span class='ocrx_word' id='word_1_374' title='bbox 2580 684 3035 755; x_wconf 73' lang='lat' dir='ltr'><strong>significationem</strong></span> <span class='ocrx_word' id='word_1_375' title='bbox 3089 687 3428 743; x_wconf 77' lang='lat' dir='ltr'><strong>auditoribus</strong></span> <span class='ocrx_word' id='word_1_376' title='bbox 3481 685 3585 739; x_wconf 89' lang='lat' dir='ltr'><strong>im-</strong></span> 
     </span>
    </p>
   </div>
   <div class='ocr_carea' id='block_1_50' title="bbox 1988 771 3582 845">
    <p class='ocr_par' dir='ltr' id='par_1_50' title="bbox 1988 771 3582 845">
     <span class='ocr_line' id='line_1_50' title="bbox 1988 771 3582 845; baseline 0.001 -20"><span class='ocrx_word' id='word_1_377' title='bbox 1988 773 2224 826; x_wconf 85' lang='lat' dir='ltr'><strong>mittens.</strong></span> <span class='ocrx_word' id='word_1_378' title='bbox 2268 771 2422 838; x_wconf 84' lang='lat' dir='ltr'><strong>Quod</strong></span> <span class='ocrx_word' id='word_1_379' title='bbox 2461 773 2607 827; x_wconf 91' lang='lat' dir='ltr'><strong>enim</strong></span> <span class='ocrx_word' id='word_1_380' title='bbox 2654 782 2852 829; x_wconf 90' lang='lat' dir='ltr'><strong>unctus</strong></span> <span class='ocrx_word' id='word_1_381' title='bbox 2888 775 2981 840; x_wconf 87' lang='lat' dir='ltr'><strong>sit,</strong></span> <span class='ocrx_word' id='word_1_382' title='bbox 3014 785 3284 845; x_wconf 82' lang='lat' dir='ltr'><strong>quatenus</strong></span> <span class='ocrx_word' id='word_1_383' title='bbox 3326 774 3582 845; x_wconf 77' lang='lat' dir='ltr'><strong>apparuit</strong></span> 
     </span>
    </p>
   </div>
   <div class='ocr_carea' id='block_1_51' title="bbox 1985 861 3577 936">
    <p class='ocr_par' dir='ltr' id='par_1_51' title="bbox 1985 861 3577 936">
     <span class='ocr_line' id='line_1_51' title="bbox 1985 861 3577 936; baseline 0.004 -21"><span class='ocrx_word' id='word_1_384' title='bbox 1985 861 2169 924; x_wconf 86' lang='lat' dir='ltr'><strong>homo,</strong></span> <span class='ocrx_word' id='word_1_385' title='bbox 2205 861 2407 931; x_wconf 87' lang='lat' dir='ltr'><strong>optime</strong></span> <span class='ocrx_word' id='word_1_386' title='bbox 2442 862 2704 917; x_wconf 83' lang='lat' dir='ltr'><strong>declarat.</strong></span> <span class='ocrx_word' id='word_1_387' title='bbox 2734 862 2793 919; x_wconf 93' lang='lat' dir='ltr'><strong>Si</strong></span> <span class='ocrx_word' id='word_1_388' title='bbox 2836 879 2966 936; x_wconf 74' lang='lat' dir='ltr'><strong>ergo</strong></span> <span class='ocrx_word' id='word_1_389' title='bbox 2992 866 3406 923; x_wconf 81' lang='lat' dir='ltr'><strong>consideremus</strong></span> <span class='ocrx_word' id='word_1_390' title='bbox 3444 866 3577 923; x_wconf 84' lang='lat' dir='ltr'><strong>Ver-</strong></span> 
     </span>
    </p>
   </div>
   <div class='ocr_carea' id='block_1_52' title="bbox 1984 953 3575 1028">
    <p class='ocr_par' dir='ltr' id='par_1_52' title="bbox 1984 953 3575 1028">
     <span class='ocr_line' id='line_1_52' title="bbox 1984 953 3575 1028; baseline 0.005 -21"><span class='ocrx_word' id='word_1_391' title='bbox 1984 953 2134 1020; x_wconf 87' lang='lat' dir='ltr'><strong>bum,</strong></span> <span class='ocrx_word' id='word_1_392' title='bbox 2180 968 2285 1008; x_wconf 89' lang='lat' dir='ltr'><strong>non</strong></span> <span class='ocrx_word' id='word_1_393' title='bbox 2317 953 2477 1024; x_wconf 87' lang='lat' dir='ltr'><strong>quale</strong></span> <span class='ocrx_word' id='word_1_394' title='bbox 2512 967 2597 1009; x_wconf 79' lang='grc' dir='ltr'><strong>εει</strong></span> <span class='ocrx_word' id='word_1_395' title='bbox 2639 967 2923 1028; x_wconf 83' lang='lat' dir='ltr'><strong>postquam</strong></span> <span class='ocrx_word' id='word_1_396' title='bbox 2954 959 3483 1015; x_wconf 84' lang='lat' dir='ltr'><strong>administrationem</strong></span> <span class='ocrx_word' id='word_1_397' title='bbox 3520 960 3575 1015; x_wconf 90' lang='lat' dir='ltr'><strong>in</strong></span> 
     </span>
    </p>
   </div>
   <div class='ocr_carea' id='block_1_53' title="bbox 1984 1044 3576 1117">
    <p class='ocr_par' dir='ltr' id='par_1_53' title="bbox 1984 1044 3576 1117">
     <span class='ocr_line' id='line_1_53' title="bbox 1984 1044 3576 1117; baseline 0.004 -18"><span class='ocrx_word' id='word_1_398' title='bbox 1984 1058 2147 1099; x_wconf 88' lang='lat' dir='ltr'><strong>carne</strong></span> <span class='ocrx_word' id='word_1_399' title='bbox 2174 1044 2360 1107; x_wconf 87' lang='lat' dir='ltr'><strong>subiit,</strong></span> <span class='ocrx_word' id='word_1_400' title='bbox 2388 1044 2481 1099; x_wconf 86' lang='lat' dir='ltr'><strong>sed</strong></span> <span class='ocrx_word' id='word_1_401' title='bbox 2512 1046 2671 1116; x_wconf 82' lang='lat' dir='ltr'><strong>quale</strong></span> <span class='ocrx_word' id='word_1_402' title='bbox 2698 1055 2818 1102; x_wconf 90' lang='lat' dir='ltr'><strong>erat</strong></span> <span class='ocrx_word' id='word_1_403' title='bbox 2848 1049 3185 1117; x_wconf 77' lang='lat' dir='ltr'><strong>unigenitum</strong></span> <span class='ocrx_word' id='word_1_404' title='bbox 3214 1047 3307 1105; x_wconf 86' lang='lat' dir='ltr'><strong>Dei</strong></span> <span class='ocrx_word' id='word_1_405' title='bbox 3340 1048 3576 1105; x_wconf 83' lang='lat' dir='ltr'><strong>Verbum</strong></span> 
     </span>
    </p>
   </div>
   <div class='ocr_carea' id='block_1_54' title="bbox 1984 1135 3579 1202">
    <p class='ocr_par' dir='ltr' id='par_1_54' title="bbox 1984 1135 3579 1202">
     <span class='ocr_line' id='line_1_54' title="bbox 1984 1135 3579 1202; baseline 0.005 -14"><span class='ocrx_word' id='word_1_406' title='bbox 1984 1146 2277 1202; x_wconf 82' lang='lat' dir='ltr'><strong>antequam</strong></span> <span class='ocrx_word' id='word_1_407' title='bbox 2312 1135 2739 1191; x_wconf 75' lang='lat' dir='ltr'><strong>esinauitionent</strong></span> <span class='ocrx_word' id='word_1_408' title='bbox 2762 1139 3023 1193; x_wconf 85' lang='lat' dir='ltr'><strong>sustinuit</strong></span> <span class='ocrx_word' id='word_1_409' title='bbox 3056 1155 3071 1193; x_wconf 89' lang='lat'><strong>:</strong></span> <span class='ocrx_word' id='word_1_410' title='bbox 3108 1142 3406 1195; x_wconf 84' lang='lat' dir='ltr'><strong>absurdum</strong></span> <span class='ocrx_word' id='word_1_411' title='bbox 3442 1155 3579 1196; x_wconf 83' lang='lat' dir='ltr'><strong>sane</strong></span> 
     </span>
    </p>
   </div>
   <div class='ocr_carea' id='block_1_55' title="bbox 1989 1212 3576 1296">
    <p class='ocr_par' dir='ltr' id='par_1_55' title="bbox 1989 1212 3576 1296">
     <span class='ocr_line' id='line_1_55' title="bbox 1989 1212 3576 1296; baseline 0.004 -16"><span class='ocrx_word' id='word_1_412' title='bbox 1989 1225 2152 1281; x_wconf 88' lang='lat' dir='ltr'><strong>fuerit</strong></span> <span class='ocrx_word' id='word_1_413' title='bbox 2174 1212 2827 1292; x_wconf 30' lang='lat' dir='ltr'><strong>Cltristum&#39;voeare,eum</strong></span> <span class='ocrx_word' id='word_1_414' title='bbox 2854 1230 2944 1296; x_wconf 88' lang='lat' dir='ltr'><strong>qui</strong></span> <span class='ocrx_word' id='word_1_415' title='bbox 2973 1239 3171 1284; x_wconf 89' lang='lat' dir='ltr'><strong>unctus</strong></span> <span class='ocrx_word' id='word_1_416' title='bbox 3197 1245 3301 1285; x_wconf 90' lang='lat' dir='ltr'><strong>non</strong></span> <span class='ocrx_word' id='word_1_417' title='bbox 3322 1232 3413 1287; x_wconf 87' lang='lat' dir='ltr'><strong>sit.</strong></span> <span class='ocrx_word' id='word_1_418' title='bbox 3439 1230 3576 1287; x_wconf 89' lang='lat' dir='ltr'><strong>Cum</strong></span> 
     </span>
    </p>
   </div>
   <div class='ocr_carea' id='block_1_56' title="bbox 1987 1315 3577 1392">
    <p class='ocr_par' dir='ltr' id='par_1_56' title="bbox 1987 1315 3577 1392">
     <span class='ocr_line' id='line_1_56' title="bbox 1987 1315 3577 1392; baseline 0.009 -28"><span class='ocrx_word' id='word_1_419' title='bbox 1987 1330 2117 1370; x_wconf 86' lang='lat' dir='ltr'><strong>vero</strong></span> <span class='ocrx_word' id='word_1_420' title='bbox 2148 1315 2326 1369; x_wconf 84' lang='lat' dir='ltr'><strong>divina</strong></span> <span class='ocrx_word' id='word_1_421' title='bbox 2349 1327 2404 1370; x_wconf 90' lang='lat' dir='ltr'><strong>et</strong></span> <span class='ocrx_word' id='word_1_422' title='bbox 2424 1317 2793 1372; x_wconf 89' lang='lat' dir='ltr'><strong>sacratissima</strong></span> <span class='ocrx_word' id='word_1_423' title='bbox 2825 1318 3103 1388; x_wconf 85' lang='lat' dir='ltr'><strong>Scriptura</strong></span> <span class='ocrx_word' id='word_1_424' title='bbox 3147 1336 3365 1376; x_wconf 85' lang='lat' dir='ltr'><strong>carnem</strong></span> <span class='ocrx_word' id='word_1_425' title='bbox 3401 1322 3577 1392; x_wconf 83' lang='lat' dir='ltr'><strong>ipsum</strong></span> 
     </span>
    </p>
   </div>
   <div class='ocr_carea' id='block_1_57' title="bbox 1982 1405 3577 1478">
    <p class='ocr_par' dir='ltr' id='par_1_57' title="bbox 1982 1405 3577 1478">
     <span class='ocr_line' id='line_1_57' title="bbox 1982 1405 3577 1478; baseline 0.005 -19"><span class='ocrx_word' id='word_1_426' title='bbox 1982 1405 2186 1461; x_wconf 88' lang='lat' dir='ltr'><strong>factum</strong></span> <span class='ocrx_word' id='word_1_427' title='bbox 2211 1420 2333 1461; x_wconf 85' lang='lat' dir='ltr'><strong>esse</strong></span> <span class='ocrx_word' id='word_1_428' title='bbox 2349 1405 2450 1472; x_wconf 88' lang='lat' dir='ltr'><strong>ait,</strong></span> <span class='ocrx_word' id='word_1_429' title='bbox 2469 1408 2651 1462; x_wconf 90' lang='lat' dir='ltr'><strong>unctio</strong></span> <span class='ocrx_word' id='word_1_430' title='bbox 2668 1417 2816 1463; x_wconf 90' lang='lat' dir='ltr'><strong>certe</strong></span> <span class='ocrx_word' id='word_1_431' title='bbox 2838 1409 2939 1478; x_wconf 86' lang='lat' dir='ltr'><strong>ipsi</strong></span> <span class='ocrx_word' id='word_1_432' title='bbox 2968 1412 3256 1467; x_wconf 80' lang='lat' dir='ltr'><strong>conveniat</strong></span> <span class='ocrx_word' id='word_1_433' title='bbox 3277 1410 3418 1467; x_wconf 87' lang='lat' dir='ltr'><strong>facta</strong></span> <span class='ocrx_word' id='word_1_434' title='bbox 3433 1414 3577 1468; x_wconf 84' lang='lat' dir='ltr'><strong>circa</strong></span> 
     </span>
    </p>
   </div>
   <div class='ocr_carea' id='block_1_58' title="bbox 1985 1497 3580 1574">
    <p class='ocr_par' dir='ltr' id='par_1_58' title="bbox 1985 1497 3580 1574">
     <span class='ocr_line' id='line_1_58' title="bbox 1985 1497 3580 1574; baseline 0.004 -22"><span class='ocrx_word' id='word_1_435' title='bbox 1985 1497 2434 1561; x_wconf 90' lang='lat' dir='ltr'><strong>incarnationem,</strong></span> <span class='ocrx_word' id='word_1_436' title='bbox 2453 1512 2577 1566; x_wconf 68' lang='lat' dir='ltr'><strong>qua:</strong></span> <span class='ocrx_word' id='word_1_437' title='bbox 2600 1498 2768 1567; x_wconf 87' lang='lat' dir='ltr'><strong>ipsius</strong></span> <span class='ocrx_word' id='word_1_438' title='bbox 2799 1509 2903 1555; x_wconf 89' lang='lat' dir='ltr'><strong>est.</strong></span> <span class='ocrx_word' id='word_1_439' title='bbox 2926 1500 3129 1556; x_wconf 84' lang='lat' dir='ltr'><strong>Scribit</strong></span> <span class='ocrx_word' id='word_1_440' title='bbox 3162 1502 3345 1572; x_wconf 85' lang='lat' dir='ltr'><strong>itaque</strong></span> <span class='ocrx_word' id='word_1_441' title='bbox 3373 1507 3580 1574; x_wconf 80' lang='lat' dir='ltr'><strong>sapien-</strong></span> 
     </span>
    </p>
   </div>
   <div class='ocr_carea' id='block_1_59' title="bbox 1987 1589 3578 1666">
    <p class='ocr_par' dir='ltr' id='par_1_59' title="bbox 1987 1589 3578 1666">
     <span class='ocr_line' id='line_1_59' title="bbox 1987 1589 3578 1666; baseline 0.006 -24"><span class='ocrx_word' id='word_1_442' title='bbox 1987 1590 2228 1653; x_wconf 65' lang='lat' dir='ltr'><strong>tissimus</strong></span> <span class='ocrx_word' id='word_1_443' title='bbox 2272 1589 2508 1646; x_wconf 84' lang='lat' dir='ltr'><strong>Paulus:</strong></span> <span class='ocrx_word' id='word_1_444' title='bbox 2551 1609 2570 1642; x_wconf 77' lang='grc' dir='ltr'><strong>ι</strong></span> <span class='ocrx_word' id='word_1_445' title='bbox 2598 1590 2699 1657; x_wconf 91' lang='lat' dir='ltr'><strong>Qui</strong></span> <span class='ocrx_word' id='word_1_446' title='bbox 2744 1592 2889 1646; x_wconf 90' lang='lat' dir='ltr'><strong>enim</strong></span> <span class='ocrx_word' id='word_1_447' title='bbox 2942 1595 3578 1666; x_wconf 84' lang='lat' dir='ltr'><strong>sanctilieatetquisan-</strong></span> 
     </span>
    </p>
   </div>
   <div class='ocr_carea' id='block_1_60' title="bbox 1982 1683 3580 1756">
    <p class='ocr_par' dir='ltr' id='par_1_60' title="bbox 1982 1683 3580 1756">
     <span class='ocr_line' id='line_1_60' title="bbox 1982 1683 3580 1756; baseline 0.004 -19"><span class='ocrx_word' id='word_1_448' title='bbox 1982 1684 2318 1746; x_wconf 87' lang='lat' dir='ltr'><strong>ctiticantur,</strong></span> <span class='ocrx_word' id='word_1_449' title='bbox 2357 1695 2422 1734; x_wconf 85' lang='lat' dir='ltr'><strong>ex</strong></span> <span class='ocrx_word' id='word_1_450' title='bbox 2487 1696 2595 1735; x_wconf 88' lang='lat' dir='ltr'><strong>uno</strong></span> <span class='ocrx_word' id='word_1_451' title='bbox 2641 1695 2851 1739; x_wconf 89' lang='lat' dir='ltr'><strong>omnes.</strong></span> <span class='ocrx_word' id='word_1_452' title='bbox 2906 1683 3135 1755; x_wconf 86' lang='lat' dir='ltr'><strong>Propter</strong></span> <span class='ocrx_word' id='word_1_453' title='bbox 3166 1701 3328 1756; x_wconf 88' lang='lat' dir='ltr'><strong>quam</strong></span> <span class='ocrx_word' id='word_1_454' title='bbox 3360 1701 3580 1743; x_wconf 87' lang='lat' dir='ltr'><strong>causam</strong></span> 
     </span>
    </p>
   </div>
   <div class='ocr_carea' id='block_1_61' title="bbox 1986 1770 3574 1843">
    <p class='ocr_par' dir='ltr' id='par_1_61' title="bbox 1986 1770 3574 1843">
     <span class='ocr_line' id='line_1_61' title="bbox 1986 1770 3574 1843; baseline 0.005 -18"><span class='ocrx_word' id='word_1_455' title='bbox 1986 1788 2090 1827; x_wconf 89' lang='lat' dir='ltr'><strong>non</strong></span> <span class='ocrx_word' id='word_1_456' title='bbox 2121 1770 2473 1827; x_wconf 86' lang='lat' dir='ltr'><strong>confunditur</strong></span> <span class='ocrx_word' id='word_1_457' title='bbox 2507 1770 2707 1827; x_wconf 88' lang='lat' dir='ltr'><strong>fratres</strong></span> <span class='ocrx_word' id='word_1_458' title='bbox 2742 1787 2836 1827; x_wconf 85' lang='lat' dir='ltr'><strong>eos</strong></span> <span class='ocrx_word' id='word_1_459' title='bbox 2866 1788 3083 1843; x_wconf 86' lang='lat' dir='ltr'><strong>vocare,</strong></span> <span class='ocrx_word' id='word_1_460' title='bbox 3123 1775 3311 1833; x_wconf 86' lang='lat' dir='ltr'><strong>dicens</strong></span> <span class='ocrx_word' id='word_1_461' title='bbox 3360 1793 3373 1829; x_wconf 90' lang='lat'>:</span> <span class='ocrx_word' id='word_1_462' title='bbox 3431 1775 3574 1832; x_wconf 85' lang='lat' dir='ltr'><strong>Nun-</strong></span> 
     </span>
    </p>
   </div>
   <div class='ocr_carea' id='block_1_62' title="bbox 1992 1860 3579 1922">
    <p class='ocr_par' dir='ltr' id='par_1_62' title="bbox 1992 1860 3579 1922">
     <span class='ocr_line' id='line_1_62' title="bbox 1992 1860 3579 1922; baseline 0.003 -4"><span class='ocrx_word' id='word_1_463' title='bbox 1992 1863 2136 1919; x_wconf 86' lang='lat' dir='ltr'><strong>tiabo</strong></span> <span class='ocrx_word' id='word_1_464' title='bbox 2164 1878 2359 1917; x_wconf 89' lang='lat' dir='ltr'><strong>nomen</strong></span> <span class='ocrx_word' id='word_1_465' title='bbox 2416 1872 2568 1917; x_wconf 89' lang='lat' dir='ltr'><strong>tuum</strong></span> <span class='ocrx_word' id='word_1_466' title='bbox 2606 1860 2871 1918; x_wconf 83' lang='lat' dir='ltr'><strong>fratribus</strong></span> <span class='ocrx_word' id='word_1_467' title='bbox 2922 1865 3057 1920; x_wconf 87' lang='lat' dir='ltr'><strong>meis</strong></span> <span class='ocrx_word' id='word_1_468' title='bbox 3087 1867 3157 1918; x_wconf 77' lang='grc' dir='ltr'><strong>τ’.</strong></span> <span class='ocrx_word' id='word_1_469' title='bbox 3194 1885 3213 1919; x_wconf 84' lang='grc' dir='ltr'><strong>ι</strong></span> <span class='ocrx_word' id='word_1_470' title='bbox 3258 1864 3579 1922; x_wconf 80' lang='lat' dir='ltr'><strong>Sanctiﬁca-</strong></span> 
     </span>
    </p>
   </div>
   <div class='ocr_carea' id='block_1_63' title="bbox 1991 1953 3578 2023">
    <p class='ocr_par' dir='ltr' id='par_1_63' title="bbox 1991 1953 3578 2023">
     <span class='ocr_line' id='line_1_63' title="bbox 1991 1953 3578 2023; baseline 0.001 -14"><span class='ocrx_word' id='word_1_471' title='bbox 1991 1964 2075 2009; x_wconf 87' lang='lat' dir='ltr'><strong>tus</strong></span> <span class='ocrx_word' id='word_1_472' title='bbox 2115 1953 2260 2007; x_wconf 88' lang='lat' dir='ltr'><strong>enim</strong></span> <span class='ocrx_word' id='word_1_473' title='bbox 2307 1963 2390 2008; x_wconf 85' lang='lat' dir='ltr'><strong>est</strong></span> <span class='ocrx_word' id='word_1_474' title='bbox 2441 1953 2750 2018; x_wconf 90' lang='lat' dir='ltr'><strong>nobiscum,</strong></span> <span class='ocrx_word' id='word_1_475' title='bbox 2802 1957 3017 2023; x_wconf 83' lang='lat' dir='ltr'><strong>quando</strong></span> <span class='ocrx_word' id='word_1_476' title='bbox 3066 1957 3243 2013; x_wconf 85' lang='lat' dir='ltr'><strong>factus</strong></span> <span class='ocrx_word' id='word_1_477' title='bbox 3288 1968 3372 2014; x_wconf 89' lang='lat' dir='ltr'><strong>est</strong></span> <span class='ocrx_word' id='word_1_478' title='bbox 3409 1958 3578 2012; x_wconf 80' lang='lat' dir='ltr'><strong>uestri</strong></span> 
     </span>
    </p>
   </div>
   <div class='ocr_carea' id='block_1_64' title="bbox 1986 2044 3579 2118">
    <p class='ocr_par' dir='ltr' id='par_1_64' title="bbox 1986 2044 3579 2118">
     <span class='ocr_line' id='line_1_64' title="bbox 1986 2044 3579 2118; baseline 0.001 -19"><span class='ocrx_word' id='word_1_479' title='bbox 1986 2044 2201 2099; x_wconf 86' lang='lat' dir='ltr'><strong>similis.</strong></span> <span class='ocrx_word' id='word_1_480' title='bbox 2239 2044 2390 2111; x_wconf 82' lang='lat' dir='ltr'><strong>Quod</strong></span> <span class='ocrx_word' id='word_1_481' title='bbox 2426 2053 2605 2097; x_wconf 90' lang='lat' dir='ltr'><strong>autem</strong></span> <span class='ocrx_word' id='word_1_482' title='bbox 2631 2060 2757 2100; x_wconf 84' lang='lat' dir='ltr'><strong>vere</strong></span> <span class='ocrx_word' id='word_1_483' title='bbox 2782 2045 2954 2100; x_wconf 81' lang='lat' dir='ltr'><strong>Filius</strong></span> <span class='ocrx_word' id='word_1_484' title='bbox 2976 2060 3094 2102; x_wconf 89' lang='lat' dir='ltr'><strong>erat</strong></span> <span class='ocrx_word' id='word_1_485' title='bbox 3127 2050 3219 2118; x_wconf 90' lang='lat' dir='ltr'><strong>qui</strong></span> <span class='ocrx_word' id='word_1_486' title='bbox 3251 2058 3448 2104; x_wconf 89' lang='lat' dir='ltr'><strong>unctus</strong></span> <span class='ocrx_word' id='word_1_487' title='bbox 3475 2058 3579 2114; x_wconf 88' lang='lat' dir='ltr'><strong>est,</strong></span> 
     </span>
    </p>
   </div>
   <div class='ocr_carea' id='block_1_65' title="bbox 1987 2138 3579 2209">
    <p class='ocr_par' dir='ltr' id='par_1_65' title="bbox 1987 2138 3579 2209">
     <span class='ocr_line' id='line_1_65' title="bbox 1987 2138 3579 2209; baseline 0.004 -20"><span class='ocrx_word' id='word_1_488' title='bbox 1987 2147 2253 2205; x_wconf 89' lang='lat' dir='ltr'><strong>quatenus</strong></span> <span class='ocrx_word' id='word_1_489' title='bbox 2279 2138 2451 2197; x_wconf 81' lang='lat' dir='ltr'><strong>factus</strong></span> <span class='ocrx_word' id='word_1_490' title='bbox 2475 2145 2557 2191; x_wconf 91' lang='lat' dir='ltr'><strong>est</strong></span> <span class='ocrx_word' id='word_1_491' title='bbox 2586 2152 2736 2204; x_wconf 85' lang='lat' dir='ltr'><strong>caro,</strong></span> <span class='ocrx_word' id='word_1_492' title='bbox 2760 2139 2876 2194; x_wconf 78' lang='lat' dir='ltr'><strong>sive</strong></span> <span class='ocrx_word' id='word_1_493' title='bbox 2906 2140 3183 2209; x_wconf 75' lang='lat' dir='ltr'><strong>perfectus</strong></span> <span class='ocrx_word' id='word_1_494' title='bbox 3214 2142 3398 2206; x_wconf 88' lang='lat' dir='ltr'><strong>homo,</strong></span> <span class='ocrx_word' id='word_1_495' title='bbox 3422 2142 3579 2197; x_wconf 83' lang='lat' dir='ltr'><strong>fidem</strong></span> 
     </span>
    </p>
   </div>
   <div class='ocr_carea' id='block_1_66' title="bbox 1989 2227 3594 2307">
    <p class='ocr_par' dir='ltr' id='par_1_66' title="bbox 1989 2227 3594 2307">
     <span class='ocr_line' id='line_1_66' title="bbox 1989 2227 3594 2307; baseline 0.006 -28"><span class='ocrx_word' id='word_1_496' title='bbox 1989 2227 2147 2283; x_wconf 81' lang='lat' dir='ltr'><strong>faciet</strong></span> <span class='ocrx_word' id='word_1_497' title='bbox 2181 2228 2395 2281; x_wconf 89' lang='lat' dir='ltr'><strong>divinus</strong></span> <span class='ocrx_word' id='word_1_498' title='bbox 2411 2228 2602 2293; x_wconf 89' lang='lat' dir='ltr'><strong>David,</strong></span> <span class='ocrx_word' id='word_1_499' title='bbox 2624 2229 2699 2283; x_wconf 88' lang='lat' dir='ltr'><strong>ita</strong></span> <span class='ocrx_word' id='word_1_500' title='bbox 2730 2230 2798 2284; x_wconf 88' lang='lat' dir='ltr'><strong>ad</strong></span> <span class='ocrx_word' id='word_1_501' title='bbox 2828 2244 2951 2285; x_wconf 89' lang='lat' dir='ltr'><strong>eum</strong></span> <span class='ocrx_word' id='word_1_502' title='bbox 2974 2231 3417 2307; x_wconf 72' lang='lat' dir='ltr'><strong>loquensz728</strong></span> <span class='ocrx_word' id='word_1_503' title='bbox 3437 2250 3455 2283; x_wconf 73' lang='grc' dir='ltr'><strong>ι</strong></span> <span class='ocrx_word' id='word_1_504' title='bbox 3493 2231 3594 2289; x_wconf 85' lang='lat' dir='ltr'><strong>Se-</strong></span> 
     </span>
    </p>
   </div>
   <div class='ocr_carea' id='block_1_67' title="bbox 1988 2318 3579 2393">
    <p class='ocr_par' dir='ltr' id='par_1_67' title="bbox 1988 2318 3579 2393">
     <span class='ocr_line' id='line_1_67' title="bbox 1988 2318 3579 2393; baseline 0.003 -21"><span class='ocrx_word' id='word_1_505' title='bbox 1988 2321 2082 2374; x_wconf 88' lang='lat' dir='ltr'><strong>des</strong></span> <span class='ocrx_word' id='word_1_506' title='bbox 2117 2329 2227 2383; x_wconf 83' lang='lat' dir='ltr'><strong>tua,</strong></span> <span class='ocrx_word' id='word_1_507' title='bbox 2253 2318 2419 2384; x_wconf 82' lang='lat' dir='ltr'><strong>Deus,</strong></span> <span class='ocrx_word' id='word_1_508' title='bbox 2457 2321 2508 2374; x_wconf 88' lang='lat' dir='ltr'><strong>in</strong></span> <span class='ocrx_word' id='word_1_509' title='bbox 2534 2320 2788 2374; x_wconf 74' lang='lat' dir='ltr'><strong>smcnlum</strong></span> <span class='ocrx_word' id='word_1_510' title='bbox 2816 2322 2997 2376; x_wconf 81' lang='lat' dir='ltr'><strong>saeculi</strong></span> <span class='ocrx_word' id='word_1_511' title='bbox 3026 2342 3039 2376; x_wconf 88' lang='lat'>:</span> <span class='ocrx_word' id='word_1_512' title='bbox 3065 2322 3213 2393; x_wconf 75' lang='lat' dir='ltr'><strong>virga</strong></span> <span class='ocrx_word' id='word_1_513' title='bbox 3245 2323 3579 2389; x_wconf 81' lang='lat' dir='ltr'><strong>directionis,</strong></span> 
     </span>
    </p>
   </div>
   <div class='ocr_carea' id='block_1_68' title="bbox 1986 2410 3576 2484">
    <p class='ocr_par' dir='ltr' id='par_1_68' title="bbox 1986 2410 3576 2484">
     <span class='ocr_line' id='line_1_68' title="bbox 1986 2410 3576 2484; baseline 0.004 -22"><span class='ocrx_word' id='word_1_514' title='bbox 1986 2411 2134 2478; x_wconf 74' lang='lat' dir='ltr'><strong>virga</strong></span> <span class='ocrx_word' id='word_1_515' title='bbox 2160 2410 2308 2481; x_wconf 80' lang='lat' dir='ltr'><strong>regni</strong></span> <span class='ocrx_word' id='word_1_516' title='bbox 2346 2412 2442 2465; x_wconf 91' lang='lat' dir='ltr'><strong>tui.</strong></span> <span class='ocrx_word' id='word_1_517' title='bbox 2478 2410 2720 2467; x_wconf 79' lang='lat' dir='ltr'><strong>Dilexisti</strong></span> <span class='ocrx_word' id='word_1_518' title='bbox 2752 2412 3045 2481; x_wconf 84' lang='lat' dir='ltr'><strong>justitiam,</strong></span> <span class='ocrx_word' id='word_1_519' title='bbox 3075 2422 3131 2468; x_wconf 90' lang='lat' dir='ltr'><strong>et</strong></span> <span class='ocrx_word' id='word_1_520' title='bbox 3158 2413 3324 2469; x_wconf 88' lang='lat' dir='ltr'><strong>odisti</strong></span> <span class='ocrx_word' id='word_1_521' title='bbox 3369 2414 3576 2484; x_wconf 88' lang='lat' dir='ltr'><strong>iniqui-</strong></span> 
     </span>
    </p>
   </div>
   <div class='ocr_carea' id='block_1_69' title="bbox 1989 2503 3582 2572">
    <p class='ocr_par' dir='ltr' id='par_1_69' title="bbox 1989 2503 3582 2572">
     <span class='ocr_line' id='line_1_69' title="bbox 1989 2503 3582 2572; baseline 0.006 -19"><span class='ocrx_word' id='word_1_522' title='bbox 1989 2510 2150 2553; x_wconf 88' lang='lat' dir='ltr'><strong>tatem</strong></span> <span class='ocrx_word' id='word_1_523' title='bbox 2183 2519 2196 2553; x_wconf 94' lang='lat'>:</span> <span class='ocrx_word' id='word_1_524' title='bbox 2226 2512 2506 2572; x_wconf 85' lang='lat' dir='ltr'><strong>propterea</strong></span> <span class='ocrx_word' id='word_1_525' title='bbox 2540 2504 2693 2557; x_wconf 83' lang='lat' dir='ltr'><strong>unxit</strong></span> <span class='ocrx_word' id='word_1_526' title='bbox 2718 2512 2769 2558; x_wconf 90' lang='lat' dir='ltr'><strong>te</strong></span> <span class='ocrx_word' id='word_1_527' title='bbox 2803 2503 2964 2571; x_wconf 83' lang='lat' dir='ltr'><strong>Deus,</strong></span> <span class='ocrx_word' id='word_1_528' title='bbox 2992 2506 3136 2561; x_wconf 90' lang='lat' dir='ltr'><strong>Deus</strong></span> <span class='ocrx_word' id='word_1_529' title='bbox 3169 2517 3294 2562; x_wconf 92' lang='lat' dir='ltr'><strong>tuus</strong></span> <span class='ocrx_word' id='word_1_530' title='bbox 3329 2506 3450 2562; x_wconf 91' lang='lat' dir='ltr'><strong>oleo</strong></span> <span class='ocrx_word' id='word_1_531' title='bbox 3488 2508 3582 2563; x_wconf 72' lang='lat' dir='ltr'><strong>lae-</strong></span> 
     </span>
    </p>
   </div>
   <div class='ocr_carea' id='block_1_70' title="bbox 1989 2590 3583 2665">
    <p class='ocr_par' dir='ltr' id='par_1_70' title="bbox 1989 2590 3583 2665">
     <span class='ocr_line' id='line_1_70' title="bbox 1989 2590 3583 2665; baseline 0.006 -24"><span class='ocrx_word' id='word_1_532' title='bbox 1989 2590 2116 2643; x_wconf 74' lang='lat' dir='ltr'><strong>titia:</strong></span> <span class='ocrx_word' id='word_1_533' title='bbox 2140 2605 2252 2660; x_wconf 81' lang='lat' dir='ltr'><strong>pra:</strong></span> <span class='ocrx_word' id='word_1_534' title='bbox 2288 2592 2634 2647; x_wconf 84' lang='lat' dir='ltr'><strong>consortibus</strong></span> <span class='ocrx_word' id='word_1_535' title='bbox 2667 2592 2773 2648; x_wconf 85' lang='lat' dir='ltr'><strong>tuis</strong></span> <span class='ocrx_word' id='word_1_536' title='bbox 2812 2594 2881 2643; x_wconf 82' lang='grc'><strong>⁷³.</strong></span> <span class='ocrx_word' id='word_1_537' title='bbox 2915 2612 2933 2645; x_wconf 84' lang='grc' dir='ltr'><strong>ι</strong></span> <span class='ocrx_word' id='word_1_538' title='bbox 2971 2594 3363 2651; x_wconf 81' lang='lat' dir='ltr'><strong>Animadverte</strong></span> <span class='ocrx_word' id='word_1_539' title='bbox 3401 2598 3583 2665; x_wconf 84' lang='lat' dir='ltr'><strong>itaque</strong></span> 
     </span>
    </p>
   </div>
   <div class='ocr_carea' id='block_1_71' title="bbox 1986 2682 3581 2755">
    <p class='ocr_par' dir='ltr' id='par_1_71' title="bbox 1986 2682 3581 2755">
     <span class='ocr_line' id='line_1_71' title="bbox 1986 2682 3581 2755; baseline 0.005 -22"><span class='ocrx_word' id='word_1_540' title='bbox 1986 2696 2094 2750; x_wconf 87' lang='lat' dir='ltr'><strong>quo</strong></span> <span class='ocrx_word' id='word_1_541' title='bbox 2126 2691 2282 2750; x_wconf 88' lang='lat' dir='ltr'><strong>pacto</strong></span> <span class='ocrx_word' id='word_1_542' title='bbox 2312 2697 2434 2737; x_wconf 91' lang='lat' dir='ltr'><strong>cum</strong></span> <span class='ocrx_word' id='word_1_543' title='bbox 2482 2692 2535 2738; x_wconf 88' lang='lat' dir='ltr'><strong>et</strong></span> <span class='ocrx_word' id='word_1_544' title='bbox 2585 2682 2751 2739; x_wconf 86' lang='lat' dir='ltr'><strong>Deum</strong></span> <span class='ocrx_word' id='word_1_545' title='bbox 2812 2684 3131 2749; x_wconf 86' lang='lat' dir='ltr'><strong>nominarit,</strong></span> <span class='ocrx_word' id='word_1_546' title='bbox 3167 2695 3221 2739; x_wconf 86' lang='lat' dir='ltr'><strong>et</strong></span> <span class='ocrx_word' id='word_1_547' title='bbox 3259 2688 3439 2741; x_wconf 83' lang='lat' dir='ltr'><strong>sedem</strong></span> <span class='ocrx_word' id='word_1_548' title='bbox 3479 2687 3581 2755; x_wconf 81' lang='lat' dir='ltr'><strong>ipsi</strong></span> 
     </span>
    </p>
   </div>
   <div class='ocr_carea' id='block_1_72' title="bbox 1988 2770 3580 2845">
    <p class='ocr_par' dir='ltr' id='par_1_72' title="bbox 1988 2770 3580 2845">
     <span class='ocr_line' id='line_1_72' title="bbox 1988 2770 3580 2845; baseline 0.004 -21"><span class='ocrx_word' id='word_1_549' title='bbox 1988 2770 2039 2824; x_wconf 93' lang='lat' dir='ltr'><strong>in</strong></span> <span class='ocrx_word' id='word_1_550' title='bbox 2075 2772 2272 2827; x_wconf 87' lang='lat' dir='ltr'><strong>saecula</strong></span> <span class='ocrx_word' id='word_1_551' title='bbox 2303 2774 2636 2840; x_wconf 87' lang='lat' dir='ltr'><strong>attribuerit,</strong></span> <span class='ocrx_word' id='word_1_552' title='bbox 2669 2786 2891 2831; x_wconf 89' lang='lat' dir='ltr'><strong>unctum</strong></span> <span class='ocrx_word' id='word_1_553' title='bbox 2919 2790 3044 2830; x_wconf 88' lang='lat' dir='ltr'><strong>esse</strong></span> <span class='ocrx_word' id='word_1_554' title='bbox 3076 2777 3207 2831; x_wconf 82' lang='lat' dir='ltr'><strong>dicit</strong></span> <span class='ocrx_word' id='word_1_555' title='bbox 3236 2791 3266 2830; x_wconf 88' lang='lat' dir='ltr'><strong>a</strong></span> <span class='ocrx_word' id='word_1_556' title='bbox 3302 2778 3431 2845; x_wconf 86' lang='lat' dir='ltr'><strong>Deo,</strong></span> <span class='ocrx_word' id='word_1_557' title='bbox 3469 2793 3580 2831; x_wconf 90' lang='lat' dir='ltr'><strong>ma-</strong></span> 
     </span>
    </p>
   </div>
   <div class='ocr_carea' id='block_1_73' title="bbox 1986 2864 3581 2939">
    <p class='ocr_par' dir='ltr' id='par_1_73' title="bbox 1986 2864 3581 2939">
     <span class='ocr_line' id='line_1_73' title="bbox 1986 2864 3581 2939; baseline 0.001 -20"><span class='ocrx_word' id='word_1_558' title='bbox 1986 2864 2245 2920; x_wconf 85' lang='lat' dir='ltr'><strong>nifestum</strong></span> <span class='ocrx_word' id='word_1_559' title='bbox 2287 2875 2468 2920; x_wconf 89' lang='lat' dir='ltr'><strong>autem</strong></span> <span class='ocrx_word' id='word_1_560' title='bbox 2510 2876 2596 2921; x_wconf 80' lang='grc' dir='ltr'><strong>εει</strong></span> <span class='ocrx_word' id='word_1_561' title='bbox 2634 2868 2777 2937; x_wconf 86' lang='lat' dir='ltr'><strong>quod</strong></span> <span class='ocrx_word' id='word_1_562' title='bbox 2819 2882 2848 2921; x_wconf 86' lang='lat' dir='ltr'><strong>a</strong></span> <span class='ocrx_word' id='word_1_563' title='bbox 2891 2866 3074 2933; x_wconf 83' lang='lat' dir='ltr'><strong>Patre,</strong></span> <span class='ocrx_word' id='word_1_564' title='bbox 3109 2868 3309 2923; x_wconf 75' lang='lat' dir='ltr'><strong>eximia</strong></span> <span class='ocrx_word' id='word_1_565' title='bbox 3347 2870 3581 2939; x_wconf 88' lang='lat' dir='ltr'><strong>quadam</strong></span> 
     </span>
    </p>
   </div>
   <div class='ocr_carea' id='block_1_74' title="bbox 1987 2957 3581 3029">
    <p class='ocr_par' dir='ltr' id='par_1_74' title="bbox 1987 2957 3581 3029">
     <span class='ocr_line' id='line_1_74' title="bbox 1987 2957 3581 3029; baseline 0.004 -20"><span class='ocrx_word' id='word_1_566' title='bbox 1987 2957 2241 3011; x_wconf 87' lang='lat' dir='ltr'><strong>unctione</strong></span> <span class='ocrx_word' id='word_1_567' title='bbox 2288 2972 2400 3027; x_wconf 66' lang='lat' dir='ltr'><strong>pra!</strong></span> <span class='ocrx_word' id='word_1_568' title='bbox 2444 2960 2658 3014; x_wconf 56' lang='lat' dir='ltr'><strong>exteris</strong></span> <span class='ocrx_word' id='word_1_569' title='bbox 2704 2958 3065 3029; x_wconf 87' lang='lat' dir='ltr'><strong>participibus</strong></span> <span class='ocrx_word' id='word_1_570' title='bbox 3112 2958 3301 3028; x_wconf 76' lang='lat' dir='ltr'><strong>ipsius,</strong></span> <span class='ocrx_word' id='word_1_571' title='bbox 3345 2962 3449 3016; x_wconf 90' lang='lat' dir='ltr'><strong>hoc</strong></span> <span class='ocrx_word' id='word_1_572' title='bbox 3479 2970 3581 3024; x_wconf 81' lang='lat' dir='ltr'><strong>est.</strong></span> 
     </span>
    </p>
   </div>
   <div class='ocr_carea' id='block_1_75' title="bbox 1988 3046 3581 3132">
    <p class='ocr_par' dir='ltr' id='par_1_75' title="bbox 1988 3046 3581 3132">
     <span class='ocr_line' id='line_1_75' title="bbox 1988 3046 3581 3132; baseline 0.005 -32"><span class='ocrx_word' id='word_1_573' title='bbox 1988 3048 2163 3101; x_wconf 83' lang='lat' dir='ltr'><strong>nobis.</strong></span> <span class='ocrx_word' id='word_1_574' title='bbox 2193 3046 2433 3104; x_wconf 88' lang='lat' dir='ltr'><strong>Tametsi</strong></span> <span class='ocrx_word' id='word_1_575' title='bbox 2464 3048 2610 3103; x_wconf 88' lang='lat' dir='ltr'><strong>enint</strong></span> <span class='ocrx_word' id='word_1_576' title='bbox 2637 3049 2841 3105; x_wconf 90' lang='lat' dir='ltr'><strong>factum</strong></span> <span class='ocrx_word' id='word_1_577' title='bbox 2877 3059 2961 3107; x_wconf 88' lang='lat' dir='ltr'><strong>est</strong></span> <span class='ocrx_word' id='word_1_578' title='bbox 2996 3051 3182 3116; x_wconf 88' lang='lat' dir='ltr'><strong>homo,</strong></span> <span class='ocrx_word' id='word_1_579' title='bbox 3216 3051 3357 3106; x_wconf 85' lang='lat' dir='ltr'><strong>Deus</strong></span> <span class='ocrx_word' id='word_1_580' title='bbox 3383 3054 3581 3132; x_wconf 73' lang='lat' dir='ltr'><strong>alioqui</strong></span> 
     </span>
    </p>
   </div>
   <div class='ocr_carea' id='block_1_76' title="bbox 1987 3139 3583 3207">
    <p class='ocr_par' dir='ltr' id='par_1_76' title="bbox 1987 3139 3583 3207">
     <span class='ocr_line' id='line_1_76' title="bbox 1987 3139 3583 3207; baseline 0.001 -12"><span class='ocrx_word' id='word_1_581' title='bbox 1987 3142 2261 3196; x_wconf 79' lang='lat' dir='ltr'><strong>exsistens</strong></span> <span class='ocrx_word' id='word_1_582' title='bbox 2305 3139 2571 3207; x_wconf 82' lang='lat' dir='ltr'><strong>Verbum,</strong></span> <span class='ocrx_word' id='word_1_583' title='bbox 2609 3150 2731 3197; x_wconf 88' lang='lat' dir='ltr'><strong>erat</strong></span> <span class='ocrx_word' id='word_1_584' title='bbox 2775 3152 2957 3197; x_wconf 88' lang='lat' dir='ltr'><strong>tamen</strong></span> <span class='ocrx_word' id='word_1_585' title='bbox 3000 3144 3170 3197; x_wconf 90' lang='lat' dir='ltr'><strong>etiam</strong></span> <span class='ocrx_word' id='word_1_586' title='bbox 3217 3143 3320 3198; x_wconf 81' lang='lat' dir='ltr'><strong>hac</strong></span> <span class='ocrx_word' id='word_1_587' title='bbox 3373 3145 3583 3199; x_wconf 83' lang='lat' dir='ltr'><strong>ratione</strong></span> 
     </span>
    </p>
   </div>
   <div class='ocr_carea' id='block_1_77' title="bbox 1987 3233 3580 3304">
    <p class='ocr_par' dir='ltr' id='par_1_77' title="bbox 1987 3233 3580 3304">
     <span class='ocr_line' id='line_1_77' title="bbox 1987 3233 3580 3304; baseline 0.002 -17"><span class='ocrx_word' id='word_1_588' title='bbox 1987 3233 2217 3302; x_wconf 59' lang='lat' dir='ltr'><strong>propriae</strong></span> <span class='ocrx_word' id='word_1_589' title='bbox 2257 3247 2368 3287; x_wconf 71' lang='lat' dir='ltr'><strong>sum</strong></span> <span class='ocrx_word' id='word_1_590' title='bbox 2413 3242 2620 3287; x_wconf 68' lang='lat' dir='ltr'><strong>natura:</strong></span> <span class='ocrx_word' id='word_1_591' title='bbox 2652 3233 2921 3287; x_wconf 84' lang='lat' dir='ltr'><strong>bonorum</strong></span> <span class='ocrx_word' id='word_1_592' title='bbox 2957 3247 3299 3303; x_wconf 84' lang='lat' dir='ltr'><strong>nequaquam</strong></span> <span class='ocrx_word' id='word_1_593' title='bbox 3342 3235 3580 3304; x_wconf 82' lang='lat' dir='ltr'><strong>indigus,</strong></span> 
     </span>
    </p>
   </div>
   <div class='ocr_carea' id='block_1_78' title="bbox 1986 3320 3584 3394">
    <p class='ocr_par' dir='ltr' id='par_1_78' title="bbox 1986 3320 3584 3394">
     <span class='ocr_line' id='line_1_78' title="bbox 1986 3320 3584 3394; baseline 0.002 -17"><span class='ocrx_word' id='word_1_594' title='bbox 1986 3337 2081 3392; x_wconf 89' lang='lat' dir='ltr'><strong>per</strong></span> <span class='ocrx_word' id='word_1_595' title='bbox 2102 3336 2162 3376; x_wconf 83' lang='lat' dir='ltr'><strong>se</strong></span> <span class='ocrx_word' id='word_1_596' title='bbox 2193 3320 2466 3390; x_wconf 87' lang='lat' dir='ltr'><strong>perfectus</strong></span> <span class='ocrx_word' id='word_1_597' title='bbox 2502 3322 2793 3388; x_wconf 79' lang='lat' dir='ltr'><strong>exsistens,</strong></span> <span class='ocrx_word' id='word_1_598' title='bbox 2830 3331 2887 3377; x_wconf 88' lang='lat' dir='ltr'><strong>et</strong></span> <span class='ocrx_word' id='word_1_599' title='bbox 2923 3340 2942 3373; x_wconf 81' lang='grc' dir='ltr'><strong>ι</strong></span> <span class='ocrx_word' id='word_1_600' title='bbox 2972 3322 3169 3393; x_wconf 86' lang='lat' dir='ltr'><strong>plenus</strong></span> <span class='ocrx_word' id='word_1_601' title='bbox 3196 3323 3384 3394; x_wconf 66' lang='lat' dir='ltr'><strong>gratize</strong></span> <span class='ocrx_word' id='word_1_602' title='bbox 3412 3334 3467 3380; x_wconf 91' lang='lat' dir='ltr'><strong>et</strong></span> <span class='ocrx_word' id='word_1_603' title='bbox 3492 3340 3584 3380; x_wconf 89' lang='lat' dir='ltr'><strong>ve-</strong></span> 
     </span>
    </p>
   </div>
   <div class='ocr_carea' id='block_1_79' title="bbox 1985 3411 3582 3485">
    <p class='ocr_par' dir='ltr' id='par_1_79' title="bbox 1985 3411 3582 3485">
     <span class='ocr_line' id='line_1_79' title="bbox 1985 3411 3582 3485; baseline 0.001 -17"><span class='ocrx_word' id='word_1_604' title='bbox 1985 3415 2164 3469; x_wconf 84' lang='lat' dir='ltr'><strong>ritatis</strong></span> <span class='ocrx_word' id='word_1_605' title='bbox 2203 3412 2272 3479; x_wconf 80' lang='lat'><strong>&#39;&quot;,</strong></span> <span class='ocrx_word' id='word_1_606' title='bbox 2307 3432 2325 3465; x_wconf 84' lang='grc' dir='ltr'><strong>ι</strong></span> <span class='ocrx_word' id='word_1_607' title='bbox 2364 3422 2425 3467; x_wconf 88' lang='lat' dir='ltr'><strong>ut</strong></span> <span class='ocrx_word' id='word_1_608' title='bbox 2467 3412 2643 3483; x_wconf 91' lang='lat' dir='ltr'><strong>inquit</strong></span> <span class='ocrx_word' id='word_1_609' title='bbox 2689 3411 2951 3469; x_wconf 83' lang='lat' dir='ltr'><strong>Joannes.</strong></span> <span class='ocrx_word' id='word_1_610' title='bbox 2978 3414 3156 3484; x_wconf 83' lang='lat' dir='ltr'><strong>Atque</strong></span> <span class='ocrx_word' id='word_1_611' title='bbox 3202 3416 3316 3483; x_wconf 90' lang='lat' dir='ltr'><strong>ipse</strong></span> <span class='ocrx_word' id='word_1_612' title='bbox 3363 3416 3582 3485; x_wconf 86' lang='lat' dir='ltr'><strong>quidem</strong></span> 
     </span>
    </p>
   </div>
   <div class='ocr_carea' id='block_1_80' title="bbox 1984 3504 3574 3576">
    <p class='ocr_par' dir='ltr' id='par_1_80' title="bbox 1984 3504 3574 3576">
     <span class='ocr_line' id='line_1_80' title="bbox 1984 3504 3574 3576; baseline 0.003 -18"><span class='ocrx_word' id='word_1_613' title='bbox 1984 3505 2129 3558; x_wconf 86' lang='lat' dir='ltr'><strong>oumi</strong></span> <span class='ocrx_word' id='word_1_614' title='bbox 2163 3517 2361 3575; x_wconf 74' lang='lat' dir='ltr'><strong>genere</strong></span> <span class='ocrx_word' id='word_1_615' title='bbox 2386 3504 2694 3559; x_wconf 90' lang='lat' dir='ltr'><strong>divinorum</strong></span> <span class='ocrx_word' id='word_1_616' title='bbox 2729 3505 2992 3560; x_wconf 87' lang='lat' dir='ltr'><strong>bonorum</strong></span> <span class='ocrx_word' id='word_1_617' title='bbox 3030 3506 3303 3560; x_wconf 84' lang='lat' dir='ltr'><strong>abundat:</strong></span> <span class='ocrx_word' id='word_1_618' title='bbox 3338 3525 3356 3558; x_wconf 83' lang='grc' dir='ltr'><strong>ι</strong></span> <span class='ocrx_word' id='word_1_619' title='bbox 3395 3507 3442 3561; x_wconf 84' lang='grc' dir='ltr'><strong>Δ</strong></span> <span class='ocrx_word' id='word_1_620' title='bbox 3470 3507 3574 3576; x_wconf 83' lang='lat' dir='ltr'><strong>ple-</strong></span> 
     </span>
    </p>
   </div>
   <div class='ocr_carea' id='block_1_81' title="bbox 1985 3598 3581 3669">
    <p class='ocr_par' dir='ltr' id='par_1_81' title="bbox 1985 3598 3581 3669">
     <span class='ocr_line' id='line_1_81' title="bbox 1985 3598 3581 3669; baseline 0.001 -16"><span class='ocrx_word' id='word_1_621' title='bbox 1985 3599 2233 3653; x_wconf 82' lang='lat' dir='ltr'><strong>nitudine</strong></span> <span class='ocrx_word' id='word_1_622' title='bbox 2258 3613 2386 3653; x_wconf 86' lang='lat' dir='ltr'><strong>vero</strong></span> <span class='ocrx_word' id='word_1_623' title='bbox 2419 3598 2588 3667; x_wconf 87' lang='lat' dir='ltr'><strong>ipsius</strong></span> <span class='ocrx_word' id='word_1_624' title='bbox 2615 3612 2806 3654; x_wconf 87' lang='lat' dir='ltr'><strong>omnes</strong></span> <span class='ocrx_word' id='word_1_625' title='bbox 2831 3613 2928 3653; x_wconf 82' lang='lat' dir='ltr'><strong>nos</strong></span> <span class='ocrx_word' id='word_1_626' title='bbox 2952 3600 3264 3669; x_wconf 81' lang='lat' dir='ltr'><strong>accepimus</strong></span> <span class='ocrx_word' id='word_1_627' title='bbox 3281 3601 3349 3665; x_wconf 60' lang='grc' dir='ltr'>υ,</span> <span class='ocrx_word' id='word_1_628' title='bbox 3379 3620 3397 3653; x_wconf 89' lang='grc' dir='ltr'><strong>ι</strong></span> <span class='ocrx_word' id='word_1_629' title='bbox 3429 3600 3581 3668; x_wconf 71' lang='lat' dir='ltr'><strong>juxta</strong></span> 
     </span>
    </p>
   </div>
   <div class='ocr_carea' id='block_1_82' title="bbox 1986 3686 3582 3758">
    <p class='ocr_par' dir='ltr' id='par_1_82' title="bbox 1986 3686 3582 3758">
     <span class='ocr_line' id='line_1_82' title="bbox 1986 3686 3582 3758; baseline 0.003 -18"><span class='ocrx_word' id='word_1_630' title='bbox 1986 3687 2347 3756; x_wconf 88' lang='lat' dir='ltr'><strong>Scripturam.</strong></span> <span class='ocrx_word' id='word_1_631' title='bbox 2396 3686 2651 3742; x_wconf 85' lang='lat' dir='ltr'><strong>Christus</strong></span> <span class='ocrx_word' id='word_1_632' title='bbox 2701 3687 2883 3755; x_wconf 89' lang='lat' dir='ltr'><strong>itaque</strong></span> <span class='ocrx_word' id='word_1_633' title='bbox 2929 3696 3177 3756; x_wconf 88' lang='lat' dir='ltr'><strong>vocatur,</strong></span> <span class='ocrx_word' id='word_1_634' title='bbox 3222 3689 3317 3758; x_wconf 89' lang='lat' dir='ltr'><strong>qui</strong></span> <span class='ocrx_word' id='word_1_635' title='bbox 3351 3689 3418 3743; x_wconf 91' lang='lat' dir='ltr'><strong>ad</strong></span> <span class='ocrx_word' id='word_1_636' title='bbox 3458 3704 3582 3758; x_wconf 90' lang='lat' dir='ltr'><strong>pro-</strong></span> 
     </span>
    </p>
   </div>
   <div class='ocr_carea' id='block_1_83' title="bbox 1984 3776 3582 3850">
    <p class='ocr_par' dir='ltr' id='par_1_83' title="bbox 1984 3776 3582 3850">
     <span class='ocr_line' id='line_1_83' title="bbox 1984 3776 3582 3850; baseline 0.005 -21"><span class='ocrx_word' id='word_1_637' title='bbox 1984 3778 2117 3846; x_wconf 76' lang='lat' dir='ltr'><strong>pria:</strong></span> <span class='ocrx_word' id='word_1_638' title='bbox 2146 3791 2260 3832; x_wconf 67' lang='lat' dir='ltr'><strong>suae</strong></span> <span class='ocrx_word' id='word_1_639' title='bbox 2292 3776 2648 3831; x_wconf 89' lang='lat' dir='ltr'><strong>humanitatis</strong></span> <span class='ocrx_word' id='word_1_640' title='bbox 2671 3778 3037 3834; x_wconf 84' lang='lat' dir='ltr'><strong>conditionem</strong></span> <span class='ocrx_word' id='word_1_641' title='bbox 3069 3780 3232 3833; x_wconf 88' lang='lat' dir='ltr'><strong>etiam</strong></span> <span class='ocrx_word' id='word_1_642' title='bbox 3261 3795 3381 3850; x_wconf 78' lang='lat' dir='ltr'><strong>qum</strong></span> <span class='ocrx_word' id='word_1_643' title='bbox 3411 3780 3582 3850; x_wconf 85' lang='lat' dir='ltr'><strong>ipsius</strong></span> 
     </span>
    </p>
   </div>
   <div class='ocr_carea' id='block_1_84' title="bbox 1989 3872 3582 3944">
    <p class='ocr_par' dir='ltr' id='par_1_84' title="bbox 1989 3872 3582 3944">
     <span class='ocr_line' id='line_1_84' title="bbox 1989 3872 3582 3944; baseline 0.004 -17"><span class='ocrx_word' id='word_1_644' title='bbox 1989 3883 2118 3927; x_wconf 89' lang='lat' dir='ltr'><strong>sunt</strong></span> <span class='ocrx_word' id='word_1_645' title='bbox 2166 3872 2476 3941; x_wconf 78' lang='lat' dir='ltr'><strong>cuujunxit,</strong></span> <span class='ocrx_word' id='word_1_646' title='bbox 2517 3874 2729 3929; x_wconf 84' lang='lat' dir='ltr'><strong>tametsi</strong></span> <span class='ocrx_word' id='word_1_647' title='bbox 2778 3889 2884 3930; x_wconf 91' lang='lat' dir='ltr'><strong>non</strong></span> <span class='ocrx_word' id='word_1_648' title='bbox 2937 3875 3270 3944; x_wconf 76' lang='lat' dir='ltr'><strong>intelligatur</strong></span> <span class='ocrx_word' id='word_1_649' title='bbox 3316 3892 3438 3932; x_wconf 89' lang='lat' dir='ltr'><strong>esse</strong></span> <span class='ocrx_word' id='word_1_650' title='bbox 3481 3895 3582 3933; x_wconf 84' lang='lat' dir='ltr'><strong>un-</strong></span> 
     </span>
    </p>
   </div>
   <div class='ocr_carea' id='block_1_85' title="bbox 1982 3962 3581 4029">
    <p class='ocr_par' dir='ltr' id='par_1_85' title="bbox 1982 3962 3581 4029">
     <span class='ocr_line' id='line_1_85' title="bbox 1982 3962 3581 4029; baseline 0.003 -11"><span class='ocrx_word' id='word_1_651' title='bbox 1982 3973 2123 4026; x_wconf 89' lang='lat' dir='ltr'><strong>ctus,</strong></span> <span class='ocrx_word' id='word_1_652' title='bbox 2157 3962 2436 4027; x_wconf 88' lang='lat' dir='ltr'><strong>nimirum,</strong></span> <span class='ocrx_word' id='word_1_653' title='bbox 2481 3963 2785 4020; x_wconf 85' lang='lat' dir='ltr'><strong>secundum</strong></span> <span class='ocrx_word' id='word_1_654' title='bbox 2822 3973 3073 4021; x_wconf 89' lang='lat' dir='ltr'><strong>naturam</strong></span> <span class='ocrx_word' id='word_1_655' title='bbox 3109 3966 3433 4029; x_wconf 73' lang='lat' dir='ltr'><strong>divinitatis,</strong></span> <span class='ocrx_word' id='word_1_656' title='bbox 3465 3968 3581 4024; x_wconf 86' lang='lat' dir='ltr'><strong>sive</strong></span> 
     </span>
    </p>
   </div>
   <div class='ocr_carea' id='block_1_86' title="bbox 1983 4056 3577 4131">
    <p class='ocr_par' dir='ltr' id='par_1_86' title="bbox 1983 4056 3577 4131">
     <span class='ocr_line' id='line_1_86' title="bbox 1983 4056 3577 4131; baseline 0.004 -22"><span class='ocrx_word' id='word_1_657' title='bbox 1983 4065 2248 4126; x_wconf 84' lang='lat' dir='ltr'><strong>quatenus</strong></span> <span class='ocrx_word' id='word_1_658' title='bbox 2296 4064 2548 4112; x_wconf 89' lang='lat' dir='ltr'><strong>censetur</strong></span> <span class='ocrx_word' id='word_1_659' title='bbox 2596 4056 2760 4114; x_wconf 87' lang='lat' dir='ltr'><strong>Deus.</strong></span> <span class='ocrx_word' id='word_1_660' title='bbox 2821 4057 3101 4128; x_wconf 88' lang='lat' dir='ltr'><strong>Siquidem</strong></span> <span class='ocrx_word' id='word_1_661' title='bbox 3155 4059 3277 4124; x_wconf 89' lang='lat' dir='ltr'><strong>die,</strong></span> <span class='ocrx_word' id='word_1_662' title='bbox 3312 4062 3577 4131; x_wconf 86' lang='lat' dir='ltr'><strong>obsecro,</strong></span> 
     </span>
    </p>
   </div>
   <div class='ocr_carea' id='block_1_87' title="bbox 1982 4147 3579 4220">
    <p class='ocr_par' dir='ltr' id='par_1_87' title="bbox 1982 4147 3579 4220">
     <span class='ocr_line' id='line_1_87' title="bbox 1982 4147 3579 4220; baseline 0.003 -17"><span class='ocrx_word' id='word_1_663' title='bbox 1982 4150 2253 4219; x_wconf 87' lang='lat' dir='ltr'><strong>quomodo</strong></span> <span class='ocrx_word' id='word_1_664' title='bbox 2287 4147 2442 4202; x_wconf 88' lang='lat' dir='ltr'><strong>aliter</strong></span> <span class='ocrx_word' id='word_1_665' title='bbox 2472 4148 2693 4220; x_wconf 76' lang='lat' dir='ltr'><strong>intelligi</strong></span> <span class='ocrx_word' id='word_1_666' title='bbox 2723 4150 2893 4220; x_wconf 87' lang='lat' dir='ltr'><strong>possit</strong></span> <span class='ocrx_word' id='word_1_667' title='bbox 2913 4150 3162 4206; x_wconf 84' lang='lat' dir='ltr'><strong>Christus</strong></span> <span class='ocrx_word' id='word_1_668' title='bbox 3186 4150 3356 4206; x_wconf 83' lang='lat' dir='ltr'><strong>Filius</strong></span> <span class='ocrx_word' id='word_1_669' title='bbox 3389 4162 3444 4206; x_wconf 88' lang='lat' dir='ltr'><strong>et</strong></span> <span class='ocrx_word' id='word_1_670' title='bbox 3470 4151 3579 4208; x_wconf 85' lang='lat' dir='ltr'><strong>Do-</strong></span> 
     </span>
    </p>
   </div>
   <div class='ocr_carea' id='block_1_88' title="bbox 1984 4240 3575 4316">
    <p class='ocr_par' dir='ltr' id='par_1_88' title="bbox 1984 4240 3575 4316">
     <span class='ocr_line' id='line_1_88' title="bbox 1984 4240 3575 4316; baseline 0.004 -22"><span class='ocrx_word' id='word_1_671' title='bbox 1984 4242 2183 4308; x_wconf 90' lang='lat' dir='ltr'><strong>minus,</strong></span> <span class='ocrx_word' id='word_1_672' title='bbox 2215 4241 2259 4296; x_wconf 90' lang='lat' dir='ltr'><strong>si</strong></span> <span class='ocrx_word' id='word_1_673' title='bbox 2293 4240 2617 4311; x_wconf 80' lang='lat' dir='ltr'><strong>Unigenitus</strong></span> <span class='ocrx_word' id='word_1_674' title='bbox 2652 4243 2967 4298; x_wconf 88' lang='lat' dir='ltr'><strong>unctionem</strong></span> <span class='ocrx_word' id='word_1_675' title='bbox 3014 4243 3365 4313; x_wconf 81' lang='lat' dir='ltr'><strong>dedignetur,</strong></span> <span class='ocrx_word' id='word_1_676' title='bbox 3409 4254 3575 4316; x_wconf 88' lang='lat' dir='ltr'><strong>atque</strong></span> 
     </span>
    </p>
   </div>
   <div class='ocr_carea' id='block_1_89' title="bbox 1980 4331 3094 4390">
    <p class='ocr_par' dir='ltr' id='par_1_89' title="bbox 1980 4331 3094 4390">
     <span class='ocr_line' id='line_1_89' title="bbox 1980 4331 3094 4390; baseline 0.001 -3"><span class='ocrx_word' id='word_1_677' title='bbox 1980 4331 2370 4387; x_wconf 78' lang='lat' dir='ltr'><strong>exinanitionis</strong></span> <span class='ocrx_word' id='word_1_678' title='bbox 2393 4333 2759 4388; x_wconf 89' lang='lat' dir='ltr'><strong>conditionem</strong></span> <span class='ocrx_word' id='word_1_679' title='bbox 2792 4334 3094 4390; x_wconf 83' lang='lat' dir='ltr'><strong>detrectet?</strong></span> 
     </span>
    </p>
   </div>
   <div class='ocr_carea' id='block_1_90' title="bbox 2053 4422 3577 4501">
    <p class='ocr_par' dir='ltr' id='par_1_90' title="bbox 2053 4422 3577 4501">
     <span class='ocr_line' id='line_1_90' title="bbox 2053 4422 3577 4501; baseline 0.006 -24"><span class='ocrx_word' id='word_1_680' title='bbox 2053 4422 2117 4477; x_wconf 84' lang='grc' dir='ltr'><strong>Β.</strong></span> <span class='ocrx_word' id='word_1_681' title='bbox 2156 4424 2274 4479; x_wconf 87' lang='lat' dir='ltr'><strong>Alia</strong></span> <span class='ocrx_word' id='word_1_682' title='bbox 2308 4424 2463 4495; x_wconf 74' lang='lat' dir='ltr'><strong>longe</strong></span> <span class='ocrx_word' id='word_1_683' title='bbox 2493 4438 2655 4493; x_wconf 89' lang='lat' dir='ltr'><strong>quam</strong></span> <span class='ocrx_word' id='word_1_684' title='bbox 2700 4439 2799 4479; x_wconf 87' lang='lat' dir='ltr'><strong>nos</strong></span> <span class='ocrx_word' id='word_1_685' title='bbox 2841 4425 2927 4480; x_wconf 85' lang='lat' dir='ltr'><strong>via</strong></span> <span class='ocrx_word' id='word_1_686' title='bbox 2974 4425 3253 4493; x_wconf 76' lang='lat' dir='ltr'><strong>incedunt,</strong></span> <span class='ocrx_word' id='word_1_687' title='bbox 3295 4428 3577 4501; x_wconf 76' lang='lat' dir='ltr'><strong>religionis</strong></span> 
     </span>
    </p>
   </div>
   <div class='ocr_carea' id='block_1_91' title="bbox 294 4516 1881 4598">
    <p class='ocr_par' dir='ltr' id='par_1_91' title="bbox 294 4526 1874 4598">
     <span class='ocr_line' id='line_1_91' title="bbox 294 4526 1874 4598; baseline 0.001 -18"><span class='ocrx_word' id='word_1_688' title='bbox 294 4529 399 4597; x_wconf 82' lang='grc' dir='ltr'>τῆς</span> <span class='ocrx_word' id='word_1_689' title='bbox 432 4526 714 4589; x_wconf 79' lang='grc' dir='ltr'>εὐσεϐείας</span> <span class='ocrx_word' id='word_1_690' title='bbox 762 4526 1059 4597; x_wconf 80' lang='grc' dir='ltr'>μυστήριον</span> <span class='ocrx_word' id='word_1_691' title='bbox 1102 4526 1376 4590; x_wconf 76' lang='grc' dir='ltr'>ἀσυνέτως</span> <span class='ocrx_word' id='word_1_692' title='bbox 1401 4527 1874 4598; x_wconf 77' lang='grc' dir='ltr'>διερμηνεῦοντες.</span> 
     </span>
    </p>
   </div>
   <div class='ocr_carea' id='block_1_92' title="bbox 1987 4516 3603 4598">
    <p class='ocr_par' dir='ltr' id='par_1_92' title="bbox 1987 4517 3603 4592">
     <span class='ocr_line' id='line_1_92' title="bbox 1987 4517 3603 4592; baseline 0.002 -21"><span class='ocrx_word' id='word_1_693' title='bbox 1987 4517 2300 4589; x_wconf 88' lang='lat' dir='ltr'><strong>mysterium</strong></span> <span class='ocrx_word' id='word_1_694' title='bbox 2332 4517 2582 4586; x_wconf 86' lang='lat' dir='ltr'><strong>imperite</strong></span> <span class='ocrx_word' id='word_1_695' title='bbox 2607 4518 2968 4587; x_wconf 85' lang='lat' dir='ltr'><strong>explicantes.</strong></span> <span class='ocrx_word' id='word_1_696' title='bbox 3010 4518 3180 4573; x_wconf 81' lang='lat' dir='ltr'><strong>Aiunt</strong></span> <span class='ocrx_word' id='word_1_697' title='bbox 3226 4521 3397 4588; x_wconf 88' lang='lat' dir='ltr'><strong>enim,</strong></span> <span class='ocrx_word' id='word_1_698' title='bbox 3433 4524 3603 4592; x_wconf 59' lang='lat' dir='ltr'><strong>quod.</strong></span> 
     </span>
    </p>
   </div>
   <div class='ocr_carea' id='block_1_93' title="bbox 292 4614 1877 4687">
    <p class='ocr_par' dir='ltr' id='par_1_93' title="bbox 292 4614 1877 4687">
     <span class='ocr_line' id='line_1_93' title="bbox 292 4614 1877 4687; baseline 0 -18"><span class='ocrx_word' id='word_1_699' title='bbox 292 4617 436 4669; x_wconf 67' lang='grc' dir='ltr'>Φασὶ</span> <span class='ocrx_word' id='word_1_700' title='bbox 466 4616 570 4685; x_wconf 76' lang='grc' dir='ltr'><strong>γὰρ</strong></span> <span class='ocrx_word' id='word_1_701' title='bbox 597 4615 672 4677; x_wconf 84' lang='grc' dir='ltr'>ὡς</span> <span class='ocrx_word' id='word_1_702' title='bbox 698 4616 727 4667; x_wconf 89' lang='grc' dir='ltr'>ὁ</span> <span class='ocrx_word' id='word_1_703' title='bbox 755 4614 888 4678; x_wconf 83' lang='grc' dir='ltr'>Θεὸς</span> <span class='ocrx_word' id='word_1_704' title='bbox 914 4614 1084 4683; x_wconf 85' lang='grc' dir='ltr'>Λόγος</span> <span class='ocrx_word' id='word_1_705' title='bbox 1111 4615 1402 4685; x_wconf 77' lang='grc' dir='ltr'>ἄνθρωπον</span> <span class='ocrx_word' id='word_1_706' title='bbox 1432 4616 1623 4687; x_wconf 77' lang='grc' dir='ltr'>εἴληφε</span> <span class='ocrx_word' id='word_1_707' title='bbox 1646 4617 1877 4683; x_wconf 78' lang='grc' dir='ltr'>τέλειον,</span> 
     </span>
    </p>
   </div>
   <div class='ocr_carea' id='block_1_94' title="bbox 294 4706 1878 4781">
    <p class='ocr_par' dir='ltr' id='par_1_94' title="bbox 294 4706 1878 4781">
     <span class='ocr_line' id='line_1_94' title="bbox 294 4706 1878 4781; baseline 0.001 -20"><span class='ocrx_word' id='word_1_708' title='bbox 294 4708 364 4761; x_wconf 49' lang='lat' dir='ltr'><strong>ex</strong></span> <span class='ocrx_word' id='word_1_709' title='bbox 396 4708 709 4778; x_wconf 82' lang='grc' dir='ltr'>σπέρματος</span> <span class='ocrx_word' id='word_1_710' title='bbox 744 4706 875 4761; x_wconf 74' lang='grc' dir='ltr'>ὄντα</span> <span class='ocrx_word' id='word_1_711' title='bbox 907 4707 1161 4780; x_wconf 76' lang='grc' dir='ltr'>Ἀϐραάμ</span> <span class='ocrx_word' id='word_1_712' title='bbox 1217 4709 1312 4762; x_wconf 73' lang='grc' dir='ltr'>καὶ</span> <span class='ocrx_word' id='word_1_713' title='bbox 1364 4709 1547 4777; x_wconf 72' lang='grc' dir='ltr'>Δαϐὶδ,</span> <span class='ocrx_word' id='word_1_714' title='bbox 1602 4710 1749 4763; x_wconf 82' lang='grc' dir='ltr'>κατὰ</span> <span class='ocrx_word' id='word_1_715' title='bbox 1778 4711 1878 4781; x_wconf 78' lang='grc' dir='ltr'>τὴν</span> 
     </span>
    </p>
   </div>
   <div class='ocr_carea' id='block_1_95' title="bbox 302 4797 1878 4874">
    <p class='ocr_par' dir='ltr' id='par_1_95' title="bbox 302 4797 1878 4874">
     <span class='ocr_line' id='line_1_95' title="bbox 302 4797 1878 4874; baseline -0.001 -18"><span class='ocrx_word' id='word_1_716' title='bbox 302 4800 644 4871; x_wconf 72' lang='grc' dir='ltr'><strong>1ῖιιιγόρευσιν</strong></span> <span class='ocrx_word' id='word_1_717' title='bbox 669 4797 779 4852; x_wconf 85' lang='grc' dir='ltr'><strong>τῶν</strong></span> <span class='ocrx_word' id='word_1_718' title='bbox 808 4799 1061 4870; x_wconf 79' lang='grc' dir='ltr'>Γραφῶν,</span> <span class='ocrx_word' id='word_1_719' title='bbox 1093 4800 1253 4853; x_wconf 86' lang='grc' dir='ltr'>τοῦτο</span> <span class='ocrx_word' id='word_1_720' title='bbox 1281 4800 1410 4853; x_wconf 76' lang='grc' dir='ltr'>ὄντα</span> <span class='ocrx_word' id='word_1_721' title='bbox 1430 4800 1529 4871; x_wconf 80' lang='grc' dir='ltr'>τὴν</span> <span class='ocrx_word' id='word_1_722' title='bbox 1552 4799 1716 4865; x_wconf 77' lang='grc' dir='ltr'>φύσιν</span> <span class='ocrx_word' id='word_1_723' title='bbox 1739 4804 1878 4874; x_wconf 82' lang='grc' dir='ltr'>ὅπερ</span> 
     </span>
    </p>
   </div>
   <div class='ocr_carea' id='block_1_96' title="bbox 293 4882 1875 4962">
    <p class='ocr_par' dir='ltr' id='par_1_96' title="bbox 293 4882 1875 4962">
     <span class='ocr_line' id='line_1_96' title="bbox 293 4882 1875 4962; baseline 0.002 -21"><span class='ocrx_word' id='word_1_724' title='bbox 293 4887 439 4959; x_wconf 80' lang='grc' dir='ltr'>ἦσαν</span> <span class='ocrx_word' id='word_1_725' title='bbox 474 4892 694 4951; x_wconf 67' lang='grc' dir='ltr'>ἐκεῖνοι,</span> <span class='ocrx_word' id='word_1_726' title='bbox 740 4882 927 4961; x_wconf 81' lang='grc' dir='ltr'>ὧνπερ</span> <span class='ocrx_word' id='word_1_727' title='bbox 976 4890 1043 4942; x_wconf 78' lang='grc' dir='ltr'>ἐκ</span> <span class='ocrx_word' id='word_1_728' title='bbox 1089 4889 1403 4961; x_wconf 83' lang='grc' dir='ltr'>σπέρματος</span> <span class='ocrx_word' id='word_1_729' title='bbox 1453 4886 1543 4960; x_wconf 86' lang='grc' dir='ltr'>ἦν,</span> <span class='ocrx_word' id='word_1_730' title='bbox 1586 4890 1875 4962; x_wconf 79' lang='grc' dir='ltr'>ἄνθρωπον</span> 
     </span>
    </p>
   </div>
   <div class='ocr_carea' id='block_1_97' title="bbox 296 4980 1875 5055">
    <p class='ocr_par' dir='ltr' id='par_1_97' title="bbox 296 4980 1875 5055">
     <span class='ocr_line' id='line_1_97' title="bbox 296 4980 1875 5055; baseline 0.002 -23"><span class='ocrx_word' id='word_1_731' title='bbox 296 4983 504 5034; x_wconf 77' lang='grc' dir='ltr'>τέλειον</span> <span class='ocrx_word' id='word_1_732' title='bbox 535 4980 634 5051; x_wconf 79' lang='grc' dir='ltr'><strong>τὴν</strong></span> <span class='ocrx_word' id='word_1_733' title='bbox 662 4980 845 5049; x_wconf 80' lang='grc' dir='ltr'>φύσιν,</span> <span class='ocrx_word' id='word_1_734' title='bbox 874 4982 939 5033; x_wconf 83' lang='grc' dir='ltr'>ὲκ</span> <span class='ocrx_word' id='word_1_735' title='bbox 970 4980 1151 5051; x_wconf 77' lang='grc' dir='ltr'>ψυχῆς</span> <span class='ocrx_word' id='word_1_736' title='bbox 1202 5000 1262 5035; x_wconf 83' lang='grc' dir='ltr'><strong>τε</strong></span> <span class='ocrx_word' id='word_1_737' title='bbox 1294 4984 1490 5053; x_wconf 74' lang='grc' dir='ltr'>νοερᾶς</span> <span class='ocrx_word' id='word_1_738' title='bbox 1534 4985 1628 5035; x_wconf 78' lang='grc' dir='ltr'>καὶ</span> <span class='ocrx_word' id='word_1_739' title='bbox 1672 4984 1875 5055; x_wconf 80' lang='grc' dir='ltr'>σαρκὸς</span> 
     </span>
    </p>
   </div>
   <div class='ocr_carea' id='block_1_98' title="bbox 299 5072 1879 5146">
    <p class='ocr_par' dir='ltr' id='par_1_98' title="bbox 299 5072 1879 5146">
     <span class='ocr_line' id='line_1_98' title="bbox 299 5072 1879 5146; baseline 0.003 -21"><span class='ocrx_word' id='word_1_740' title='bbox 299 5072 613 5127; x_wconf 76' lang='grc' dir='ltr'>συνεστῶτα</span> <span class='ocrx_word' id='word_1_741' title='bbox 634 5072 1005 5143; x_wconf 80' lang='grc' dir='ltr'>ἀνθρωπίνης,</span> <span class='ocrx_word' id='word_1_742' title='bbox 1036 5074 1094 5126; x_wconf 85' lang='grc' dir='ltr'>ὃν</span> <span class='ocrx_word' id='word_1_743' title='bbox 1124 5073 1410 5144; x_wconf 80' lang='grc' dir='ltr'>ἄνθρωπον</span> <span class='ocrx_word' id='word_1_744' title='bbox 1428 5075 1557 5127; x_wconf 79' lang='grc' dir='ltr'>ὄντα</span> <span class='ocrx_word' id='word_1_745' title='bbox 1584 5076 1705 5129; x_wconf 82' lang='grc' dir='ltr'>καθ’</span> <span class='ocrx_word' id='word_1_746' title='bbox 1731 5078 1879 5146; x_wconf 80' lang='grc' dir='ltr'>ἡμᾶς</span> 
     </span>
    </p>
   </div>
   <div class='ocr_carea' id='block_1_99' title="bbox 300 5164 1874 5237">
    <p class='ocr_par' dir='ltr' id='par_1_99' title="bbox 300 5164 1874 5237">
     <span class='ocr_line' id='line_1_99' title="bbox 300 5164 1874 5237; baseline 0.002 -19"><span class='ocrx_word' id='word_1_747' title='bbox 300 5169 393 5237; x_wconf 73' lang='grc' dir='ltr'>τὴν</span> <span class='ocrx_word' id='word_1_748' title='bbox 418 5164 604 5234; x_wconf 75' lang='grc' dir='ltr'>φύσιν,</span> <span class='ocrx_word' id='word_1_749' title='bbox 630 5164 947 5236; x_wconf 77' lang='grc' dir='ltr'>Πνεῦματος</span> <span class='ocrx_word' id='word_1_750' title='bbox 978 5166 1134 5235; x_wconf 78' lang='grc' dir='ltr'>ἁγίου</span> <span class='ocrx_word' id='word_1_751' title='bbox 1164 5166 1390 5236; x_wconf 83' lang='grc' dir='ltr'>δυνάμει</span> <span class='ocrx_word' id='word_1_752' title='bbox 1424 5170 1482 5219; x_wconf 84' lang='grc' dir='ltr'>ἐν</span> <span class='ocrx_word' id='word_1_753' title='bbox 1503 5169 1568 5237; x_wconf 83' lang='grc' dir='ltr'>τῇ</span> <span class='ocrx_word' id='word_1_754' title='bbox 1599 5168 1697 5237; x_wconf 83' lang='grc' dir='ltr'>τῆς</span> <span class='ocrx_word' id='word_1_755' title='bbox 1728 5170 1874 5237; x_wconf 82' lang='grc' dir='ltr'>Παρ-</span> 
     </span>
    </p>
   </div>
   <div class='ocr_carea' id='block_1_100' title="bbox 298 5255 1882 5326">
    <p class='ocr_par' dir='ltr' id='par_1_100' title="bbox 298 5255 1882 5326">
     <span class='ocr_line' id='line_1_100' title="bbox 298 5255 1882 5326; baseline 0.003 -19"><span class='ocrx_word' id='word_1_756' title='bbox 298 5258 450 5311; x_wconf 73' lang='grc' dir='ltr'>θένου</span> <span class='ocrx_word' id='word_1_757' title='bbox 487 5255 673 5325; x_wconf 64' lang='grc' dir='ltr'>μήτρᾳ</span> <span class='ocrx_word' id='word_1_758' title='bbox 711 5255 1130 5319; x_wconf 77' lang='grc' dir='ltr'>διαπλασθέντα,</span> <span class='ocrx_word' id='word_1_759' title='bbox 1165 5256 1455 5326; x_wconf 72' lang='grc' dir='ltr'>γενόμενόν</span> <span class='ocrx_word' id='word_1_760' title='bbox 1494 5275 1555 5310; x_wconf 87' lang='grc' dir='ltr'><strong>τε</strong></span> <span class='ocrx_word' id='word_1_761' title='bbox 1586 5260 1650 5311; x_wconf 83' lang='grc' dir='ltr'>ὲκ</span> <span class='ocrx_word' id='word_1_762' title='bbox 1693 5276 1882 5325; x_wconf 84' lang='grc' dir='ltr'>γυναι-</span> 
     </span>
    </p>
   </div>
   <div class='ocr_carea' id='block_1_101' title="bbox 299 5343 1874 5414">
    <p class='ocr_par' dir='ltr' id='par_1_101' title="bbox 299 5343 1874 5414">
     <span class='ocr_line' id='line_1_101' title="bbox 299 5343 1874 5414; baseline 0 -17"><span class='ocrx_word' id='word_1_763' title='bbox 299 5345 411 5407; x_wconf 67' lang='grc' dir='ltr'>κὸς,</span> <span class='ocrx_word' id='word_1_764' title='bbox 442 5344 734 5413; x_wconf 85' lang='grc' dir='ltr'>γενόμενον</span> <span class='ocrx_word' id='word_1_765' title='bbox 774 5343 877 5395; x_wconf 82' lang='grc' dir='ltr'>ὑπό</span> <span class='ocrx_word' id='word_1_766' title='bbox 902 5343 1089 5414; x_wconf 78' lang='grc' dir='ltr'>νόμον,</span> <span class='ocrx_word' id='word_1_767' title='bbox 1126 5344 1212 5396; x_wconf 82' lang='grc' dir='ltr'>ἵνα</span> <span class='ocrx_word' id='word_1_768' title='bbox 1262 5344 1469 5406; x_wconf 79' lang='grc' dir='ltr'>πάντας</span> <span class='ocrx_word' id='word_1_769' title='bbox 1499 5347 1649 5414; x_wconf 78' lang='grc' dir='ltr'>ἡμᾶς</span> <span class='ocrx_word' id='word_1_770' title='bbox 1680 5345 1874 5410; x_wconf 80' lang='grc' dir='ltr'>ἐξαγο-</span> 
     </span>
    </p>
   </div>
   <div class='ocr_carea' id='block_1_102' title="bbox 300 5434 1875 5508">
    <p class='ocr_par' dir='ltr' id='par_1_102' title="bbox 300 5434 1875 5508">
     <span class='ocr_line' id='line_1_102' title="bbox 300 5434 1875 5508; baseline 0 -19"><span class='ocrx_word' id='word_1_771' title='bbox 300 5436 443 5508; x_wconf 80' lang='grc' dir='ltr'>ράσῃ</span> <span class='ocrx_word' id='word_1_772' title='bbox 487 5435 588 5504; x_wconf 73' lang='grc' dir='ltr'>τῆς</span> <span class='ocrx_word' id='word_1_773' title='bbox 618 5434 712 5486; x_wconf 84' lang='grc' dir='ltr'><strong>τοῦ</strong></span> <span class='ocrx_word' id='word_1_774' title='bbox 756 5435 919 5505; x_wconf 80' lang='grc' dir='ltr'>νόμου</span> <span class='ocrx_word' id='word_1_775' title='bbox 975 5436 1239 5499; x_wconf 74' lang='grc' dir='ltr'>δουλείας,</span> <span class='ocrx_word' id='word_1_776' title='bbox 1282 5435 1379 5505; x_wconf 77' lang='grc' dir='ltr'>τὴν</span> <span class='ocrx_word' id='word_1_777' title='bbox 1423 5437 1705 5506; x_wconf 65' lang='grc' dir='ltr'>πόρρωθεν</span> <span class='ocrx_word' id='word_1_778' title='bbox 1744 5454 1875 5506; x_wconf 74' lang='grc' dir='ltr'>τερο-</span> 
     </span>
    </p>
   </div>
   <div class='ocr_carea' id='block_1_103' title="bbox 297 5522 1875 5593">
    <p class='ocr_par' dir='ltr' id='par_1_103' title="bbox 297 5522 1875 5593">
     <span class='ocr_line' id='line_1_103' title="bbox 297 5522 1875 5593; baseline 0.001 -17"><span class='ocrx_word' id='word_1_779' title='bbox 297 5523 608 5592; x_wconf 78' lang='grc' dir='ltr'>ωρισμένην</span> <span class='ocrx_word' id='word_1_780' title='bbox 653 5522 924 5577; x_wconf 84' lang='grc' dir='ltr'>υἱοθεσίαν</span> <span class='ocrx_word' id='word_1_781' title='bbox 956 5526 1350 5589; x_wconf 67' lang='grc' dir='ltr'>ἀπολαϐόντας,</span> <span class='ocrx_word' id='word_1_782' title='bbox 1396 5526 1595 5587; x_wconf 68' lang='grc' dir='ltr'>καινῶς</span> <span class='ocrx_word' id='word_1_783' title='bbox 1640 5526 1875 5593; x_wconf 58' lang='grc' dir='ltr'>συνῆζξεν</span> 
     </span>
    </p>
   </div>
   <div class='ocr_carea' id='block_1_104' title="bbox 295 5615 1871 5687">
    <p class='ocr_par' dir='ltr' id='par_1_104' title="bbox 295 5615 1871 5687">
     <span class='ocr_line' id='line_1_104' title="bbox 295 5615 1871 5687; baseline -0.001 -18"><span class='ocrx_word' id='word_1_784' title='bbox 295 5615 495 5685; x_wconf 62' lang='grc' dir='ltr'>ἑαυτῳ,</span> <span class='ocrx_word' id='word_1_785' title='bbox 543 5616 774 5669; x_wconf 71' lang='grc' dir='ltr'>θανάτου</span> <span class='ocrx_word' id='word_1_786' title='bbox 808 5616 906 5687; x_wconf 73' lang='grc' dir='ltr'>μὲν</span> <span class='ocrx_word' id='word_1_787' title='bbox 964 5617 1139 5681; x_wconf 66' lang='grc' dir='ltr'>αὑτὸν,</span> <span class='ocrx_word' id='word_1_788' title='bbox 1184 5618 1321 5671; x_wconf 62' lang='grc' dir='ltr'>κατὰ</span> <span class='ocrx_word' id='word_1_789' title='bbox 1357 5621 1515 5686; x_wconf 62' lang='grc' dir='ltr'>νόμον</span> <span class='ocrx_word' id='word_1_790' title='bbox 1552 5619 1871 5686; x_wconf 72' lang='grc' dir='ltr'>ἐινθριῐιπων,</span> 
     </span>
    </p>
   </div>
   <div class='ocr_carea' id='block_1_105' title="bbox 369 5729 918 5793">
    <p class='ocr_par' dir='ltr' id='par_1_105' title="bbox 369 5729 918 5793">
     <span class='ocr_line' id='line_1_105' title="bbox 369 5729 918 5793; baseline 0 -12"><span class='ocrx_word' id='word_1_791' title='bbox 369 5733 412 5762; x_wconf 75' lang='grc'><strong>⁷⁸</strong></span> <span class='ocrx_word' id='word_1_792' title='bbox 447 5730 608 5782; x_wconf 83' lang='lat' dir='ltr'><strong>llehr.</strong></span> <span class='ocrx_word' id='word_1_793' title='bbox 650 5746 707 5793; x_wconf 89' lang='grc' dir='ltr'><strong>ιι,</strong></span> <span class='ocrx_word' id='word_1_794' title='bbox 746 5729 827 5782; x_wconf 68' lang='grc' dir='ltr'><strong>ιὲ.</strong></span> <span class='ocrx_word' id='word_1_795' title='bbox 910 5736 918 5761; x_wconf 65' lang='grc' dir='ltr'><strong>ν’</strong></span> 
     </span>
    </p>
   </div>
   <div class='ocr_carea' id='block_1_106' title="bbox 298 5801 832 5864">
    <p class='ocr_par' dir='ltr' id='par_1_106' title="bbox 298 5801 832 5864">
     <span class='ocr_line' id='line_1_106' title="bbox 298 5801 832 5864; baseline -0.006 -8"><span class='ocrx_word' id='word_1_796' title='bbox 298 5802 342 5824; x_wconf 73' lang='grc'><strong>’⁷⁵</strong></span> <span class='ocrx_word' id='word_1_797' title='bbox 372 5802 545 5856; x_wconf 67' lang='lat' dir='ltr'><strong>Uulnl.</strong></span> <span class='ocrx_word' id='word_1_798' title='bbox 588 5817 657 5864; x_wconf 73' lang='lat' dir='ltr'><strong>tt‘,</strong></span> <span class='ocrx_word' id='word_1_799' title='bbox 698 5803 747 5857; x_wconf 77' lang='lat' dir='ltr'><strong>-i.</strong></span> <span class='ocrx_word' id='word_1_800' title='bbox 790 5801 832 5847; x_wconf 64' lang='grc' dir='ltr'><strong>’έ-</strong></span> 
     </span>
    </p>
   </div>
   <div class='ocr_carea' id='block_1_107' title="bbox 986 5730 1469 5788">
    <p class='ocr_par' dir='ltr' id='par_1_107' title="bbox 986 5730 1469 5788">
     <span class='ocr_line' id='line_1_107' title="bbox 986 5730 1469 5788; baseline -0.008 -5"><span class='ocrx_word' id='word_1_801' title='bbox 986 5730 1102 5784; x_wconf 70' lang='lat' dir='ltr'><strong>I‘.~;tl</strong></span> <span class='ocrx_word' id='word_1_802' title='bbox 1178 5748 1314 5783; x_wconf 49' lang='grc' dir='ltr'>χιιι,</span> <span class='ocrx_word' id='word_1_803' title='bbox 1349 5732 1395 5788; x_wconf 74' lang='lat'><strong>7,</strong></span> <span class='ocrx_word' id='word_1_804' title='bbox 1438 5733 1469 5782; x_wconf 71' lang='lat'><strong>3</strong></span> 
     </span>
    </p>
   </div>
   <div class='ocr_carea' id='block_1_108' title="bbox 1625 5730 1984 5793">
    <p class='ocr_par' dir='ltr' id='par_1_108' title="bbox 1625 5730 1984 5793">
     <span class='ocr_line' id='line_1_108' title="bbox 1625 5730 1984 5793; baseline 0.014 -15"><span class='ocrx_word' id='word_1_805' title='bbox 1625 5730 1796 5784; x_wconf 70' lang='lat' dir='ltr'><strong>‘Juntt</strong></span> <span class='ocrx_word' id='word_1_806' title='bbox 1859 5750 1891 5793; x_wconf 67' lang='grc' dir='ltr'><strong>ι,</strong></span> <span class='ocrx_word' id='word_1_807' title='bbox 1931 5736 1984 5787; x_wconf 76' lang='grc' dir='ltr'>Η</span> 
     </span>
    </p>
   </div>
   <div class='ocr_carea' id='block_1_109' title="bbox 1987 4605 3576 4678">
    <p class='ocr_par' dir='ltr' id='par_1_109' title="bbox 1987 4605 3576 4678">
     <span class='ocr_line' id='line_1_109' title="bbox 1987 4605 3576 4678; baseline 0.003 -15"><span class='ocrx_word' id='word_1_808' title='bbox 1987 4610 2126 4663; x_wconf 89' lang='lat' dir='ltr'><strong>Deus</strong></span> <span class='ocrx_word' id='word_1_809' title='bbox 2161 4605 2398 4661; x_wconf 83' lang='lat' dir='ltr'><strong>Verbum</strong></span> <span class='ocrx_word' id='word_1_810' title='bbox 2454 4607 2730 4662; x_wconf 89' lang='lat' dir='ltr'><strong>hominem</strong></span> <span class='ocrx_word' id='word_1_811' title='bbox 2778 4609 3011 4676; x_wconf 90' lang='lat' dir='ltr'><strong>sumpsit</strong></span> <span class='ocrx_word' id='word_1_812' title='bbox 3059 4608 3383 4678; x_wconf 85' lang='lat' dir='ltr'><strong>perfectum,</strong></span> <span class='ocrx_word' id='word_1_813' title='bbox 3427 4615 3576 4668; x_wconf 78' lang='lat' dir='ltr'><strong>exsi-</strong></span> 
     </span>
    </p>
   </div>
   <div class='ocr_carea' id='block_1_110' title="bbox 1983 4697 3575 4764">
    <p class='ocr_par' dir='ltr' id='par_1_110' title="bbox 1983 4697 3575 4764">
     <span class='ocr_line' id='line_1_110' title="bbox 1983 4697 3575 4764; baseline 0.002 -11"><span class='ocrx_word' id='word_1_814' title='bbox 1983 4708 2213 4753; x_wconf 87' lang='lat' dir='ltr'><strong>stentem</strong></span> <span class='ocrx_word' id='word_1_815' title='bbox 2240 4713 2305 4752; x_wconf 77' lang='lat' dir='ltr'><strong>ex</strong></span> <span class='ocrx_word' id='word_1_816' title='bbox 2343 4697 2552 4752; x_wconf 79' lang='lat' dir='ltr'><strong>semine</strong></span> <span class='ocrx_word' id='word_1_817' title='bbox 2580 4698 2812 4753; x_wconf 82' lang='lat' dir='ltr'><strong>Abrahae</strong></span> <span class='ocrx_word' id='word_1_818' title='bbox 2841 4707 2894 4753; x_wconf 93' lang='lat' dir='ltr'><strong>ct</strong></span> <span class='ocrx_word' id='word_1_819' title='bbox 2921 4698 3087 4751; x_wconf 87' lang='lat' dir='ltr'><strong>David</strong></span> <span class='ocrx_word' id='word_1_820' title='bbox 3118 4700 3186 4764; x_wconf 76' lang='grc'><strong>⁷⁸,</strong></span> <span class='ocrx_word' id='word_1_821' title='bbox 3218 4700 3289 4753; x_wconf 86' lang='lat' dir='ltr'><strong>ita</strong></span> <span class='ocrx_word' id='word_1_822' title='bbox 3326 4711 3384 4755; x_wconf 93' lang='lat' dir='ltr'><strong>ut</strong></span> <span class='ocrx_word' id='word_1_823' title='bbox 3410 4703 3575 4757; x_wconf 82' lang='lat' dir='ltr'><strong>edixit</strong></span> 
     </span>
    </p>
   </div>
   <div class='ocr_carea' id='block_1_111' title="bbox 1985 4789 3576 4860">
    <p class='ocr_par' dir='ltr' id='par_1_111' title="bbox 1985 4789 3576 4860">
     <span class='ocr_line' id='line_1_111' title="bbox 1985 4789 3576 4860; baseline 0.003 -16"><span class='ocrx_word' id='word_1_824' title='bbox 1985 4790 2291 4858; x_wconf 87' lang='lat' dir='ltr'><strong>Scriptura,</strong></span> <span class='ocrx_word' id='word_1_825' title='bbox 2331 4789 2381 4843; x_wconf 91' lang='lat' dir='ltr'><strong>id</strong></span> <span class='ocrx_word' id='word_1_826' title='bbox 2403 4790 2579 4858; x_wconf 87' lang='lat' dir='ltr'><strong>ipsum</strong></span> <span class='ocrx_word' id='word_1_827' title='bbox 2619 4799 2810 4844; x_wconf 87' lang='lat' dir='ltr'><strong>natura</strong></span> <span class='ocrx_word' id='word_1_828' title='bbox 2855 4791 3233 4857; x_wconf 86' lang='lat' dir='ltr'><strong>exsistentem,</strong></span> <span class='ocrx_word' id='word_1_829' title='bbox 3275 4793 3576 4860; x_wconf 81' lang='lat' dir='ltr'><strong>quod&#39;fuc-</strong></span> 
     </span>
    </p>
   </div>
   <div class='ocr_carea' id='block_1_112' title="bbox 1983 4882 3572 4955">
    <p class='ocr_par' dir='ltr' id='par_1_112' title="bbox 1983 4882 3572 4955">
     <span class='ocr_line' id='line_1_112' title="bbox 1983 4882 3572 4955; baseline 0.002 -18"><span class='ocrx_word' id='word_1_830' title='bbox 1983 4892 2107 4937; x_wconf 86' lang='lat' dir='ltr'><strong>rant</strong></span> <span class='ocrx_word' id='word_1_831' title='bbox 2140 4882 2213 4935; x_wconf 89' lang='lat' dir='ltr'><strong>illi</strong></span> <span class='ocrx_word' id='word_1_832' title='bbox 2243 4896 2521 4951; x_wconf 88' lang='lat' dir='ltr'><strong>equorum</strong></span> <span class='ocrx_word' id='word_1_833' title='bbox 2557 4883 2763 4937; x_wconf 90' lang='lat' dir='ltr'><strong>semine</strong></span> <span class='ocrx_word' id='word_1_834' title='bbox 2789 4891 2906 4937; x_wconf 84' lang='lat' dir='ltr'><strong>erat</strong></span> <span class='ocrx_word' id='word_1_835' title='bbox 2936 4883 3003 4947; x_wconf 83' lang='grc'><strong>’⁷,</strong></span> <span class='ocrx_word' id='word_1_836' title='bbox 3045 4884 3318 4939; x_wconf 89' lang='lat' dir='ltr'><strong>hominem</strong></span> <span class='ocrx_word' id='word_1_837' title='bbox 3363 4888 3572 4955; x_wconf 84' lang='lat' dir='ltr'><strong>perfec-</strong></span> 
     </span>
    </p>
   </div>
   <div class='ocr_carea' id='block_1_113' title="bbox 1986 4974 3575 5045">
    <p class='ocr_par' dir='ltr' id='par_1_113' title="bbox 1986 4974 3575 5045">
     <span class='ocr_line' id='line_1_113' title="bbox 1986 4974 3575 5045; baseline 0.001 -15"><span class='ocrx_word' id='word_1_838' title='bbox 1986 4984 2095 5030; x_wconf 87' lang='lat' dir='ltr'><strong>tqu</strong></span> <span class='ocrx_word' id='word_1_839' title='bbox 2120 4984 2337 5040; x_wconf 80' lang='lat' dir='ltr'><strong>natura,</strong></span> <span class='ocrx_word' id='word_1_840' title='bbox 2363 4990 2427 5029; x_wconf 73' lang='lat' dir='ltr'><strong>ex</strong></span> <span class='ocrx_word' id='word_1_841' title='bbox 2455 4974 2635 5028; x_wconf 87' lang='lat' dir='ltr'><strong>anima</strong></span> <span class='ocrx_word' id='word_1_842' title='bbox 2668 4974 3002 5045; x_wconf 85' lang='lat' dir='ltr'><strong>intelligente</strong></span> <span class='ocrx_word' id='word_1_843' title='bbox 3038 4986 3094 5030; x_wconf 86' lang='lat' dir='ltr'><strong>et</strong></span> <span class='ocrx_word' id='word_1_844' title='bbox 3146 4990 3313 5032; x_wconf 86' lang='lat' dir='ltr'><strong>carne</strong></span> <span class='ocrx_word' id='word_1_845' title='bbox 3340 4978 3575 5032; x_wconf 81' lang='lat' dir='ltr'><strong>humana</strong></span> 
     </span>
    </p>
   </div>
   <div class='ocr_carea' id='block_1_114' title="bbox 1983 5067 3574 5141">
    <p class='ocr_par' dir='ltr' id='par_1_114' title="bbox 1983 5067 3574 5141">
     <span class='ocr_line' id='line_1_114' title="bbox 1983 5067 3574 5141; baseline 0.002 -17"><span class='ocrx_word' id='word_1_846' title='bbox 1983 5079 2344 5133; x_wconf 79' lang='lat' dir='ltr'><strong>constantem,</strong></span> <span class='ocrx_word' id='word_1_847' title='bbox 2369 5083 2526 5135; x_wconf 88' lang='lat' dir='ltr'><strong>quem</strong></span> <span class='ocrx_word' id='word_1_848' title='bbox 2547 5067 2763 5136; x_wconf 86' lang='lat' dir='ltr'><strong>quidem</strong></span> <span class='ocrx_word' id='word_1_849' title='bbox 2797 5067 3090 5130; x_wconf 84' lang='lat' dir='ltr'><strong>hominem.</strong></span> <span class='ocrx_word' id='word_1_850' title='bbox 3118 5085 3240 5125; x_wconf 89' lang='lat' dir='ltr'><strong>eunt</strong></span> <span class='ocrx_word' id='word_1_851' title='bbox 3263 5084 3408 5126; x_wconf 86' lang='lat' dir='ltr'><strong>esset</strong></span> <span class='ocrx_word' id='word_1_852' title='bbox 3435 5072 3574 5141; x_wconf 81' lang='lat' dir='ltr'><strong>ejus-</strong></span> 
     </span>
    </p>
   </div>
   <div class='ocr_carea' id='block_1_115' title="bbox 1978 5160 3575 5239">
    <p class='ocr_par' dir='ltr' id='par_1_115' title="bbox 1978 5160 3575 5239">
     <span class='ocr_line' id='line_1_115' title="bbox 1978 5160 3575 5239; baseline 0 -24"><span class='ocrx_word' id='word_1_853' title='bbox 1978 5162 2106 5239; x_wconf 80' lang='lat' dir='ltr'><strong>_dem</strong></span> <span class='ocrx_word' id='word_1_854' title='bbox 2154 5162 2441 5215; x_wconf 85' lang='lat' dir='ltr'><strong>nobiscum</strong></span> <span class='ocrx_word' id='word_1_855' title='bbox 2496 5170 2725 5225; x_wconf 74' lang='lat' dir='ltr'><strong>naturce,</strong></span> <span class='ocrx_word' id='word_1_856' title='bbox 2775 5160 3011 5230; x_wconf 86' lang='lat' dir='ltr'><strong>Spiritus</strong></span> <span class='ocrx_word' id='word_1_857' title='bbox 3060 5163 3234 5218; x_wconf 82' lang='lat' dir='ltr'><strong>sancti</strong></span> <span class='ocrx_word' id='word_1_858' title='bbox 3275 5165 3472 5219; x_wconf 84' lang='lat' dir='ltr'><strong>virtute</strong></span> <span class='ocrx_word' id='word_1_859' title='bbox 3524 5165 3575 5217; x_wconf 91' lang='lat' dir='ltr'><strong>in</strong></span> 
     </span>
    </p>
   </div>
   <div class='ocr_carea' id='block_1_116' title="bbox 1990 5252 3575 5325">
    <p class='ocr_par' dir='ltr' id='par_1_116' title="bbox 1990 5252 3575 5325">
     <span class='ocr_line' id='line_1_116' title="bbox 1990 5252 3575 5325; baseline 0.002 -19"><span class='ocrx_word' id='word_1_860' title='bbox 1990 5264 2146 5307; x_wconf 87' lang='lat' dir='ltr'><strong>utero</strong></span> <span class='ocrx_word' id='word_1_861' title='bbox 2180 5253 2416 5322; x_wconf 78' lang='lat' dir='ltr'><strong>Virginis</strong></span> <span class='ocrx_word' id='word_1_862' title='bbox 2462 5252 2775 5316; x_wconf 86' lang='lat' dir='ltr'><strong>formatum,</strong></span> <span class='ocrx_word' id='word_1_863' title='bbox 2823 5252 3026 5307; x_wconf 83' lang='lat' dir='ltr'><strong>factum</strong></span> <span class='ocrx_word' id='word_1_864' title='bbox 3070 5254 3172 5308; x_wconf 84' lang='lat' dir='ltr'><strong>sub</strong></span> <span class='ocrx_word' id='word_1_865' title='bbox 3203 5255 3338 5325; x_wconf 79' lang='lat' dir='ltr'><strong>lege,</strong></span> <span class='ocrx_word' id='word_1_866' title='bbox 3380 5265 3437 5308; x_wconf 93' lang='lat' dir='ltr'><strong>ut</strong></span> <span class='ocrx_word' id='word_1_867' title='bbox 3478 5274 3575 5309; x_wconf 81' lang='lat' dir='ltr'><strong>nos</strong></span> 
     </span>
    </p>
   </div>
   <div class='ocr_carea' id='block_1_117' title="bbox 1985 5344 3573 5415">
    <p class='ocr_par' dir='ltr' id='par_1_117' title="bbox 1985 5344 3573 5415">
     <span class='ocr_line' id='line_1_117' title="bbox 1985 5344 3573 5415; baseline 0.002 -18"><span class='ocrx_word' id='word_1_868' title='bbox 1985 5360 2175 5400; x_wconf 82' lang='lat' dir='ltr'><strong>omnes</strong></span> <span class='ocrx_word' id='word_1_869' title='bbox 2206 5347 2497 5399; x_wconf 80' lang='lat' dir='ltr'><strong>redinzeret</strong></span> <span class='ocrx_word' id='word_1_870' title='bbox 2525 5359 2553 5396; x_wconf 91' lang='lat' dir='ltr'><strong>a</strong></span> <span class='ocrx_word' id='word_1_871' title='bbox 2584 5344 2844 5400; x_wconf 81' lang='lat' dir='ltr'><strong>servitute</strong></span> <span class='ocrx_word' id='word_1_872' title='bbox 2874 5344 3003 5415; x_wconf 75' lang='lat' dir='ltr'><strong>legis</strong></span> <span class='ocrx_word' id='word_1_873' title='bbox 3026 5346 3093 5411; x_wconf 85' lang='grc'><strong>⁷⁸,</strong></span> <span class='ocrx_word' id='word_1_874' title='bbox 3126 5346 3438 5401; x_wconf 84' lang='lat' dir='ltr'><strong>hliationem</strong></span> <span class='ocrx_word' id='word_1_875' title='bbox 3460 5346 3573 5415; x_wconf 79' lang='lat' dir='ltr'><strong>jam</strong></span> 
     </span>
    </p>
   </div>
   <div class='ocr_carea' id='block_1_118' title="bbox 1986 5438 3572 5506">
    <p class='ocr_par' dir='ltr' id='par_1_118' title="bbox 1986 5438 3572 5506">
     <span class='ocr_line' id='line_1_118' title="bbox 1986 5438 3572 5506; baseline 0.002 -17"><span class='ocrx_word' id='word_1_876' title='bbox 1986 5438 2114 5489; x_wconf 80' lang='lat' dir='ltr'><strong>olim</strong></span> <span class='ocrx_word' id='word_1_877' title='bbox 2146 5438 2578 5506; x_wconf 65' lang='lat' dir='ltr'><strong>pru‘destinatam</strong></span> <span class='ocrx_word' id='word_1_878' title='bbox 2607 5438 2851 5505; x_wconf 83' lang='lat' dir='ltr'><strong>adeptus,</strong></span> <span class='ocrx_word' id='word_1_879' title='bbox 2884 5453 3007 5492; x_wconf 84' lang='lat' dir='ltr'><strong>eum</strong></span> <span class='ocrx_word' id='word_1_880' title='bbox 3032 5438 3335 5492; x_wconf 81' lang='lat' dir='ltr'><strong>admirabili</strong></span> <span class='ocrx_word' id='word_1_881' title='bbox 3367 5441 3572 5493; x_wconf 81' lang='lat' dir='ltr'><strong>ratione</strong></span> 
     </span>
    </p>
   </div>
   <div class='ocr_carea' id='block_1_119' title="bbox 1986 5528 3570 5600">
    <p class='ocr_par' dir='ltr' id='par_1_119' title="bbox 1986 5528 3570 5600">
     <span class='ocr_line' id='line_1_119' title="bbox 1986 5528 3570 5600; baseline 0.003 -20"><span class='ocrx_word' id='word_1_882' title='bbox 1986 5529 2263 5597; x_wconf 65' lang='lat' dir='ltr'><strong>t&#39;utijunsit</strong></span> <span class='ocrx_word' id='word_1_883' title='bbox 2309 5540 2361 5581; x_wconf 84' lang='lat' dir='ltr'><strong>et</strong></span> <span class='ocrx_word' id='word_1_884' title='bbox 2394 5528 2909 5597; x_wconf 73' lang='lat' dir='ltr'><strong>conglutinavitsihi</strong></span> <span class='ocrx_word' id='word_1_885' title='bbox 2936 5569 2950 5592; x_wconf 92' lang='lat'><strong>,</strong></span> <span class='ocrx_word' id='word_1_886' title='bbox 2997 5542 3050 5582; x_wconf 86' lang='lat' dir='ltr'><strong>et</strong></span> <span class='ocrx_word' id='word_1_887' title='bbox 3088 5539 3312 5583; x_wconf 61' lang='lat' dir='ltr'><strong>mortem</strong></span> <span class='ocrx_word' id='word_1_888' title='bbox 3354 5531 3570 5600; x_wconf 77' lang='lat' dir='ltr'><strong>quidem</strong></span> 
     </span>
    </p>
   </div>
   <div class='ocr_carea' id='block_1_120' title="bbox 1990 5621 3567 5687">
    <p class='ocr_par' dir='ltr' id='par_1_120' title="bbox 1990 5621 3567 5687">
     <span class='ocr_line' id='line_1_120' title="bbox 1990 5621 3567 5687; baseline 0.003 -14"><span class='ocrx_word' id='word_1_889' title='bbox 1990 5622 2223 5674; x_wconf 79' lang='lat' dir='ltr'><strong>humano</strong></span> <span class='ocrx_word' id='word_1_890' title='bbox 2251 5637 2398 5673; x_wconf 81' lang='lat' dir='ltr'><strong>more</strong></span> <span class='ocrx_word' id='word_1_891' title='bbox 2418 5622 2567 5674; x_wconf 75' lang='lat' dir='ltr'><strong>obire</strong></span> <span class='ocrx_word' id='word_1_892' title='bbox 2599 5621 2757 5673; x_wconf 73' lang='lat' dir='ltr'><strong>voluit</strong></span> <span class='ocrx_word' id='word_1_893' title='bbox 2784 5622 3101 5687; x_wconf 66' lang='lat' dir='ltr'><strong>,suscituvit</strong></span> <span class='ocrx_word' id='word_1_894' title='bbox 3126 5623 3513 5679; x_wconf 77' lang='lat' dir='ltr'><strong>vcroeutn-lent</strong></span> <span class='ocrx_word' id='word_1_895' title='bbox 3539 5644 3567 5678; x_wconf 74' lang='grc' dir='ltr'>ει</span> 
     </span>
    </p>
   </div>
   <div class='ocr_carea' id='block_1_121' title="bbox 2092 5730 3563 5799">
    <p class='ocr_par' dir='ltr' id='par_1_121' title="bbox 2092 5730 3563 5799">
     <span class='ocr_line' id='line_1_121' title="bbox 2092 5730 3563 5799; baseline 0.003 -15"><span class='ocrx_word' id='word_1_896' title='bbox 2092 5732 2132 5760; x_wconf 63' lang='grc'><strong>⁷⁷’</strong></span> <span class='ocrx_word' id='word_1_897' title='bbox 2166 5732 2291 5787; x_wconf 75' lang='lat' dir='ltr'><strong>ibid.</strong></span> <span class='ocrx_word' id='word_1_898' title='bbox 2336 5732 2412 5782; x_wconf 73' lang='lat' dir='ltr'><strong>iii.</strong></span> <span class='ocrx_word' id='word_1_899' title='bbox 2492 5735 2534 5762; x_wconf 52' lang='lat'><strong>7‘</strong></span> <span class='ocrx_word' id='word_1_900' title='bbox 2561 5730 2716 5786; x_wconf 70' lang='lat' dir='ltr'><strong>Jonn.</strong></span> <span class='ocrx_word' id='word_1_901' title='bbox 2752 5750 2848 5799; x_wconf 69' lang='grc' dir='ltr'>ιιι,</span> <span class='ocrx_word' id='word_1_902' title='bbox 2890 5734 2971 5789; x_wconf 67' lang='lat' dir='ltr'><strong>i2.</strong></span> <span class='ocrx_word' id='word_1_903' title='bbox 3050 5735 3089 5766; x_wconf 72' lang='grc'><strong>⁷²</strong></span> <span class='ocrx_word' id='word_1_904' title='bbox 3128 5736 3165 5787; x_wconf 89' lang='lat' dir='ltr'><strong>ll</strong></span> <span class='ocrx_word' id='word_1_905' title='bbox 3201 5734 3325 5789; x_wconf 69' lang='lat' dir='ltr'><strong>(Zur.</strong></span> <span class='ocrx_word' id='word_1_906' title='bbox 3365 5752 3438 5799; x_wconf 74' lang='grc' dir='ltr'>ιι,</span> <span class='ocrx_word' id='word_1_907' title='bbox 3472 5736 3563 5790; x_wconf 71' lang='lat'><strong>23.</strong></span> 
     </span>
    </p>
   </div>
  </div>
