4006 6446
458 379 600 441 H79
1495 380 1551 436 S.
1592 377 1866 435 CYRILLI
1899 373 2366 432 ALEXANDRINI
2410 372 2727 429 ABCHIEP.
3575 373 3728 431 1280

461 491 713 558 mortuis,
741 497 796 546 et
822 490 997 546 evexit
1025 489 1075 543 in
1106 489 1324 557 caelum,
1361 499 1415 545 et
1439 491 1723 554 collocavit
1765 505 1794 545 a
1832 489 2037 546 dextris

2142 487 2504 557 πειρασθῆναι
2534 488 2978 556 παρασκευάσας,
3021 488 3239 558 ἐγείρας
3281 487 3337 540 δὲ
3374 487 3437 540 ἐκ
3473 487 3719 556 νεκρῶν.

463 579 575 635 Dei.
604 577 756 633 Unde
783 585 838 632 et
867 591 1026 648 supra
1055 591 1270 632 omnem
1302 580 1570 634 exsistens
1593 577 1958 647 Principatum
1982 585 2037 632 et

2139 579 2232 632 καὶ
2258 578 2550 647 ἀναγαγὼν
2589 580 2667 639 εἰς
2690 578 2938 646 οὐρανὸν,
2978 578 3071 630 καὶ
3124 578 3349 640 καθίσας
3402 579 3466 630 ἐκ
3514 578 3721 644 δεξιῶν

461 669 782 734 Potestates,
809 667 1052 724 Virtutes
1081 684 1143 725 ac
1167 669 1591 738 nominationes,
1623 681 1681 727 et
1694 687 1854 742 supra
1876 685 2036 726 omne

2139 667 2230 722 τοῦ
2254 668 2583 722 Θεοῦ.”Οθεν
2607 667 2670 739 δὴ
2707 667 2961 737 ὑπεράνω
3005 669 3184 738 πάσης
3214 669 3472 739 ὑπάρχων
3509 667 3721 740 Ἀρχῆς

460 775 654 815 nomen
697 759 838 830 quod
879 760 1190 816 nominatur
1219 777 1321 816 non
1366 763 1536 818 solum
1583 764 1636 818 in
1671 765 1774 819 hoc
1817 763 2033 831 seculo,

2142 777 2194 813 τε
2223 761 2318 814 καὶ
2350 759 2646 825 Ἐξουσίας,
2673 758 2770 812 καὶ
2797 757 3107 826 Δυνάμεως.
3125 759 3218 812 καὶ
3236 758 3593 828 Κυριότητος,
3619 757 3724 811 καὶ

458 866 643 906 verum
667 854 830 906 etiam
860 853 913 907 in
939 853 1118 909 t‘uturo
1136 855 1277 919 ",ab
1298 856 1444 909 omni
1473 864 1723 912 creatura
1747 857 2034 922 aduratur;

2139 852 2334 914 παντὸς
2360 852 2619 922 ὀνόματος
2645 849 3042 920 ὀνομαζομένου
3072 850 3172 902 οὐκ
3198 851 3256 902 ἐν
3296 849 3373 920 τῷ
3397 849 3553 902 αἰῶνι
3589 849 3721 901 τοῦ-

459 950 644 1010 utpote
671 943 1086 1012 inseparabilem
1117 959 1240 999 cum
1276 944 1458 999 divina
1489 955 1681 1000 natura
1710 947 2039 1017 conjunctio-

2143 959 2210 1012 τῳ
2238 943 2418 1012 μόνον,
2445 942 2580 996 ἀλλά
2607 943 2700 994 καὶ
2735 943 2791 994 ἐν
2819 940 2897 1011 τῷ
2933 939 3199 1010 μέλλοντι,
3223 942 3323 1012 τὴν
3353 940 3503 1011 παρὰ
3527 941 3725 1009 πάσης

459 1051 584 1090 nem
629 1037 856 1101 habens,
893 1035 1141 1106 quodque
1172 1035 1262 1090 Dei
1293 1047 1538 1105 respectu
1567 1047 1732 1106 atque
1764 1039 2038 1094 intellectu

2135 1034 2236 1106 τῆς
2286 1035 2515 1098 κτίσεως
2559 1035 2773 1104 δέχεται
2827 1033 3224 1103 προσκύνησιν,
3276 1035 3352 1096 ὡς
3405 1032 3717 1103 ἀχώριστον

458 1128 636 1183 omnis
683 1136 930 1182 creatura
977 1129 1026 1183 ei
1079 1130 1451 1185 adorationem
1487 1128 1716 1185 deferat.
1765 1130 1930 1200 729
1972 1130 2038 1186 Et

2138 1127 2274 1197 πρὸς
2310 1127 2408 1198 τὴν
2450 1126 2601 1180 θείαν
2627 1126 2786 1196 φύσιν
2815 1126 2954 1196 έχων
2977 1126 3072 1196 τὴν
3120 1125 3435 1192 συνάφειαν,
3463 1125 3720 1195 ἀναφορᾷ

461 1233 633 1288 neque
674 1222 808 1275 duos
849 1221 1076 1276 dicimus
1123 1219 1283 1284 illios,
1351 1234 1525 1291 neque
1571 1221 1706 1277 duos
1763 1223 2033 1278 dominos.

2137 1221 2268 1275 Θεοῦ
2295 1219 2606 1296 καίἐννοίᾳ
2633 1218 2812 1290 πάσης
2839 1220 2987 1290 αὑτῷ
3024 1219 3124 1288 τῆς
3155 1219 3381 1279 κτίσεως
3419 1216 3516 1286 τὴν
3544 1234 3719 1286 προσ-

458 1311 590 1365 Cum
637 1321 814 1365 autem
867 1310 1034 1366 Filius
1084 1313 1155 1366 sit
1212 1311 1507 1367 secundum
1551 1313 1843 1367 essentiam
1897 1313 2037 1369 Deus

2134 1313 2361 1382 κὺνησιν
2380 1310 2780 1380 άπονεμούσης,
2803 1312 2898 1364 καὶ
2919 1311 3040 1365 οὔτε
3073 1310 3168 1362 δύο
3188 1309 3368 1378 φαμὲν
3391 1309 3562 1370 υἰοὺς,
3584 1310 3716 1361 οὔτε

461 1399 716 1467 Verbum,
745 1401 1052 1470 unigenitus
1095 1400 1266 1456 Filius
1292 1400 1490 1468 Patris,
1528 1402 1614 1456 cui
1643 1403 1733 1458 hic
1755 1403 2036 1473 e0pulatus

2132 1403 2227 1458 δύο
2257 1403 2478 1474 κυρίους
2499 1419 2511 1431 ·
2533 1402 2795 1472 ἐπειδὴδὲ
2817 1403 2943 1465 Υἱὸς
2960 1403 3080 1455 κατ’
3101 1401 3288 1454 οὐσίαν
3314 1403 3341 1452 6
3362 1400 3493 1462 Θεὸς
3512 1400 3711 1468 Λόγος,

457 1503 544 1548 est
586 1503 641 1548 et
690 1494 984 1564 particeps,
1029 1509 1371 1550 communem
1410 1495 1568 1550 etiam
1603 1511 1727 1549 cum
1755 1510 1822 1551 eo
1850 1496 2034 1564 appel-

2137 1500 2162 1552 6
2207 1495 2502 1568 μονογενὴς
2534 1496 2662 1558 Υἱὸς
2680 1493 2775 1547 τοῦ
2799 1493 3029 1564 Πατρὸς,
3066 1487 3220 1562 ᾧπερ
3249 1486 3405 1555 οὗτος
3427 1493 3719 1562 συνημμέ-

459 1585 712 1639 lationem
741 1585 1074 1654 gloriamque
1097 1586 1448 1640 nanciscitur.
1475 1584 1538 1638 Et
1566 1587 1824 1641 Dominus
1845 1603 2037 1642 secun-

2135 1607 2221 1654 νος
2245 1606 2303 1642 τε
2334 1590 2429 1642 καὶ
2459 1588 2719 1659 μετέχων,
2746 1587 2994 1640 κοινωνεῖ
3029 1586 3126 1655 rip,
3168 1584 3299 1637 Υίοῦ
3335 1584 3717 1654 προσηγορίας

459 1677 585 1729 dum
617 1676 910 1730 essentiam
945 1677 1083 1730 Deus
1108 1676 1365 1740 Verbum,
1389 1677 1473 1730 cui
1494 1678 1776 1746 capiilatus
1804 1679 1912 1742 hic,
1941 1679 2038 1734 lio-

2137 1683 2229 1736 καὶ
2254 1684 2439 1751 τιμῆς,
2491 1680 2584 1733 καὶ
2619 1679 2824 1749 Κύριος
2861 1680 2981 1732 κατ’
3012 1677 3204 1730 οὐσίαν
3227 1679 3254 1730 6
3283 1677 3416 1740 Θεὸς
3441 1678 3639 1745 Λόγος,
3671 1670 3719 1744 ᾧ

459 1767 603 1820 noris
647 1768 808 1820 etiam
835 1767 1104 1837 particeps
1134 1767 1220 1831 ﬁt,
1249 1775 1412 1834 atque
1455 1769 1653 1823 idcirco
1681 1783 1854 1838 neque
1901 1770 2036 1824 duos

2137 1774 2479 1844 συνημμένος
2499 1765 2673 1835 οὗτος,
2705 1772 2950 1824 κοινωνεί
2968 1770 3063 1839 τῆς
3088 1769 3277 1839 τιμῆς.
3304 1769 3412 1822 Καὶ
3441 1768 3530 1822 διὰ
3553 1768 3719 1821 τοῦτο

456 1857 686 1912 dicimus
719 1832 877 1924 ﬂlios,
930 1832 1106 1926 neque
1131 1858 1266 1914 duos
1292 1832 1555 1914 dominos.
1602 1832 1879 1929 Siquidem
1911 1875 2033 1914 cum

2136 1832 2384 1919 οὑτεμδῦο
2421 1832 2600 1932 φαμὲν
2634 1832 2807 1925 ν-υἰοὺς
2829 1902 2844 1923 ,
2899 1832 3031 1914 οὕτε.
3067 1832 3161 1913 δύο
3209 1832 3456 1930 κυρίους.
3493 1858 3718 1930 Ἐπειδὴ

456 1947 772 2004 manifestus
806 1949 876 2004 sit
903 1949 992 2017 qui
1029 1950 1266 2003 essentia
1314 1964 1407 2003 sua
1442 1960 1526 2005 est
1562 1951 1817 2004 Dominus
1861 1961 1915 2005 et
1944 1951 2034 2005 Fi-

2137 1955 2293 2024 δήλου
2321 1954 2415 2008 τοῦ
2438 1955 2556 2008 κατ’
2589 1953 2773 2006 οὐσίαν
2796 1953 2945 2015 ὄντος
2967 1951 3176 2020 Κυρίου
3203 1945 3297 2003 καί
3328 1949 3480 2014 Υἱοῦ,
3507 1950 3719 2020 ἀχώρι-

459 2036 594 2103 lius,
641 2037 1052 2106 inseparabilem
1087 2039 1294 2093 habens
1338 2055 1460 2094 cum
1497 2054 1562 2095 eo
1595 2040 2033 2109 conjunctiouem

2137 2065 2262 2102 στον
2311 2047 2449 2117 έχων
2478 2045 2576 2116 τὴν
2612 2045 2745 2114 πρὸς
2791 2044 2955 2097 αὑτὸν
2987 2045 3286 2111 συνάφειαν
3315 2045 3344 2096 6
3383 2044 3484 2112 τῆς
3511 2043 3719 2112 ¹ίιμετέ-

458 2127 504 2182 is
532 2129 621 2196 qui
650 2137 846 2183 nostrae
873 2128 1061 2184 salutis
1092 2145 1254 2185 causa
1281 2143 1527 2199 sumptus
1559 2141 1660 2196 est,
1687 2131 1845 2185 simul
1870 2134 2032 2188 etiam

2139 2156 2239 2209 ρας
2273 2139 2546 2211 σωτηρίας
2572 2137 2798 2207 ληφθεὶς
2832 2137 3036 2198 ἕνεκεν,
3083 2133 3515 2204 συναναφέρεται
3548 2137 3614 2205 τῇ
3657 2149 3720 2186 τι

459 2218 685 2273 infertur
729 2228 891 2288 atque
933 2220 1248 2292 intelligitur
1290 2237 1415 2276 cum
1453 2221 1811 2292 appellatione
1871 2233 2034 2294 atque

1969 2240 2034 2280 ite
2135 2227 2397 2299 ὀνομασίᾳ
2430 2228 2522 2281 καὶ
2549 2231 2612 2298 τῆ
2639 2230 2769 2296 τιμῇ
2792 2225 2885 2280 τοῦ
2921 2225 3048 2279 Υἱοῦ
3080 2224 3286 2278 καὶτοῦ
3321 2224 3551 2296 Κυρίου.

456 2309 621 2378 gloria
651 2307 767 2363 Filii
792 2320 846 2365 et
877 2310 1110 2365 Domini.

526 2405 593 2455 A.
630 2399 674 2456 Ο
703 2400 977 2471 ingentem
1005 2402 1331 2471 imperitiam
1367 2413 1532 2475 atque
1559 2408 1822 2462 insaniam
1845 2425 2032 2465 eorum

2209 2405 2270 2457 Α.
2313 2402 2486 2456 Βαὸαὶ
2522 2405 2621 2472 τῆς
2671 2401 2959 2463 ἀσυνεσίας
3007 2399 3099 2452 καὶ
3151 2399 3466 2470 ἐμπλήκτου
3517 2401 3720 2470 φρενὸς

456 2492 546 2563 qui
579 2492 651 2546 ita
686 2507 808 2547 sese
842 2508 954 2548 rem
991 2493 1191 2549 habere
1230 2496 1334 2550 sibi
1373 2499 1734 2566 persuadent!
1784 2501 2034 2556 lneredu-

2137 2495 2244 2549 τῶν
2288 2489 2390 2548 ὧδε
2435 2493 2588 2546 ταῦτ’
2629 2493 2772 2562 ἐχειν
2815 2493 2914 2544 οὑκ
2963 2489 3058 2546 οἷδ’
3099 2494 3244 2554 ὅπως
3295 2491 3715 2561 ὑπειληφότωνί

459 2584 582 2639 litas
607 2586 748 2639 enim
784 2599 930 2639 mera
956 2595 1040 2640 est
1069 2587 1182 2642 hzec
1217 2603 1304 2642 res
1336 2589 1730 2660 itnpiariimque
1768 2593 2036 2647 inventio-

2141 2586 2365 2639 ἀπιστία
2389 2584 2498 2654 γὰρ
2524 2584 2584 2637 τὸ
2611 2584 2820 2654 χρῆμα,
2852 2584 2948 2636 καὶ
2985 2583 3169 2659 ἕτερον
3195 2584 3368 2648 οὐδὲν,
3400 2583 3496 2636 καὶ
3521 2583 3723 2636 δυσσε-

457 2691 584 2730 niiin
619 2677 851 2742 novitas,
886 2686 940 2730 et
969 2679 1133 2732 totius
1164 2679 1360 2734 divinae
1384 2696 1661 2750 sacraeque
1691 2685 2033 2752 prazdii'atio-

2140 2676 2249 2729 ϐῶν
2284 2675 2602 2747 εὑρεμάτων
2630 2673 2908 2743 καινότης,
2952 2673 3046 2726 καὶ
3082 2673 3360 2742 ἀνατροπὴ
3400 2673 3511 2726 τῶν
3558 2671 3722 2724 θείων

457 2769 542 2822 tiis
593 2768 908 2831 subversio,
958 2784 1077 2837 quae
1127 2785 1290 2824 unum
1344 2787 1464 2826 esse
1517 2772 1801 2827 Dominum
1848 2775 2034 2831 Jesum

2141 2785 2197 2820 τε
2239 2768 2333 2820 καί
2381 2765 2540 2834 ἱερῶν
2568 2765 2956 2836 κηρυγμάτων,
2988 2763 3083 2817 ἕνα
3110 2763 3312 2834 Κύριον
3354 2761 3568 2833 Ἰησοῦν
3594 2765 3723 2834 Χρι-

455 2855 729 2909 Christum
777 2854 971 2910 Filium
1019 2856 1111 2911 Dei
1155 2859 1475 2927 proclamat,
1510 2862 1761 2916 nimirum
1802 2863 2034 2919 Verbum

2141 2858 2284 2923 στὸν,
2316 2858 2409 2910 τὸν
2438 2856 2566 2909 Υἰὸν
2592 2854 2685 2908 τοῦ
2719 2854 2853 2907 Θεοῦ
2886 2855 3346 2925 διακεκραγότων,
3382 2855 3473 2907 τὸν
3497 2856 3563 2908 ἐκ
3583 2855 3721 2907 Θεοῦ

455 2962 519 3000 ex
569 2947 676 3000 Deo
711 2947 866 3002 Patre
902 2949 1177 3004 hominem
1224 2951 1424 3004 laetum
1475 2963 1638 3023 atque
1673 2956 2034 3022 inearnatiim,

2141 2949 2353 3018 Πατρὸς
2383 2947 2622 3018 δηλονότι
2661 2947 2827 3013 Λόγον
2864 2945 3360 3015 ἐνανθρωπήσαντα
3389 2947 3484 2998 καί⁸
3518 2962 3718 3015 σεσαρ-

459 3039 532 3091 ita
569 3046 626 3090 ut
653 3037 724 3090 sit
753 3039 864 3106 ipse
915 3036 1057 3093 Deus
1088 3039 1244 3093 simul
1273 3050 1324 3094 et
1349 3041 1542 3105 homo;
1577 3052 1630 3096 et
1661 3041 1820 3096 unius
1857 3045 2034 3096 omnia

2141 3040 2407 3108 κωμένον,
2450 3038 2589 3090 ὥστε
2635 3036 2771 3088 εἶναι
2800 3037 2890 3088 τὸν
2921 3036 3101 3099 αὑτὸν,
3142 3036 3271 3087 Θεὸν
3301 3036 3437 3105 ὁμοῦ
3486 3037 3586 3089 καὶ
3629 3037 3723 3090 ἄν·

458 3127 657 3192 divina,
684 3142 746 3181 ac
782 3140 1040 3196 prmterea
1075 3129 1330 3184 humana.
1367 3131 1462 3186 Hic
1500 3135 1641 3186 enim
1667 3150 1790 3188 cum
1823 3152 2036 3202 semper

2142 3135 2375 3204 θρωπον,
2404 3135 2495 3188 καὶ
2521 3135 2637 3196 ἐνὸς
2657 3133 2722 3186 τά
2753 3132 2930 3185 πάντα
2952 3135 3020 3184 τά
3048 3131 3346 3200 θεοπρεπῆ,
3371 3131 3464 3184 καὶ
3495 3131 3721 3202 προσέτι

456 3219 684 3274 exsistat
725 3229 992 3288 quatenus
1025 3231 1109 3275 est
1149 3221 1310 3285 Deus,
1361 3225 1692 3280 nativitatem
1738 3231 2033 3282 secundum

2141 3227 2210 3279 τὰ
2241 3225 2574 3294 ἀνθρώπινα.
2616 3219 2782 3285 Οὗτος
2813 3224 2920 3294 γὰρ
2946 3224 3206 3292 ὑπάρχων
3229 3223 3314 3275 ἀεὶ
3343 3223 3437 3275 καί
3484 3223 3722 3291 ὑφεστη-

457 3323 675 3364 carnem
708 3327 773 3365 ex
801 3311 1023 3365 muliere
1050 3314 1236 3367 subiit.
1274 3314 1443 3369 Unius
1476 3317 1656 3385 itaque
1703 3330 1861 3387 atque
1896 3319 2035 3387 ejus-

2143 3317 2250 3380 κὼς
2297 3317 2438 3369 κατά
2472 3334 2532 3384 γε
2571 3316 2631 3368 τὸ
2674 3313 2812 3367 εἶναι
2846 3315 2997 3379 Θεὸς,
3049 3314 3308 3384 ὑπέμεινε
3339 3315 3598 3386 γέννησιν
3624 3315 3721 3386 τὴν

457 3403 576 3456 dem
613 3411 716 3466 est,
761 3412 815 3457 et
850 3404 917 3458 ab
957 3413 1162 3458 aeterno
1195 3421 1315 3460 esse
1351 3416 1513 3475 atque
1545 3410 1858 3474 subsistere,
1890 3423 1943 3465 et
1985 3414 2036 3466 in

2142 3411 2280 3462 κατὰ
2325 3410 2502 3479 σάρκα
2554 3411 2618 3460 ἐκ
2670 3408 2945 3474 γυναικός.
3008 3407 3156 3469 Ἐνὸς
3201 3403 3292 3461 οὖν
3331 3409 3438 3477 ἄρα
3487 3409 3580 3460 καὶ
3627 3408 3720 3461 τοῦ

459 3492 660 3546 ultimis
697 3494 1028 3560 temporibus
1069 3495 1362 3549 secundum
1395 3511 1612 3552 carnem
1659 3509 1843 3552 nutum
1891 3515 2031 3554 esse.

2140 3500 2304 3553 αὑτοῦ
2354 3502 2445 3552 καὶ
2480 3501 2539 3552 τὸ
2572 3501 2760 3560 ἁῖδίως
2816 3496 2955 3552 εἶναι
2991 3499 3084 3551 καί.
3137 3500 3474 3566 ὑφεστάναι,
3514 3501 3609 3553 καὶ
3665 3502 3722 3553 ἐν

456 3582 558 3647 Qui
606 3598 727 3637 cum
781 3586 852 3638 sit
898 3595 1118 3640 sanctus
1167 3589 1463 3640 secundum
1517 3599 1804 3650 naturam,
1856 3602 2038 3660 utpote

2141 3595 2388 3663 ἐσχάτοις
2424 3596 2632 3660 καιροῖς
2681 3592 2821 3645 κατὰ
2854 3593 3029 3659 σάρκα
3074 3593 3423 3661 γεννηθῆναι,
3471 3593 3532 3654 ὃς
3567 3595 3719 3661 ἅγιος

459 3673 618 3738 Deus,
656 3674 1026 3730 sanetiilcatus
1048 3686 1129 3732 est
1155 3680 1466 3741 nobiscum,
1497 3690 1766 3747 quatenus
1789 3685 2036 3750 apparuit

2143 3683 2218 3735 ὢν
2264 3684 2402 3737 κατὰ
2447 3682 2607 3750 φύσιν
2638 3681 2712 3744 ὼς
2758 3681 2909 3743 Θεὸς,
2942 3681 3200 3751 ὴγιάζετο
3243 3680 3358 3752 μεθ’
3394 3683 3554 3750 ἡμων
3585 3682 3721 3735 καθὸ

459 3765 638 3828 homo,
672 3765 755 3817 cui
787 3768 1001 3834 proprie
1035 3767 1294 3823 coiivei'iit
1336 3771 1686 3825 satictiﬁcari.
1714 3773 1953 3843 Cumque
1983 3789 2039 3828 iit

2142 3776 2383 3843 πέφηνεν
2415 3774 2716 3843 ἅνθρωπος,
2754 3767 2906 3842 ᾧπερ
2942 3773 3006 3826 ἂν
3040 3774 3241 3842 πρέποι
3272 3772 3331 3824 τὸ
3359 3773 3719 3840 ἁγιάζεαθαι·

458 3865 652 3907 natura
691 3854 948 3909 Dominus
977 3875 1188 3911 summa
1215 3860 1478 3928 dignitate
1507 3863 1816 3927 excelleret,
1853 3866 2035 3918 servili

2142 3867 2233 3917 καὶ
2270 3868 2326 3918 ἐν
2355 3867 2702 3926 Δεσποτικοίς
2740 3865 3000 3933 ὑπάρχων
3044 3863 3336 3934 ἀξιώμασι.
3381 3867 3473 3918 καὶ
3502 3865 3602 3935 τὴν
3627 3867 3717 3919 τοῦ

459 3945 631 3998 forma
679 3955 737 3999 ut
787 3949 1002 4015 pr0pria
1056 3965 1351 4019 assumpta,
1395 3953 1606 4006 Patrem
1662 3971 1814 4008 suum
1872 3956 2036 4009 Deum

2141 3956 2325 4008 δούλου
2365 3957 2574 4025 μορφὴν
2608 3955 2681 4016 ὡς
2714 3955 2846 4007 ἰδίαν
2881 3956 3040 4025 ἔχων,
3070 3955 3204 4007 Θεὸν
3229 3956 3521 4026 ὠνόμαζεν
3554 3955 3718 4009 αὑτοῦ

458 4040 688 4102 vocavit,
714 4049 768 4091 et
800 4055 921 4092 cum
953 4040 1068 4108 ipse
1108 4045 1178 4097 sit
1219 4045 1326 4096 vita
1372 4054 1424 4097 et
1458 4046 1756 4110 viviﬁcaris,
1786 4057 1838 4100 ut
1879 4048 2035 4116 Deus,

2141 4047 2230 4100 τὸν
2249 4047 2483 4117 Πατέρα·
2516 4045 2652 4117 [καὶ]
2675 4045 2783 4115 ζωὴ
2803 4046 2894 4097 καὶ
2914 4047 3174 4110 ζωοποιὸς
3192 4048 3454 4118 ὑπάρχων
3473 4048 3546 4111 ὡς
3564 4048 3714 4112 Θεὸς,

458 4133 757 4185 vivitieatus
791 4150 818 4184 ιι
863 4133 1020 4187 Patre
1050 4150 1169 4189 esse
1214 4138 1430 4202 dicitur,
1458 4152 1722 4206 quatenus
1766 4141 1924 4194 homo
1957 4142 2035 4195 fa-

2141 4135 2518 4201 ζωοποιείσθαι
2557 4137 2776 4203 λέγεται
2821 4137 2971 4207 παρὰ
3001 4138 3096 4190 τοῦ
3130 4140 3340 4208 Πατρὸς
3372 4139 3506 4192 καθὸ
3540 4140 3716 4209 πέφη-

455 4234 573 4276 rtus
600 4235 702 4278 est.
730 4223 920 4278 Omnia
946 4226 1127 4295 itaque
1152 4227 1320 4295 ipsius
1346 4240 1492 4294 sunt,
1516 4241 1570 4283 et
1593 4247 1694 4284 noti
1721 4233 2037 4301 dedignatus

2141 4243 2228 4276 νεν
2251 4227 2552 4295 ἄνθρωπος.
2581 4226 2763 4278 Πάντα
2790 4227 2967 4278 τοίνυν
2993 4228 3154 4279 αὑτοῦ
3175 4266 3186 4288 ,
3218 4229 3307 4280 καὶ
3332 4230 3431 4280 οὑκ
3461 4228 3716 4298 ἀτιμάζει

454 4325 537 4369 est
570 4315 1088 4370 administrationem
1132 4320 1182 4371 in
1223 4335 1404 4385 carne,
1441 4338 1599 4389 quam
1633 4334 1684 4376 et
1727 4325 1891 4379 Pater
1923 4328 2036 4396 ipse

2141 4319 2238 4390 τὴν
2264 4319 2593 4387 οἰκονομίαν,
2610 4321 2674 4387 ἣν
2701 4320 2793 4370 καὶ
2817 4319 2977 4381 αὐτὸς
3004 4318 3262 4388 ἐπῄνεσεν
3281 4322 3307 4372 ὁ
3330 4321 3537 4391 Πατὴρ,
3563 4323 3714 4390 εἰπερ

456 4409 825 4476 comprobavit
852 4428 864 4463 ε
900 4409 1165 4477 siquidem
1195 4427 1317 4464 vera
1354 4423 1478 4465 suiit
1512 4429 1631 4482 qua:
1663 4415 1857 4469 Paulus
1884 4419 2032 4472 dicit.

2142 4411 2288 4464 ἐστὶν
2337 4411 2509 4480 ἀληθῆ
2562 4410 2630 4462 τὰ
2675 4410 2761 4461 διὰ
2804 4411 2904 4478 τῆς
2951 4410 3044 4462 τοῦ
3081 4411 3290 4464 Παύλου
3342 4413 3544 4482 φωνῆς.
3582 4415 3715 4465 Ποτὲ

456 4499 592 4552 Alibi
621 4500 761 4553 enim
789 4501 860 4554 ita
893 4503 967 4554 ait
998 4521 1010 4554 :
1047 4520 1064 4552 i
1104 4500 1236 4554 Eum
1257 4506 1345 4570 qui
1377 4521 1478 4557 non
1515 4517 1738 4559 noverat
1760 4519 2035 4574 peceatum

2143 4503 2242 4570 μὲν
2270 4502 2376 4571 γάρ
2408 4502 2532 4570 ἔφη·
2559 4521 2576 4551 ι
2603 4501 2706 4553 Τὸν
2732 4501 2804 4570 μὴ
2825 4501 3018 4569 γνόντα
3050 4503 3345 4571 ἁμαρτίαν,
3382 4503 3520 4570 ὑπὲρ
3563 4504 3714 4573 ἡμῶν

456 4606 550 4658 pro
590 4591 740 4644 nobis
769 4604 1052 4661 peceatum
1087 4595 1236 4657 fecit,
1267 4608 1322 4649 ut
1351 4612 1448 4650 nos
1474 4599 1663 4652 [ianuis
1689 4599 1900 4665 justitia
1940 4600 2034 4655 Dei

2145 4595 2417 4663 ἁμαρτίαν
2451 4593 2726 4663 ἐποίησεν,
2770 4594 2854 4644 ἵνα
2887 4595 3044 4660 ἡμεῖς
3075 4593 3360 4662 γενώμεθα
3403 4594 3713 4663 δικαιοσύνη

454 4683 508 4736 in
534 4683 651 4750 ipso
673 4684 772 4749 ⁸⁰;›
795 4685 1061 4739 alibivero
1084 4703 1295 4740 rursum
1323 4703 1376 4740 τι
1405 4688 1504 4753 Qui
1530 4690 1748 4758 proprio
1767 4690 1902 4743 Filio
1931 4707 2032 4745 non

2143 4685 2276 4737 Θεοῦ
2313 4687 2370 4736 ἐν
2399 4685 2575 4753 αὐτῷ·
2617 4703 2634 4734 ι
2666 4685 2794 4737 ποτὲ
2828 4685 2883 4736 δὲ
2917 4684 3077 4736 πάλιν
3102 4699 3114 4710 ⁸
3159 4703 3175 4734 ι
3221 4686 3317 4746 ὐς
3358 4702 3418 4752 γε
3453 4684 3548 4736 τοῦ
3587 4686 3711 4738 ἰδίου

453 4778 713 4845 pepercit,
751 4779 842 4832 sed
880 4794 977 4848 pro
1011 4781 1164 4834 nobis
1215 4781 1465 4834 omnibus
1512 4781 1729 4834 tradidit
1767 4782 1937 4843 illum,
1980 4794 2035 4836 iit

2145 4777 2273 4830 Υίοῦ
2314 4779 2414 4830 οὐκ
2446 4777 2718 4846 ἐφείσατο,
2759 4776 2871 4829 ἀλλ’
2907 4777 3044 4846 ὑπὲρ
3068 4776 3225 4846 ἡμῶν
3262 4778 3518 4829 ἁπάντων
3571 4794 3715 4848 παρ-

456 4879 507 4920 et
551 4885 671 4921 cum
709 4871 825 4938 ipso
872 4872 1051 4924 omnia
1097 4873 1251 4926 nobis
1294 4872 1640 4942 largiatur“.
1678 4893 1695 4924 ι
1736 4874 1889 4926 Anne
1943 4876 2035 4926 tibi

2145 4868 2342 4920 έδωκεν
2361 4868 2541 4926 αὑτὸν,
2563 4868 2648 4919 ἵνα
2679 4869 2772 4920 καὶ
2803 4867 2900 4918 σὺν
2929 4867 3075 4936 αὑτῴ
3103 4866 3171 4920 τὰ
3202 4868 3376 4920 πάντα
3402 4870 3531 4936 ἡμῖν
3565 4866 3716 4937 χαρί-

455 4972 815 5016 consentanea
861 4965 1030 5018 sacris
1075 4963 1294 5020 Litteris
1331 4966 1596 5019 sententia
1640 4983 1755 5021 mea
1788 4967 2037 5021 videtur?

2144 4974 2324 5026 σηται.
2362 4978 2378 5006 ι
2417 4953 2650 5026 τΑρόῦν
2690 4958 2788 5008 οὐκ
2822 4955 2947 5007 εὐθὺ
2984 4956 3187 5008 σκοποῦ
3216 4957 3322 5009 τῶν
3352 4957 3509 5008 ἰεοῶν
3533 4957 3715 5026 Γραμ-

2144 5051 2329 5118 μάτων
2367 5050 2394 5099 ὁ
2426 5051 2557 5119 πρὸς
2585 5049 2743 5120 ἡμῶν
2778 5051 2890 5102 ἐστι
2922 5050 3110 5116 λόγος;

527 5143 582 5194 Β.
627 5142 880 5198 Omnino.

2211 5143 2270 5194 Β.
2318 5141 2437 5202 Πῶς
2465 5142 2569 5210 γὰρ
2603 5142 2697 5203 οῦς

526 5235 590 5284 Α.
636 5234 690 5284 Si
726 5249 874 5295 vero,
912 5244 970 5288 ut
999 5234 1291 5288 adversarii
1340 5235 1523 5288 volunt
1555 5236 1764 5304 sibique
1808 5250 2029 5303 persua-

2208 5237 2271 5288 A.
2318 5235 2378 5286 Εἰ
2405 5235 2457 5285 δὲ
2491 5236 2571 5304 δὴ,
2607 5235 2748 5288 καθά
2779 5252 2942 5302 φασιν
2975 5235 3024 5286 οἰ
3057 5235 3120 5287 δι’
3165 5234 3411 5296 ἐναντίας
3447 5235 3540 5285 καὶ
3576 5250 3710 5303 φροο

456 5324 605 5386 dent,
643 5325 972 5391 unigenitum
1020 5326 1109 5379 Dei
1158 5327 1407 5390 Verbum,
1445 5338 1666 5393 accepto
1717 5328 1932 5380 homine
1962 5344 2025 5380 ex

2140 5327 2248 5378 νεῖν
2276 5326 2597 5394 ἐγνώκασιν,
2621 5329 2647 5378 ὁ
2684 5329 2974 5398 μονογενὴς
3017 5329 3110 5379 τοῦ
3143 5327 3277 5379 Θεοῦ
3311 5329 3501 5394 Λόγος,
3534 5326 3711 5379 λαϐὼν

458 5415 662 5469 semine
708 5417 875 5468 Darii]
907 5428 962 5469 et
1007 5419 1299 5483 Abraham,
1531 5420 1747 5470 formari
1795 5420 1940 5470 illiiiu
1983 5419 2032 5468 iii

2133 5420 2418 5487 ἄνθρωπον
2472 5421 2533 5471 ἐκ
2584 5420 2898 5490 σπέρματος
2946 5420 3036 5471 τοῦ
3087 5419 3374 5471 θεσπεσίου
3424 5420 3587 5471 Δαϐἰό
3622 5419 3711 5470 καὶ

461 5519 645 5560 εςιιιοιίι
673 5508 1134 5576 Virginecuravit,
1154 5523 1312 5577 :ilqiic
1331 5513 1471 5564 hunc
1492 5513 1588 5563 sibi
1619 5513 1714 5580 ipsi
1741 5512 2034 5579 copulavit,

2147 5511 2421 5581 Ἁϐραάμ,
2456 5512 2753 5578 πλασθῆναι
2803 5512 2895 5581 μὶν
2934 5515 2990 5563 ἐν
3021 5517 3084 5583 τῇ
3119 5513 3248 5582 ἁγίᾳ
3285 5511 3544 5580 Παρθένῳ
3577 5529 3707 5579 παρ-

463 5609 800 5666 uiurteiuque
851 5601 1083 5668 experiri
1138 5602 1325 5664 voluit,
1381 5620 1584 5654 necnon
1635 5605 1949 5657 siiscilatnni
2006 5618 2035 5656 c

2141 5601 2400 5654 εσκεύασέ
2433 5621 2484 5656 τε
2529 5604 2824 5656 mito-31w
2857 5605 3029 5672 ἑαυτῷ
3082 5606 3304 5672 quvi-'63,
3340 5603 3431 5655 καὶ
3479 5603 3704 5656 θανάτου

536 5771 580 5804 ⁷⁸
611 5775 796 5842 l-Ipbcs.
829 5791 840 5825 ι
898 5774 986 5838 ‘20,
1014 5776 1101 5826 2i.
1181 5775 1223 5804 3°
1255 5774 1294 5826 II
1338 5777 1458 5829 (201.
1506 5793 1550 5840 ν,
1581 5777 1664 5827 ει.
1751 5777 1789 5801 "'
1837 5775 1990 5828 liniii.
2029 5791 2142 5838 \‘lll,
2178 5773 2263 5826 31.
