4006 6456
316 445 454 501 1281

1450 440 1639 506 QUOD
1680 441 1873 501 UNUS
1913 442 2023 502 SIT
2060 444 2439 503 CHRISTUS.

3480 440 3617 495 i232

317 556 620 624 πεποίηκεν
648 558 726 619 εἰς
754 558 954 625 πεῖραν
981 552 1175 615 ὲλθεῖν,
1206 552 1298 603 καὶ
1332 552 1437 622 μὴν
1468 554 1561 605 καὶ
1594 554 1817 623 ἐγείρας
1847 557 1910 607 ὲκ

2020 558 2249 611 mortuis
2285 558 2335 611 in
2368 555 2565 611 coelum
2596 556 2839 622 sustulit,
2873 562 2928 610 et
2980 554 3046 609 ad
3079 554 3365 609 dexteram
3409 554 3501 608 Dei
3535 570 3616 607 se.

318 647 531 717 νεκρῶν
563 648 889 716 ἀνεκόμισεν
917 649 994 708 είς
1023 648 1115 697 τὸν
1159 643 1408 713 οὐρανὸν,
1440 644 1535 695 καὶ
1563 644 1821 697 ἐκάθισεν
1854 647 1911 697 ὲν

314 739 469 810 δεξιᾷ
517 740 609 792 τοῦ
653 738 787 791 Θεοῦ
814 756 827 768 ·
866 738 1156 809 περιττῶς,
1208 737 1284 798 ὡς
1325 736 1489 800 ἔοικε,
1528 736 1662 807 πρός
1710 753 1766 789 τε
1805 736 1912 789 τῶν

316 830 494 898 ἁγίων
524 831 925 898 πατέρων,.καὶ
960 831 1095 901 πρός
1119 846 1181 897 γε
1218 828 1373 898 ἡμῶν
1401 828 1601 892 αὐτῶν,
1640 830 1734 881 καὶ
1763 828 1912 882 ἁπά-

315 938 421 991 σης
461 939 522 990 γε
554 922 653 990 τῆς
701 920 1062 974 θεοπνεύστου
1100 922 1321 993 Γραφῆς
1355 920 1779 991 ὲνανθρωπῆσαι
1827 921 1913 975 λέ-

333 1031 489 1081 γεται
516 1030 527 1041 ·
560 1014 714 1083 δηλοῖ
759 1014 887 1084 γὰρ,
932 1012 1104 1082 οἶμαι,
1144 1014 1313 1075 τουτὶ,
1348 1015 1439 1065 καὶ
1471 1013 1658 1083 ἕτερον
1685 1014 1859 1079 οὐδὲν,
1884 1015 1913 1066 6

319 1108 594 1174 πάνσοφος
635 1105 907 1175 Ἰωάννης,
942 1104 1257 1174 γεγραφὼς,
1285 1105 1367 1157 ὅτι
1407 1123 1424 1155 ι
1478 1104 1537 1156 'O
1566 1104 1741 1172 Λόγος
1774 1104 1913 1174 σὰρξ

319 1198 556 1263 ἐγένετο.
589 1216 607 1248 ι
655 1196 1081 1267 Ἀντέστραπται
1116 1195 1195 1259 δὲ,
1250 1197 1390 1249 κατὰ
1438 1196 1498 1248 τὸ
1552 1198 1720 1261 εἰκὸς,
1774 1196 1913 1264 πρὸς

316 1289 425 1341 πᾶν
455 1289 788 1349 τούναντίον,
822 1289 917 1357 τῆς
951 1289 1091 1357 μετὰ
1140 1290 1341 1359 σαρκὸς
1367 1289 1678 1359 οἰκονομίας
1708 1289 1769 1342 τὸ
1806 1307 1910 1360 μυ·-

314 1381 560 1449 στήριον.
595 1380 668 1432 Οὐ
696 1381 804 1450 γὰρ
834 1380 980 1433 ἐστιν
1031 1380 1179 1443 ίδεῖν,
1222 1380 1295 1442 ὡς
1337 1381 1469 1444 Θεὸς
1496 1380 1571 1433 ὢν
1612 1382 1773 1449 φύσει
1818 1384 1913 1437 καὶ

312 1470 381 1521 ὲκ
428 1470 564 1523 Θεοῦ
614 1472 870 1541 πεφηνὼς
904 1472 932 1523 6
970 1471 1160 1539 Λόγος,
1209 1472 1452 1542 καθῆκεν
1487 1475 1675 1526 ἑαυτὸν
1711 1478 1790 1536 είς
1821 1477 1911 1528 κέ-

262 1563 267 1569 ’
314 1579 511 1626 νωσιν,
572 1564 785 1635 μορφὴν
835 1556 1021 1616 δούλου
1074 1564 1290 1627 λαϐὼν,
1356 1566 1450 1617 καὶ
1508 1567 1910 1621 τεταπείνωκεν

310 1656 528 1719 ἑαυτὸν,
583 1657 699 1709 ἀλλ’
738 1657 801 1709 ἐκ
841 1675 902 1725 γε
949 1657 1055 1710 τῶν
1102 1659 1380 1723 ἐναντίων,
1424 1660 1761 1730 ἀνεκομίσθη
1810 1661 1911 1731 μὲν

312 1746 600 1815 ἄνθρωπος
636 1748 717 1809 είς
745 1747 841 1818 τὴν
875 1750 971 1819 τῆς
1012 1748 1263 1820 θεότητος
1303 1750 1480 1817 δόξαν,
1517 1754 1609 1804 καὶ
1639 1753 1739 1824 τὴν
1770 1754 1912 1808 κατὰ

318 1839 540 1893 πάντων
590 1839 887 1909 ὑπεροχὴν,
925 1840 1083 1893 ἔλαϐε
1125 1841 1179 1893 δὲ
1215 1842 1308 1894 καὶ
1354 1841 1490 1895 Θεοῦ
1530 1847 1767 1913 μορφὴν,
1816 1847 1910 1898 καὶ

2014 650 2144 704 dere
2168 651 2352 718 jussit,
2409 663 2832 717 supervacance,
2868 656 2925 701 ut
2957 648 3191 712 videtur,
3220 662 3250 700 a
3283 646 3488 701 sanctis
3520 644 3621 697 Pa-

2016 746 2209 810 trihus,
2236 755 2291 799 et
2329 760 2357 798 a
2387 744 2540 798 nobis
2569 746 2720 814 ipsis,
2758 754 2919 813 atque
2955 744 3092 797 adeo
3124 741 3193 795 ab
3224 742 3478 795 universa
3533 756 3621 793 sa-

2014 853 2107 893 cra
2154 846 2207 891 et
2246 837 2506 891 divinitus
2550 837 2815 905 inspirata
2861 835 3143 904 Scriptura
3192 835 3355 888 homo
3412 833 3621 885 factum

2016 942 2138 984 esse
2164 928 2383 982 dicitur.
2420 926 2532 983 iioc
2564 930 2731 991 enim,
2770 940 2947 996 neque
2982 926 3127 979 aliud
3160 925 3457 995 quidquam
3490 925 3621 977 mihi

2014 1018 2325 1089 signiﬁcare
2362 1018 2577 1072 videtur
2621 1017 3065 1085 sapientissimus
3112 1013 3352 1070 Joannes
3385 1029 3507 1069 cum
3545 1014 3625 1067 iu-

2015 1109 2135 1177 quit
2164 1126 2176 1161 :
2213 1127 2231 1159 ι
2264 1107 2503 1163 Verbum
2550 1124 2679 1164 caro
2722 1109 2925 1163 factum
2974 1118 3077 1162 est.
3109 1125 3129 1159 ι
3164 1106 3271 1161 Sed
3302 1106 3621 1160 universum

2016 1201 2513 1255 administrationis
2550 1202 2602 1255 in
2635 1214 2801 1255 carne
2836 1202 3159 1271 mysterium
3204 1198 3363 1269 plane
3404 1198 3459 1252 in
3491 1212 3622 1251 con-

2016 1292 2241 1344 trarium
2287 1291 2608 1346 mutabitur.
2659 1289 2847 1359 Neque
2881 1289 3027 1343 enim
3076 1287 3220 1342 Deus
3253 1297 3443 1342 natura
3475 1288 3620 1342 exsi-

2016 1392 2168 1436 stens
2200 1393 2365 1450 atque
2420 1396 2485 1436 ex
2530 1380 2639 1436 Deo
2684 1381 2946 1445 Verbum,
2998 1381 3236 1450 seipsum
3270 1382 3336 1433 ad
3365 1378 3619 1434 exinani—

2017 1473 2216 1526 tionem
2258 1472 2547 1527 demisisse
2581 1473 2845 1539 cernitur,
2892 1486 3069 1542 neque
3128 1471 3500 1526 humiliaverit
3536 1483 3621 1523 se-

2016 1566 2193 1635 ipsum
2228 1587 2241 1622 :
2275 1568 2370 1621 sed
2400 1581 2430 1621 e
2459 1568 2736 1622 contrario
2765 1568 2969 1623 relatus
3008 1568 3226 1639 quidem
3266 1566 3428 1622 fuerit
3458 1566 3621 1621 homo

2018 1658 2071 1712 in
2107 1659 2327 1714 deitatis
2349 1658 2600 1728 gloriam,
2632 1662 2795 1729 inque
2821 1662 3210 1717 excellentiam
3242 1662 3486 1716 omnium
3522 1676 3614 1715 su-

2014 1767 2291 1821 premam;
2319 1755 2593 1822 acceperit
2618 1770 2747 1808 vero
2778 1763 2831 1809 et
2854 1755 3087 1809 formam
3116 1755 3232 1821 Dei,
3262 1766 3316 1810 et
3345 1754 3621 1809 exaltatns

2016 1840 2200 1905 fuerit,
2243 1858 2489 1900 assessor
2521 1843 2664 1900 Patri
2706 1846 2906 1901 factus.
2950 1846 3105 1901 Anne
3138 1846 3235 1901 tibi
3268 1860 3396 1901 vere
3438 1847 3621 1902 dicere

317 1929 507 1998 ὑψώθη
535 1929 754 1999 μᾶλλον,
788 1930 1073 2000 σύνθρονος
1105 1931 1345 1999 γεγονὼς
1374 1933 1450 2004 τῷ
1483 1934 1679 2005 Πατρί.
1710 1930 1787 1987 'H
1812 1936 1912 1988 οὐκ
1948 1924 1989 1979 Β
2022 1934 2243 1990 videor?

311 2017 535 2087 ἀληθὲς,
567 2019 594 2071 ὅ
624 2034 766 2087 φημι
788 2036 802 2083 ;

387 2110 447 2161 Β.
493 2110 813 2162 Παντάπασι
852 2110 951 2179 μὲν
985 2105 1098 2163 οῦν.

385 2203 451 2255 Α.
493 2203 554 2253 Et
607 2201 664 2254 δὲ
714 2202 937 2272 ἀληθὲς,
983 2203 1125 2256 καθά
1164 2220 1319 2272 φασι,
1370 2206 1464 2257 καὶ
1499 2203 1781 2275 ἀπηξίωσε
1816 2206 1911 2278 τὴν

311 2295 628 2365 οἰκονομίαν
663 2298 690 2349 6
717 2297 1049 2366 Μονογενὴς,
1090 2297 1246 2359 ποίας
1277 2296 1356 2349 ἔτι
1388 2298 1796 2367 κατεφρόνησεν
1828 2302 1911 2352 αἰ-

314 2382 555 2453 σχύνης;
598 2385 700 2435 ποῦ
749 2384 806 2435 δὲ
855 2386 1077 2452 γέγονεν
1119 2386 1360 2455 ὑπήκοος
1398 2386 1475 2456 τῷ
1512 2389 1687 2458 Πατρὶ
1743 2390 1910 2460 μέχρι

313 2474 572 2539 θανάτου,
613 2475 843 2528 θανάτου
870 2476 925 2529 δὲ
959 2476 1223 2547 σταυροῦ;
1264 2478 1371 2529 Καὶ
1403 2480 1451 2530 εί
1488 2479 1666 2533 λαϐὼν
1695 2480 1909 2552 ἄνθρω-

312 2582 440 2632 πον,
475 2566 648 2635 ήγαγε
682 2566 779 2635 μὲν
831 2566 929 2618 καὶ
962 2568 1040 2629 είς
1090 2570 1287 2637 πεῖραν
1315 2568 1478 2620 αὑτὸν
1508 2570 1602 2622 τοῦ
1650 2571 1907 2638 θανάτου,

312 2657 656 2727 ἀνακομίσας
705 2658 761 2710 δὲ
814 2658 910 2711 καὶ
950 2660 1029 2720 εἰς
1068 2659 1335 2728 οὐρανοὺς
1365 2660 1619 2733 σύνεδρον
1660 2663 1908 2734 ἀπέφηνε

311 2752 394 2821 τῷ
431 2752 624 2821 Πατρὶ,
657 2753 747 2803 ποῖ
774 2750 840 2821 δὴ
867 2750 974 2821 ἄρα
1006 2749 1190 2803 λοιπὸν
1226 2755 1254 2805 6
1285 2753 1451 2805 αὐτοῦ
1494 2760 1743 2822 φανεῖται
1774 2756 1905 2827 θρό-

314 2862 426 2908 νος,
464 2846 622 2913 εἴπερ
661 2844 719 2895 οὐ
766 2843 858 2895 δύο
899 2844 1063 2911 φασὶν
1108 2846 1279 2908 υἱοὺς,
1329 2845 1421 2898 ἕνα
1452 2846 1509 2899 δὲ
1567 2848 1768 2917 μᾶλλον
1816 2849 1909 2902 τὸν

316 2933 729 3004 συνεδρεύοντα,
776 2932 875 3007 τὸν
906 2936 970 2986 ὲκ
1007 2935 1321 3005 σπέρματος
1361 2936 1605 3006 δηλονότι
1654 2938 1818 2991 Δαϐίδ
1848 2956 1908 2992 τε

316 3029 410 3082 καὶ
463 3026 750 3098 Ἀϐραὰμ;
800 3026 917 3088 πῶς
947 3027 992 3079 δ’
1024 3027 1087 3079 ἂν
1122 3028 1215 3080 καὶ
1262 3029 1424 3091 αὐτὸς
1466 3030 1661 3101 Σωτὴρ
1700 3031 1910 3099 λέγοιτο

314 3118 568 3185 γενέσθαι
599 3119 693 3171 τοῦ
730 3119 962 3188 κόσμου,
1004 3120 1097 3172 καὶ
1131 3121 1249 3191 οὐχὶ
1278 3120 1341 3191 δὴ
1381 3123 1582 3192 μᾶλλον
1616 3124 1906 3193 ἀνθρώπου

316 3213 597 3282 πρόξενος,
631 3212 750 3281 ἦτοι
778 3210 1217 3280 παρακομιστὴς,
1236 3211 1301 3263 δι’
1329 3207 1389 3265 οὗ
1424 3214 1517 3265 καὶ
1548 3212 1870 3283 σεσώσμεθα
1888 3229 1901 3243 ·

316 3306 412 3361 καὶ
457 3304 609 3366 τέλος
646 3302 812 3373 νόμου
851 3308 945 3355 καὶ
974 3302 1293 3372 προφητῶν
1333 3303 1555 3371 γέγονεν
1591 3303 1903 3375 ἄνθρωπος,

314 3400 503 3469 ιτερος
547 3395 623 3449 ῶν
664 3395 793 3467 παρ’
848 3395 1033 3448 αὐτόν.
1068 3394 1236 3447 Λαλεῖ
1281 3395 1389 3467 γὰρ
1422 3398 1449 3448 6
1483 3395 1646 3465 νόμος
1678 3398 1740 3450 τὸ
1771 3400 1909 3470 Χρι..

316 3489 447 3544 στοῦ
478 3487 797 3559 μυστήριον,
836 3487 928 3538 καὶ
957 3486 1083 3556 περὶ
1115 3485 1279 3539 αὑτοῦ
1309 3486 1583 3557 γέγραφεν
1624 3491 1652 3541 ὁ
1680 3489 1907 3559 Μωσῆς,

315 3581 375 3645 ὂς
394 3582 486 3634 καὶ
505 3580 729 3647 γέγονεν
748 3579 877 3648 ἡμῖν
910 3578 1258 3645 παιδαγωγὸς
1290 3580 1377 3631 ἐπ’
1400 3582 1583 3633 αὐτόν.
1604 3582 1823 3652 Οίχεται
1853 3584 1909 3637 δέ

318 3692 423 3727 που
450 3672 587 3743 πρὸς
613 3671 673 3723 τὸ
698 3670 913 3742 μηδὲνή
932 3670 1132 3736 πίστις,
1156 3671 1305 3742 ἔρρει
1327 3673 1432 3742 γάρ
1452 3690 1464 3702 ·
1485 3674 1617 3726 ὅπου
1639 3674 1693 3727 δὲ
1716 3692 1911 3728 παντε-

316 3768 447 3831 λῶς,
462 3744 615 3819 οὐδὲν
632 3766 691 3817 τὸ
708 3763 903 3817 σεπτὸν
918 3766 951 3836 η
959 3765 1075 3836 μῶν
1095 3766 1413 3837 μυστήριον.
1436 3767 1500 3819 Ὃ
1523 3766 1585 3837 δὴ
1606 3770 1698 3821 καὶ
1724 3768 1751 3817 ὁ
1770 3786 1909 3822 παν-

318 3862 539 3933 ἀριστος
583 3859 792 3922 Παῦλος
828 3858 1123 3929 διατρανοῖ,
1156 3859 1328 3927 λέγων
1350 3876 1363 3887 '
1405 3880 1423 3912 ι
1455 3859 1723 3931 Μὴείπης
1750 3863 1806 3914 ὲν
1842 3866 1906 3933 τῇ

316 3956 518 4027 καρδίᾳ
567 3970 693 4007 σου·
729 3954 824 4016 Τίς
866 3953 1200 4023 ἀναϐήσεται
1250 3956 1328 4016 είς
1371 3954 1461 4007 τὸν
1494 3956 1755 4027 οὐρανόν;
1786 3973 1911 4009 του-

316 4046 467 4099 τέστι
496 4044 735 4116 Χριστὸν
766 4046 1121 4112 καταγαγεῖν,
1150 4044 1181 4115 ἢ
1206 4043 1286 4107 τίς
1307 4044 1681 4115 καταϐήσεται
1703 4048 1783 4109 είς
1813 4047 1910 4117 τὴν

318 4138 595 4203 ἄϐυσσον;
630 4137 877 4189 τουτέστι
924 4136 1161 4207 Χριστὸν
1213 4138 1508 4206 ἀναγαγεῖν
1557 4140 1621 4191 ἐκ
1676 4140 1905 4210 νεκρῶν.

334 4228 493 4282 ’Δλλὰ
525 4228 577 4280 τί
608 4227 755 4296 λέγει
783 4229 815 4297 ὴ
842 4226 1069 4297 Γραφή;
1112 4227 1306 4295 Ἐγγύς
1338 4245 1431 4280 σου
1466 4228 1527 4281 τὸ
1560 4230 1709 4299 ῥῆμά
1736 4232 1907 4296 ἐστιν,

320 4326 381 4379 έν
424 4324 504 4394 τῷ
551 4322 782 4391 στόματί
815 4338 907 4375 σου
954 4324 1049 4375 καὶ
1084 4324 1141 4374 ὲν
1170 4324 1237 4392 τῇ
1285 4322 1479 4393 καρδίᾳ
1516 4340 1631 4384 σου,
1666 4325 1911 4378 τουτέστι

315 4415 380 4469 τὸ
409 4418 558 4485 ῥῆμα
588 4414 685 4485 τῆς
715 4412 973 4477 πίστεως,
1007 4414 1035 4466 ὃ
1074 4418 1445 4485 κηρύσσομεν,
1479 4417 1560 4468 ὅτι
1608 4416 1702 4469 ἐὰν
1750 4418 1911 4488 εἴπῃς

320 4510 378 4562 ὲν
402 4508 478 4578 τῷ
508 4507 735 4577 στόματί
769 4522 884 4569 σου,
912 4505 1116 4577 Κύριος
1148 4506 1376 4577 Ἰησοῦς,
1403 4508 1497 4560 xui.
1532 4508 1831 4581 πιστεύσῃς
1853 4512 1910 4562 εν

319 4604 387 4673 τῇ
424 4600 623 4671 καρδίᾳ
654 4616 769 4665 σου,
800 4600 882 4651 ὃτι
915 4600 942 4651 6
970 4600 1102 4663 Θεὸς
1125 4600 1286 4653 αὐτὸν
1326 4602 1545 4671 ἤγειρεν
1579 4605 1642 4655 ὲκ
1676 4604 1906 4674 νεκρῶν,
1940 4636 1986 4691 D

323 4692 567 4763 σωθήσῃ.
622 4711 642 4743 ι
694 4691 818 4754 Πῶς
859 4688 950 4745 οὖν
974 4692 1052 4745 ἔτι
1084 4693 1227 4761 μέγα
1270 4710 1329 4745 τε
1363 4696 1455 4747 καὶ
1485 4695 1704 4757 εὐκλεὲς
1732 4696 1827 4750 καὶ
1853 4699 1910 4750 ὲν

323 4786 615 4856 ὑπερτάτῳ
657 4783 899 4854 θαύματι
929 4786 989 4838 τὸ
1021 4786 1116 4855 τῆς
1160 4787 1444 4850 εὐσεϐείας
1495 4789 1827 4859 μυστήριον,
1865 4790 1913 4841 ει

323 4877 427 4950 χρὴ
476 4875 772 4939 πιστεύειν,
820 4876 924 4941 ὅτι,
958 4877 1104 4931 καθά
1156 4896 1321 4947 φασιν
1372 4880 1421 4931 oi
1467 4880 1913 4951 διεστραμμένοι,

2087 2090 2151 2145 Β.
2192 2090 2449 2147 Omnino.

2084 2186 2148 2262 Α.
2185 2185 2253 2239 At
2277 2190 2320 2241 si
2356 2202 2543 2242 verum
2570 2197 2654 2243 est
2681 2188 2825 2259 quod
2855 2189 3067 2256 dicunt,
3103 2201 3159 2246 et
3185 2191 3511 2263 dedignatus
3536 2199 3623 2249 est

2019 2276 2343 2348 Uuigenitus
2387 2280 2840 2347 incarnationem,
2895 2297 3058 2351 quam
3120 2285 3338 2338 tandem
3388 2285 3622 2354 ignomi-

2016 2370 2161 2422 niam
2194 2372 2565 2441 contempsit?
2592 2382 2687 2426 aut
2714 2388 2824 2443 quo
2848 2384 3008 2443 pacto
3035 2374 3215 2431 iactus
3245 2388 3327 2430 est
3361 2376 3620 2432 ohediens

2013 2459 2159 2516 Patri
2207 2477 2375 2531 usque
2414 2465 2481 2517 ad
2514 2474 2769 2529 mortem,
2795 2476 3026 2523 mortem
3059 2477 3240 2521 autem
3265 2464 3620 2521 crueis‘Uam

2014 2567 2143 2606 vero
2175 2556 2219 2607 si
2258 2564 2537 2624 acceptum
2568 2554 2719 2609 illum
2754 2556 3030 2610 hominem
3062 2566 3294 2613 mortem
3325 2559 3478 2613 obire
3505 2556 3623 2626 jus-

2012 2644 2102 2709 sit,
2141 2654 2195 2698 et
2224 2655 2473 2698 evectum
2520 2646 2573 2699 in
2614 2644 2814 2700 cmlum
2856 2660 3194 2701 assessorem
3235 2644 3380 2700 Patri
3411 2646 3619 2701 consu-

2013 2737 2138 2801 tuit,
2172 2738 2391 2791 ubinam
2423 2738 2682 2805 deinceps
2720 2739 2827 2793 erit
2855 2739 3087 2795 thronus
3128 2737 3249 2794 Filii
3279 2778 3294 2805 ,
3351 2740 3620 2810 siquidem

2012 2845 2354 2901 nequaquam
2410 2835 2547 2887 duos
2609 2833 2747 2887 ﬁlios
2808 2846 2929 2888 esse
2978 2842 3248 2900 statuunt,
3300 2834 3393 2887 sed
3442 2832 3623 2901 potius

2014 2940 2181 2977 Unum
2230 2924 2561 2979 assidentem
2602 2966 2617 2989 ,
2675 2926 2931 2978 nimirum
2985 2940 3049 2979 ex
3105 2928 3314 2980 semine
3358 2925 3524 2979 David
3568 2936 3623 2981 et

2011 3016 2283 3070 Abrahm?
2309 3026 2400 3071 aut
2424 3018 2697 3085 quomodo
2727 3017 2843 3085 ipse
2877 3020 3093 3073 dicatur
3138 3019 3315 3074 factus
3346 3036 3485 3075 esse.
3507 3016 3624 3073 Sal-

2013 3116 2169 3160 vator
2207 3109 2415 3172 mundi,
2444 3119 2497 3161 et
2534 3124 2638 3162 non
2673 3112 2856 3177 potius
2892 3110 3129 3164 hominis
3169 3123 3470 3179 prowueta
3505 3114 3623 3167 sive

2013 3199 2261 3266 pararius
2304 3198 2492 3262 fuisse,
2526 3216 2621 3268 per
2647 3217 2806 3272 quem
2849 3203 3043 3256 salvati
3096 3204 3294 3259 simus?
3331 3206 3507 3276 Atque
3549 3206 3621 3259 ita

2021 3290 2145 3347 huis
2175 3294 2310 3362 legis
2337 3302 2390 3347 et
2415 3296 2803 3363 prophetarum
2834 3293 3015 3349 factus
3041 3305 3125 3349 est
3162 3298 3346 3363 homo,
3376 3298 3622 3354 diversus

2020 3386 2088 3438 ab
2124 3386 2239 3454 ipso
2268 3384 2562 3440 exsistens.
2590 3384 2862 3455 Loquitur
2896 3387 3040 3439 enim
3073 3387 3155 3439 lex
3190 3386 3392 3442 Chrisd
3422 3398 3621 3456 myste-

2021 3480 2183 3545 rium,
2228 3478 2371 3533 etde
2410 3480 2529 3548 ipso
2570 3478 2794 3547 scripsit
2840 3478 3075 3549 Moyses,
3107 3480 3199 3549 qui
3245 3490 3299 3534 et
3339 3481 3515 3537 factus
3543 3492 3620 3537 est

2021 3570 2178 3625 nobis
2214 3571 2541 3639 paedagOgus
2569 3572 2635 3621 ad
2668 3571 2864 3637 ipsum.
2905 3569 3067 3623 Fides
3096 3586 3226 3625 vero
3252 3583 3435 3626 nostra
3472 3573 3621 3626 irrita

2020 3664 2091 3717 sit
2117 3674 2171 3717 et
2200 3664 2252 3716 in
2284 3664 2515 3717 nihilum
2544 3662 2845 3733 redigatur,
2878 3673 2931 3716 et
2969 3666 3339 3717 venerandum
3374 3675 3622 3718 nostrum

2020 3757 2337 3826 mysterium
2389 3754 2548 3824 plane
2608 3755 2987 3811 labefactetur.
3042 3756 3197 3823 Quod
3264 3768 3319 3811 et
3382 3760 3624 3829 optimus

2020 3849 2223 3921 Paulus
2250 3850 2511 3914 declarat,
2548 3850 2775 3903 dicens:
2811 3867 2829 3900 ι
2863 3847 2941 3903 Ne
2974 3850 3179 3903 dixeris
3219 3850 3269 3904 in
3297 3852 3460 3906 corde
3488 3862 3579 3905 tuo
3609 3871 3621 3906 :

2020 3943 2152 4010 Quis
2176 3947 2433 3999 ascendet
2460 3942 2509 3996 in
2537 3941 2777 3997 omium?
2800 3942 2851 3995 id
2881 3951 2986 4006 est,
3015 3942 3292 3996 Christum
3320 3944 3622 4013 deduci-rc;

2021 4050 2116 4093 aut
2146 4038 2269 4108 quis
2306 4038 2602 4091 descendet
2628 4036 2677 4088 in
2727 4034 3034 4105 abyssum?
3080 4035 3183 4089 hoc
3216 4044 3299 4089 est
3344 4037 3624 4091 Christum

2021 4150 2049 4187 a
2084 4133 2319 4188 mortuis
2341 4146 2625 4185 revocare.
2654 4128 2759 4183 Sed
2792 4130 2919 4198 quid
2944 4130 3074 4183 dicit
3101 4126 3424 4198 Scriptura?
3450 4127 3623 4201 Prope

2020 4238 2105 4283 est
2152 4226 2374 4280 verbum
2410 4228 2462 4278 in
2507 4238 2603 4278 ore
2637 4235 2749 4287 tuo,
2794 4232 2850 4275 et
2902 4222 2954 4275 in
3005 4222 3172 4275 corde
3224 4234 3334 4286 tuo,
3373 4225 3472 4277 hoc
3520 4233 3624 4286 est,

2022 4321 2246 4375 verbum
2292 4318 2415 4373 ﬁdei
2448 4318 2592 4387 quod
2622 4316 3003 4386 prmdieamus.
3046 4314 3185 4382 Quia
3230 4316 3272 4368 si
3312 4315 3624 4371 conﬁtearis

2021 4414 2074 4467 in
2101 4428 2195 4465 ore
2228 4422 2319 4465 tuo
2352 4410 2641 4463 Dominum
2680 4405 2891 4471 Jesum,
2927 4416 2982 4461 et
3028 4408 3079 4461 in
3119 4408 3283 4461 corde
3326 4417 3418 4462 tuo
3447 4409 3625 4463 credi-

2021 4508 2167 4563 deris
2214 4505 2374 4576 731
2427 4506 2569 4572 quod
2604 4502 2746 4555 Deus
2780 4501 2931 4554 illum
2978 4500 3263 4555 suscitavit
3301 4515 3327 4553 λ
3370 4502 3625 4567 mortuis,

2020 4604 2202 4659 salvus
2237 4602 2348 4656 eris
2376 4599 2445 4653 ⁸³.
2480 4617 2499 4649 ι
2533 4597 2650 4663 Quo
2679 4606 2839 4666 pacto
2870 4594 3034 4662 igitur
3069 4595 3174 4647 erit
3216 4594 3471 4662 deinceps
3512 4610 3626 4647 ma-

2017 4713 2181 4774 gnum
2227 4706 2280 4749 et
2328 4692 2620 4764 gloriosum
2681 4701 2845 4757 atque
2903 4686 3282 4740 admirandam
3343 4686 3626 4756 religionis

2012 4788 2353 4861 mysterium,
2395 4783 2439 4837 si
2469 4780 2798 4835 credendum
2840 4789 2944 4837 est.
2992 4788 3050 4831 ut
3075 4777 3160 4831 isti
3194 4791 3223 4829 a
3256 4776 3487 4830 veritate
3515 4778 3626 4831 dis-
3666 4829 3670 4835 ,

2016 4881 2144 4936 torti
2193 4877 2401 4938 volunt,
2449 4874 2593 4943 quod
2623 4873 2786 4926 homo
2810 4878 3085 4940 sumptus,
3112 4880 3164 4924 et
3187 4870 3297 4925 Deo
3324 4870 3502 4923 Verbo
3537 4886 3625 4923 re-

320 4970 608 5037 ἄνθρωπος
654 4968 901 5038 ληφθεὶς,
935 4970 1029 5021 καὶ
1060 4970 1135 5040 τῷ
1170 4971 1288 5041 Θεῷ
1316 4972 1475 5043 Λόγῳ
1504 4973 1764 5041 ηετικῶς
1796 4990 1910 5025 συν-

2019 4974 2178 5028 lative
2218 4969 2522 5040 copulatus,
2568 4979 2820 5021 mortuus
2847 4975 2931 5019 est
2969 4976 3025 5019 et
3062 4964 3285 5028 revixit,
3320 4973 3371 5017 ct
3420 4964 3625 5019 relatus

318 5061 590 5131 ημμένος,
631 5061 869 5113 ἀπέθανέ
907 5078 963 5114 τε
1017 5064 1111 5115 καὶ
1160 5063 1380 5127 ἀνεϐίω,
1435 5066 1529 5116 καὶ
1579 5064 1910 5136 ἀνεκομίσθη

2019 5077 2099 5123 est
2134 5068 2187 5120 in
2232 5062 2476 5119 eteium?
2519 5059 2840 5115 incredibile
2882 5072 3010 5112 vero
3045 5057 3322 5113 nonnullis
3354 5056 3625 5113 videbitur

326 5155 424 5224 μὲν
456 5156 534 5215 εἰς
561 5153 651 5205 τὸν
692 5154 957 5225 οὐρανόν;
1011 5156 1273 5209 ’Δπιστον
1302 5155 1358 5207 δὲ
1392 5156 1520 5219 ἴσως
1556 5158 1801 5224 φανεῖταί
1831 5176 1914 5210 τι·

324 5261 429 5306 σιν,
466 5245 514 5295 εί
543 5245 618 5315 μὴ
648 5244 780 5308 Θεὸς
808 5242 882 5297 ὢν
917 5244 1078 5315 φύσει
1114 5247 1207 5299 καὶ
1242 5247 1475 5317 ἀληθῶς,
1510 5251 1621 5311 τοῖς
1669 5248 1769 5318 τῆς
1795 5250 1915 5303 θεό-

326 5353 484 5405 τητος
520 5336 874 5405 ἐναϐρύνεται
909 5337 1117 5402 θάκοις,
1150 5339 1476 5403 ὲξωσθέντος
1507 5342 1647 5410 τάχα
1681 5358 1781 5395 που
1817 5338 1913 5395 τοῦ

326 5430 467 5483 κατὰ
497 5430 660 5497 φύσιν
694 5429 847 5495 Υίοῦ,
892 5432 983 5485 καὶ
1015 5436 1392 5505 παρεστήκασι
1431 5434 1530 5504 μὲν
1565 5435 1716 5499 τάξιν
1764 5435 1915 5506 έχον-

325 5539 416 5585 τες
448 5522 545 5593 τὴν
589 5522 986 5596 λειτουργικὴν,
1027 5526 1249 5594 ἄγγελοι
1290 5528 1381 5579 καὶ
1429 5527 1782 5597 ἁρχὰγγελοι,
1820 5528 1914 5581 καὶ

323 5616 393 5667 τὰ
424 5614 505 5667 ἔτι
535 5614 740 5668 τούτων
782 5616 1039 5671 ἐπέκεινα
1073 5619 1345 5689 Σεραφὶμ,
1379 5620 1439 5671 οὐ
1473 5620 1550 5689 τῷ
1594 5621 1737 5673 κατὰ
1779 5621 1913 5691 ἁλή·

327 5704 477 5759 θειαν
529 5705 645 5777 Υἱῷ
695 5707 791 5760 καὶ
837 5707 976 5779 Θεῷ,
1028 5710 1300 5782 ἀνθρώπῳ
1347 5712 1403 5765 δὲ
1456 5712 1677 5782 μᾶλλον,
1724 5713 1784 5766 τὸ
1815 5714 1915 5784 τῆς

401 5883 447 5915 ⁸³
475 5883 628 5941 Dom.
660 5901 714 5951 κ,
774 5884 888 5940 6-9.

2024 5160 2126 5213 nisi
2176 5166 2368 5213 natura
2425 5170 2488 5209 ac
2528 5168 2657 5209 vere
2700 5154 2840 5207 Deus
2874 5153 3183 5215 exsistens,
3224 5150 3444 5205 deitatls
3487 5151 3625 5205 solio

2024 5253 2309 5324 glorietur,
2344 5249 2568 5317 expulso
2610 5261 2675 5301 eo
2714 5244 2804 5315 qui
2846 5253 3042 5298 natura
3085 5259 3181 5298 sua
3213 5242 3382 5297 Filius
3408 5252 3508 5298 est.
3558 5243 3624 5299 Et

2024 5344 2459 5399 circumstabuut
2528 5340 2747 5409 quidem
2801 5338 2976 5409 angeli
3035 5343 3200 5406 atque
3269 5337 3622 5405 archangeli,

2024 5438 2217 5507 hisque
2250 5434 2613 5491 eminentiora
2645 5431 2956 5500 Seraphim,
2998 5446 3104 5485 non
3137 5441 3195 5485 ut
3226 5445 3355 5485 vero
3388 5429 3524 5485 Filio
3560 5445 3625 5486 ac

2024 5529 2137 5584 Deo
2168 5527 2482 5582 ministrent
2506 5534 2671 5593 atque
2712 5522 3034 5589 inserviant,
3061 5522 3155 5577 sed
3185 5525 3362 5593 potius
3393 5522 3621 5586 homini,

2024 5621 2113 5690 qui
2148 5619 2425 5674 liliationis
2469 5632 2666 5671 nomen
2714 5630 2810 5686 per
2852 5614 3333 5685 participationem
3384 5614 3624 5671 insinua-

2025 5716 2357 5781 tionemque,
2398 5726 2462 5766 ac
2495 5720 2683 5766 nostro
2712 5722 2864 5763 more
2892 5710 3142 5779 adeptus,
3170 5716 3221 5763 et
3249 5707 3316 5761 ad
3346 5706 3623 5763 divinissi-
