4006 6456
457 435 598 492 4285

1448 427 1502 480 S.
1547 427 1815 482 (IYRIILI
1861 429 2323 486 ALEXANDRINI
2370 430 2663 485 ARCHIEP

3577 426 3724 479 1281

457 568 600 608 mam
627 551 759 603 hanc
784 548 1004 615 gloriam
1035 557 1252 600 evectus
1274 555 1373 596 est.
1401 543 1582 613 Neque
1603 547 1745 600 enim
1773 558 2021 600 verentur

2133 551 2374 621 υίότητος
2421 550 2608 618 ὄνομα,
2658 545 2930 616 μεθεκτῶς
2977 548 3071 598 καὶ
3109 545 3569 614 εἱσκεκριμένως,
3629 542 3723 593 καί

461 641 696 696 Ιιίυτοιὶςὶ
728 639 1060 708 cjuscemodi
1093 638 1451 705 blasphemias
1478 635 1834 690 deblaterarc.
1878 639 2032 692 Anne

456 749 582 786 vero
617 732 778 786 etiam
835 732 930 784 tibi
985 744 1192 782 summa
1242 727 1522 795 impietate
1566 726 1762 782 referta
1814 728 2027 781 illorum

455 825 698 877 doctrina
727 823 931 876 videtur
949 824 971 873 Ὺ
991 818 1120 872 Nam
1144 820 1286 887 quod
1313 819 1492 872 datum
1517 827 1678 886 atque
1702 818 2028 891 insinuatum

453 924 559 977 est,
593 914 945 982 rejiciendunt
981 912 1173 965 merito
1214 909 1400 972 fuerit,
1434 917 1487 963 et
1515 907 1657 976 quod
1691 909 2031 963 extrinsecus

455 1006 669 1059 advenit
697 1003 1093 1072 ascititiumque
1124 1012 1226 1064 est,
1264 1000 1444 1054 damni
1470 1001 1778 1070 suspicione
1801 1015 1906 1054 non
1938 1016 2031 1054 ca-

457 1107 537 1150 ret
571 1115 583 1149 :
619 1112 676 1149 ut
705 1100 770 1150 de
802 1094 1132 1163 blasphemia
1162 1103 1216 1147 et
1241 1093 1576 1147 absurditate
1605 1093 1864 1147 doctrinae
1897 1092 2030 1146 nihil

454 1187 652 1250 dicam,
690 1201 810 1239 cum
847 1185 1241 1238 incarnatiOnis
1279 1183 1655 1238 excellentiam
1692 1184 1759 1238 ad
1793 1183 2030 1252 turpitu-

452 1281 628 1334 dinem
678 1279 915 1344 rapiant,
958 1286 1013 1330 αι
1066 1276 1304 1329 divinum
1355 1275 1894 1344 sacratissimumque
1938 1290 2033 1330 no-

451 1382 624 1424 smtm
671 1369 897 1431 cultum,
947 1367 1452 1434 anthropolatriam,
1501 1366 1605 1420 hoc
1655 1376 1758 1428 est,
1798 1367 2031 1420 hominis

451 1461 671 1521 cultum,
703 1473 820 1511 esse
851 1466 1112 1521 statuant,
1144 1463 1198 1509 et
1234 1471 1262 1509 a
1305 1456 1449 1510 cultu
1485 1457 1598 1510 veri
1649 1455 1769 1510 Filii
1815 1472 1912 1511 nos
1941 1458 2033 1512 ab-

451 1553 731 1615 ducentes,
777 1550 1100 1618 persuadere
1150 1547 1317 1600 velint
1363 1557 1420 1602 ttt
1462 1549 1749 1617 quemdam
1796 1549 1884 1616 qui
1926 1548 2027 1617 ipsi

453 1643 677 1696 relative
701 1642 982 1709 copulatus
1008 1652 1089 1694 est
1117 1641 1421 1703 adoremus,
1458 1654 1614 1708 quem
1648 1655 1807 1707 supra
1844 1654 2033 1693 omnes

452 1731 788 1800 Principatus
819 1741 873 1782 et
905 1729 1202 1782 Putestates
1231 1743 1294 1782 ac
1331 1728 1737 1782 Dominationes
1765 1729 2028 1782 constitu-

453 1830 565 1873 tum
602 1819 889 1882 volunt”;
930 1834 1032 1872 nou
1075 1820 1138 1872 iis
1182 1817 1352 1872 solum
1396 1817 1486 1886 qui
1523 1817 1574 1871 in
1615 1819 1773 1872 terris
1807 1817 2025 1884 degunt,

450 1911 544 1964 sed
581 1919 634 1964 et
679 1911 807 1980 ipsis
845 1909 1159 1963 caelestibus
1200 1921 1252 1962 ct
1294 1908 1644 1962 rationalibus
1678 1908 2032 1975 potestatibus

452 2004 656 2068 erroris
698 2002 869 2055 labem
902 1999 1224 2068 inlligentes,
1252 2000 1297 2053 si
1343 2014 1447 2052 una
1475 2000 1750 2052 nobiscum
1783 1999 2031 2063 adorent,

454 2111 559 2149 non
594 2095 931 2148 incarnatnm
975 2103 1169 2144 natura
1201 2107 1261 2144 ac
1290 2105 1418 2144 vere
1447 2089 1665 2154 Filium,
1699 2091 1947 2158 quodque
1968 2105 2032 2144 ex

453 2183 687 2236 essentia
738 2181 829 2234 Dei
869 2196 932 2234 ac
979 2179 1154 2233 Patris
1197 2178 1397 2232 effulsit
1441 2176 1696 2240 Verbum,
1737 2177 1828 2230 sed
1869 2177 2032 2230 alium

452 2276 737 2346 quemdam
778 2275 1048 2326 hominem
1084 2273 1149 2326 ab
1182 2275 1296 2341 ipso
1329 2287 1393 2324 ex
1424 2272 1632 2326 semine
1672 2269 1910 2334 Davidis,
1942 2269 2032 2338 qtti

453 2366 564 2421 sola
598 2364 893 2426 voluntate,
925 2364 1362 2418 etextcrioribus
1398 2361 1731 2416 ornamentis
1769 2359 2031 2414 formatus

455 2459 527 2511 sit
575 2453 736 2519 Deus,
774 2467 962 2508 revera
989 2462 1165 2507 autem
1198 2454 1250 2506 id
1295 2468 1396 2506 non
1426 2454 1515 2507 sit.

2134 643 2320 712 τρόπῳ
2362 642 2440 711 τῷ
2487 638 2607 693 καθ’
2655 639 2798 708 ἡμᾶς
2849 639 3227 708 πλουτήσαντι,
3280 636 3371 688 καὶ
3412 633 3514 702 τῆς
3573 632 3730 684 οὕτω

2134 735 2610 804 θεοπρεπεστάσης
2658 729 2937 793 ἀξιωθέντι
2997 729 3184 799 τιμῆς.
3243 727 3727 793 Καταπεφρξκασι

2132 824 2239 892 γὰρ
2265 823 2462 892 ἥκιστά
2479 838 2540 889 γε
2568 822 2660 873 καὶ
2683 819 2837 873 τοῦτο
2859 819 3106 886 λέγοντες
3140 821 3186 870 οί
3219 817 3284 871 δι’
3307 812 3665 878 évav1£1;.'A
3675 832 3708 885 ρ

2132 914 2191 964 οῦ
2225 913 2324 981 τῆς
2344 913 2577 982 ἐσχάτης
2601 911 2941 978 ἀνοσιότητός
2968 927 3025 962 τε
3054 911 3148 963 καὶ
3178 908 3494 970 δυσσεϐείας
3524 908 3728 967 αὐτοις

2134 1004 2192 1055 τὸ
2225 1003 2402 1073 δόγμα
2439 1005 2817 1073 μεμέστωται;
2860 1002 2935 1053 Τὸ
2971 1001 3078 1071 γάρ
3106 1019 3189 1055 τοι
3221 999 3367 1053 δοτὸν
3399 1001 3491 1052 καὶ
3525 999 3692 1051 εἰσκε

2133 1095 2411 1165 κριμένον,
2459 1095 2762 1164 ἀπόϐλητον
2811 1094 2894 1163 εἴη
2926 1092 3012 1155 ἂν,
3054 1092 3148 1144 καὶ
3190 1090 3251 1144 τὸ
3281 1090 3514 1160 θύραθεν
3551 1102 3692 1154 πορι

2135 1186 2278 1249 σθὲν,
2311 1187 2410 1239 οὐκ
2441 1186 2748 1239 ἀνύποπτον
2769 1184 2877 1254 ἔχει
2906 1185 3004 1255 τὴν
3034 1182 3256 1253 ζημίαν.
3291 1185 3399 1236 Καὶ
3429 1181 3624 1235 σιωπῶ
3659 1180 3723 1232 τὸ

2132 1279 2411 1346 δύσφημον
2441 1277 2520 1330 ἔτι
2556 1279 2647 1330 καὶ
2689 1275 2898 1344 ἀπηχὲς
2925 1278 3004 1339 είς
3032 1275 3240 1340 λόγους,
3268 1274 3488 1328 aves-:09
3525 1269 3721 1341 δέη-οὖν

2131 1370 2230 1440 τῆς
2277 1370 2588 1438 οἰκονομίας
2643 1369 2704 1420 τὸ
2748 1363 3023 1437 ἐξαίρετον
3072 1365 3473 1435 κατασύρουσιν
3521 1365 3604 1426 είς
3657 1363 3722 1415 τὸ

2133 1461 2383 1526 ἀκαλλὲς,
2427 1461 2518 1513 καὶ
2550 1462 2648 1528 τὴν
2678 1459 2828 1512 θείαν
2853 1477 2910 1512 τε
2940 1459 3033 1511 καὶ¹
3069 1458 3351 1527 ἰεροτάτην
3385 1456 3541 1527 ἡμῶν
3571 1455 3720 1526 θρη-
3758 1516 3770 1528 _

2134 1553 2338 1617 σκείαν,
2375 1551 2883 1622 ἁνθρωπολατρείαν
2914 1550 3013 1620 ἥδη
3057 1549 3150 1601 καὶ
3184 1549 3370 1618 ἓτερον
3410 1544 3575 1600 οὖσαν
3627 1547 3725 1600 οὐ-

2131 1643 2217 1695 δὲν
2252 1642 2630 1709 ἀποφαίνουσι,
2680 1641 3106 1710 ἀποκομίξοντες
3146 1640 3246 1709 μὲν
3287 1641 3378 1692 τοῦ
3426 1641 3549 1691 κατ’
3575 1639 3718 1708 ἁλή-

2132 1728 2278 1781 θειαν
2340 1727 2506 1792 Υίοῦ,
2562 1728 2897 1795 συναφθέντα
2947 1727 3005 1780 δέ
3059 1745 3181 1780 τινα
3244 1727 3509 1796 σχετικῶς
3566 1729 3723 1796 αὐτῷ

2133 1819 2462 1885 προσκυνεῖν
2509 1817 2924 1880 ἀναπείθοντες,
2971 1818 3030 1869 ὃν
3081 1817 3177 1870 καὶ
3228 1818 3483 1889 ὑπεράνω
3535 1818 3722 1888 πάσης

2150 1906 2347 1977 Ἀρχής
2376 1925 2435 1960 τε
2484 1916 2577 1961 καὶ.
2618 1909 2890 1973 Ἐξουσίας
2914 1954 2925 1972 ,
2960 1911 3054 1963 καὶ
3088 1911 3439 1980 Κυριοτὴτων
3470 1909 3720 1964 διελάσαι

2063 1975 2107 2033 Β
2141 2000 2324 2064 φασὶν,
2367 2000 2486 2068 οὐχὶ
2523 2000 2704 2069 μόνοις
2750 2003 2860 2063 τοῖς
2900 2004 2990 2053 ἐπὶ
3029 2001 3150 2069 γῆς,
3190 2001 3326 2054 ἀλλὰ
3371 2002 3468 2054 καὶ
3521 2004 3719 2067 αὑταῖς

2139 2090 2258 2149 ταῖς
2311 2087 2421 2140 ἄνω
2469 2089 2713 2157 λογικαῖς
2761 2091 3020 2160 δυνάμεσι
3054 2093 3142 2144 τὸν
3189 2094 3281 2146 τοῦ
3335 2095 3718 2163 πεπλανῆσθαι

2135 2179 2324 2247 μῶμον
2364 2181 2678 2247 ἐπάγοντες,
2721 2184 2768 2234 εἰ
2806 2184 3169 2252 προσκυνοῦσι
3207 2186 3326 2254 μεθ’
3357 2186 3517 2256 ἡμῶν
3557 2189 3718 2240 ἐναν-

2135 2268 2498 2338 θρωπήσαντα
2545 2271 2643 2342 μὲν
2672 2271 2922 2342 οὐδαμῶς
2954 2275 3043 2326 τὸν
3091 2275 3248 2342 φύσει
3280 2293 3339 2328 τε
3372 2278 3467 2329 καὶ
3496 2276 3717 2348 ἀληθῶς

2134 2359 2281 2422 Υίὸν,
2313 2361 2405 2412 καὶ
2435 2362 2497 2413 ὲκ
2538 2363 2635 2432 τῆς
2665 2362 2758 2415 τοῦ
2810 2363 2943 2417 Θεοῦ
2974 2365 3068 2418 καὶ
3116 2367 3326 2435 Πατρὸς
3355 2368 3542 2431 οὐσίας
3575 2371 3679 2422 άνα
3701 2401 3716 2409 -

2132 2450 2420 2520 λάμψαντα
2461 2453 2651 2520 Λόγον,
2701 2454 2775 2517 ὠς
2811 2454 2996 2525 ἓτερον
3038 2454 3093 2507 δέ
3125 2473 3245 2509 τινα
3287 2458 3418 2526 παρ’
3447 2458 3611 2511 αὐτὸν
3651 2460 3717 2512 ἐκ

452 2552 762 2621 σπέρματος
798 2550 889 2601 τοῦ
942 2549 1121 2612 Δαὸὶδ,
1159 2548 1370 2617 θελήσει
1426 2548 1564 2617 τάχα
1613 2564 1712 2599 που
1772 2545 1908 2618 μόνῃ
1953 2546 2082 2618 παρ’
2128 2545 2291 2598 αὑτοῦ
2337 2549 2431 2600 καὶ
2471 2551 2582 2612 τοῖς
2621 2547 2853 2620 θύραθεν
2898 2550 3258 2622 ἐξωραῖσμοῖς
3306 2551 3714 2622 εἰδοποιηθέντα

449 2647 602 2709 Θεὸν,
639 2647 736 2698 οῦκ
767 2647 892 2696 ὄντα
940 2643 1190 2697 δὲντοῦτο
1216 2645 1356 2696 κατά
1404 2643 1682 2713 ἀλήθειαν,
1709 2642 2018 2713 ἄνθρωπον.

521 2736 578 2790 Β.
626 2737 790 2806 Atqui
849 2735 1060 2789 tametsi
1106 2736 1265 2789 homo
1317 2735 1624 2803 Specialiter
1673 2733 2019 2802 intelligatur,

452 2828 720 2896 inquiunt,
774 2827 993 2880 relative
1037 2836 1215 2881 tamen
1260 2834 1312 2880 et
1346 2835 1588 2896 respectu
1635 2825 1724 2877 Dei
1775 2825 1842 2877 ab
1875 2825 2023 2878 omni

450 2931 695 2977 creatura
719 2920 990 2973 aduratur.

519 3015 587 3067 Α.
631 3013 871 3078 Quonam
906 3026 1034 3065 vero
1062 3021 1238 3079 pacto,
1288 3011 1534 3076 obsecro,
1559 3010 1779 3080 intelligi
1811 3025 1838 3063 a
1867 3008 2023 3064 nobis

452 3116 544 3159 aut
575 3105 736 3159 statui
768 3113 942 3174 potest
970 3105 1083 3158 lucc
1134 3104 1324 3157 relatio
1360 3120 1519 3172 quam
1567 3104 1638 3157 ita
1682 3102 2021 3173 prmdicaut?

457 3197 561 3251 Sed
587 3197 966 3264 age,divinam
1013 3189 1076 3249 ac
1115 3210 1324 3249 sacram
1373 3195 1709 3265 Scripturatn
1754 3193 2022 3263 pervesti-

449 3300 656 3359 gautes,
689 3285 1180 3357 quaestionishujus
1228 3286 1490 3339 rationein
1539 3288 1604 3340 ab
1635 3301 1698 3340 ea
1745 3296 2017 3354 petamus.

452 3380 589 3450 Ergo
612 3394 730 3433 cum
760 3379 917 3448 732
950 3377 1074 3432 olim
1108 3374 1366 3432 Israelita:
1390 3387 1700 3446 contempto
1735 3389 1879 3432 metu
1903 3377 2020 3442 Dei,

449 3475 502 3528 in
533 3473 716 3527 Mosen
744 3485 796 3526 et
816 3475 1083 3524 Aaronem
1109 3471 1301 3524 acerbe
1328 3470 1735 3533 inveherentur,
1763 3468 1935 3523 Moses
1959 3478 2014 3523 et

448 3566 626 3618 Aaron
660 3565 729 3616 ita
765 3578 856 3616 eos
885 3561 1278 3630 compellarunt
1310 3578 1323 3614 :
1367 3578 1386 3612 ι
1425 3561 1556 3627 Quis
1578 3572 1660 3616 est
1692 3562 1831 3630 quod
1875 3576 2022 3614 mur-

449 3656 870 3710 muratiscontra
891 3669 1010 3708 eum
1030 3652 1051 3705 ?
1072 3651 1182 3704 Non
1202 3653 1347 3705 enim
1368 3663 1550 3706 contra
1579 3667 1695 3713 nos,
1715 3654 1806 3706 sed
1826 3664 2016 3707 contra

451 3746 613 3801 Deum
633 3756 714 3800 cst
734 3750 845 3800 hace
865 3745 1134 3799 oblocutio
1157 3754 1333 3798 vestra
1354 3745 1420 3798 ⁸⁸.
1436 3764 1451 3795 ›
1481 3744 1778 3798 Peccarant
1802 3745 1941 3797 enim
1969 3746 2019 3798 in

449 3839 628 3893 Mosen
648 3850 702 3892 et
723 3839 1013 3900 Aaronem,
1039 3837 1131 3891 sed
1157 3835 1356 3890 factum
1386 3837 1557 3905 ipsum
1580 3837 1648 3900 ad
1679 3837 1768 3890 Dei
1793 3835 2020 3905 gloriam

447 3930 727 3999 pertinuit,
751 3939 805 3982 et
829 3929 894 3982 ad
919 3943 1035 3982 eam
1069 3927 1408 3984 referebatur
1428 3941 1616 3980 eorum
1647 3931 1737 3997 qui
1772 3929 2020 3997 injuriam

446 4021 748 4077 inferebant
781 4021 1057 4089 cogitatio.
1085 4020 1351 4073 Cat-terum
1390 4034 1493 4072 non
1524 4027 1683 4073 erant
1723 4019 1794 4073 dii
1846 4019 2021 4073 Moses

444 4124 497 4170 et
527 4116 725 4175 Aaron,
760 4127 936 4179 neque
979 4110 1200 4164 relative
1243 4121 1297 4164 et
1327 4121 1572 4178 respectu
1627 4109 1718 4163 Dei
1771 4119 2019 4164 creatura

444 4221 537 4260 eos
562 4205 822 4258 adoravit.
854 4202 1116 4274 Regnavit
1147 4202 1285 4256 Deus
1311 4217 1406 4271 per
1434 4201 1727 4270 prophetas
1780 4205 1830 4256 iu
1860 4202 2020 4257 Israel

444 4298 738 4350 secundum
776 4309 1021 4352 carnem.
1057 4291 1410 4349 Postmodum
1444 4304 1793 4348 accesserunt
1828 4295 1893 4347 ad
1939 4294 2020 4346 di-

444 4391 626 4444 vinum
658 4386 962 4443 Samuelem
983 4389 1252 4442 dicentes:
1292 4403 1310 4436 ‹
1351 4382 1460 4440 Fac
1483 4386 1636 4440 nobis
1655 4400 1855 4452 regem,
1880 4385 2018 4439 sicut

443 4481 738 4550 etreliquze
760 4489 969 4550 gentes.
1010 4497 1029 4531 ι
1075 4477 1230 4546 Quod
1267 4477 1357 4532 ille
1405 4475 1612 4544 Spiritu
1662 4476 1872 4530 afflatus
1905 4491 2019 4530 mo-

443 4575 578 4628 leste
607 4583 659 4628 et
699 4572 913 4642 quidem
967 4572 1160 4625 merito
1216 4569 1340 4624 tulit
1389 4586 1403 4623 :
1447 4571 1541 4624 sed
1597 4569 1802 4623 audivit
1847 4569 2011 4624 Deum

445 4665 712 4720 dicentem
749 4681 761 4715 :
805 4680 824 4714 ί
862 4661 977 4717 Non
1025 4673 1076 4715 te
1120 4667 1600 4729 contempserunt,
1660 4659 1754 4714 sed
1796 4675 1899 4725 me,
1943 4675 2010 4714 ne

445 4771 659 4825 regnem
692 4769 852 4823 super
873 4769 966 4808 eos
982 4752 1049 4806 ³⁸ι
1085 4772 1102 4804 ι
1133 4754 1209 4807 En
1248 4767 1438 4807 rursus
1456 4761 1644 4822 aperte
1671 4760 2016 4818 contemptus

445 4846 707 4900 rationem
749 4847 814 4896 ad
873 4843 1039 4898 Deum
1093 4844 1284 4898 referri
1343 4844 1439 4897 ait.
1506 4844 1644 4909 Quin
1681 4843 1840 4896 etiam
1902 4842 2016 4910 ipse

440 4935 682 4989 omnium
711 4931 961 4987 Salvator
998 4949 1062 4989 ac
1111 4933 1370 4988 Doruinus
1396 4972 1412 4998 ,
1467 4933 1616 4987 deiis
1645 4933 1736 5003 qui
1772 4942 2016 5000 egestate

441 5033 782 5095 premuntur,
817 5025 934 5078 ait:
993 5043 1011 5075 ι
1065 5023 1337 5093 Quidquid
1383 5023 1590 5079 fecistis
1646 5025 1737 5078 uni
1784 5039 1848 5077 ex
1895 5024 2014 5078 istis

443 5115 700 5180 minimis,
733 5116 859 5170 mihi
899 5116 1105 5172 fecistis
1159 5118 1224 5173 ⁸⁸.
1264 5136 1281 5170 ι
1319 5116 1431 5172 llac
1487 5117 1652 5188 igitur
1708 5118 1919 5172 ratione
1965 5116 2012 5172 si

441 5213 562 5279 quis
592 5212 802 5267 dicatur
838 5212 1019 5271 colere
1049 5227 1170 5267 eum
1202 5213 1292 5283 qui
1338 5223 1420 5267 est
1451 5227 1517 5266 ex
1570 5212 1775 5267 semine
1820 5212 2010 5277 David,

443 5296 649 5359 Filione
670 5304 719 5358 id
741 5305 1027 5369 prtestitit?
1049 5315 1101 5359 et
1125 5306 1226 5359 nisi
1259 5305 1380 5373 quis
1404 5305 1712 5370 crediderit,
1733 5304 2016 5359 offenderit

443 5393 684 5463 profecto
708 5411 832 5450 eum
871 5399 960 5465 qui
998 5408 1187 5452 natura
1217 5407 1300 5453 est
1325 5395 1514 5460 Filius,
1559 5397 1650 5464 qui
1706 5413 1764 5452 se
1798 5412 2013 5467 quoque

442 5485 542 5540 coli
570 5484 701 5552 vult,
735 5497 789 5542 et
819 5489 1003 5542 eodem
1039 5488 1193 5556 plane
1229 5488 1385 5542 modo
1408 5502 1437 5542 a
1472 5489 1626 5542 nobis
1654 5489 1822 5544 credi.
1863 5489 2008 5554 Quo-

444 5576 604 5631 modo
632 5577 795 5640 igitur
825 5593 929 5632 non
982 5579 1052 5632 sit
1104 5581 1279 5634 l‘actus
1304 5595 1402 5649 par
1444 5589 1606 5649 atque
1639 5580 1862 5648 aequalis
1911 5581 2010 5634 ho-

444 5681 572 5744 npre
619 5681 807 5724 servus
861 5684 979 5724 cum
1022 5669 1279 5736 domino,
1331 5681 1384 5726 et
1430 5672 1646 5727 deitatis
1685 5672 2006 5728 excellentia

517 5840 566 5874 ⁸⁸
594 5842 788 5911 Ephes.
830 5861 868 5906 ι,
897 5844 985 5898 2|.
1065 5846 1109 5878 ⁸⁵
1143 5845 1307 5900 Exod.
1341 5861 1452 5912 xvi,
1482 5847 1535 5900 8.

1611 5848 1655 5880 ⁸⁸
1691 5847 1710 5900 l
1742 5846 1871 5918 Reg.
1907 5864 2021 5914 vnt,
2055 5849 2162 5905 4-6.

2202 2737 2261 2790 Β.
2318 2737 2475 2788 Ἀλλὰ
2523 2736 2623 2790 κᾶν
2665 2737 2948 2808 ἄνθρωπος
3001 2737 3182 2800 ίδικῶς
3231 2737 3452 2808 νοῆται,
3517 2737 3710 2806 φασὶν,

2129 2831 2375 2898 ἀναφορᾷ
2405 2827 2536 2880 Θεοῦ
2576 2829 2668 2882 κςιιἹ⁵
2705 2829 2879 2898 ἐννοίᾳ
2925 2827 3021 2899 τὴν
3057 2828 3205 2899 παρὰ
3247 2830 3424 2899 πάσης
3455 2829 3556 2898 τῆς
3595 2831 3714 2881 κτί-

2129 2937 2266 2982 σεως
2295 2921 2658 2988 προσκύνησιν
2693 2919 2824 2990 ἔχει.

2198 3010 2259 3061 Α.
2303 3004 2432 3062 Εἶτα
2463 3009 2581 3061 τίνα
2621 3011 2819 3080 τρόπον
2873 3010 3072 3079 πρέποι
3121 3009 3206 3071 ἂν,
3253 3009 3374 3062 εἰπέ
3419 3028 3530 3080 μοι,
3567 3011 3709 3082 πρδς

2126 3100 2281 3170 ἡμῶν
2327 3100 2561 3154 νοεῖσθαι
2604 3101 2697 3152 καὶ
2730 3101 2980 3168 λέγεσθαι
3013 3101 3113 3173 τῆς
3146 3102 3274 3172 παρ’
3314 3102 3491 3155 αὐτῶν
3545 3101 3713 3174 θρυλ-

2124 3194 2389 3263 λουμένης
2424 3195 2706 3262 ἀναφορᾶς
2733 3193 2794 3245 τὸ
2839 3193 3026 3263 χρῆμα
3054 3211 3067 3259 ;
3103 3193 3213 3244 Καὶ
3246 3194 3376 3263 φέρε
3422 3194 3523 3264 τὴν
3557 3193 3712 3247 θείαν

2127 3301 2187 3336 τε
2235 3285 2326 3338 καὶ
2369 3284 2515 3354 ίεράν
2547 3284 3125 3354 πολυπραγμονοῦντες
3155 3285 3194 3337 Γ
3200 3285 3397 3355 ραφὴν,
3425 3286 3675 3356 καταθρή
3694 3315 3711 3327 -

2133 3392 2314 3444 σωμεν
2359 3375 2452 3427 ἀπ’
2483 3375 2650 3444 αὐτῆς
2694 3375 2753 3426 τὸ
2784 3373 3132 3443 ζητούμενον.
3183 3375 3392 3428 Οὐκοῦν
3441 3375 3714 3448 ὀλιγωρή-

2133 3465 2321 3529 σαντές
2371 3481 2501 3516 ποτε
2551 3466 2648 3533 τῆς
2691 3464 2770 3526 είς
2820 3464 2951 3517 Θεὸν
3003 3464 3181 3528 αἰδοῦς
3234 3466 3281 3518 οί
3338 3465 3400 3530 ἐξ
3466 3466 3709 3538 Ἰσραὴλ,

2129 3559 2319 3611 Μωσεῖ
2345 3573 2402 3609 τε
2448 3558 2542 3610 καὶ
2581 3557 2791 3628 Ἀαρὼν
2824 3558 3120 3626 ἐπεφύοντο
3149 3559 3381 3629 πικρῶς,
3421 3553 3541 3613 εἶτα
3570 3577 3709 3632 προ-

2132 3649 2424 3718 πεφὼνηκε
2471 3649 2673 3718 Μωσῆς
2720 3666 2778 3701 τε
2824 3650 2917 3700 καὶ
2959 3648 3199 3720 Ἀαρών·
3247 3669 3265 3701 ι
3312 3651 3408 3712 Τίς
3451 3654 3600 3705 ἐστιν
3629 3653 3711 3705 ὅτι

2127 3742 2515 3810 διαγογγύζετε
2551 3741 2671 3794 κατ’
2713 3741 2910 3805 αὐτοῦ;
2940 3742 3014 3794 Οὐ
3045 3742 3154 3812 γὰρ
3195 3742 3312 3794 καθ’
3348 3743 3528 3812 ἡμῶν,
3572 3745 3709 3798 ἀλλὰ

2129 3837 2270 3889 κατά
2298 3835 2432 3888 Θεοῦ
2461 3837 2487 3888 ὁ
2513 3836 2826 3906 γογγυσμὸς
2848 3835 3000 3906 ὑμῶν
3029 3831 3181 3899 οὗτός
3202 3838 3364 3890 ἐστιν.
3402 3859 3419 3887 ι
3465 3836 3710 3909 Ἐπληιμ-

2132 3929 2327 3999 μέλουν
2364 3929 2460 3998 μὲν
2495 3929 2601 3999 γὰρ
2652 3929 2731 3991 είς
2771 3929 2975 3982 Μωσέα
3022 3929 3114 3982 καὶ
3163 3927 3391 3998 Ἀαρὼν,
3425 3928 3562 3983 ἀλλὰ
3608 3930 3710 4000 τῆς

2129 4021 2279 4084 Θείας
2305 4023 2507 4091 ἥπτετο
2536 4021 2693 4091 δόξης
2721 4021 2780 4073 τὸ
2807 4020 3102 4092 δρώμενον,
3144 4021 3238 4074 καὶ
3267 4021 3355 4073 ἐπ’
3380 4020 3552 4091 αὐτὴν
3591 4017 3705 4092 εἶχε

2126 4108 2222 4178 τὴν
2244 4109 2543 4178 ἀναφορὰν,
2569 4109 2668 4178 τῆς
2685 4107 2791 4161 τῶν
2810 4108 3135 4180 ὑϐριζόντων
3159 4110 3450 4174 ὑπονοίαςό
3483 4113 3703 4182 τρόπος.

2126 4200 2274 4270 Πλὴν
2321 4199 2420 4252 οὐκ
2468 4194 2607 4269 ἦσαν
2638 4200 2763 4253 Θεοί
2818 4200 3020 4270 Μωσῆς
3065 4217 3125 4253 τε
3178 4199 3271 4253 καί
3321 4201 3551 4272 Ἀαρὼν,
3581 4202 3704 4256 οὔτε

2128 4290 2235 4360 μὴν
2277 4290 2526 4359 ἀναφορᾷ
2570 4289 2728 4346 Θεοῦ.
2760 4324 2778 4344 .
2810 4327 2824 4343 .
2860 4332 2870 4343 .
2907 4333 2919 4345 .
2953 4328 2968 4344 .
3005 4332 3019 4348 .
3055 4331 3067 4344 .
3129 4291 3214 4344 διὰ
3260 4293 3576 4362 προφητῶν,
3609 4293 3700 4347 τοῦ

2125 4383 2267 4434 κατά
2316 4383 2495 4452 σάρκα
2538 4382 2770 4454 Ἰσραήλ.
2812 4379 2945 4437 Εἶτα
2975 4383 3288 4454 προσῄεσαν
3325 4384 3577 4454 λέγοντες
3628 4385 3704 4456 τῷ

2124 4475 2395 4545 θεσπεσίῳ
2436 4459 2730 4546 Σαμουήλ-
2773 4497 2791 4529 ι
2845 4477 3075 4545 Ποίησον
3107 4479 3237 4549 ἡμῖν
3283 4478 3526 4548 βασιλέα,
3562 4479 3701 4533 καθά

2125 4567 2221 4619 καὶ
2261 4565 2329 4618 τὰ
2371 4565 2531 4619 λοιπὰ
2585 4567 2735 4638 ἔθνη.
2785 4587 2804 4620 ι
2848 4567 2990 4640 Πρὸς
3027 4567 3200 4622 ταῦτα
3247 4571 3701 4638 κατεπικραίνετο

2125 4661 2220 4713 καὶ
2260 4661 2463 4730 σφόδρα
2511 4661 2736 4725 εἰκότως
2787 4662 2815 4712 ὁ
2867 4662 3332 4732 πνευματοιρόρος,
3382 4661 3498 4715 ἀλλ’
3536 4663 3700 4733 ηκουε

2116 4753 2212 4806 τοῦ
2238 4752 2373 4804 Θεοῦ
2413 4751 2683 4820 λέγοντοςο
2723 4772 2742 4804 ι
2778 4753 2852 4806 Οὐ
2884 4752 2942 4804 σὲ
2974 4752 3411 4823 ἐξουθενήκασιν,
3438 4753 3553 4806 ἀλλ’
3578 4756 3698 4825 ἐμὲ,

2115 4844 2210 4897 τοῦ
2272 4845 2346 4914 μὴ
2403 4842 2704 4913 βασιλεύειν
2761 4845 2848 4897 ἐπ’
2893 4845 3108 4907 αὐτούς.
3153 4863 3171 4896 ι
3229 4844 3356 4898 Ἰδοὺ
3411 4844 3475 4916 δὴ
3516 4846 3698 4908 πάλιν,

2116 4934 2349 4990 κάνθάδε
2381 4934 2564 5003 σαφῶς
2596 4937 2624 4989 ό
2656 4935 2755 5006 τῆς
2785 4936 3179 5006 ἐξουθενήσεως
3217 4937 3417 5006 τρόπος
3457 4939 3542 5001 είς
3572 4938 3701 4991 Θεὸν

2119 5027 2233 5098 ἔχει
2275 5027 2373 5096 τὴν
2408 5027 2706 5099 ἀναφοράν.
2753 5028 2863 5081 Καὶ
2893 5028 2998 5100 μὴν
3040 5029 3134 5082 καὶ
3168 5029 3332 5093 αὐτὸς
3359 5031 3386 5082 ό
3426 5028 3537 5082 τῶν
3566 5029 3701 5083 ὅλων

2120 5119 2314 5193 Σωτὴρ
2351 5121 2444 5174 καὶ
2468 5120 2673 5193 Κύριος
2702 5121 2832 5192 περὶ
2868 5121 2977 5174 τῶν
3007 5122 3064 5174 ὲν
3095 5121 3272 5194 ἐνδείᾳ
3299 5121 3494 5192 φησίνο
3520 5139 3540 5173 ι
3587 5119 3700 5190 Ἐφ’

2120 5211 2243 5266 ὅσον
2297 5213 2584 5281 ἐποιήσατε
2647 5212 2728 5266 ἐνί¹
2773 5211 2979 5265 τούτων
3026 5209 3135 5264 τῶν
3183 5211 3517 5281 ἐλαχίστων,
3577 5210 3698 5281 ἐμοὶ

2120 5304 2437 5373 ἐποιήσατε.
2485 5325 2505 5356 ι»
2549 5299 2674 5374 Ἆρ’
2708 5299 2800 5357 οὖν
2833 5303 2976 5358 κατὰ
3022 5303 3212 5357 τοῦτον
3257 5305 3347 5357 τὸν
3385 5304 3610 5375 τρόπον,
3646 5302 3700 5356 εί

2119 5412 2202 5461 τις
2237 5397 2446 5465 λέγοιτο
2472 5398 2634 5467 τιμᾷν
2665 5397 2753 5452 τὸν
2784 5398 2846 5449 ἐκ
2890 5395 3205 5468 σπέρματος
3237 5397 3420 5460 Δαῆἱδ,
3454 5396 3532 5468 τῷ
3579 5396 3697 5468 Υίῷ

2118 5488 2424 5556 πεποίηκε;
2472 5489 2573 5542 κᾶν
2626 5490 2673 5540 εἰ
2730 5489 2803 5559 μὴ
2853 5488 3197 5554 πιστεύσειε,
3251 5491 3692 5562 προσκέκρουκεν

2117 5581 2401 5652 ἀραρότως
2431 5581 2507 5650 τῷ
2538 5582 2679 5635 κατὰ
2715 5582 2876 5650 φύσιν
2924 5581 3057 5653 Υίῷ,
3104 5582 3364 5653 τιμᾶσθαι
3407 5583 3545 5654 τάχα
3588 5600 3690 5637 που

2117 5675 2211 5726 καὶ⁴
2263 5672 2424 5727 αὑτὸν
2481 5673 2751 5736 ἐθέλοντι,
2803 5675 2894 5728 xa‘t
2935 5675 3288 5729 πιστεύεσθαι
3348 5675 3484 5746 πρὸς
3530 5677 3689 5748 ἡμῶν

2241 5851 2284 5883 ⁸⁸
2319 5849 2506 5906 Matth.
2544 5867 2667 5919 xxv,
2702 5851 2792 5908 40.
