4006 6456
283 479 427 534 1285

1421 475 1610 542 QUOD
1650 472 1837 530 UNUS
1878 470 1984 527 SIT
2024 472 2394 528 CHRISTUS.

3419 474 3559 533 1286

275 598 420 649 κατά
468 598 557 650 τὸν
609 600 722 653 ίσον
771 601 866 654 καὶ
918 599 1353 672 ἀπαραλλάκτως
1401 597 1594 665 ἔχοντα
1645 594 1839 662 τρόπον

1974 591 2170 658 polleat
2218 593 2268 645 id
2317 591 2460 661 quod
2493 600 2737 646 creatum
2780 600 2884 657 est,
2943 601 2998 648 et
3054 591 3194 646 Deus
3238 604 3469 654 recens,
3503 598 3558 642 ut

275 687 412 743 Εἶτα
456 692 570 755 πῶς
617 694 676 744 οὑ
723 694 947 762 γέγονεν
997 694 1236 762 ἰσότιμον
1273 690 1369 758 μὲν
1403 688 1480 756 τῷ
1517 686 1751 754 δεσπότῃ
1800 685 1863 735 τὸ

271 781 498 844 δοῦλον,
546 785 604 834 ἐν
639 784 938 854 ὑπεροχαῖς
976 785 1032 837 δὲ
1068 784 1320 851 θεότητος
1362 779 1422 831 τὸ
1465 776 1859 845 πεποιημένον,

270 875 369 924 καὶ
399 873 531 935 Θεὸς
554 875 886 944 πρόσφατος,
916 875 1056 928 κατὰ
1079 874 1176 936 τάς
1209 874 1244 924 Γ
1253 873 1461 943 ραφάς;
1504 869 1860 937 ἐπενήνεκται

267 962 327 1015 δὲ
359 965 426 1032 τῇ
457 963 586 1032 ἁγίᾳ
624 965 718 1015 καὶ
746 966 1016 1033 ὁμοουσίῳ
1043 963 1234 1033 Τριάδι
1289 961 1348 1012 τὸ
1393 956 1680 1025 ἀνισοιρυὲς
1720 955 1858 1023 αὺτῇ

268 1055 366 1107 καὶ
416 1054 514 1108 σὺν
544 1056 678 1124 αὐτῇ
718 1054 1190 1125 προσκυνούμενον
1220 1093 1233 1117 ,
1289 1050 1382 1103 καὶ
1422 1049 1520 1118 τῆς
1562 1048 1683 1115 ἴσης
1720 1045 1856 1116 αὑτῇ

267 1145 562 1199 ιοινωνοῦν
589 1145 838 1208 εὐκλείας
857 1165 870 1211 ;

344 1237 402 1289 Β.
446 1238 578 1290 Φασὶ
611 1237 711 1309 τὴν
752 1237 1030 1307 ἀναφορὰν
1073 1235 1214 1288 κατὰ
1261 1233 1463 1287 τοιόνδε
1504 1229 1626 1282 τινὰ
1660 1227 1858 1298 χρῆναι

263 1327 648 1395 λαμῦἀνεσθαι
703 1329 920 1398 τρόπον.
989 1326 1328 1388 Ἑννοοῦντες
1373 1323 1480 1393 γὰρ
1533 1321 1622 1373 τὸν
1669 1319 1745 1389 τῷ
1794 1319 1857 1370 ὲκ

266 1419 584 1488 σπέρματος
637 1419 802 1471 Δαϐἰδ
839 1420 1157 1489 ἀχωρίστως
1204 1416 1546 1486 συναφθέντα
1587 1413 1718 1466 Θεὸν
1755 1411 1858 1464 Λό-

264 1523 386 1576 γον,
423 1508 838 1580 προσγυνοῦμεν
863 1510 937 1572 ὡς
968 1508 1119 1560 Θεόν.

337 1600 401 1652 Α.
447 1594 573 1668 'Ap‘
620 1595 713 1653 οὖν
759 1601 974 1669 ἀπόχρη
1029 1600 1162 1669 πρὸς
1196 1599 1256 1650 τὸ
1293 1597 1404 1649 δεῖν
1443 1595 1593 1665 αὑτῷ
1642 1593 1740 1663 τὴν
1779 1594 1856 1664 τῷ

263 1687 388 1757 Θεῴ
437 1689 753 1758 πρέπουσαν
804 1689 961 1752 δόξαν
1011 1689 1170 1750 ἑλεῖν,
1207 1688 1299 1740 καὶ
1342 1686 1451 1738 τῶν
1494 1685 1594 1753 τῆς
1625 1685 1855 1747 κτίσεως

263 1777 676 1848 ὑπερφέρεσθαι
705 1781 936 1849 μέτρων,
962 1779 1021 1831 τὸ
1055 1779 1319 1846 συνῆφθαι
1356 1778 1514 1846 μόνον
1548 1774 1726 1844 usus;
1761 1775 1854 1827 καὶ

258 1869 422 1921 τοῦτο
451 1870 823 1940 προσκυνητὸν
875 1872 964 1922 τὸν
1012 1871 1110 1922 οὐκ
1163 1871 1290 1923 ὄντα
1338 1869 1470 1920 Θεὸν
1520 1868 1846 1937 ἐργάσεται;

1969 682 2249 750 Scriptura
2308 691 2539 736 testatur
2580 683 2678 734 ‘7?
2721 683 3019 738 Asciseitur
3045 698 3170 737 vero
3210 683 3261 736 in
3307 694 3557 738 sanctam

1964 784 2018 828 ct
2047 774 2562 828 consubstantialem
2597 775 2924 830 Trinitatem
2959 777 3010 830 itl
3039 775 3184 844 quod
3219 774 3450 828 diversae
3492 774 3558 828 ab

1964 881 2024 919 ea
2058 878 2267 920 natura:
2295 874 2399 930 est,
2439 883 2658 936 unaque
2691 883 2813 922 cum
2837 881 2899 921 ea
2945 868 3206 921 adoratur
3233 908 3250 934 ,
3302 880 3553 921 comnm-

1965 970 2199 1026 netuque
2226 965 2280 1011 et
2305 972 2491 1027 parem
2524 973 2648 1012 cum
2680 972 2743 1012 ea
2775 957 3002 1026 gloriam
3032 956 3239 1011 habet?

2033 1219 2092 1276 Β.
2136 1219 2467 1273 Aiuntltanc
2514 1218 2832 1273 relationem
2877 1217 3260 1288 hujuscemodi
3307 1220 3546 1288 quadam

1961 1311 2168 1366 ratione
2199 1313 2373 1380 accipi
2405 1311 2620 1364 debere.
2653 1310 2969 1365 Statueutes
3003 1312 3147 1365 enim
3177 1313 3304 1366 huic
3334 1314 3426 1382 qui
3463 1324 3549 1368 est

1959 1419 2026 1457 ex
2073 1403 2282 1458 semine
2326 1402 2494 1458 David
2552 1402 2991 1472 inseparabiliter
3042 1405 3356 1474 copulatum
3423 1419 3546 1462 esse

1960 1493 2128 1548 Deum
2167 1494 2428 1558 Verbum,
2467 1494 2762 1548 adoramus
2790 1505 2849 1548 ut
2895 1495 3085 1551 Deum.

2029 1587 2095 1640 A.
2116 1587 2276 1655 Atqui
2315 1585 2584 1642 sullicilne
2611 1587 2716 1642 hoc
2750 1587 2816 1642 ad
2842 1587 3188 1644 deferendam
3219 1589 3292 1644 illi
3316 1590 3541 1660 gloriam

1956 1691 2075 1746 qua?
2107 1678 2213 1732 Deo
2235 1679 2488 1731 convenit
2516 1718 2530 1741 ,
2592 1688 2647 1732 et
2692 1679 2756 1732 ad
2808 1693 2930 1732 eum
2980 1679 3118 1734 ultra
3165 1691 3543 1735 creaturarum

1955 1768 2322 1822 conditionem
2344 1768 2704 1830 evehendum,
2731 1767 2873 1838 quod
2910 1769 3234 1837 conjunctns
3253 1771 3302 1824 ei
3329 1781 3542 1825 tantum

1953 1861 2042 1924 sit,
2085 1860 2244 1928 idque
2275 1859 2604 1913 adorabilem
2641 1875 2762 1913 eum
2796 1858 2959 1914 faciet
2989 1861 3078 1928 qui
3111 1876 3217 1914 non
3245 1861 3316 1914 sit
3349 1861 3492 1916 Deus
3520 1860 3545 1914 τ

259 1960 381 2013 ἀλλ’
413 1963 654 2030 εὑρίσκω
687 1961 808 2013 τινὰ
827 1961 904 2030 τῷ
939 1961 1055 2030 Θεῷ
1087 1962 1314 2029 λέγοντα
1341 1960 1429 2013 διὰ
1458 1960 1554 2028 τῆς
1579 1958 1671 2011 τοῦ
1699 1959 1839 2011 Ψάλ-

1954 1951 2022 2002 At
2058 1950 2268 2018 reperio
2297 1949 2588 2016 quemdam
2630 1962 2730 2016 per
2781 1947 3084 2003 Psaltnista‘:
3121 1948 3294 2019 lyram
3347 1951 3541 2004 dicen-

257 2051 445 2113 λοντος
471 2053 673 2121 λύρας·
721 2073 739 2104 ‹
783 2053 1075 2123 Ἐκολλήθη
1110 2055 1140 2123 ἡ
1176 2053 1317 2123 ψυχή
1355 2069 1451 2122 μου
1478 2052 1651 2104 ὀπίσω
1683 2068 1794 2102 σου.
1826 2068 1843 2100 ι

258 2143 466 2212 Γράφει
504 2144 674 2196 δὲκαὶ
717 2145 744 2196 ό
781 2146 1047 2214 μακάριος
1078 2143 1317 2206 Παῦλοςσ
1353 2163 1370 2194 ι
1419 2144 1474 2194 ὐ
1511 2142 1850 2210 κολλώμενος

256 2233 338 2304 τῷ
363 2235 570 2304 Κυρίῳ,
594 2235 651 2285 ἓν
679 2234 893 2305 πνεῦμά
923 2238 1087 2289 ἐστιν.
1133 2255 1149 2286 r
1178 2231 1241 2286 ⁷Α
1255 2236 1300 2305 ρ’
1323 2231 1433 2299 οὖν,
1477 2234 1598 2285 εἰπέ
1624 2250 1733 2302 μοι,
1755 2231 1848 2285 καὶ

255 2326 480 2388 τούτους
523 2329 769 2397 όινοιςοορξὶ⁵
807 2329 940 2381 Θεοῦ
971 2330 1444 2400 προσκυνήσομεν,
1476 2327 1550 2389 ὡς
1590 2326 1848 2394 κεκολλη-

258 2421 457 2488 μένους
490 2419 675 2488 αύτῷ;
729 2421 921 2474 Καίτοι
961 2420 1053 2472 τοῦ
1103 2420 1372 2490 συνῆφθαι
1402 2420 1597 2488 λέγειν,
1640 2419 1701 2470 τὸ
1749 2419 1844 2488 τῆς

253 2509 566 2578 κολλήσεως
609 2509 796 2578 ὄνομα,
842 2508 1062 2580 μείζονά
1101 2526 1203 2562 που
1243 2511 1457 2572 πάντως
1491 2509 1584 2560 καὶ
1631 2507 1840 2572 ἀξιολο-

251 2601 506 2669 γωτέραν
538 2599 636 2668 τὴν
679 2598 915 2668 ἔμφασιν
961 2599 1108 2669 ἔχει·
1141 2599 1300 2669 εἴπερ
1333 2599 1480 2652 ἐστὶν
1525 2599 1721 2669 ἀληθὲς
1765 2601 1842 2650 εί-

252 2695 400 2754 πεῖν,
435 2691 511 2753 ὠς
544 2693 601 2743 τό
631 2708 738 2744 τισι
773 2690 1129 2760 κολλώμενον,
1169 2693 1226 2745 ὲν
1267 2693 1512 2744 ἐπιτάσει
1545 2692 1708 2762 πολλῇ
1746 2693 1842 2762 τὴν

253 2782 556 2851 συνάφειαν
590 2781 725 2852 ἔχει.

329 2873 387 2926 Β.
437 2875 671 2927 Ἔοικεν.

325 2966 388 3022 Α.
446 2966 691 3018 Ἀνθότου
745 2965 801 3018 δὲ
851 2965 914 3037 δὴ
962 2965 1228 3034 παρέντες
1262 2966 1360 3035 τὴν
1396 2966 1609 3028 ἕνωσιν,
1662 2965 1838 3018 καίτοι

251 3057 443 3126 φωνὴν
478 3053 643 3110 οὖσαν
689 3057 908 3127 εύτριϐῆ
958 3059 1088 3128 παρ’
1123 3059 1253 3127 ἡμῖν
1306 3059 1507 3120 αὐτοῖς,
1549 3057 1746 3126 μᾶλλον
1780 3057 1838 3108 δὲ

252 3147 352 3199 καὶ
381 3148 446 3198 ὲκ
471 3146 579 3198 τῶν
605 3147 774 3214 ἁγίων
805 3148 1062 3217 Πατέρων
1092 3148 1525 3201 καταϐαίνουσαν
1555 3151 1634 3208 εἰς
1668 3150 1833 3217 ἡμᾶς,

253 3236 553 3305 ουνάφειαν
586 3236 941 3306 όνομάζουσι;
977 3236 1170 3289 Καίτοι
1207 3240 1397 3307 συγχεῖ
1432 3238 1527 3304 μὲν
1568 3239 1599 3307 ἠ
1646 3239 1836 3300 ἓνωσις
1865 3267 1905 3324 C

245 3327 506 3397 οὐδαμῶς
538 3328 606 3380 τὰ
654 3330 772 3381 καθ’
801 3321 875 3382 ῶν
906 3329 971 3382 ἂν
1003 3330 1232 3397 λέγοιτο,
1262 3329 1586 3383 διαδείκνυσι
1614 3330 1669 3381 δὲ
1698 3332 1834 3398 μᾶ),-

244 3420 338 3472 λον
373 3419 472 3489 τὴν
509 3421 587 3482 είς
631 3419 690 3470 ἐν
728 3436 778 3471 τι
831 3421 1133 3492 συνδρομὴν
1187 3419 1294 3473 τῶν
1329 3420 1569 3490 ἡνῶσθαι
1614 3422 1834 3491 νοουμέ-

246 3529 378 3565 νων.
412 3511 521 3564 Καὶ
554 3511 673 3580 οὐχὶ
723 3510 896 3580 πάντη
947 3528 1005 3564 τε
1045 3513 1136 3564 καὶ
1181 3513 1398 3576 πάντως
1429 3512 1486 3564 ἓν
1524 3513 1589 3566 ἂν
1629 3513 1836 3581 λέγοιτο

249 3601 431 3671 μόνως
461 3600 524 3652 τὸ
553 3599 758 3653 ἁπλοῦν
790 3602 882 3653 καὶ
913 3601 1204 3671 μονοειδὲς,
1241 3601 1375 3655 ἀλλὰ
1408 3603 1516 3674 γὰρ
1552 3606 1646 3657 καὶ
1675 3604 1741 3656 τὰ
1772 3605 1836 3658 ὲκ

244 3695 393 3746 δυοῖν
432 3693 463 3762 ἢ
498 3691 760 3745 πλειόνων
790 3692 868 3745 ἔτι
906 3693 1000 3746 καὶ
1040 3692 1099 3757 ἐξ
1131 3694 1443 3765 ἐτεροειδῶν
1481 3697 1827 3766 συγκείμενα.

242 3787 407 3838 Δοκεῖ
453 3785 561 3853 γὰρ
590 3783 762 3848 οὑτως
809 3780 868 3837 εὖ
923 3785 1064 3854 ἔχειν
1093 3788 1204 3849 τοῖς
1251 3785 1425 3840 ταῦτα
1460 3791 1661 3856 σοφοῖς.
1717 3790 1832 3841 Κα-

243 3877 588 3948 κουργότατα
626 3877 804 3930 τοίνυν
856 3877 948 3929 τὸν
999 3878 1110 3930 ἕνα.
1144 3877 1239 3931 καὶ
1277 3878 1436 3946 φύσει
1485 3880 1579 3932 καὶ
1616 3879 1832 3950 ἀληθῶς

247 3969 396 4033 Υίὸν,
432 3969 926 4038 ὲνανθρωπήσαντα
959 3971 1055 4023 καὶ
1089 3972 1508 4040 σεσαρκωμένον
1531 3971 1829 4038 διιστάντες

241 4063 324 4124 εἰς
352 4061 464 4126 δύο,
500 4061 888 4132 παραιτοῦνται
924 4062 1022 4132 μὲν
1056 4063 1152 4133 τὴν
1185 4065 1398 4129 ἕνωσιν,
1433 4065 1730 4135 συνάφειαν
1772 4068 1830 4120 δὲ

241 4153 623 4224 ὀνομάζουσιν,
660 4154 725 4224 ἢν
757 4154 822 4209 ἂν
856 4154 968 4224 ἔχοι
1000 4155 1162 4225 τυχὸν
1201 4158 1293 4209 καὶ
1334 4156 1519 4226 ἕτερός
1561 4176 1647 4221 τις
1692 4159 1829 4229 πρὸς

241 4245 397 4309 Θεὸν,
433 4246 509 4307 ὡς
533 4245 591 4309 ἐξ
619 4245 819 4316 ἀρετῆς
849 4246 942 4298 καὶ
975 4245 1247 4317 ἀγιασμοῦ
1283 4250 1561 4320 μονονουχὶ
1612 4251 1829 4303 συνδού-

243 4353 428 4406 μενος,
459 4336 601 4389 κατά
635 4353 700 4404 γε
728 4336 788 4389 τὸ
821 4338 925 4390 ὑπό
959 4355 1049 4392 του
1074 4337 1183 4390 τῶν
1216 4340 1511 4410 προφητῶν
1540 4341 1717 4412 ὀρθῶς
1749 4345 1828 4396 εί-

244 4430 502 4499 ρημένον,
532 4430 645 4492 τοῖς
685 4429 1078 4483 ἀναπίπτουσιν
1111 4432 1188 4493 είς
1231 4430 1291 4483 τὸ
1340 4430 1617 4502 ῥᾴθυμον·
1656 4435 1826 4487 «Συν-

239 4522 442 4592 άχθητε
489 4521 582 4574 καὶ
621 4522 928 4592 συνδέθητε,
975 4521 1036 4575 τὸ
1067 4522 1216 4586 ἔθνος
1247 4522 1306 4575 τὸ
1341 4524 1683 4590 ἀπαίδευτον,
1720 4528 1827 4597 πρὸ

1956 2052 2060 2094 tem
2100 2057 2110 2091 :
2151 2060 2167 2091 ι
2199 2040 2582 2106 Cnnglutinata
2629 2050 2712 2094 est
2766 2043 2944 2092 anima
2991 2055 3106 2094 mea
3145 2051 3266 2109 post
3301 2051 3351 2096 te
3380 2041 3474 2107 33.;
3517 2061 3535 2094 ι

1951 2144 2003 2187 et
2041 2134 2231 2187 beatus
2263 2131 2459 2186 Paulus
2509 2133 2580 2184 ita
2630 2132 2873 2187 scribit:
2919 2152 2936 2184 ι
2980 2132 3079 2198 Qui
3128 2124 3539 2200 conglutinatus

1951 2236 2032 2276 cst
2067 2224 2297 2278 Domino
2327 2262 2340 2285 ,
2378 2238 2518 2276 unus
2557 2223 2782 2292 spiritus
2829 2234 2913 2277 est
2956 2225 3045 2279 “8'.
3099 2245 3116 2276 ›
3165 2227 3320 2280 Anne
3356 2226 3539 2295 igitur,

1949 2318 2196 2379 obsecro,
2222 2315 2384 2369 etiam
2419 2315 2520 2369 hos
2545 2314 2897 2369 adorabimus
2926 2326 3172 2383 respectu
3211 2315 3325 2382 Dei,
3353 2327 3540 2385 utpote

1950 2409 1997 2463 ci
2051 2407 2498 2473 conglutinatos?
2555 2408 2716 2476 Atqui
2789 2408 3274 2479 conglutinationis
3342 2424 3537 2462 nomen

1949 2500 2210 2568 majorem
2249 2501 2354 2553 vim
2389 2500 2549 2570 733
2580 2511 2743 2569 atque
2812 2501 3115 2570 emphasim
3167 2499 3330 2554 habet
3373 2514 3536 2569 quam

1947 2589 2367 2658 coniunctionis.
2404 2590 2686 2658 Siquidem
2725 2604 2852 2644 vere
2886 2591 3106 2657 dicitur,
3145 2591 3187 2646 si
3218 2591 3348 2660 quid
3379 2591 3535 2644 alteri

1931 2685 2176 2752 cuipiam
2203 2683 2642 2751 conglutinatum
2667 2693 2772 2746 est,
2815 2683 3192 2738 vehementem
3223 2683 3271 2737 ei
3297 2694 3536 2738 arctam-

1943 2791 2049 2846 que
2074 2791 2198 2830 cum
2227 2775 2316 2828 illo
2343 2773 2782 2844 conjunctionem
2814 2774 3174 2831 intercedere.

2013 2867 2074 2920 Β.
2108 2868 2183 2920 Ita
2220 2867 2459 2920 videtur.

2012 2961 2077 3011 A.
2108 2959 2218 3013 Cur
2240 2970 2447 3025 autem,
2478 2960 2682 3029 rcjeclo
2713 2961 2933 3014 nomine
2971 2959 3217 3027 unitatis,
3249 2973 3369 3014 cum
3401 2958 3536 3014 alio-

1941 3051 2030 3119 qui
2060 3052 2128 3104 sit
2181 3051 2436 3104 usitatum
2489 3052 2646 3105 nobis
2678 3052 2833 3121 ipsis,
2881 3051 2990 3106 imo
3043 3067 3171 3107 vero
3247 3067 3276 3106 a
3331 3054 3536 3109 sanctis

1945 3142 2190 3195 Patrilius
2230 3143 2295 3195 ad
2334 3158 2431 3197 nos
2456 3141 2693 3207 ﬂuxerit,
2725 3141 3168 3212 conjunctioncm
3222 3144 3403 3214 potius
3440 3161 3537 3201 vo-

1941 3233 2124 3287 cant?
2180 3234 2342 3301 Atqui
2392 3237 2573 3289 unitas
2631 3250 2971 3303 nequaquam
3017 3237 3300 3291 confundit
3346 3253 3410 3293 ea
3463 3239 3529 3295 de

1945 3326 2145 3393 quibus
2174 3325 2524 3393 praedicatur,
2555 3327 2649 3381 sed
2682 3327 2859 3395 potius
2883 3327 3158 3398 signiﬁcat
3201 3345 3529 3386 concursum

1945 3419 1996 3471 in
2037 3433 2203 3471 unum
2229 3432 2434 3473 corum-
2459 3433 2578 3488 quae
2620 3420 2768 3472 unita
2818 3432 2941 3474 esse
2980 3420 3378 3492 intelliguntur.
3427 3423 3534 3479 Sed

1945 3522 2120 3578 neque
2159 3509 2212 3562 itt
2248 3509 2561 3562 universum
2614 3508 2816 3562 dicitur
2860 3525 3027 3563 unum
3081 3510 3428 3567 solummodo
3479 3511 3532 3568 id

1942 3600 2082 3669 quod
2120 3599 2348 3668 simplex
2377 3609 2480 3662 est,
2509 3608 2670 3668 atque
2699 3601 2859 3656 unius
2891 3602 3114 3671 speciei,
3149 3617 3342 3657 verum
3363 3605 3532 3660 etiam

1944 3703 2006 3743 ea
2044 3705 2165 3757 qua:
2204 3705 2269 3742 ex
2314 3689 2527 3743 duobus
2587 3697 2680 3743 aut
2731 3691 2895 3743 etiam
2960 3690 3210 3760 pluribus
3241 3692 3407 3748 etiam
3452 3696 3534 3749 di-

1942 3796 2222 3835 versarum
2265 3781 2572 3850 specierum
2604 3781 2902 3851 composita
2942 3792 3088 3836 sunt.
3133 3785 3210 3838 Ita
3239 3785 3384 3839 enim
3414 3794 3532 3840 sta-

1945 3884 2100 3928 tuunt
2140 3875 2331 3928 harum
2362 3888 2542 3928 rerum
2569 3874 2768 3941 'periti.
2811 3875 3338 3933 Fraudulentissime
3369 3879 3534 3949 igitur

1941 3980 2106 4018 unum
2140 3973 2194 4018 et
2232 3975 2421 4016 natura
2475 3973 2531 4018 et
2583 3978 2710 4016 vere
2760 3965 2955 4019 Filium
3000 3964 3274 4022 hominem
3319 3970 3528 4025 factum

1940 4063 2102 4121 atque
2144 4054 2484 4107 incarnatum
2527 4053 2928 4123 distinguentes
2964 4058 3018 4111 in
3061 4058 3190 4124 duo,
3256 4061 3525 4117 unitatem

1938 4146 2157 4214 quidem
2206 4145 2554 4212 detrectant,
2613 4147 3054 4218 conjunctionem
3099 4166 3230 4206 vero
3280 4163 3526 4223 vocant,

1938 4252 2099 4306 quam
2130 4238 2361 4293 fortasse
2389 4237 2553 4292 etiam
2583 4238 2720 4293 alius
2753 4240 3022 4309 quispiam
3053 4257 3173 4297 cum
3211 4245 3320 4299 Deo
3341 4246 3526 4314 habet,

1939 4338 2125 4399 ttlpulc
2160 4329 2359 4383 virtute
2395 4346 2458 4386 ac
2487 4332 2924 4388 sanctiﬁcatione
2970 4342 3295 4391 tantumnon
3329 4339 3380 4392 ei
3413 4338 3527 4394 col-

1937 4421 2157 4490 ligatus,
2186 4423 2340 4491 juxta
2382 4423 2511 4477 illud
2543 4434 2694 4478 recte
2720 4441 2748 4477 α
2779 4426 3065 4495 prophetia
3094 4427 3300 4483 dictum
3335 4430 3401 4486 iis
3432 4433 3526 4500 qui

1935 4516 2001 4567 ad
2048 4515 2314 4582 ignaviam
2351 4516 2714 4570 devolvuntur
2744 4532 2757 4569 :
2791 4535 2809 4568 ι
2850 4517 3290 4590 Congregamini,
3322 4533 3375 4578 et
3413 4524 3525 4579 col-

237 4614 333 4668 τοῦ
365 4614 616 4682 γενέσθαι
661 4614 805 4684 ὑμᾶς
850 4615 924 4677 ὡς
959 4613 1116 4678 ἄνθος
1159 4616 1591 4687 παρερχόμενον.
1635 4637 1653 4669 ι
1694 4619 1824 4672 Συν-

1947 4606 2206 4676 ligamini,
2242 4625 2374 4679 gens
2409 4610 2682 4678 imperita,
2712 4621 3000 4682 antequam
3037 4611 3180 4667 ﬁalis
3217 4628 3312 4669 vos
3341 4624 3399 4669 ut
3424 4614 3524 4672 llos

239 4705 466 4760 ἅπτοιτο
493 4705 536 4758 δ’
577 4705 643 4760 ἂν
697 4708 791 4759 καί
840 4705 1087 4776 μαθητὴς
1134 4707 1440 4779 διδασκάλῳ
1489 4711 1628 4763 κατά
1659 4727 1723 4779 γε
1771 4713 1831 4765 τὸ

237 4797 558 4868 φιλομαθὲς,
593 4797 688 4850 καὶ
717 4799 878 4868 ἡμεῖς
912 4799 1181 4870 ἀλλήλοις,
1215 4801 1275 4851 οὑ
1323 4801 1444 4854 καθ’
1475 4801 1570 4854 ἕνα
1601 4803 1826 4873 τρόπον,

243 4889 371 4942 me
405 4889 652 4952 πολλούς.
694 4889 765 4942 Ἦ
797 4889 936 4958 τάχα
966 4907 1068 4942 που
1107 4891 1200 4942 καὶ
1233 4893 1260 4943 ό
1289 4889 1442 4945 τοῦδέ
1488 4909 1633 4956 τινος
1685 4896 1828 4965 πρά-

233 4997 442 5052 γματος
489 4980 780 5050 ὑπουργὸς,
816 4981 916 5034 οὑκ
965 4982 1247 5052 ἀσυναφὴς
1299 4983 1440 5037 κατὰ
1480 4984 1537 5036 τὸ
1579 4986 1827 5041 ἑκούσιον

233 5072 394 5129 νοοῐτ’
422 5072 488 5126 ἂν
519 5072 746 5136 εἰκότως
776 5071 853 5142 τῷ
884 5071 1101 5126 λαϐόντι
1133 5074 1270 5145 πρὸς
1303 5076 1625 5146 ὑπουργίαν.
1668 5079 1731 5131 Ὃ
1764 5078 1820 5131 δὲ

235 5163 441 5232 μᾶλλον
474 5162 649 5216 ἔοικεν
678 5163 711 5234 ἡ
734 5163 888 5234 παρὰ
907 5164 1015 5216 τῶν
1039 5166 1376 5237 καινοτόμων
1396 5171 1529 5238 ἡμῖν
1556 5168 1821 5241 συνάφεια

232 5253 448 5322 δηλοῦν.
501 5254 767 5308 Διεπύθου
819 5254 929 5325 γὰρ
977 5255 1394 5328 διατεινομένων
1447 5261 1693 5329 ἀμαθῶς,
1739 5264 1820 5316 ὅτι

230 5342 414 5397 λαϐὼν
448 5345 753 5416 ἄνθρωπον,
782 5347 857 5410 ὡς
883 5332 1066 5418 ἕτερόν
1096 5366 1217 5402 τινα
1249 5350 1379 5420 παρ’
1416 5352 1604 5405 ἑαυτὸν
1649 5355 1762 5407 υἱὸν
1794 5357 1822 5408 ὁ

228 5432 364 5496 Θεὸς
403 5433 594 5501 Λόγος,
631 5437 902 5506 ὑπουργὸν
942 5436 1133 5508 ὥσπερ
1179 5441 1301 5493 τινὰ
1356 5441 1465 5494 τῶν
1510 5445 1703 5498 ἑαυτοῦ
1737 5447 1824 5499 θε-

229 5522 492 5592 λημάτων
530 5524 810 5594 ἀπέφηνεν
841 5527 1196 5604 αὑτὸνηῶστε
1241 5532 1334 5584 καὶ
1361 5527 1592 5587 θανάτου
1629 5538 1822 5605 πεῖραν

230 5613 392 5680 ἑλεῖν,
432 5615 727 5668 ἀναϐιῶναί
759 5633 840 5680 τε,
872 5618 1062 5677 καὶείς
1091 5619 1252 5673 αὑτὸν
1283 5622 1570 5676 ἀνελθόντα
1611 5625 1700 5677 τὸν
1730 5628 1821 5679 οὑ-

185 5755 188 5762 ,
234 5705 416 5776 ρανὸν,
447 5707 558 5768 τοῖς
598 5707 696 5777 τῆς
727 5707 967 5778 ἀρρήτου
1015 5707 1268 5780 θεότητος
1317 5713 1560 5790 ὲνιζῆσαι
1607 5715 1814 5780 θάκοις.

232 5899 241 5909 ·
297 5881 350 5917 ⁸⁷
378 5884 526 5942 Psal.
555 5900 718 5955 Lux,
746 5885 834 5942 10.
915 5887 958 5919 '
988 5884 1112 5942 Psal
1144 5903 1279 5956 nu,
1320 5889 1372 5945 9.

1453 5889 1521 5922 ⁸³⁶
1548 5888 1566 5943 l
1596 5892 1720 5947 Cor.
1787 5909 1867 5960 vr,
1893 5892 1978 5948 l7.

1931 4701 2249 4778 praeteriens
2288 4701 2352 4754 ⁸⁸.
2431 4700 2792 4770 Conj’ungitur
2841 4720 2969 4758 vero
3005 4707 3170 4760 etiam
3221 4708 3540 4778 discipulus.

1930 4793 2196 4861 magistro
2233 4794 2444 4848 ratione
2473 4795 2764 4850 docilitatis
2789 4813 2803 4862 ;
2829 4805 2882 4850 et
2911 4812 3011 4851 nos
3045 4797 3185 4852 alter
3217 4799 3372 4854 alteri
3409 4816 3516 4856 non

1928 4899 2035 4936 uno
2070 4886 2252 4951 modo,
2313 4887 2405 4941 sed
2456 4887 2726 4956 pluribus.
2787 4886 2852 4941 Et
2878 4889 2969 4958 qui
3030 4889 3262 4958 alicujus
3311 4894 3517 4965 negotii

1926 4976 2143 5046 adjutor
2172 4986 2285 5044 est,
2341 4994 2448 5033 non
2494 4989 2674 5047 potest
2714 4981 2908 5036 merito
2949 4982 3253 5052 disjunctus
3298 4987 3517 5043 censeri

1927 5070 2148 5126 ratione
2173 5073 2472 5128 voluntatis
2527 5073 2595 5127 ab
2641 5089 2707 5129 eo
2759 5074 2848 5144 qui
2897 5076 3070 5145 ipsum
3110 5078 3160 5131 in
3200 5078 3512 5149 adjutorem

1929 5163 2156 5232 accepit.
2194 5164 2306 5219 Hoc
2329 5175 2509 5219 antem
2539 5166 2718 5236 potius
2748 5166 2962 5223 videtur
2982 5169 3096 5225 hrec
3127 5170 3512 5230 innovatorum

1928 5255 2242 5326 conjunctio
2293 5259 2623 5328 signiﬁcate.
2673 5259 2889 5315 Audisti
2939 5263 3084 5317 enim
3113 5279 3208 5319 eos
3263 5265 3516 5335 imperite

1929 5348 2321 5403 contendentes
2348 5388 2361 5413 ,
2396 5350 2536 5418 quod
2568 5349 2706 5405 Dens
2740 5349 3002 5420 Verbum,
3041 5366 3266 5424 accepto
3293 5357 3513 5413 homine

1927 5447 2184 5508 tanquam
2214 5440 2323 5495 alio
2362 5441 2596 5511 quodam
2631 5457 2695 5496 ac
2739 5443 2955 5499 diverso
2992 5459 3024 5499 a
3070 5459 3129 5500 se
3163 5447 3293 5513 lilio,
3345 5447 3512 5504 veluti

1923 5531 2227 5600 adjutoretn
2290 5534 2580 5603 quemdam
2640 5545 2804 5604 atque
2831 5547 3211 5592 exsecutorem
3259 5555 3372 5593 sua:
3418 5554 3513 5594 vo-

1920 5625 2147 5678 luntatis
2178 5627 2352 5696 ipsum
2385 5627 2694 5692 constituit,
2724 5628 2794 5682 ita
2830 5638 2889 5683 ιιι
2933 5639 2987 5683 et
3019 5641 3248 5686 mortem
3278 5631 3457 5686 obiret
3489 5669 3508 5697 ,

1921 5727 1976 5771 et
2010 5717 2383 5785 revivisceret,
2421 5728 2585 5788 atque
2617 5719 2670 5774 in
2707 5721 2903 5776 emtum
2949 5722 3177 5791 relatus,
3218 5721 3509 5780 ineﬂ‘abilis

2059 5895 2103 5928 ”
2139 5895 2381 5968 Solthon.
2417 5913 2477 5965 tt,
2512 5897 2564 5965 l,
2593 5899 2648 5952 2.
