4006 6452
508 411 529 465 l
542 406 642 466 νει

1518 402 1574 456 S.
1615 399 1886 456 CVRIILI
1930 400 2393 457 ALEXANDRINI
2435 402 2747 459 ARCHIEP.

3630 408 3766 463 1988

504 526 726 580 deitatis
754 524 891 579 solio
922 520 1201 577 insideret.
1249 516 1440 573 Nonne
1476 520 1619 573 enim
1654 534 1719 573 ex
1754 521 1839 574 his
1890 521 2071 573 verbis

2205 524 2248 574 Η
2273 523 2381 591 γὰρ
2413 524 2532 593 οὐχί
2576 524 2858 592 πάντητε
2896 523 2985 575 καὶ
3031 524 3245 587 πάντως
3288 525 3377 576 διὰ
3420 525 3631 577 τούτων
3660 526 3766 576 τῶν

504 621 748 671 diversus
783 616 939 682 plane
968 613 1207 667 cernitur
1266 612 1331 664 ab
1390 624 1454 664 co
1502 612 1590 679 qui
1653 620 1734 664 est
1767 621 1957 662 natura
2021 620 2074 663 et

504 724 629 761 vere
664 706 874 760 Filius?

572 798 632 851 Β.
664 796 915 852 Omnino.

575 888 641 943 Α.
674 890 742 940 At
772 900 892 952 cum
937 883 1105 938 semel
1149 897 1213 937 eo
1261 881 1546 936 dementiae
1601 882 1961 947 devenerint,
2017 890 2075 934 ut

503 976 823 1030 existimem
882 986 1046 1040 atque
1076 982 1322 1025 asseram
1352 985 1457 1023 non
1512 971 1686 1037 ipsum
1736 972 2071 1038 unigenitum

506 1068 599 1122 Dei
668 1068 900 1121 Verbum
963 1064 1131 1117 nostri
1189 1061 1417 1116 similem
1477 1059 1677 1115 factum
1712 1061 1927 1127 fuisse,
1980 1064 2073 1115 sed

505 1158 777 1212 hominem
822 1155 1137 1221 sumpsisse,
1198 1168 1459 1221 quonam,
1500 1152 1750 1215 obsecro,
1788 1154 1948 1207 modo
1988 1167 2074 1207 as-

503 1249 863 1316 sumptionem
925 1248 1062 1299 hanc
1119 1261 1147 1298 a
1197 1245 1351 1299 nobis
1401 1244 1622 1311 intelligi
1666 1243 1894 1296 volunt?
1921 1244 2076 1298 Anne

503 1350 561 1394 ut
627 1341 880 1393 edoctum
933 1354 996 1390 ac
1065 1336 1406 1404 designatum
1461 1336 1528 1387 ab
1608 1335 1726 1401 ipso
1784 1334 1850 1386 ad
1922 1349 2078 1387 exse-

502 1432 769 1499 quendum
803 1429 1004 1493 aliquid
1059 1428 1200 1497 quod
1241 1431 1340 1496 ipsi
1390 1426 1630 1494 placeret
1662 1441 1677 1477 :
1706 1425 1931 1494 perinde
1963 1424 2077 1479 fere

503 1534 664 1591 atque
718 1536 810 1589 per
847 1520 1133 1588 quemdam
1199 1532 1264 1572 ex
1331 1516 1534 1571 sanctis
1612 1515 1892 1585 prophetis
1942 1516 2078 1569 dici-

506 1626 605 1668 tur
640 1634 651 1667 :
702 1630 719 1662 (
755 1613 818 1664 Et
854 1611 988 1664 dixit
1020 1609 1276 1664 Dominus
1306 1609 1371 1661 ad
1421 1622 1503 1661 me
1535 1623 1549 1660 :
1585 1604 1765 1669 Vade,
1815 1608 2073 1675 propheta

506 1703 668 1773 735.
716 1703 779 1755 ad
828 1701 1076 1769 populum
1121 1713 1302 1752 meum
1340 1696 1504 1752 Israel
1533 1696 1618 1749 ὀἵ
1648 1713 1667 1746 ο
1706 1696 1784 1749 Ex
1829 1699 2077 1766 caprario

504 1792 646 1846 enim
686 1791 998 1858 prophetam
1051 1787 1271 1853 eliecit,
1320 1796 1375 1842 et
1428 1787 1810 1841 mandatorum
1850 1802 2072 1842 suorum

510 1890 886 1941 exsecutorem
924 1880 1247 1951 designavit.

578 1971 634 2023 Β.
691 1970 937 2024 Dixerint
982 1968 1214 2024 fortasse
1268 1984 1373 2023 non
1436 1969 1542 2023 hac
1594 1982 1817 2039 prorsus
1866 1968 2079 2023 ratione

506 2062 702 2117 factam
736 2074 855 2115 esse
891 2062 1338 2127 assumptioaem,
1376 2061 1467 2113 sed
1520 2061 1595 2113 ita
1640 2070 1701 2113 ut
1750 2059 2076 2129 intelligitur

508 2168 537 2206 a
572 2152 727 2205 nobis
754 2151 883 2204 illud
927 2165 942 2203 :
996 2168 1015 2201 ι
1050 2150 1301 2205 Formam
1326 2152 1468 2204 servi
1494 2152 1769 2220 accipiens
1792 2151 1860 2203 ".
1901 2170 1919 2201 ι

577 2247 641 2299 Α.
700 2244 840 2312 Ergo
886 2244 1183 2297 secundum
1238 2242 1498 2295 unitatem
1554 2240 1902 2303 indivulsam,
1952 2255 2078 2307 pro-

506 2334 683 2402 prium
713 2331 915 2384 l'actum
944 2345 1068 2385 esse
1101 2331 1151 2384 id
1185 2332 1328 2398 quod
1386 2340 1659 2398 sumptum
1709 2339 1792 2383 est
1831 2328 1947 2397 ejus
1988 2330 2079 2398 qui

509 2426 740 2492 accepit,
776 2426 965 2477 merito
997 2423 1303 2476 censebitur
1340 2439 1352 2473 :
1390 2424 1461 2476 ita
1504 2432 1560 2475 ut
1604 2432 1659 2476 et
1712 2422 1854 2475 Deus
1886 2422 1958 2475 sit
1992 2419 2081 2475 .le-

510 2532 621 2577 sus,
649 2524 707 2568 et
757 2514 865 2566 veri
902 2512 989 2567 Dei
1034 2512 1219 2577 Filius,
1255 2527 1529 2581 unumque
1577 2526 1643 2567 ac
1671 2514 1846 2566 solum
1912 2521 1971 2565 ut
2014 2528 2080 2567 ex

514 2609 622 2660 Deo
654 2606 811 2659 Patre
843 2603 1073 2659 Verbum
1100 2621 1115 2669 ;
1165 2606 1379 2673 genitus
1414 2606 1632 2674 quidem
1669 2605 1926 2660 divinitus
1958 2614 2083 2658 ante

510 2697 688 2750 omnia
718 2695 912 2749 saecula
945 2703 1000 2748 et
1030 2704 1293 2763 tempora,
1322 2694 1632 2749 novissimis
1660 2704 1839 2749 autem
1886 2693 2070 2748 saeculi

512 2790 841 2857 temporibus
876 2789 1011 2841 idem
1044 2788 1334 2841 secundum
1360 2802 1575 2840 carnem
1608 2802 1674 2840 ex
1707 2788 1950 2842 muliere.

585 2880 640 2933 Β.
672 2878 852 2948 Neque
881 2878 1025 2931 enim
1065 2884 1182 2931 erat
1206 2878 1429 2932 alterius
1456 2876 1756 2947 cuiuspiam
1784 2916 1800 2942 ,
1844 2880 1937 2932 sed
1995 2877 2080 2948 ips

511 2971 623 3026 sius
652 2969 789 3023 facta
822 2978 904 3023 est
940 2969 1078 3023 servi
1108 2966 1300 3021 forma.

581 3063 645 3116 A.
677 3061 954 3127 Quomodo
979 3060 1098 3115 ais?
1127 3062 1303 3123 Anne,
1336 3064 1587 3122 obsecro.
1652 3060 1703 3114 id
1741 3046 2085 3130 quodnatura

2176 615 2351 682 λόγων
2382 616 2566 685 ἔτερος
2606 614 2680 667 ῶν
2715 617 2905 684 ὁρᾶται
2941 616 3219 679 παντελῶς
3271 617 3421 685 παρά
3464 614 3555 670 τὸν
3607 616 3762 684 φύσει

2177 710 2271 759 καί
2307 708 2522 777 ἀληθῶς
2551 708 2710 772 Υἰόν;

2250 798 2307 848 Β.
2347 798 2513 867 Φημί.

2246 894 2310 948 Λ.
2365 892 2581 961 Ἐπειδὴ
2622 893 2678 945 δὲ
2723 890 2867 957 ἅπαξ
2902 892 2983 954 εἰς
3029 889 3187 943 τοῦτο
3246 890 3579 945 κατώλισθον
3617 890 3763 960 ἀμαυ

2178 980 2317 1043 ϐίας,
2354 982 2429 1044 ὡς
2473 981 2676 1034 οἴεσθαί
2722 999 2779 1033 τε
2834 983 2928 1035 καὶ
2960 980 3139 1048 λέγειν
3182 982 3282 1033 οὐκ
3322 981 3481 1035 αὑτὸν
3510 982 3765 1049 γενέσθαι

2180 1073 2378 1142 μᾶλλον
2420 1074 2542 1126 καθ’
2590 1076 2734 1142 ἡμᾶς
2785 1073 2875 1126 τὸν
2927 1073 3188 1143 μονογενῆ
3236 1073 3327 1126 τοῦ
3371 1074 3505 1127 Θεοῦ
3563 1075 3765 1140 Λόγον,

2176 1163 2459 1233 ἄνθρωπον
2487 1163 2540 1215 δὲ
2570 1164 2750 1215 λαϐεῖν
2774 1180 2787 1194 ο
2813 1164 2953 1217 κατά
2979 1167 3130 1216 ποῖον
3156 1165 3263 1235 ἄρα
3297 1166 3535 1217 νοεῖσθαι
3556 1167 3765 1235 τρόπον

2175 1256 2420 1307 ἐθέλουσι
2459 1257 2591 1326 πρὸς
2642 1256 2797 1326 ἡμῶν
2842 1256 2941 1327 τὴν
2978 1256 3279 1326 ἀνάληψινς
3331 1252 3477 1328 Ἀρα
3525 1258 3657 1326 γὰρ,
3688 1258 3763 1322 ὡς

2177 1348 2629 1417 προχειρισθέντα
2668 1350 2794 1418 παρ’
2842 1347 3008 1401 αὑτοῦ
3043 1350 3179 1420 πρὸς
3219 1366 3283 1415 γε
3320 1348 3380 1400 τὸ
3408 1350 3519 1401 δεῖν
3549 1351 3751 1401 ἀποπει

2180 1437 2336 1509 ρᾶναί
2379 1455 2433 1490 τι
2476 1438 2583 1490 τῶν
2628 1438 2770 1499 κατά
2798 1439 3021 1509 γνώμην
3063 1440 3231 1509 αὐτῷ,
3266 1440 3516 1511 καθάπερ
3569 1440 3767 1508 ἀμέλε

2178 1530 2271 1582 καὶ
2309 1528 2426 1591 ἑνὸς
2462 1529 2569 1581 τῶν
2604 1530 2772 1596 ἁγίων
2816 1530 3146 1599 προφητῶν
3186 1550 3203 1580 t
3250 1532 3363 1583 Καὶ
3393 1525 3514 1581 εἷπε
3555 1530 3769 1599 Κύριος

2180 1618 2314 1687 πρός
2350 1635 2416 1687 με
2439 1633 2451 1645 ·
2487 1616 2697 1682 Βάδιζε,
2729 1618 3103 1687 προφήτευσον
3129 1617 3222 1669 ἐπὶ
3262 1620 3351 1668 τὸν
3380 1616 3509 1669 λαόν
3538 1632 3643 1685 μου
3674 1616 3768 1667 τὸν

2192 1710 2441 1780 Ἰσραήλ;
2479 1729 2498 1762 ι
2542 1711 2775 1763 Αἰπόλον
2803 1710 2913 1782 γὰρ
2937 1710 3084 1773 ὄντα,
3126 1705 3413 1780 προφήτην
3440 1709 3633 1773 ἐτίθει,
3669 1708 3769 1760 καὶ

2177 1799 2284 1852 τῶν
2318 1801 2513 1854 ἑαυτοῦ
2538 1800 2858 1871 θελημάτων
2886 1800 3157 1871 ὑπουργὸν
3186 1800 3507 1865 ἀπέστειλες

2252 1980 2314 2031 Β.
2353 1981 2515 2031 Φαῖεν
2561 1978 2627 2032 ἂν
2661 1978 2789 2042 ἰσως
2828 1977 2919 2046 οὐχ
2962 1970 3063 2031 ὧδέ
3110 1993 3211 2031 που
3248 1976 3464 2039 πάντως
3505 1974 3765 2044 γενέσθαι

2183 2070 2280 2142 τὴν
2314 2071 2497 2139 λῆψιν,
2540 2071 2653 2123 ἀλλ’
2683 2070 2757 2133 t'u;
2786 2069 2850 2123 ἂν
2880 2071 3057 2123 νοοῖτο
3084 2070 3219 2139 πρὸς
3248 2068 3402 2139 ἡμῶν
3432 2069 3491 2121 τὸ
3512 2106 3527 2132 ,
3559 2088 3577 2119 ι
3611 2070 3765 2138 Μορ-

2184 2162 2289 2232 φὴν
2324 2161 2508 2214 δούλου
2538 2160 2735 2214 λαϐὼν.
2776 2180 2795 2212 ι

2251 2253 2317 2305 Δ.
2361 2251 2569 2304 Οὐκοῦν
2618 2250 2738 2304 καθ’
2779 2250 2972 2303 ἕνωσιν
3008 2249 3394 2313 ἀδιάσπαστον,
3434 2250 3565 2302 [διον
3604 2266 3764 2318 γεγο-

2183 2342 2271 2406 νὸς
2302 2342 2396 2396 τοῦ
2428 2342 2683 2406 λαὸόντος
2713 2343 2774 2396 τὸ
2820 2342 3043 2413 ληφθὲν,
3088 2345 3244 2395 νοοίτ’
3278 2342 3343 2395 ἂν
3388 2343 3638 2406 εἰκότως,
3686 2344 3762 2406 ὡς

2184 2435 2279 2487 καί
2308 2434 2441 2487 Θεὸν
2475 2430 2613 2487 εἶναι
2642 2434 2731 2487 τὸν
2772 2434 2997 2506 Ἰησοῦν,
3027 2434 3121 2487 καὶ
3159 2432 3294 2486 Θεοῦ
3338 2433 3431 2486 τοῦ
3462 2434 3601 2486 κατὰ
3633 2435 3765 2504 ἀλή-

2184 2522 2332 2577 Θιιαν
2373 2524 2518 2585 Υίὸν,
2562 2524 2657 2576 ἕνα
2698 2540 2757 2576 τε
2804 2524 2898 2576 καὶ
2946 2522 3121 2593 μόνον,
3157 2522 3233 2585 ὡς
3265 2524 3329 2575 ὲκ
3375 2522 3509 2575 Θεοῦ
3548 2524 3761 2593 [ἰατρὸς

2183 2615 2373 2682 Λόγον,
2408 2615 2736 2684 γεννηθέντα
2786 2614 2886 2684 μὲν
2924 2614 3117 2675 θεῖκῶς
3166 2612 3271 2682 πρὸ
3316 2613 3517 2675 παντὸς
3564 2613 3762 2676 αἰῶνος

2186 2708 2279 2758 καὶ
2312 2707 2527 2777 χρόνου,
2564 2707 2621 2758 ὲν
2668 2706 2915 2775 ὲσχάτοις
2942 2704 2999 2757 δὲ
3028 2702 3122 2756 τοῦ
3163 2702 3357 2765 αἰῶνος
3400 2706 3633 2774 καιροῖς,
3669 2703 3763 2756 τὸν

2185 2796 2345 2849 αὑτὸν
2371 2795 2512 2849 κατὰ
2543 2796 2718 2867 σάρκα
2761 2797 2825 2848 ὲκ
2855 2796 3131 2863 γυναικός.

2257 2890 2318 2943 Β.
2361 2889 2433 2942 Οὐ
2466 2888 2574 2959 γὰρ
2600 2884 2666 2959 ἦν
2696 2889 2879 2959 ἑτέρου
2918 2887 3082 2951 τινος,
3124 2886 3237 2941 ἀλλ’
3268 2886 3430 2941 αὑτοῦ
3465 2889 3697 2957 γέγονεν
3726 2893 3762 2959 ἡ

2185 2979 2278 3033 τοῦ
2311 2978 2495 3032 δούλου
2529 2979 2730 3049 μορφή.

2257 3074 2320 3124 Α.
2364 3068 2487 3131 Πῶς
2530 3070 2696 3139 ἑφης;
2741 3064 2885 3140 Ἀρα
2916 3069 3047 3138 γὰρ,
3090 3073 3211 3126 εἰπέ
3248 3091 3357 3143 μοι,
3384 3072 3446 3126 τὸ
3485 3077 3551 3145 τῇ
3602 3074 3766 3143 φύσει

513 3168 723 3207 servum
776 3160 903 3216 est,
962 3152 1173 3205 dicatur
1221 3167 1326 3205 non
1375 3151 1610 3205 absurde
1653 3153 1885 3207 formam
1939 3155 2082 3209 servi

2201 3160 2391 3221 Βοῦλον,
2429 3158 2624 3227 λέγοιτ’
2655 3157 2721 3211 ἂν
2755 3158 2853 3211 οὐκ
2898 3160 3253 3223 ἀπεοικότως,
3306 3162 3521 3231 μορφὴν
3570 3161 3764 3214 δούλου

511 3244 821 3309 accepisse;
863 3259 929 3296 an
958 3256 1086 3295 vero
1138 3242 1190 3295 id
1233 3244 1376 3311 quod
1424 3256 1549 3297 vere
1584 3243 1816 3297 liberum
1845 3255 1930 3301 est
1958 3284 1974 3311 ,
2029 3256 2084 3300 et

2201 3252 2387 3315 ta6siv,
2418 3250 2449 3321 ἢ
2482 3225 2542 3302 τὸ
2572 3248 2855 3320 ἐλεύθερον
2881 3250 3114 3321 ἀληθῶς,
3142 3253 3238 3305 καὶ
3259 3225 3493 3323 τῶν
3518 3254 3767 3317 δουλείας

514 3333 695 3387 servili
726 3332 1034 3386 conditione
1056 3334 1423 3387 essentialiter
1464 3335 1714 3403 superius
1745 3335 1767 3388 τ

586 3422 732 3477 Β.Ιά
773 3424 914 3491 quod
966 3423 1193 3477 liberum
1243 3432 1328 3477 est
1364 3426 1693 3479 censuerim.
1740 3426 1892 3493 Quod
1939 3428 2082 3482 enim

514 3523 632 3569 erat
660 3524 871 3578 natura,
897 3529 1004 3582 quo
1037 3524 1196 3583 pacto
1219 3514 1452 3583 amplius
1482 3515 1577 3569 ﬂat
1607 3515 1630 3567 τ

582 3605 646 3659 Α.
676 3603 1057 3659 Animadverte
1078 3606 1255 3675 itaque
1275 3607 1437 3674 quod,
1460 3616 1672 3661 tametSI
1698 3610 1867 3663 nostri
1899 3609 2077 3663 simile

516 3700 715 3751 iactum
752 3708 837 3751 est
868 3697 1199 3764 unigenitum
1248 3697 1343 3751 Dei
1402 3698 1669 3765 Verbum,
1728 3710 1782 3754 et
1832 3704 2084 3756 servilem

514 3788 880 3842 conditionem
910 3787 1139 3841 subierit
1164 3788 1376 3843 ratione
1408 3788 1764 3855 humanitatis
1795 3829 1810 3855 ,
1866 3802 2086 3846 natura-

517 3878 621 3932 lem
655 3889 831 3933 tamen
853 3893 1004 3932 suam
1030 3879 1335 3933 libertatem
1368 3878 1689 3936 testiﬁcatus
1714 3882 1867 3937 estin
1893 3884 2084 3938 drach-

2190 3336 2400 3406 μέτρων
2426 3334 2703 3397 οὑσιωδῶς·
2725 3335 2981 3403 ἀνωτέρω
3009 3335 3258 3405 κείμενον
3278 3353 3292 3401 ;

2256 3429 2317 3481 Β.
2358 3426 2432 3481 Τὸ
2454 3426 2734 3498 ἐλεύθερον
2763 3422 2914 3498 οἶμαί
2943 3445 3067 3481 που.
3108 3430 3172 3481 '0
3200 3428 3308 3499 γὰρ
3334 3423 3402 3499 ἦν
3433 3430 3618 3498 φύσει,
3648 3433 3767 3493 πῶς

2188 3517 2253 3570 ἂν
2285 3517 2494 3586 γένοιτο
2524 3518 2603 3569 ἔτι
2628 3536 2643 3584 ;

2254 3614 2320 3661 Α.
2365 3608 2553 3679 ἈΟρει
2580 3609 2642 3678 δὴ
2669 3605 2782 3673 οὖν,
2826 3610 2931 3672 ὅτι,
2972 3612 3145 3665 καίτοι
3174 3610 3294 3665 καθ’
3319 3614 3469 3683 ἡμᾶς
3521 3614 3766 3681 γεγονὼς

2185 3700 2213 3753 ὁ
2250 3702 2542 3772 μονογενὴς
2584 3701 2679 3754 τοῦ
2717 3701 2853 3756 Θεοῦ
2894 3704 3085 3772 Λόγος,
3121 3707 3353 3769 καὶτοῖς
3390 3707 3487 3776 τῆς
3522 3707 3767 3772 δουλείας

2190 3790 2407 3859 μέτροις
2453 3790 2777 3861 ὲμὸεδηκὼς
2821 3793 2961 3847 κατά
3002 3794 3061 3846 τὸ
3103 3795 3471 3865 ἀνθρώπινον,
3524 3815 3769 3869 προσμε-

2191 3880 2542 3951 μαρτύρηκεν
2592 3881 2739 3950 αὐτῷ
2769 3881 2831 3935 τὸ
2876 3883 3017 3936 κατά
3051 3885 3211 3951 φύσιν
3247 3885 3551 3958 ἐλεύθερον,
3596 3892 3655 3941 ὲν
3698 3892 3765 3960 τῇ

522 3984 729 4024 marum
787 3970 1130 4035 collationes,
1174 3971 1361 4025 dicens
1416 3989 1428 4025 :
1490 3989 1508 4022 ι
1554 3972 1695 4043 Ergo
1754 3974 1907 4028 liberi
1961 3986 2084 4030 sunt

2201 3969 2294 4023 τῶν
2326 3970 2583 4041 δραχμῶν
2619 3976 2947 4045 συνεισφορᾷ
2992 3974 3195 4043 λέγων’
3257 3994 3278 4027 r
3320 3977 3466 4048 Ι’Λρα
3512 3997 3578 4049 γε
3614 3982 3767 4034 ἐλεύ-

523 4063 616 4115 lilii
651 4062 723 4114 “.
776 4080 794 4113 ι
850 4061 1089 4129 Suscipit
1138 4062 1321 4131 itaque
1369 4064 1508 4119 servi
1557 4059 1807 4131 formam,
1862 4082 1923 4122 ea
1969 4085 2084 4138 quae

2201 4061 2335 4132 iepol
2369 4065 2503 4117 εἰσιν
2532 4064 2580 4116 οἰ
2610 4064 2736 4119 υἰοί.
2780 4084 2799 4115 ι
2849 4068 3072 4135 Δέχεται
3096 4068 3274 4121 τοίνυν
3304 4070 3489 4123 δούλου
3527 4074 3766 4145 μορφὴν,

517 4152 871 4206 exininationi
921 4167 1131 4207 annexa
1178 4164 1307 4207 sunt
1339 4155 1441 4210 sibi
1489 4157 1793 4224 asciscens,
1841 4170 1896 4214 et
1932 4160 2084 4215 simi-

2201 4154 2253 4206 τὰ
2282 4156 2345 4206 ὲκ
2369 4156 2467 4225 τῆς
2494 4156 2772 4220 κενώσεως
2797 4159 3183 4231 οἰκειούμενος,
3211 4162 3303 4213 καί
3328 4162 3427 4232 τὴν
3460 4164 3595 4234 πρὸς
3622 4167 3767 4236 ἡμᾶς

518 4242 799 4297 litudinem
830 4243 1001 4296 nostri
1032 4259 1134 4296 non
1165 4255 1509 4313 aspernatus.
1556 4247 1742 4316 Neque
1789 4254 1933 4305 enim
1972 4254 2084 4306 fieri

2201 4248 2443 4314 ipolw‘atv
2486 4249 2585 4300 οὐκ
2609 4250 2904 4320 ἀτιμάσας·
2951 4253 3010 4305 οὐ
3046 4253 3153 4324 γὰρ
3184 4250 3251 4324 ἦν
3283 4255 3486 4326 ἑτέρως
3532 4261 3767 4329 τιμῆσαι

518 4341 729 4401 poterat
772 4340 829 4385 ut
868 4332 969 4385 alia
1008 4333 1216 4387 ratione
1258 4336 1490 4390 servitus
1523 4351 1645 4391 cum
1693 4340 1898 4395 honore
1933 4358 2084 4396 com-

2201 4338 2247 4389 ιδ
2281 4337 2481 4400 δοῦλον,
2514 4341 2561 4391 εἰ
2592 4341 2664 4410 μὴ
2705 4342 2925 4410 γέγονεν
2958 4346 3122 4397 αὑτοῦ
3162 4347 3220 4398 τὸ
3254 4346 3641 4420 δουλοπρεπὲς,
3678 4353 3767 4405 ἵνα

520 4432 835 4487 mutaretur,
860 4424 962 4476 nisi
993 4424 1041 4476 id
1069 4426 1210 4493 quod
1245 4428 1494 4482 servituti
1520 4434 1776 4486 convenit
1803 4436 2084 4503 proprium

2201 4429 2281 4480 ml.
2318 4432 2383 4500 τῇ
2429 4430 2558 4500 παρ’
2586 4432 2751 4485 αὐτοῦ
2803 4434 3310 4507 καταλαμπρύνοιτο
3343 4440 3488 4510 δόξῃ,
3538 4447 3664 4516 νικᾷ
3712 4444 3771 4497 δὲ

519 4514 688 4581 ipsius
734 4514 937 4567 factum
985 4513 1197 4580 fuisset,
1238 4526 1295 4570 ut
1340 4527 1395 4571 et
1429 4520 1598 4587 ipsius
1644 4523 1811 4592 gloria
1846 4525 2083 4581 illustra-

2201 4521 2248 4573 τὸ
2276 4517 2509 4592 προῦχον
2540 4524 2645 4587 ἀεὶ,
2692 4526 2785 4577 καὶ
2830 4526 2888 4579 τὸ
2930 4529 2995 4581 ὲκ
3026 4529 3121 4599 τῆς
3168 4530 3408 4595 δουλείας
3449 4513 3651 4605 αἶσχος⁷
3684 4536 3771 4607 ἐφ’

518 4614 683 4657 retur.
718 4602 894 4657 Vincit
921 4606 1064 4658 enim
1097 4620 1308 4675 semper
1338 4609 1389 4662 id
1420 4613 1562 4678 quod
1600 4618 1947 4681 praestantius
1971 4628 2075 4683 est,

2201 4614 2347 4683 ἡμῶν
2396 4616 2707 4701 ἠφανίζετο.
2764 4618 2901 4670 Καθ’
2946 4623 3091 4689 ἡμᾶς
3143 4622 3250 4693 γὰρ
3296 4602 3595 4692 γέγονεν
3630 4602 3769 4701 ὑπερ

517 4708 570 4749 et
600 4696 872 4759 turpitudo
903 4710 966 4749 ex
996 4698 1260 4752 servitute
1306 4708 1425 4754 orta
1477 4703 1529 4755 in
1568 4707 1722 4759 nobis
1751 4707 1949 4761 abolita
1979 4722 2082 4764 est.

2201 4705 2221 4771 ἡ
2234 4703 2357 4771 μᾶς,
2391 4704 2485 4756 καὶ
2510 4700 2576 4775 ἦν
2605 4708 2661 4759 ὲν
2700 4707 2917 4779 μέτροις
2951 4713 3063 4774 τοῖς
3091 4713 3382 4778 οἰκετικαῖς
3420 4718 3448 4768 ὁ
3479 4696 3769 4791 ἐλεύθερος

510 4785 712 4842 Factus
748 4802 891 4841 emm
922 4790 1092 4842 nostri
1122 4790 1338 4855 similis,
1391 4792 1480 4859 qui
1515 4796 1671 4849 nobis
1701 4800 1950 4865 superior
1979 4812 2083 4866 est,

2201 4792 2372 4861 φύσει.
2407 4794 2672 4866 Ταύτῃτοι
2708 4798 2991 4869 κεχώρηκε
3023 4803 3117 4854 καί
3147 4805 3226 4864 εἰς
3254 4806 3403 4873 ἡμᾶς
3438 4808 3499 4858 τὸ
3524 4785 3767 4879 ἀξίωμα.

516 4888 571 4932 et
595 4878 843 4931 servilem
875 4879 1239 4934 conditionem
1273 4882 1441 4936 subiit
1472 4885 1564 4951 qui
1593 4898 1779 4941 natura
1815 4900 1898 4944 est
1926 4892 2081 4946 liber.

2201 4886 2527 4955 Κεκλήμεθσ.
2552 4888 2652 4958 γὰρ
2686 4889 2779 4942 καί
2807 4893 2967 4961 ἡμεῖς
3002 4893 3107 4945 υἱοὶ
3142 4893 3298 4958 Θεοῦ,
3328 4878 3775 4970 ὲπεγραψὰμώἀ

518 4968 724 5023 Idcirco
754 4971 915 5023 etiam
950 4972 1001 5024 in
1045 4986 1145 5027 nos
1168 4974 1403 5041 dignitas
1430 4990 1724 5048 prOpagala
1756 4990 1860 5034 est.
1902 4982 2084 5038 Vocati

2201 4993 2249 5028 τε
2279 4979 2496 5046 Πατέρα
2536 4979 2625 5032 τὸν
2669 4980 2850 5044 ἰδικῶς
2881 4983 3067 5040 αὑτοῦ.
3112 4985 3307 5053 Γέγονε
3334 4987 3443 5057 γὰρ
3470 4991 3563 5041 καὶ
3599 4968 3771 5044 αὑτοῦ

517 5062 659 5115 enim
697 5078 885 5117 sumus
906 5075 962 5117 et
987 5079 1089 5120 nos
1114 5066 1209 5119 [liii
1243 5065 1363 5131 Dei,
1390 5078 1445 5121 et
1473 5068 1688 5124 Patrem
1722 5075 1877 5127 nobis
1911 5076 2084 5129 vindi-

2201 5070 2259 5121 τὰ
2288 5069 2617 5139 ἀνθρώπινα.
2654 5074 2861 5126 Οὐκοῦν
2888 5077 2944 5127 ὲν
2986 5076 3065 5147 τῷ
3102 5077 3351 5143 λέγεσθαι
3382 5080 3569 5134 λαϐεῖν
3601 5084 3773 5136 αὐτὸν

518 5154 780 5215 cavimus,
802 5156 890 5223 qui
910 5158 1257 5224 peculiariter
1273 5158 1440 5225 ipsius
1462 5160 1734 5215 est.Facta
1756 5164 1897 5217 enim
1920 5168 2083 5219 etiam

2201 5159 2286 5229 τὴν
2329 5160 2513 5212 δούλου
2567 5165 2797 5233 μορφὴν,
2843 5167 2961 5220 ὅλον
3008 5169 3123 5221 ἐστί
3164 5170 3264 5239 τῆς
3312 5174 3623 5243 οἰκονομίας
3666 5172 3769 5243 τῆς

521 5248 686 5314 ipsius
722 5262 839 5313 qua:
871 5249 1149 5301 hominum
1185 5251 1402 5320 propria
1456 5261 1629 5306 erant.
1694 5252 1926 5309 Proinde
1961 5273 2082 5310 cum

2201 5251 2333 5319 μετά
2366 5251 2564 5320 σαρκὸς
2592 5255 2651 5305 τὸ
2687 5258 3004 5326 μυστήριον.
3041 5259 3101 5310 Εἰ
3130 5259 3186 5312 δὲ
3222 5261 3346 5314 Υίὸν
3375 5262 3767 5332 ὁμολογοῦντες

521 5337 749 5391 dicimus
778 5352 897 5391 eum
938 5338 1162 5393 formam
1208 5341 1349 5394 servi
1406 5345 1721 5412 accepisse,
1768 5348 2079 5401 universum

2201 5342 2286 5395 Eva
2323 5344 2416 5395 καὶ
2448 5344 2669 5409 Κύριον,
2706 5348 2795 5400 τὸν
2829 5349 2893 5401 ὲκ
2934 5350 3066 5403 Θεοῦ
3106 5352 3312 5423 Πατρὸς
3340 5356 3530 5420 Λόγον,
3574 5372 3762 5409 κοινω-

522 5427 573 5479 in
608 5442 670 5481 eo
703 5429 1187 5485 administrationis
1239 5433 1291 5485 in
1323 5447 1486 5486 carne
1538 5436 1856 5503 mysterium
1912 5441 2084 5491 cunti-

2201 5435 2280 5486 νὸν
2312 5434 2460 5504 αὐτῷ
2490 5437 2587 5505 τῆς
2622 5438 2883 5507 υἰότητος,
2926 5442 3019 5494 καὶ
3050 5443 3229 5511 μέντοι
3257 5447 3351 5512 τῆς
3374 5446 3530 5515 δόξης
3556 5448 3759 5517 ἀνθρω-

522 5526 697 5569 netur.
741 5516 795 5569 Si
830 5533 956 5571 vero
985 5518 1178 5572 Filium
1210 5521 1545 5587 proﬁtentes,
1581 5540 1746 5577 unum
1802 5535 1857 5579 et
1901 5525 2083 5579 Domi-

2201 5544 2293 5578 πον
2335 5526 2519 5590 ἀτελῶς
2571 5530 2837 5600 συνῆφθαί
2887 5551 3017 5601 φασι
3066 5536 3155 5588 τὸν
3199 5539 3261 5589 ὲκ
3314 5540 3625 5607 σπέρματος
3668 5539 3759 5591 τοῦ

522 5621 667 5671 num,
706 5604 931 5661 Verbum
958 5623 1021 5661 ex
1058 5608 1166 5663 Deo
1212 5608 1393 5677 Patre,
1460 5613 1729 5667 hominem
1772 5614 2084 5682 simpliciter

2201 5615 2376 5682 Aa6i5,
2414 5616 2531 5689 ὥρα
2561 5618 2737 5687 λέγειν
2766 5624 2911 5692 ἡμᾶς
2941 5628 3051 5689 τοῖς
3078 5620 3176 5679 ὦδε
3204 5631 3415 5697 φρονεῖν
3442 5604 3756 5699 ᾑρημένοις,

590 5782 635 5812 ⁹⁰
664 5781 865 5840 Jerem.
896 5800 957 5847 ll,
990 5785 1045 5839 Ω.
1122 5788 1164 5819 ’³
1189 5787 1417 5855 Philipp.
1453 5806 1511 5854 ll,
1547 5790 1599 5846 7.
1678 5794 1721 5824 ⁹¹
1758 5791 1945 5847 Matth.
1977 5810 2106 5859 xvu,
2139 5795 2226 5850 25.
