4006 6432
562 392 701 453 H95

1586 390 1643 445 S.
1681 389 1959 447 CYRILLI
2000 389 2473 447 ALEXANDRINI
2511 388 2835 450 ARCHIEP.

3686 396 3813 453 {296

560 508 721 570 stens°
778 511 1065 580 separatim
1118 510 1286 565 Filius
1333 520 1387 565 et
1422 511 1687 568 ‘Cltristus
1741 523 1797 569 et
1842 512 2129 580 Dominus,

2245 514 2312 568 ὢν
2354 516 2536 579 ίδικῶς
2587 516 2714 578 Υἱὸς
2744 516 2837 568 καὶ
2862 514 3093 585 Χριστὸς
3136 514 3229 568 καὶ
3262 512 3491 585 Κύριος,
3533 517 3685 586 παρά
3724 518 3814 569 τὸν

559 614 757 675 prreter
784 602 931 656 illum
972 603 1062 671 qui
1104 616 1230 656 vere
1262 611 1316 656 et
1356 604 1650 657 secundum
1695 612 1976 670 naturam,
2004 604 2131 660 hinc

562 698 909 767 intelligatur.
949 694 1220 750 Praeterea
1246 694 1388 750 aliud
1417 695 1580 749 etiam
1616 695 1909 750 absurdum
1940 709 2134 751 conse-

559 791 765 861 quitur,
795 787 1069 858 rectisque
1095 786 1599 842 ratiocinationibus
1617 800 1952 857 repugnans.

630 966 691 1022 Β.
732 966 1000 1033 Quidnam
1023 964 1047 1018 ?

629 1057 696 1113 Δ.
740 1054 1182 1125 Sapientissimus
1223 1049 1467 1107 Joannes
1526 1049 1595 1107 de
1643 1049 1860 1107 Christo
1906 1049 2129 1120 inquit:

565 1167 585 1201 ι
620 1148 677 1203 ln
728 1147 942 1219 propria
988 1146 1169 1211 venit,
1221 1153 1277 1199 et
1328 1142 1414 1199 sui
1458 1156 1581 1197 eum
1630 1155 1738 1197 non
1788 1149 2130 1211 receperunt.

561 1242 837 1309 Quotquot
870 1247 1049 1294 autem
1084 1244 1405 1307 receperunt
1429 1248 1574 1301 eum,
1605 1233 1753 1289 dedit
1780 1233 1861 1289 eis
1892 1241 2132 1303 potesta-

562 1342 666 1388 tem
697 1330 839 1385 ﬁlios
887 1329 979 1383 Dei
1014 1328 1130 1383 ﬁeri
1162 1326 1204 1380 ³.
1249 1344 1269 1379 ι
1301 1324 1405 1391 Qui
1445 1338 1575 1395 ergo
1601 1338 1696 1393 per
1730 1322 1959 1394 gratiam
1997 1323 2135 1377 ﬁlia-

560 1426 760 1480 tionem
820 1430 1143 1478 consecutus
1194 1426 1314 1485 est,
1365 1425 1421 1472 et
1475 1416 1764 1472 aseititiam
1820 1414 2133 1485 dignitatem

560 1515 903 1583 adeptus'est
949 1524 1071 1566 esse
1106 1508 1159 1564 id
1207 1507 1353 1579 quod
1403 1515 1506 1574 est,
1555 1506 1813 1577 largietur
1836 1504 1958 1558 aliis
1990 1503 2134 1573 quod

564 1605 679 1674 ipse
715 1618 856 1673 aegre
884 1613 1077 1659 nactus
1125 1610 1227 1657 est.
1260 1601 1453 1654 Annon
1501 1597 1595 1653 tibi
1644 1597 1697 1652 id
1731 1596 2131 1652 dissentaneum

558 1709 688 1750 vero
724 1693 1003 1749 videatur?

628 1788 690 1843 Β.
722 1786 975 1842 Omnino.
1003 1813 1017 1824 -

2238 604 2411 674 ἀληθῆ
2444 621 2505 657 τε
2535 604 2628 658 καὶ
2671 605 2809 657 κατά
2836 604 3018 673 φύσιν,
3064 605 3223 658 νοοῖτ*
3257 605 3325 658 ἂν
3373 603 3649 659 ἐντεῦθεν.
3689 601 3813 660 Εἶτα

2239 692 2374 761 πρὸς
2418 691 2615 762 τούτῳ,
2644 693 2739 745 καὶ
2767 692 2953 764 ἕτερόν
2989 708 3042 745 τι
3080 690 3189 744 τῶν
3219 692 3526 763 ἀμηχάνων
3556 695 3813 765 είσκρίνιι-

2236 802 2345 847 ται,
2378 786 2473 837 καὶ
2497 788 2609 849 τοῖς
2629 788 2711 850 είς
2739 786 3007 858 ὀρθότητα
3033 786 3315 859 λογισμοῖς
3344 790 3447 843 οῦκ
3479 792 3815 855 ἀπεοικότως

2236 874 2711 947 ἀντανιστάμενον.

2309 967 2369 1021 Β.
2408 968 2482 1021 Τὸ
2510 969 2661 1023 ποῖόν
2686 989 2737 1025 τι
2772 973 2914 1043 φής;

2306 1060 2372 1114 Α.
2426 1060 2484 1113 '0
2533 1060 2808 1131 πάνσοφος
2862 1061 3116 1133 Ἰωάννης
3160 1063 3288 1135 περὶ
3339 1064 3578 1135 Χριστοῦ
3634 1083 3819 1137 φησιν’

2241 1168 2261 1203 ι
2302 1152 2398 1217 Εἰς
2416 1152 2485 1207 τά
2516 1153 2625 1208 [δια
2651 1150 2807 1226 ἦλθε,
2835 1155 2930 1208 καὶ
2958 1156 3010 1209 oi
3041 1156 3163 1209 ῑδιοι
3186 1156 3348 1211 αὐτὸν
3385 1158 3449 1211 οὐ
3482 1158 3820 1230 παρέλαϐον.

2236 1243 2394 1297 Ὅσοι
2420 1244 2476 1298 δὲ
2507 1244 2698 1299 ἔλαϐον
2723 1244 2908 1311 αὐτὸν,
2942 1245 3141 1301 ἔδωκεν
3162 1246 3349 1311 αὐτοῖς
3376 1246 3629 1313 ἐξουσίαν
3649 1251 3825 1303 τέκνα

2234 1335 2368 1391 Θεοῦ
2428 1337 2702 1406 γενέσθαι.
2735 1357 2754 1391 ι
2792 1333 2922 1410 Ἃρ*
2964 1333 3058 1393 οῦν
3095 1340 3125 1393 ό
3174 1340 3359 1411 χάριτι
3393 1340 3494 1412 τὴν
3544 1340 3827 1394 υἱοθεσίαν

2235 1428 2405 1499 ἔχων,
2454 1432 2549 1483 καὶ
2595 1430 3009 1503 είσκεκριμένον
3056 1430 3198 1485 ἑλεῖν
3243 1432 3461 1503 ἀξίωμα
3512 1432 3573 1487 τὸ
3606 1428 3755 1485 εἶναι
3799 1434 3829 1486 ὃ

2235 1524 2373 1589 ἐστι,
2410 1524 2684 1595 χαρίσαιτ’
2720 1524 2788 1579 ἂν
2836 1523 2932 1578 καὶ
2960 1524 3171 1597 ἑτέροις
3200 1525 3229 1579 ὃ
3256 1526 3602 1597 πεπλούτηκε
3640 1526 3822 1597 μόλις.

2235 1614 2350 1668 Οὐκ
2370 1615 2633 1671 ἀπίθανον
2656 1612 2795 1671 εἷναί
2829 1634 2912 1670 σοι
2934 1616 2997 1671 τὸ
3017 1617 3206 1690 χρῆμα
3231 1617 3379 1673 δοκεῖ
3399 1636 3415 1687 ;

2306 1797 2368 1850 Β.
2401 1796 2512 1851 Καὶ
2544 1796 2712 1867 μάλα.

625 1881 691 1935 Α.
730 1879 883 1947 Quod
910 1892 1037 1934 vero
1090 1891 1195 1933 non
1249 1875 1565 1931 naturaliter
1608 1872 1769 1939 inest,
1812 1877 1907 1929 sed
1956 1872 2129 1944 potius

2308 1890 2371 1942 Α.
2409 1889 2482 1942 Τὸ
2591 1890 2665 1961 μὴ
2704 1889 2862 1958 φύσει
2894 1887 3118 1959 προσὸν,
3144 1888 3343 1957 ἔξωθεν
3378 1893 3436 1947 δὲ
3461 1893 3665 1963 μᾶλλον
3709 1895 3829 1947 είσ·

560 1975 914 2030 adventitium
940 1981 1041 2039 est,
1094 1985 1272 2028 nonne
1302 1968 1465 2025 etiam
1506 1966 1624 2024 ﬁeri
1658 1973 1836 2038 potest
1868 1974 1925 2020 ut
1977 1966 2135 2020 antit-

562 2069 744 2124 tatur?

629 2160 690 2215 B.
731 2157 964 2226 Quidni?

630 2257 696 2308 A.
737 2251 882 2306 Fieri
912 2252 1092 2319 itaque
1114 2248 1315 2319 poterit
1336 2257 1395 2301 ut
1417 2255 1472 2302 et
1495 2245 1666 2301 Filius
1688 2240 1977 2311 aliquando
2002 2238 2133 2292 ﬁlia-

562 2347 705 2400 tione
754 2358 850 2398 sua
903 2340 1140 2397 excidat.
1196 2336 1385 2408 Neque
1443 2337 1589 2392 enim
1637 2345 1791 2391 extra
1851 2329 2129 2387 amittendi

558 2438 728 2492 aleam
763 2435 995 2507 positum
1023 2442 1104 2489 est
1132 2430 1273 2502 quod
1304 2439 1494 2485 natura
1523 2427 1820 2492 stabilitum
1870 2438 1974 2477 non
2025 2429 2127 2476 est.

626 2611 689 2667 Β.
732 2612 813 2666 Ita
832 2609 1066 2664 videtur.

624 2706 692 2760 Δ.
739 2702 844 2759 Sed
866 2712 925 2758 et
952 2701 1056 2755 alia
1087 2698 1295 2755 ratione
1323 2696 1551 2769 perspici
1578 2704 1756 2768 potest
1785 2704 1989 2766 quanta
2019 2704 2131 2748 tur-

557 2792 799 2869 pitudine
830 2793 1272 2862 absurditateque
1301 2790 1512 2845 illorqu
1538 2790 1783 2844 doctrina
1811 2788 1881 2843 sit
1904 2787 2128 2842 referta.

555 2889 689 2945 Nam
719 2891 765 2943 si
789 2900 975 2942 verum
1015 2895 1119 2950 est,
1148 2882 1201 2937 id
1230 2881 1376 2951 quod
1426 2894 1522 2949 per
1556 2878 1898 2949 adoptionem
1924 2886 1979 2932 et
2006 2891 2129 2947 gra-

558 2986 687 3039 tiam
713 2990 797 3037 est
851 2975 1259 3034 similitudinem
1298 2971 1505 3028 referre
1535 2970 1654 3041 ejus
1686 2970 1827 3041 quod
1868 2968 2133 3025 naturali-

2240 1979 2619 2050 πεποιημένον
2641 2020 2655 2045 ,
2686 1981 2789 2034 οὐκ
2812 1980 3121 2051 ἀπόϐλητον
3150 1979 3350 2049 γένοιτ’
3378 1982 3467 2051 ἂν,
3500 1986 3646 2040 κατά
3678 2002 3741 2053 γε
3765 1986 3829 2041 τὸ

2234 2070 2514 2142 ἐγχωροῦν
2528 2088 2543 2137 ;

2308 2163 2367 2215 Β.
2401 2162 2525 2225 Πῶς
2549 2163 2655 2234 γάρ
2685 2162 2776 2229 οὓς

2307 2250 2370 2303 Α.
2408 2251 2616 2305 Οὐκοῦν
2674 2252 2760 2322 εῐη
2808 2253 2876 2308 ἂν
2917 2254 3027 2309 τῶν
3063 2255 3428 2328 ἐνδεχομένων
3476 2258 3575 2313 καὶ
3632 2260 3828 2315 ἀπολι-

2235 2344 2381 2397 σθεῖν
2409 2361 2541 2397 ποτε
2588 2344 2847 2401 δύνασθαι
2883 2350 2985 2418 τῆς
3027 2349 3273 2421 υίότητος
3309 2351 3403 2403 τὸν
3429 2350 3577 2404 Υίόν.
3606 2355 3685 2406 Οὐ
3715 2355 3826 2425 γάρ

2233 2436 2545 2489 ἀνύποπτον
2590 2438 2668 2499 είς
2706 2438 3000 2510 ἀποὸολὴν,
3040 2438 3069 2493 ὃ
3100 2440 3176 2511 μὴ
3218 2446 3470 2511 φυσικοῖς
3500 2444 3825 2516 ὲρήρεισται

2235 2528 2443 2598 νόμοις.

2307 2617 2366 2673 Β.
2396 2614 2524 2673 1Ὠδε
2565 2620 2701 2689 ἔχει.
2814 2668 2821 2673 .

2304 2713 2368 2765 Δ.
2400 2713 2510 2765 Καὶ
2539 2714 2662 2766 καθ’
2693 2713 2879 2784 ἕτερον
2931 2715 2989 2769 δὲ
3032 2716 3235 2787 τρόπον
3270 2719 3588 2791 καταθεῷτό
3621 2739 3709 2786 τις
3735 2723 3821 2784 ἀν,

2231 2801 2307 2864 ὡς
2340 2803 2575 2868 ἀκαλλὲς
2623 2805 2681 2858 τὲ
2721 2807 2860 2870 ἐστι,
2897 2807 2994 2861 καὶ
3040 2808 3140 2879 τῆς
3182 2811 3443 2865 ἀνωτάτω
3495 2813 3825 2878 δυσϐουλίας

2234 2896 2526 2966 ἔπίμεστον
2563 2898 2779 2969 ἀληθῶς
2823 2899 2883 2951 τὸ
2931 2900 3107 2970 δόγμα
3154 2902 3357 2965 αὐτοῖς.
3394 2903 3460 2957 Et
3506 2905 3618 2976 γάρ
3675 2908 3825 2961 ἔστιν

2234 2988 2449 3058 ἀληθὲς,
2475 2988 2550 3052 ὡς
2575 2990 2635 3043 τὸ
2674 2992 2814 3044 κατά
2836 2990 2984 3045 Θέσιν
3013 2994 3107 3046 καὶ¹
3140 2994 3302 3065 χάριν
3331 2996 3419 3049 ἀεί
3443 3016 3564 3063 πως
3592 3002 3745 3054 ἐστὶν
3767 3004 3822 3054 ἐν

560 3089 640 3131 ter
672 3089 735 3129 ac
770 3086 895 3128 vere
925 3079 1007 3126 est
1036 3088 1049 3124 :
1079 3082 1186 3138 quo
1215 3074 1373 3137 pacto
1403 3064 1576 3121 simus
1616 3076 1715 3118 nos
1756 3077 1853 3132 per
1890 3060 2129 3130 adoptio-

2245 3080 2490 3150 5μοιώσει
2534 3081 2629 3136 τοῦ
2661 3084 2803 3137 κατά
2848 3085 3011 3155 φύσιν
3042 3060 3464 3159 καὶ-ἀλήθειαν,
3495 3060 3617 3155 πῶς
3663 3094 3823 3163 ἡμεῖς

556 3184 677 3225 nem
714 3166 832 3231 ﬁlii,
864 3162 1179 3219 relationem
1229 3158 1297 3213 ad
1344 3157 1522 3227 ipsum
1574 3155 1838 3211 habentes
1892 3166 1949 3208 ut
2005 3166 2129 3208 vere

2245 3172 2373 3264 ιιατά
2399 3171 2547 3264 Θ-έσιν
2582 3174 2706 3264 υἱοὶ,
2750 3176 3078 3264 «meum
3128 3155 3341 3251 ἔχοντες
3390 3181 3491 3253 τὴν
3536 3155 3823 3256 ἀναφορὰν

556 3262 782 3324 Filium,
840 3257 885 3313 si
939 3257 1104 3311 etiam
1155 3255 1267 3324 ipse
1326 3250 1607 3306 nobiscum
1656 3249 1798 3303 inter
1839 3245 2129 3315 adoptitios

2245 3259 2311 3324 ὥς
2344 3262 2480 3332 πρὸς
2504 3262 2633 3318 Υίδν
2659 3254 2971 3335 ἁληθῶς,”εί
2998 3269 3089 3322 καὶ
3111 3245 3273 3334 asks;
3302 3272 3420 3341 μεθ’
3442 3245 3605 3344 ἦμῶν
3633 3245 3693 3328 εἰ)
3714 3245 3823 3339 τοῖς

554 3351 849 3407 censetur?
876 3364 985 3419 quo
1039 3354 1197 3416 pacto
1238 3355 1418 3399 autem
1480 3342 1535 3395 in
1588 3338 1919 3408 evangelicis
1956 3352 2130 3407 para—

556 3444 693 3500 bolis
747 3452 1003 3511 tanquam
1041 3437 1187 3492 ﬁlius
1246 3434 1476 3489 mittitur
1529 3440 1652 3502 post
1698 3429 1925 3487 servos?
1966 3443 2129 3499 quem

555 3549 676 3591 cum
733 3532 1075 3600 aspexissent
1107 3535 1389 3583 curatores
1433 3524 1629 3586 vineas,
1654 3521 1909 3576 dixerunt
1938 3537 1952 3571 :
1987 3540 2004 3572 ι
2033 3519 2131 3574 Hie

553 3636 636 3681 est
683 3626 876 3687 heres,
920 3620 1124 3683 venite,
1171 3613 1559 3670 interﬁciamus
1604 3610 1788 3666 eum‘.
1818 3629 1836 3663 ι
1878 3609 1974 3664 Est
2026 3610 2129 3679 igi-

557 3728 647 3772 tur
703 3716 750 3770 is
805 3713 894 3784 qui
948 3713 1000 3765 in
1045 3720 1212 3763 carne
1276 3702 1441 3775 739
1494 3702 1762 3773 apparuit,
1808 3710 1862 3757 et
1913 3699 2130 3758 Iudaeo-

559 3825 677 3865 rum
728 3805 985 3863 savitiam
1038 3807 1297 3870 expertus
1346 3806 1453 3865 est,
1503 3811 1631 3851 vere
1654 3795 1825 3854 Filius
1861 3804 1917 3850 et
1960 3794 2127 3861 liber,

557 3909 742 3972 utpote
791 3914 857 3954 ex
909 3896 1079 3951 libera
1136 3902 1327 3946 natura
1355 3889 1586 3959 genitus,
1611 3895 1667 3942 et
1712 3901 1816 3941 non
1849 3886 2009 3942 exiis
2038 3886 2129 3956 qui

556 3996 658 4050 sub
685 3992 815 4061 jugu
842 3998 990 4052 sunt,
1022 3995 1293 4055 quatenus
1325 3988 1581 4036 censetur
1613 3977 1776 4045 Deus,
1802 3979 2013 4034 tametsi
2048 3977 2130 4031 l'a-

557 4096 678 4141 ctus
708 4083 777 4138 sit
802 4079 993 4136 similis
1022 4077 1177 4132 nobis
1201 4074 1293 4145 qui
1326 4074 1425 4129 sub
1456 4074 1585 4142 jugo
1622 4084 1934 4136 versamur;
1988 4068 2130 4124 ﬁlius

558 4174 834 4232 servitutis
858 4171 947 4242 qui
975 4178 1166 4224 natura
1188 4181 1252 4222 ac
1281 4179 1409 4220 vere
1442 4162 1611 4219 Filius
1635 4170 1740 4227 est,
1761 4163 1957 4231 quique
1974 4169 2127 4216 extra

557 4282 718 4323 omne
743 4269 925 4335 iugum
958 4259 1103 4316 omni
1144 4266 1392 4314 creatura
1427 4256 1675 4326 superior
1714 4262 1832 4309 est:
1864 4252 1933 4307 ad
1968 4267 2126 4322 quem

561 4375 656 4414 nos
690 4374 784 4428 per
811 4355 1155 4426 ad0ptionem
1180 4361 1234 4406 et
1262 4350 1488 4421 gratiam
1521 4348 1611 4401 lilii
1643 4345 1856 4401 formati
1882 4360 2089 4400 sumus.

630 4450 690 4501 Β.
732 4447 845 4502 Νοιι
880 4446 1129 4507 dicimus,
1170 4442 1439 4511 inquiunt,
1469 4438 1741 4495 hominem
1778 4451 1899 4492 esse
1934 4434 2128 4491 Filium

2239 3352 2380 3407 κατά
2413 3353 2573 3425 χάριν
2620 3356 2735 3408 ὲστί
2755 3373 2769 3415 ς
2800 3358 2917 3420 πῶς
2962 3358 3017 3412 δὲ
3052 3360 3144 3413 καὶ
3172 3361 3230 3414 ἐν
3270 3364 3393 3423 ταῖς
3434 3364 3821 3433 εὐαγγελικαῖς

2240 3444 2598 3517 παραϐολαῖς,
2632 3449 2708 3512 ὠς
2740 3449 2853 3514 υίὸς
2895 3452 3169 3522 πέμπεται
3216 3458 3355 3525 μετά
3390 3457 3517 3519 τοὺς
3567 3460 3819 3525 οἰκέτας

2237 3535 2296 3589 δν
2324 3537 2629 3610 ἑωρακότες
2655 3540 2704 3591 οἱ
2745 3539 2839 3593 τοῦ
2876 3542 3199 3613 ἀμπελῶνος
3240 3544 3552 3613 μελεῶωνοίο
3598 3569 3615 3600 ι
3655 3544 3822 3613 Οὗτός

2237 3626 2387 3681 ἐστιν
2431 3630 2459 3681 ό
2507 3629 2863 3702 κληρονόμος·
2897 3632 3072 3701 δεῦτε,
3114 3637 3528 3709 ἀποκτείνωμεν
3581 3640 3771 3696 αὐτόν.
3800 3660 3817 3692 ι

2241 3718 2397 3772 Ἔστι
2430 3720 2606 3775 τοίνυν
2634 3724 2661 3775 6
2694 3723 2753 3775 ὲν
2782 3724 2948 3794 σαρκὶ
2976 3721 3255 3797 πεῲηνὼς,
3286 3730 3380 3782 καὶ
3410 3730 3508 3800 τῆς
3549 3732 3823 3786 Ἰουδαίων

2240 3806 2558 3877 σκαιότητος
2585 3811 2665 3872 είς
2686 3812 2881 3881 πεῖραν
2908 3812 3101 3883 ἐλθὼν,
3134 3815 3261 3882 Υἱὸς
3290 3818 3525 3890 ἀληθῶς,
3555 3824 3652 3875 καὶ
3673 3824 3822 3878 ἐλεύ-

2240 3895 2416 3969 Θερος,
2441 3900 2518 3974 ῶς
2552 3901 2769 3970 φύσεως
2808 3903 3049 3976 δηλονότι
3089 3911 3191 3980 τῆς
3240 3909 3532 3980 ἐλευθέρας
3580 3914 3820 3983 ὲκπεςν-

2238 3991 2368 4056 κὼς,
2413 3994 2509 4046 καὶ
2554 3994 2654 4049 οὐκ
2687 3995 2744 4049 εν
2791 4013 2854 4065 γε
2904 4000 3017 4063 τοῖς
3060 4000 3165 4053 ὑπὸ
3215 4000 3400 4071 ζυγὸν,
3432 4003 3570 4057 καθὸ
3618 4011 3819 4062 νοεῖται

2237 4082 2389 4147 Θεὸς,
2430 4085 2525 4138 καὶ
2557 4088 2605 4139 εί
2640 4088 2830 4157 γέγονε
2860 4090 2983 4145 καθ’
3018 4092 3165 4163 ἡμᾶς
3193 4094 3319 4159 τοὺς
3341 4095 3446 4149 ὑπὸ
3480 4096 3669 4165 ζυγὸν,
3695 4100 3817 4154 δου-

2235 4176 2384 4243 λείας
2418 4179 2551 4244 υίὸς,
2582 4181 2611 4232 ὁ
2640 4180 2786 4245 Υἱὸς,
2819 4183 2894 4246 ὡς
2922 4182 3079 4255 ἔφην,
3113 4185 3275 4256 φύσει
3308 4204 3369 4240 τε
3400 4189 3495 4242 καὶ
3526 4190 3770 4263 ἀληθῶς,
3794 4197 3821 4246 ό

2238 4270 2382 4341 πέρα
2407 4270 2575 4338 ζυγοῦ
2610 4273 2705 4325 καὶ
2734 4275 2873 4345 ὑπὲρ
2904 4275 3002 4348 τὴν
3034 4279 3212 4334 κτίσιν
3231 4294 3247 4307 ·
3277 4281 3413 4350 πρὸς
3442 4280 3501 4333 ὅν
3532 4284 3628 4337 καὶ
3658 4287 3819 4355 ἡμεῖς

2236 4365 2284 4415 οἱ
2310 4363 2447 4417 κατά
2481 4363 2628 4417 θέσιν
2652 4366 2746 4418 καὶ
2783 4366 2942 4439 χάριν
2972 4369 3080 4422 υἱοὶ
3112 4371 3543 4441 μεμρφὼμεθα.

2306 4455 2367 4508 Β.
2410 4455 2484 4507 Οὐ
2537 4454 2791 4527 λέγομεν,
2833 4460 2988 4527 φασὶ,
3042 4461 3134 4515 τὸν
3171 4462 3482 4534 ἄνθρωπον,
3516 4466 3648 4518 Υέὸν
3681 4463 3817 4522 εἶναι

563 4543 678 4606 Dei,
710 4554 776 4595 ne
812 4540 945 4594 duos
978 4547 1172 4591 natura
1225 4535 1363 4587 ﬁlios
1412 4541 1733 4587 statuamus.
1772 4528 2129 4595 Quemadmo-

2245 4542 2327 4597 τοῦ
2358 4543 2517 4612 Θεοῦ,
2565 4546 2651 4599 ἵνα
2689 4546 2764 4619 μὴ
2798 4548 2891 4602 δύο
2926 4549 3087 4619 φύσει
3120 4553 3270 4617 υἱοὺς
3313 4556 3580 4624 εἴπωμεν.
3604 4558 3819 4629 ’Ὠσπερ

560 4635 685 4687 dmn
735 4631 877 4686 enim
930 4627 1163 4683 Verbum
1209 4625 1350 4695 quod
1394 4639 1460 4677 ex
1503 4620 1659 4677 caelis
1692 4619 1975 4676 descendit
2024 4634 2130 4675 non

560 4736 644 4778 est
672 4721 968 4778 secundum
1023 4727 1274 4772 naturam
1321 4715 1459 4769 lilius
1505 4712 1711 4766 David:
1761 4713 1833 4766 ita
1870 4726 2045 4782 neque
2089 4712 2135 4767 is

560 4817 759 4885 quiest
794 4829 860 4868 ex
889 4810 1093 4867 semine
1146 4808 1312 4863 David
1359 4816 1441 4863 est
1484 4803 1651 4860 Filius
1700 4802 1791 4860 Dei
1834 4804 2131 4859 secundum

564 4912 753 4963 natura
764 4922 835 4960 nt.

587 5058 592 5061 ,
630 5000 694 5052 Α.
736 4997 1047 5052 Dividentur
1078 4994 1262 5064 itaque
1294 4991 1345 5047 in
1391 4990 1524 5047 duos
1553 4990 1727 5057 ﬁlios,
1765 4998 1928 5060 atque
1972 4990 2133 5043 ambo

562 5092 698 5147 falso
754 5091 824 5146 ita
877 5087 1133 5160 appellari
1170 5083 1681 5155 deprchendemur?
1735 5081 1945 5137 Dixerit
2004 5096 2132 5136 vero

562 5184 755 5255 aliquis
788 5183 1000 5237 inanem
1034 5195 1098 5233 ac
1132 5193 1323 5233 vanam
1361 5176 1717 5247 imposturam
1762 5189 1881 5230 esse
1926 5173 2130 5231 Christi

560 5276 896 5351 mysterium.
928 5276 973 5329 si
1008 5276 1080 5328 ita
1116 5286 1175 5327 se
1204 5285 1289 5325 res
1310 5270 1473 5325 habet
1502 5279 1663 5338 atque
1692 5268 1847 5323 deliri
1891 5267 2130 5323 haeretici

560 5372 767 5423 volunt.
815 5371 1071 5436 Quaenam
1114 5366 1278 5434 igitur
1323 5364 1428 5419 erit
1486 5363 1710 5417 unitas?
1760 5371 1854 5417 aut
1911 5377 2017 5433 qua
2064 5365 2130 5417 de

562 5477 720 5516 causa
743 5460 936 5515 iactam
957 5460 1101 5514 illam
1130 5455 1673 5522 dicent?Quiuetiam
1699 5455 1891 5510 falsum
1916 5472 2130 5527 quoque

565 5548 744 5614 fuerit,
771 5550 910 5618 quod
942 5547 1118 5603 laetus
1140 5547 1211 5601 sit
1234 5561 1387 5609 caro,
1413 5556 1467 5600 et
1496 5560 1954 5615 supervacaneum
1981 5561 2131 5601 com-

565 5650 801 5697 mentum
830 5642 954 5709 erit,
991 5641 1035 5696 si
1064 5656 1171 5694 non
1211 5649 1436 5696 vocatus
1478 5640 1549 5694 sit
1592 5638 1736 5695 lilins
1782 5637 1949 5696 David
1990 5638 2127 5697 Ver-

633 5806 651 5837 ³
676 5813 832 5875 Joan.
865 5831 900 5881 l,
939 5816 1023 5882 Η,
1061 5816 1147 5869 ίῖ.
1225 5815 1245 5847 ⁵
1276 5814 1467 5871 Matth.
1508 5831 1616 5881 XXI,
1648 5815 1735 5870 38.

2235 4635 2395 4707 γάρὸ
2433 4637 2492 4701 ἐξ
2523 4640 2768 4710 οὐρανῶν
2807 4642 3083 4698 κατελθὼν
3128 4645 3320 4714 Λόγος,
3356 4648 3459 4699 οὐκ
3505 4648 3625 4703 ἔστι
3677 4656 3819 4705 κατὰ

2237 4727 2398 4797 φύσιν
2433 4730 2548 4793 υίὸς
2595 4730 2688 4784 τοῦ
2740 4733 2926 4799 Δαῦὶδ,
2972 4733 3145 4799 οὕτως
3179 4736 3300 4789 οὐδὲ
3337 4739 3365 4790 ὁ
3397 4740 3460 4791 ὲκ
3499 4740 3819 4813 σπέρματος

2233 4820 2326 4874 τοῦ
2357 4821 2542 4888 Δαὸὶδ,
2584 4823 2709 4888 Υἱός
2746 4826 2863 4879 ἐστι
2893 4827 3034 4881 κατά
3062 4830 3225 4897 φύσιν
3250 4829 3346 4883 τοῦ
3370 4830 3528 4885 Θεοῦ.

2305 5003 2369 5055 Α.
2412 5003 2871 5074 Διατετμήσονται
2897 5004 2960 5075 δὴ
2990 5001 3081 5060 οὖν
3101 5009 3180 5071 εἰς
3210 5009 3359 5071 υἱοὺς
3387 5008 3501 5074 δύο,
3527 5014 3623 5064 καὶ
3652 5015 3824 5084 ἀμςτυ

2235 5092 2577 5163 ψευδώνυμοι
2610 5098 3051 5167 καταφωραθεῖεν
3081 5099 3169 5166 ἄν;
3198 5099 3335 5167 Quir,
3358 5100 3402 5154 δ’
3422 5098 3703 5172 ἂν,οἷμαι,
3740 5111 3819 5168 τις

2234 5185 2439 5237 εἰκαῖον
2495 5179 2631 5238 εἶναι
2678 5188 3029 5259 φενακισμὸν,
3090 5189 3147 5242 τὸ
3197 5190 3434 5263 Χριστοῦ
3490 5198 3818 5265 μυστήριον.

2234 5277 2393 5345 εἰπερ
2420 5268 2525 5328 ὧδε
2560 5276 2673 5348 ἕχει
2704 5280 2845 5333 καθά
2881 5280 3175 5349 ληροῦντές
3204 5299 3371 5351 φασιν
3402 5286 3453 5337 οἱ
3487 5285 3811 5351 διεναντίας.

2235 5366 2346 5419 Ποῦ
2372 5369 2663 5439 τοιγαροῦν
2686 5372 2717 5440 ἡ
2757 5371 2973 5437 ἓνωσις,
3004 5374 3098 5427 καὶ
3125 5374 3212 5442 ἐφ’
3234 5375 3341 5445 ὅτῳ
3374 5378 3689 5448 πεπρᾶχθαι
3716 5398 3816 5448 φα-

2238 5458 2320 5512 σὶν
2348 5458 2553 5531 αὑτήν;
2592 5462 2660 5515 Ἦ
2692 5463 2833 5533 τάχα
2864 5482 2989 5530 που,
3018 5467 3112 5519 καὶ
3138 5466 3200 5519 τὸ
3228 5468 3484 5535 γενέσθαι
3516 5472 3700 5541 σάρκα
3724 5474 3817 5526 τὸν

2236 5551 2430 5619 Λόγον,
2470 5552 2569 5605 οὐκ
2603 5554 2802 5626 ἀληθὲς
2832 5555 2889 5609 ὃν
2919 5556 3262 5625 ἑκφαίνεται,
3281 5560 3374 5612 καὶ
3404 5562 3681 5630 περιττῶς
3706 5564 3817 5615 είσ-

2234 5644 2657 5714 κεκομισμένον,
2680 5648 2727 5701 εἰ
2777 5648 2853 5721 μὴ
2904 5651 3312 5722 κεχρημάτικεν
3342 5652 3470 5716 Υἱὸς
3502 5652 3599 5707 τοῦ
3626 5653 3813 5721 Δαὸὶδ,
