4006 6444
218 469 359 526 1207
1356 453 1546 523 QUOD
1591 457 1773 514 ΠΝυὸ
1813 457 1919 513 SIT
1961 459 2329 522 CHRISTUS.

214 587 246 637 6
277 586 344 639 ὲκ
382 581 520 639 Θεοῦ
548 580 761 653 Πατρδς
788 579 983 648 Λόγος,
1009 576 1100 632 διὰ
1121 578 1181 631 τὸ
1213 577 1277 630 ἐκ
1302 578 1617 649 σπέρματος
1647 578 1812 633 αὑτοῦ

1922 580 2043 637 bum
2075 599 2141 639 ex
2183 583 2292 640 Deo
2340 582 2523 640 Patre.
2568 583 2729 655 Atqui
2782 587 3089 641 censuerim
3131 585 3251 642 illos
3282 600 3312 641 a
3350 590 3506 646 nobis

214 674 643 747 γενέσθαικατὰ
673 672 772 743 τὴν
806 672 1007 744 σάρκα.
1037 670 1251 741 Χρῆναι
1278 669 1335 723 δὲ
1358 665 1517 739 οἴμαι
1544 671 1641 724 καὶ
1676 670 1812 741 πρὸς

1922 672 2379 743 idipsum.andire
2409 675 2630 741 debere,
2660 675 2804 747 quod
2845 674 3101 731 Christus
3130 677 3245 747 ipse
3291 675 3505 733 Judaeu-

218 771 382 842 ὴμῶν
416 767 637 823 ἀκούειν
684 766 915 828 αὐτοὺς,
960 763 1022 817 τὸ
1071 764 1199 834 παρ’
1232 760 1400 816 αὐτοῦ
1447 760 1541 814 τοῦ
1576 761 1812 833 Χριστοῦ

1922 779 2036 817 rum
2074 764 2410 835 principibus
2458 767 2639 823 dixit:
2700 785 2720 820 ι
2779 767 2919 834 Quid
2970 768 3124 823 vobis
3174 769 3391 824 videtur
3440 771 3507 827 de

3369 468 3505 528 £298

224 864 335 925 τοῖς
364 860 631 914 Ἰουδαίων
663 857 1004 927 καθηγηταῖς
1031 855 1341 927 εἰρημένον·
1380 874 1397 905 ι
1422 854 1487 907 Τί
1518 855 1646 924 ὑμῖν
1670 853 1816 907 δοκεῖ

220 952 357 1023 περὶ
380 952 474 1004 τοῦ
499 947 737 1020 Χριστοῦ
758 965 774 1014 ;
801 948 946 1009 τίνος
962 945 1075 1009 υἱός
1102 948 1254 1012 ὲστι;
1280 963 1298 996 ι
1321 947 1442 1000 Κᾶν
1467 948 1515 998 εί
1549 949 1706 1015 φαῖεν
1731 947 1814 1000 ὃτι

218 1044 316 1097 τοῦ
348 1043 532 1109 Δαὸὶδ,
574 1040 899 1096 ἀκούσονται
932 1038 1071 1110 πρὸς
1110 1037 1289 1109 ἡμῶν·
1325 1056 1342 1087 ι
1365 1037 1491 1101 Πῶς
1522 1032 1615 1092 οὖν
1648 1037 1814 1093 Δασὶδ

216 1140 278 1190 ὲν
313 1135 591 1206 Πνεῦματι
621 1132 829 1205 Κύριον
874 1130 1039 1185 αὐτὸν
1074 1130 1248 1194 καλεῖ,
1299 1130 1495 1199 λέγων’
1533 1148 1552 1181 ι
1587 1126 1755 1184 Εἶπεν
1783 1131 1812 1184 6

212 1226 429 1299 Κύριος
457 1226 535 1296 τῷ
564 1224 755 1297 Κυρίῳ
789 1240 910 1295 μου*
940 1222 1126 1277 Κάθου
1150 1225 1216 1277 ὲκ
1238 1223 1429 1290 δεξιῶν
1460 1241 1585 1295 μου,
1614 1224 1721 1288 ἕως
1746 1223 1813 1278 ἂν

216 1314 302 1367 θῶ
345 1315 475 1378 τοὺς
509 1311 738 1384 ιχθρούς
788 1328 883 1365 σου
940 1311 1239 1365 ὑποπόδιον
1283 1311 1394 1364 τῶν
1459 1311 1638 1366 ποδῶν
1681 1330 1808 1379 σου;

213 1408 282 1461 Et
316 1402 412 1461 οῦν
441 1406 603 1460 Δασὶδ
635 1407 696 1459 ἐν
723 1404 1009 1476 Πνεύματι
1044 1405 1202 1460 καλεῖ
1230 1405 1395 1460 αὐτὸν
1429 1405 1656 1476 Κύριον,
1694 1406 1811 1471 πῶς

216 1498 351 1563 Υἱὸς
374 1497 537 1551 αὑτοῦ
558 1498 727 1561 ἐστιν,
742 1515 761 1547 ι
789 1498 817 1551 6
848 1495 925 1568 μὴ
956 1497 1097 1550 κατὰ
1119 1495 1280 1565 φύσιν
1311 1497 1405 1550 καὶ
1422 1497 1638 1568 άληθῶς
1660 1498 1806 1566 Υίδς,

214 1590 366 1644 καθά
398 1606 563 1659 φασιν
611 1588 663 1642 οἱ
696 1587 1002 1653 διεναντίας
1024 1628 1039 1652 ,
1075 1589 1387 1660 συνεδρεύει
1417 1606 1477 1643 τε
1523 1590 1601 1661 τῷ
1658 1590 1807 1663 Θεῷ,

212 1682 311 1735 καὶ
340 1680 654 1752 όμόθρονος,
687 1680 813 1734 εἰπέ
858 1697 971 1751 μοι,
1000 1680 1080 1752 τῷ
1131 1681 1353 1736 πάντων
1388 1682 1683 1753 κρατοῦντι
1724 1683 1810 1752 γί-

208 1790 405 1839 νεται;
460 1774 679 1837 Καίτοι,
741 1771 888 1827 καθά
953 1787 1121 1842 φησιν
1169 1773 1199 1825 6
1246 1773 1523 1842 πάνσοφος
1573 1774 1806 1839 Παῦλος,

208 1865 394 1919 οὐδενὶ
462 1864 685 1918 πώποτε
755 1864 865 1917 τῶν
916 1863 1168 1933 άγγέλων
1224 1864 1450 1936 εἴρηκεν
1509 1868 1539 1920 6
1591 1866 1804 1937 Πατήρ·

1915 854 2178 910 Christo?
2210 857 2365 928 cujus
2403 857 2545 914 ﬁlius
2572 868 2658 915 est
2687 861 2753 914 '?
2794 878 2813 912 ι
2847 860 3002 928 Quod
3033 860 3079 917 si
3106 862 3368 925 dixerint,
3403 864 3507 918 Da-

1915 947 2076 1012 vidis,
2125 948 2347 1004 audient
2393 964 2423 1003 a
2482 950 2683 1007 nobis:
2736 969 2758 1004 ι
2790 951 3071 1020 Quomodo
3124 954 3290 1024 igitur
3338 953 3508 1010 David

1918 1037 2203 1094 Dominum
2254 1042 2429 1111 ipsum
2480 1042 2535 1097 in
2587 1040 2794 1114 Spiritu
2851 1054 3033 1111 vocat,
3082 1046 3315 1102 dicens:
3362 1045 3511 1101 Dixit

1914 1128 2180 1186 Dominus
2206 1129 2437 1187 Domino
2466 1147 2588 1188 meo
2620 1151 2634 1188 :
2666 1133 2808 1190 Sede
2839 1149 2871 1189 a
2898 1135 3107 1192 dextris
3139 1136 3295 1202 meis,
3329 1134 3507 1191 donec

1914 1237 2109 1291 ponam
2144 1223 2397 1279 inimicos
2425 1234 2545 1280 tuos
2567 1225 2866 1282 scabellum
2913 1227 3111 1299 pedum
3145 1229 3408 1285 tuorum?
3447 1228 3504 1283 Si

1912 1326 2044 1383 ergo
2069 1312 2234 1367 David
2267 1314 2320 1368 in
2354 1314 2558 1385 Spiritu
2588 1325 2748 1372 vocat
2782 1317 2958 1387 ipsum
3006 1318 3295 1375 Dominum
3319 1360 3334 1386 ,
3368 1335 3501 1391 quo—

1914 1403 2074 1457 modo
2098 1403 2238 1459 titius
2267 1404 2385 1473 eius
2410 1413 2547 1472 est,»
2574 1407 2666 1478 qui
2695 1422 2803 1463 non
2826 1419 2911 1465 est
2939 1410 3264 1466 naturaliter
3279 1426 3344 1465 ac
3373 1426 3504 1468 vere

1914 1490 2083 1548 Filius
2119 1493 2161 1560 ",
2212 1504 2270 1549 ut
2332 1497 2571 1552 haeretici
2610 1499 2877 1555 censent?
2905 1511 2999 1555 aut
3025 1514 3132 1569 quo
3167 1512 3329 1570 pacto
3361 1502 3498 1557 assi-

1911 1586 2000 1641 det
2036 1586 2145 1643 Deo
2186 1588 2351 1645 totius
2394 1590 2632 1646 universi
2688 1591 2959 1646 Domino?
3002 1592 3187 1661 Atqui,
3224 1592 3503 1662 quemad-

1912 1678 2130 1732 modum
2176 1679 2615 1749 sapientissimus
2667 1679 2871 1736 Paulus
2921 1681 3120 1751 inquit,
3155 1681 3359 1736 nemini
3394 1697 3499 1735 un-

1909 1785 2073 1839 quam
2123 1771 2437 1842 angelorum
2492 1772 2633 1827 dixit
2680 1772 2887 1829 Pater:
2946 1791 2965 1825 ι
3023 1771 3195 1829 Filius
3250 1756 3406 1829 meus.
3442 1788 3503 1830 es

1914 1871 1969 1915 tu
1994 1862 2039 1915 ⁷.
2082 1880 2101 1913 ι
2144 1862 2250 1917 Sed
2284 1878 2500 1933 neque:
2540 1881 2558 1915 ι
2597 1862 2737 1920 Sede
2770 1879 2799 1918 a
2837 1863 3044 1919 dextris
3067 1863 3203 1919 meis
3224 1863 3267 1918 ⁸.
3304 1882 3325 1917 ι
3357 1861 3501 1917 Pra-

219 1976 240 2010 ι
274 1956 406 2021 Υἱός
449 1973 549 2027 μου
583 1955 635 2010 εἱ
671 1956 759 2011 σύ.
795 1975 815 2010 ι
856 1957 996 2011 ’Λλλ’
1026 1956 1171 2011 οὐδέ·
1217 1976 1235 2010 ι
1270 1958 1455 2012 Κάθου
1510 1960 1576 2013 ἐκ
1618 1958 1808 2025 δεξιῶν

1922 1961 2060 2010 terea
2088 1956 2359 2025 quomodo
2385 1956 2435 2009 in
2471 1972 2727 2026 suprema
2756 1956 2845 2011 illa
2873 1957 3138 2028 dignitate
3191 1964 3248 2011 et
3274 1956 3328 2010 in
3365 1955 3505 2012 solio

214 2066 347 2119 μου.
382 2067 401 2099 ι
434 2046 589 2113 Εἶτα,
627 2048 748 2112 πῶς
778 2049 839 2104 ιν
866 2052 981 2114 τοῖς
1020 2049 1351 2121 ὑπερτάτοις
1388 2049 1688 2123 ἀξιώμασι,
1715 2054 1809 2106 καὶ

209 2146 274 2198 ιν
309 2146 423 2207 τοῖς
446 2145 545 2216 τῆς
572 2144 832 2217 θεότητος
864 2144 1056 2210 θάκοις
1080 2145 1110 2197 6
1139 2147 1206 2199 ἐκ
1227 2145 1512 2212 γυναικὸς,
1540 2145 1635 2199 καὶ
1664 2146 1809 2219 πέρα

209 2234 403 2305 πάσης
421 2234 634 2307 ’Ἃρχῆς
667 2236 762 2290 καὶ
781 2235 1141 2307 Κυριότητος,
1171 2235 1389 2309 Θρόνων
1414 2254 1474 2291 τε
1500 2238 1595 2291 καὶ
1623 2238 1811 2305 Ἐξου-

213 2326 363 2393 σίας,
417 2328 511 2383 καὶ
560 2328 765 2393 παντὸς
810 2328 1078 2400 ὀνόματος
1128 2328 1569 2400 ὀνομαζομένους
1618 2332 1811 2403 ’Λθρει

208 2420 294 2485 δὲ,
313 2422 461 2484 ὅπως
479 2423 508 2476 6
537 2420 743 2493 Κύριος
772 2421 968 2491 λέγων·
992 2440 1011 2474 ι
1038 2422 1100 2477 El
1128 2416 1223 2477 οὗν
1251 2422 1416 2476 Δασὶδ
1445 2424 1503 2477 ιν
1532 2423 1811 2495 Πνεῦματι

211 2510 424 2582 Κύριον
476 2510 770 2583 ὀνομάζει,
816 2512 936 2579 πῶς
989 2514 1104 2577 υίὸς
1152 2512 1317 2567 αὐτοῦ
1355 2514 1505 2581 tm;
1546 2533 1565 2566 ι
1596 2518 1812 2587 φρονεῖν

211 2601 508 2655 ἀναπείθει
534 2603 662 2667 τοὺς
690 2603 849 2674 οἷπερ
870 2604 937 2657 ἂν
966 2599 1077 2657 εἷεν
1098 2604 1197 2675 τῆς
1218 2603 1473 2676 ἀληθείας
1497 2606 1809 2677 ἐρευνηταὶ,

209 2690 292 2754 ὡς
325 2694 384 2745 ιν
420 2691 636 2762 μεθέξει
671 2693 875 2765 σαρκὸς
901 2692 997 2747 καὶ
1025 2694 1259 2764 αἵματος
1286 2695 1527 2765 γεγονὼς
1554 2696 1583 2749 6
1616 2697 1810 2767 Λόγος,

210 2778 298 2847 εἷς
334 2783 615 2855 μεμένηκε
648 2784 745 2839 καὶ
765 2783 940 2849 οὕτως
978 2786 1129 2853 Υῑὸς,
1160 2789 1243 2841 ὅτι
1283 2787 1384 2859 μέν
1418 2789 1533 2842 ἐστι
1560 2789 1715 2855 Θεὸς,
1748 2792 1814 2844 ἐκ

210 2874 555 2947 θεοπρεποῦς
576 2877 854 2949 ὑπεροχῆς
878 2878 974 2932 καὶ
1000 2878 1322 2951 κυριότητος
1342 2881 1809 2953 μαρτυρούμενος

209 2968 298 3021 ὃτι
332 2967 389 3021 δὲ
423 2967 664 3039 πέφηνεν
707 2969 996 3040 ἄνθρωπος
1050 2968 1144 3023 τοῦ
1181 2970 1275 3023 καὶ
1314 2969 1445 3025 Υίοῦ
1467 2973 1812 3043 χρηματίσαι

212 3058 385 3112 Δασὶδ
405 3055 464 3113 εὖ
507 3059 654 3129 μάλα
680 3064 1208 3132 κατασημαίνοντος.

289 3153 351 3208 Β.
393 3156 558 3208 Φαῖεν
602 3156 667 3208 ἂν
711 3155 844 3220 ἴσως
883 3158 978 3210 καὶ
1007 3157 1143 3226 πρός
1174 3174 1238 3226 γε
1265 3157 1459 3222 ταῦτα,
1489 3160 1813 3231 διατεκμαί-

213 3264 385 3318 ρομαι
414 3249 541 3319 γάρ·
567 3244 695 3318 'A9'
722 3251 786 3302 ἐκ
814 3249 913 3319 τῆς
946 3248 1134 3313 οὐσίας
1158 3250 1254 3303 τοῦ
1284 3249 1419 3303 Θεοῦ
1455 3252 1548 3304 καὶ
1581 3252 1813 3323 [ἰατρὸς.

1913 2048 2218 2103 divinitatis
2244 2047 2452 2104 sedebit
2473 2049 2572 2123 qui
2604 2063 2670 2104 ex
2704 2048 2933 2105 muliere
2973 2057 3134 2104 natus
3175 2057 3279 2113 est,
3309 2062 3506 2118 supra-

1913 2153 2018 2208 que
2042 2154 2235 2194 omnes
2261 2137 2608 2207 Principatus
2640 2149 2695 2197 et
2728 2140 3137 2197 Dominationes
3164 2156 3229 2196 ac
3253 2139 3508 2197 Thronos

1913 2222 2336 2299 etPotestates,
2382 2248 2658 2305 supraque
2706 2248 2870 2291 omne
2913 2249 3110 2290 nomen
3160 2234 3305 2304 quod
3344 2248 3511 2289 voca-

1916 2327 2089 2381 tur’?
2155 2326 2547 2384 Animadverte
2626 2342 2755 2384 vero
2835 2342 2947 2398 quo
3016 2336 3178 2399 pacto
3239 2326 3507 2384 Dominus

1914 2418 2139 2475 dicens:
2176 2438 2195 2473 ι
2233 2419 2291 2475 Si
2316 2434 2447 2491 ergo
2481 2418 2651 2475 David
2680 2423 2734 2475 in
2761 2418 2970 2491 Spiritu
3004 2420 3295 2476 Dominum
3323 2429 3506 2487 vocat,

1917 2511 2192 2579 quomodo
2211 2511 2383 2566 Filius
2414 2510 2531 2579 ejus
2555 2512 2674 2567 est?
2703 2531 2723 2564 ι
2747 2512 2997 2568 veritatis
3030 2510 3511 2584 investigatorihns

1915 2601 2247 2671 persuadere
2282 2603 2394 2656 vult
2416 2603 2560 2672 quod
2591 2603 2831 2659 Verbum
2866 2602 2961 2659 Dei
2988 2604 3175 2660 carnis
3201 2615 3257 2660 et
3283 2604 3510 2677 sangui-

1918 2695 2002 2750 nis
2044 2697 2317 2767 particeps
2351 2696 2575 2764 factum,
2608 2698 2773 2753 etiam
2812 2698 2916 2754 hoc
2949 2707 3109 2766 pacto
3143 2698 3345 2753 mansit
3371 2713 3511 2753 unus

1919 2788 2084 2862 ’140
2104 2790 2293 2855 Filius,
2334 2792 2497 2847 Deum
2547 2792 2764 2863 quidem
2806 2805 2930 2847 esse
2975 2805 3042 2845 ex
3077 2788 3261 2844 divina
3316 2802 3510 2858 super-

1914 2884 2207 2939 eminentia
2239 2893 2289 2938 et
2320 2883 2693 2939 dominatione
2725 2881 3048 2949 declarans;
3071 2882 3348 2937 hominem
3380 2892 3513 2935 vero

1919 2973 2141 3039 factum,
2178 2989 2273 3045 per
2302 2974 2353 3029 id
2391 2977 2534 3045 quod
2570 2985 2727 3031 vocet
2762 2973 2959 3030 Filium
2991 2974 3183 3030 David.

1991 3150 2050 3203 Β.
2096 3153 2342 3207 Diserint
2370 3152 2437 3207 ad
2469 3153 2584 3208 hanc
2610 3153 2866 3217 fortasse,
2900 3162 3165 3224 quantum
3192 3152 3512 3224 conjectura

1917 3244 2176 3312 consequi
2216 3259 2436 3313 possum
2472 3261 2486 3297 :
2521 3244 2665 3315 Ergo
2707 3261 2775 3301 ex
2814 3246 3049 3303 essentia
3098 3245 3194 3301 Dei
3230 3262 3292 3302 ac
3332 3247 3516 3302 Patris

212 3308 315 3394 sui.
369 3308 532 3395 αῦτόν
584 3308 726 3395 εἶναι
787 3308 1032 3414 δώσομεν
1080 3308 1174 3396 τόν
1217 3345 1283 3397 ὲκ
1337 3343 1657 3414 σπέρματος
1701 3308 1812 3400 ⁸τοῦ

1922 3336 2201 3391 fatendum
2233 3336 2396 3391 fuerit
2426 3352 2547 3393 esse
2576 3339 2743 3394 etiam
2791 3354 2915 3396 eum
2957 3340 3050 3410 qui
3087 3350 3172 3395 est
3200 3354 3267 3396 ex
3306 3340 3516 3397 semine

210 3434 385 3491 Δαὸίδ
405 3451 420 3500 ;

288 3531 359 3583 Δ.
393 3526 589 3581 Καίτοι
623 3528 742 3593 πῶς
796 3530 830 3599 ὴ
862 3528 1041 3583 τοιάδε
1075 3527 1270 3592 πεῦσις
1320 3529 1382 3581 οὐ
1423 3528 1558 3582 πολὺ
1590 3529 1655 3599 δὴ
1690 3530 1813 3585 λίαν

211 3619 278 3673 τὸ
325 3618 605 3691 ἀσύφηλον
652 3618 807 3690 ἔχεις
851 3619 964 3674 Καὶ
1006 3620 1322 3692 ἀπᾳδόντως
1371 3618 1439 3673 ἂν
1488 3619 1697 3689 γένοιτο
1746 3625 1811 3693 τῇ

211 3707 316 3762 τοῦ
358 3709 660 3779 μυστηρίου
694 3709 923 3781 δυνάμει
953 3710 1048 3764 καὶ
1096 3712 1209 3775 τοῖς
1240 3710 1339 3781 τῆς
1378 3708 1636 3781 ἀληθείας
1664 3711 1814 3779 φιλο-

213 3798 486 3869 θεάμοσιν
506 3817 521 3864 ;

290 3893 353 3946 Β.
394 3891 607 3964 Φράσον
644 3892 817 3957 ὅπως.

293 3984 361 4039 Α.
402 3984 493 4056 Μὴ
519 3983 631 4056 γάρ
659 4002 752 4055 μοι
770 3983 1064 4057 διὲλῃς,ὡς
1093 3983 1283 4056 ἔτερόν
1312 4002 1435 4040 τινα
1466 3986 1641 4055 λέγων
1664 3987 1815 4057 παρὰ

213 4078 313 4132 τὸν
345 4077 442 4131 ἕνα
470 4076 708 4147 Χριστὸν
736 4077 831 4131 καὶ
848 4076 978 4131 Υίὸν
1013 4076 1239 4150 Κύριον,
1280 4078 1371 4134 τὸν
1401 4080 1466 4132 ἐκ
1498 4080 1813 4151 σπέρματος

219 4169 320 4223 τοῦ
350 4169 536 4223 Δαΰίδ.
572 4170 632 4223 '0
670 4169 779 4243 γάρ
817 4186 900 4223 τοι
938 4169 1041 4239 τῆς
1075 4169 1369 4242 ὀρθότητος
1403 4171 1581 4240 λόγος,
1626 4172 1717 4227 τὸν
1749 4175 1815 4227 ὲκ

215 4261 357 4315 Θεοῦ
402 4261 617 4334 Πατρὸς
653 4260 828 4330 φύντα
866 4260 995 4315 Υἱὺν
1045 4263 1332 4334 μονογενῆ,
1382 4264 1545 4319 αὑτὸν
1588 4266 1683 4319 καὶ
1716 4265 1815 4337 οὐχ

216 4355 417 4426 ἕτερον
444 4348 586 4408 εἶναι
618 4353 870 4424 βούλεται
898 4354 990 4408 τὸν
1020 4354 1086 4408 ὲκ
1114 4353 1280 4409 Δασὶδ
1316 4360 1459 4410 κατὰ
1494 4357 1691 4431 σάρκα.
1720 4357 1815 4429 Μὴ

216 4447 406 4501 τοίνυν
455 4445 515 4511 ἐξ
568 4446 883 4518 άμετρήτου
942 4446 1212 4515 λεγόντων
1246 4448 1674 4520 ἑμόροντηοίας,
1732 4451 1814 4505 ὅτι

218 4540 416 4611 ὥσπερ
443 4541 471 4593 6
500 4537 559 4606 se
586 4539 820 4611 οὐρανοῦ
856 4537 1136 4593 κατελθὼν
1168 4540 1362 4607 Λόγος,
1396 4541 1497 4595 οὐκ
1526 4541 1642 4596 ἔστι
1673 4543 1816 4598 κατά

1918 3428 2131 3483 David?

1988 3519 2056 3574 Α.
2097 3519 2167 3573 At
2200 3535 2329 3576 vero
2364 3521 2638 3591 quomodo
2661 3536 2768 3577 non
2801 3522 2918 3579 hate
2957 3522 3313 3596 interrogatio
3356 3524 3513 3581 stoli-

1916 3612 2105 3669 ditatis
2134 3613 2289 3682 plenn
2327 3622 2640 3680 censeatur,
2673 3624 2727 3668 et
2759 3629 2788 3668 a
2826 3613 3089 3671 studiosis
3119 3614 3371 3673 veritatis
3402 3616 3515 3672 vir-

1917 3705 2018 3760 tuti
2051 3705 2293 3777 mysterii
2326 3705 2485 3776 plane
2525 3720 2827 3779 repugnare
2853 3705 3167 3777 iudicetur?

1992 3890 2051 3946 Β,
2102 3889 2196 3945 Dic
2226 3905 2333 3961 quo
2360 3898 2542 3961 pacto.

1979 3983 2047 4038 A.
2101 3982 2181 4038 lie
2238 3983 2371 4037 mihi
2435 3985 2552 4039 haec
2614 3983 2868 4049 dividas,
2918 3993 3173 4054 tanquam
3240 3983 3515 4040 diversum

1922 4074 2215 4144 quemdam
2247 4084 2495 4130 statuens
2523 4074 2592 4131 ab
2621 4090 2729 4131 uno
2758 4076 2980 4133 Christo
3015 4088 3071 4132 et
3100 4076 3237 4132 Filio
3260 4078 3514 4144 Domino,

1916 4183 2039 4223 eum
2066 4168 2162 4237 qui
2197 4178 2375 4224 est-ex
2406 4170 2614 4224 semine
2652 4171 2845 4225 David.
2885 4169 3144 4227 Veritatis
3192 4172 3338 4226 cnim
3376 4172 3517 4228 ratio

1919 4257 2021 4311 hoc
2052 4256 2168 4312 vult
2199 4269 2257 4312 ut
2290 4260 2606 4327 unigenitus
2637 4257 2805 4317 Filius
2832 4275 2899 4315 ex
2935 4258 3046 4316 Deo
3078 4260 3513 4333 Patre-genitus,

1918 4348 2041 4419 ipse
2065 4357 2252 4405 etnon
2297 4350 2435 4406 alius
2488 4351 2561 4407 sit
2604 4366 2670 4405 ex
2706 4350 2875 4406 David
2924 4353 3224 4407 secundum
3270 4368 3514 4410 carnem.

1917 4440 2185 4500 Audiendi
2223 4441 2404 4512 itaque
2437 4458 2543 4499 non
2572 4453 2724 4508 sunt,
2763 4444 2855 4513 qui
2888 4458 2956 4498 ex
2984 4444 3247 4500 immensa
3275 4446 3514 4516 quadam

1919 4532 2129 4587 insania
2168 4533 2375 4598 volunt,
2426 4535 2570 4603 quod
2622 4535 2767 4590 sicut
2818 4534 3050 4591 Verbum
3104 4536 3249 4606 quod
3310 4551 3341 4592 e
3373 4538 3518 4595 cmlo

219 4632 389 4701 φύσιν
424 4631 552 4695 Υἱὸς
592 4630 688 4684 τοῦ
722 4630 906 4685 Δαὸίδ.
955 4629 1144 4697 Οὕτως
1169 4633 1290 4687 οὐδὲ
1328 4635 1357 4687 ό
1404 4635 1468 4688 ὲκ
1500 4635 1812 4706 σπέρματος

1922 4624 2205 4681 descendit
2235 4640 2339 4680 non
2378 4633 2463 4681 est
2493 4628 2789 4683 secundum
2841 4636 3089 4683 naturam
3130 4629 3271 4685 tilius
3308 4629 3515 4696 David,

217 4724 317 4779 τοῦ
347 4723 533 4787 Δασὶδ,
562 4723 693 4787 Υἱός
714 4724 832 4777 ἐστι
858 4722 1002 4778 κατὰ
1024 4722 1186 4792 φύσιν
1214 4723 1309 4779 τοῦ
1326 4724 1483 4779 Θεοῦ.
1520 4726 1580 4780 '0
1605 4727 1812 4799 γάρτοι

1922 4718 1997 4773 ita
2031 4733 2207 4789 neque
2233 4719 2278 4775 is
2294 4719 2390 4789 qui
2420 4729 2504 4775 est
2536 4735 2602 4775 ex
2642 4723 2851 4776 semine
2892 4718 3061 4777 David
3099 4732 3184 4778 est
3213 4720 3381 4778 Filius
3426 4739 3517 4779 se-

219 4816 389 4885 φύσει
418 4814 515 4868 καὶ
545 4813 763 4885 ἀληθῶς
789 4814 856 4868 ἐκ
887 4812 981 4868 τοῦ
1018 4814 1231 4887 Πατρὸς
1260 4816 1586 4887 ἀναλάμψας
1617 4818 1811 4888 Λόγος,

1923 4811 2161 4868 cundum
2196 4822 2443 4867 naturam
2475 4813 2591 4869 Dei.
2628 4812 2763 4868 Nam
2804 4813 3039 4870 Verbum
3067 4816 3211 4885 quod
3246 4816 3517 4872 naturali-

220 4911 281 4962 ἐν
316 4906 626 4979 προσλήψει
654 4905 892 4975 γεγονὼς
923 4906 1126 4978 σαρκὸς
1152 4908 1247 4960 καὶ
1278 4908 1529 4979 αἵματος,
1561 4907 1812 4981 καθάπερ

1926 4912 2008 4959 ter
2037 4917 2100 4958 ac
2135 4916 2264 4959 vere
2297 4918 2363 4959 ex
2397 4902 2559 4960 Patre
2590 4903 2825 4970 eﬂ'ulsit,
2856 4920 2980 4960 cum
3029 4920 3253 4961 carnem
3296 4917 3351 4961 et
3391 4923 3519 4964 san-
3603 4936 3607 4943 ε

220 5001 364 5071 ἔφην
402 4998 628 5070 ἀρτίως,
661 5000 970 5070 μεμένηκεν
998 5000 1027 5052 6
1057 4998 1241 5063 αὐτὸς,
1274 5000 1544 5067 τουτέστι,
1570 5000 1731 5070 φύσει
1756 5018 1812 5055 τε

1925 4996 2142 5066 guinem
2180 5000 2494 5068 assumpsit,
2525 4998 2980 5069 quemadmodum
3010 4998 3170 5054 modo
3199 4999 3331 5064 dixi,
3357 5015 3519 5056 man-

219 5094 320 5147 καὶ
350 5089 571 5161 άληθῶς
590 5090 721 5155 Υἱὸς
755 5090 852 5144 τοῦ
889 5090 1126 5163 Πατρὸς,
1163 5086 1244 5156 εἷς
1274 5092 1349 5146 ὣν
1379 5092 1472 5147 καὶ
1508 5093 1693 5162 μόνος,
1722 5096 1821 5148 καὶ

218 5185 325 5254 οὐχ
356 5182 433 5247 ὡς
466 5181 655 5253 ἕτερος
692 5180 814 5253 μεθ’
844 5182 1058 5251 ἑτέρου,
1088 5183 1178 5237 ἵνα
1216 5182 1314 5236 καὶ
1338 5181 1398 5235 ἓν
1431 5182 1598 5236 αὐτοῦ
1626 5184 1818 5255 νοῆται

223 5276 541 5348 πρόσωπον.
588 5274 1015 5346 Συναγείροντες
1063 5274 1174 5347 γὰρ
1222 5275 1398 5340 οὕτως
1441 5275 1578 5348 πρὸς
1624 5275 1818 5331 ἕνωσιν

223 5370 429 5441 ἀληθῆ,
459 5369 554 5423 καὶ
575 5370 677 5442 τὴν
704 5369 849 5440 ὑπὲρ
872 5366 996 5423 νοῦν
1030 5367 1124 5421 καὶ
1174 5367 1333 5437 Λόγον
1358 5368 1429 5421 τά
1447 5369 1561 5430 τοῖς
1584 5367 1685 5438 τῆς
1712 5367 1816 5437 φύ-

226 5477 367 5523 σεως
409 5459 593 5525 λόγοις
641 5460 778 5530 πρὸς
810 5458 1180 5530 ἀνομοιότητα
1228 5457 1686 5529 διεσχοινισμένα,
1718 5459 1817 5529 τὴν

225 5551 443 5623 ἁπλανῆ
463 5552 563 5622 τῆς
580 5553 821 5616 πίστεως
845 5550 1178 5623 βαδιούμεθα
1195 5551 1401 5622 τρίϐον.
1419 5551 1557 5605 Ἕνα
1574 5552 1689 5624 ’γὰρ
1717 5552 1814 5606 καὶ

224 5643 319 5696 τὸν
352 5643 516 5697 αὑτὸν
548 5638 689 5696 εἷναί
730 5661 911 5714 φαμεν
929 5643 1165 5715 Χριστὸν
1197 5641 1426 5713 Ἰησοῦν,
1457 5645 1519 5697 ὲκ
1547 5643 1683 5697 Θεοῦ
1719 5644 1817 5715 μὲν

230 5733 468 5805 ηατρδς,
498 5736 575 5799 ὡς
601 5734 735 5789 Θεὸν
751 5734 945 5806 Λόγον,
965 5735 1027 5787 ὲγ
1055 5734 1371 5808 σπέρματος
1392 5734 1450 5789 δὲ
1479 5734 1621 5792 κατὰ
1638 5734 1816 5806 σάρκα

1922 5090 1997 5145 sit
2033 5090 2199 5155 idem,
2248 5091 2351 5145 hoc
2403 5100 2523 5156 est,“
2563 5102 2754 5146 natura
2785 5100 2842 5147 et
2891 5106 3017 5146 vere
3070 5090 3240 5149 Filius
3291 5090 3515 5149 Patris:

1927 5198 2070 5239 unus
2094 5183 2366 5241 exsiStens
2394 5198 2460 5238 ac
2504 5185 2674 5249 solus,
2708 5196 2764 5239 et
2798 5200 2902 5239 non
2948 5194 3008 5239 ut
3046 5185 3185 5239 alius
3222 5202 3345 5241 cum
3388 5187 3518 5255 alio,

1927 5271 1977 5330 ut
2006 5286 2061 5330 et
2089 5291 2194 5330 una
2226 5275 2394 5345 ipsius
2424 5286 2712 5332 censeatur
2738 5293 2992 5347 persona.
3033 5276 3145 5331 Hoc
3176 5280 3323 5333 enim
3362 5291 3523 5348 pacto

1928 5369 2250 5423 reducentes
2302 5368 2369 5423 ad
2406 5383 2591 5423 veram
2628 5370 2917 5435 unitatem,
2956 5378 3011 5425 et
3065 5369 3403 5426 intellectum
3456 5386 3523 5427 ac

1926 5470 2164 5515 mentem
2200 5468 2440 5516 nostram
2489 5474 2837 5531 superantem
2878 5479 3000 5533 quas
3047 5464 3259 5520 ratione
3312 5474 3522 5521 natura:

1927 5552 2210 5607 dissimilia
2250 5553 2393 5608 inter
2423 5568 2482 5608 se
2523 5565 2669 5622 sunt,
2717 5563 2919 5610 rectam
2950 5555 3075 5612 ﬁdei
3128 5557 3267 5611 viam
3315 5556 3521 5612 insisti-

1929 5660 2069 5700 mus.
2104 5644 2286 5701 Unum
2326 5646 2471 5701 enim
2500 5646 2665 5702 etiam
2694 5648 2870 5717 ipsum
2908 5663 3031 5704 esse
3062 5650 3295 5704 dicimus
3329 5647 3519 5705 Jesum

1925 5738 2203 5793 Christum
2238 5754 2251 5791 :
2286 5752 2353 5793 ex
2379 5738 2488 5794 Deo
2517 5739 2735 5810 quidem
2765 5739 2929 5799 Patre
2961 5751 3020 5798 ut
3047 5742 3216 5799 Deum
3242 5741 3517 5810 Verbum;

303 5916 323 5946 '
355 5914 542 5969 Matth.
580 5928 714 5981 ml,
748 5914 836 5968 42.
910 5915 930 5946 ⁸
967 5915 1095 5971 ibid.
1128 5912 1312 5970 43-15.
1392 5916 1409 5947 ⁷
1448 5914 1607 5971 llebt‘.
1661 5929 1700 5979 ι,
1754 5914 1810 5970 5.

1958 5914 2089 5971 ibid.
2134 5914 2219 5971 15.
2302 5916 2323 5947 ⁹
2359 5915 2558 5987 Ephes.
2585 5932 2623 5987 ι,
2654 5916 2745 5973 21.
