4006 6442
613 439 742 499 liSD

1594 440 1649 494 S.
1691 438 1967 495 CYRILLI
2008 438 2470 495 ALEXANDRINI
2510 440 2828 497 AllCHlEP.

3720 438 3841 494 I309

607 564 672 605 ex
731 552 936 605 semine
996 560 1193 615 autem,
1249 552 1543 608 secundum
1606 569 1857 619 carnem,
1926 554 2151 612 Daridis

2270 560 2363 614 τοῦ
2393 560 2682 615 θεσπεσίου
2711 559 2894 613 Δαδίδ.
2941 559 3010 611 Ἢ
3051 558 3149 611 οὐκ
3186 558 3385 628 ἄριστά
3437 573 3523 609 σοι
3568 554 3736 609 ταῦτα
3767 556 3838 608 δι-

608 642 758 693 Anne
784 641 875 692 tibi
900 648 1044 694 recte
1065 640 1132 694 de
1162 641 1244 695 his
1268 643 1444 713 egisse
1478 642 1703 697 videor?

672 728 730 783 Β.
770 726 1023 785 Omnino.

674 823 741 875 Δ.
782 820 1052 876 Cancrum
1099 821 1301 891 aliquid
1346 833 1606 892 prteterea
1652 826 1984 882 adversariis
2032 826 2167 896 adji-

607 913 763 966 ciam.

672 1004 733 1057 Β.
775 1005 1082 1071 Quidnam?

674 1096 739 1150 Α.
782 1095 967 1166 Neque
1014 1099 1155 1154 enim
1213 1098 1554 1168 Unigenitum
1598 1101 1767 1159 Deum
1808 1101 2041 1159 Verbum
2084 1120 2170 1161 es-

606 1187 832 1243 sentiam
857 1204 919 1243 ex
960 1190 1068 1245 Deo
1109 1190 1268 1246 Patre
1300 1192 1497 1249 habere
1547 1195 1806 1265 credunt;
1856 1197 1951 1252 sed
2001 1198 2170 1253 homi-

608 1294 727 1331 nem
764 1280 935 1347 illum,
968 1282 1057 1350 qui
1106 1298 1202 1349 per
1246 1284 1699 1353 coniunctionem,
1734 1298 1791 1343 ut
1827 1290 1929 1358 ipsi
1960 1290 2167 1358 volunt,

605 1382 911 1439 assumptus
935 1382 1041 1440 est,
1081 1390 1146 1430 ex
1189 1376 1398 1432 semine
1428 1375 1596 1433 David
1646 1378 1847 1435 factum
1892 1394 2012 1437 esse
2040 1395 2170 1438 con-

607 1466 853 1520 tendunt.

673 1552 734 1611 BA.
774 1554 850 1608 Ita
880 1555 1052 1612 aiunt.

673 1646 738 1706 Α.
783 1644 1069 1715 Superabit
1103 1649 1283 1719 itaque
1326 1653 1545 1707 omnino
1598 1649 1833 1707 Verbum
1886 1653 2027 1723 quod
2067 1669 2164 1709 na-

604 1744 720 1790 tura
755 1753 820 1793 ac
844 1736 967 1793 vero
1005 1739 1144 1796 Deus
1171 1750 1273 1806 est,
1299 1757 1423 1797 eum
1465 1743 1560 1813 qui
1594 1754 1676 1801 est
1710 1760 1778 1800 ex
1824 1747 2031 1802 semine
2064 1745 2167 1801 Da-

604 1827 734 1883 ιὶάτ
782 1838 838 1884 ει
894 1840 1046 1885 tanto
1096 1832 1313 1904 quidem
1362 1834 1622 1903 excellet,
1676 1848 1938 1907 quantum
1989 1849 2071 1895 est
2107 1838 2161 1894 in

2272 653 2534 721 εσκέφθαι
2564 651 2705 704 δοκῶ
2727 667 2741 714 ;

2340 746 2402 796 Β.
2445 744 2595 797 Πάνυ
2628 743 2726 812 μὲν
2753 738 2865 796 οὖν.

2341 838 2404 891 Δ.
2450 836 2872 907 Προσερήσομαι
2919 834 2975 887 δέ
3006 851 3058 886 τι
3111 834 3202 887 καὶ
3244 834 3431 905 ἕτερον
3466 833 3611 895 ,τοὺς
3645 831 3837 885 διε-δαν-

2269 927 2408 989 τίας.

2340 1021 2402 1074 Β.
2436 1019 2509 1072 Τὸ
2540 1019 2594 1071 τί
2625 1017 2688 1090 δὴ
2718 1019 2853 1089 φήςς

2339 1114 2403 1165 Α.
2445 1112 2519 1165 Οὐ
2550 1111 2657 1181 γὰρ
2682 1112 2747 1163 ὲκ
2765 1107 2857 1162 τοῦ
2889 1108 3102 1177 [ἰατρὸς
3128 1107 3224 1177 τὴν
3252 1105 3489 1175 ὕπαρξιν
3513 1104 3665 1175 ἔχειν
3691 1121 3842 1158 πεπι-

2272 1205 2529 1257 στεύκασι
2564 1203 2657 1255 τὸν
2701 1202 2963 1272 μονογενῆ
2994 1199 3126 1253 Θεὸν
3155 1199 3350 1266 Λόγον,
3390 1197 3481 1250 τόν
3510 1214 3574 1265 γε
3618 1197 3743 1266 μὴν,
3773 1196 3843 1259 ὡς

2270 1296 2421 1350 αὐτοί
2456 1312 2586 1365 φασι
2616 1293 2889 1365 ληφθέντα
2928 1292 3069 1348 κατὰ
3102 1290 3397 1359 συνάφειαν
3443 1291 3755 1358 ἄνθρωπον,
3784 1290 3844 1341 ἐκ

2272 1386 2584 1456 σπέρματος
2628 1384 2881 1454 γενέσθαι
2941 1383 3035 1437 τοῦ
3089 1382 3375 1435 Θεσπεσίου
3432 1380 3601 1436 Δαϐιδ
3653 1381 3841 1435 διατεί⁴

2268 1495 2468 1531 νονται.

2337 1569 2399 1621 Β.
2440 1569 2597 1623 Οὕτω
2628 1567 2782 1637 φασί.

2336 1664 2398 1715 Α.
2440 1660 2827 1729 Πλεονεκτήσει
2857 1657 2921 1729 δὴ
2971 1652 3064 1711 οὖν
3110 1658 3285 1727 πάντη
3331 1673 3390 1709 τε
3450 1656 3545 1710 καὶ
3602 1654 3845 1719 πάντως,

2266 1754 2423 1825 φύσει
2446 1771 2504 1807 τε
2527 1754 2619 1808 καὶ
2634 1750 2759 1823 δόξῃ
2784 1752 2915 1814 Θεὸς
2939 1749 3033 1815 ὢν,
3061 1753 3089 1804 6
3110 1750 3298 1817 Λόγος.
3325 1750 3417 1802 τὸν
3443 1750 3509 1801 ἐκ
3529 1748 3849 1817 σπέρματος

2266 1846 2357 1900 τοῦ
2381 1846 2563 1901 Δαδίδ.
2602 1844 2711 1899 Καὶ
2747 1842 3097 1915 ὑπεραλεῖται
3143 1840 3413 1903 τοσοῦτον,
3448 1841 3577 1893 ὅσον
3618 1838 3686 1892 ἃν
3735 1838 3847 1907 ἔχοι

604 1928 911 1975 naturarum
950 1922 1249 1980 diﬂ'ereutia
1291 1925 1579 1983 intervalli.
1632 1928 1740 1984 Aut
1786 1930 1831 1985 si
1872 1930 1943 1985 ita
1988 1946 2046 1987 se
2076 1946 2151 1986 re:

2266 1936 2323 1990 τὸ
2354 1932 2685 2005 μεσολαϐοῦν
2714 1932 2825 1987 τῶν
2853 1932 3066 2002 φύσεων
3093 1934 3126 2001 ὴ
3168 1931 3419 2001 διαφορά.
3451 1931 3520 1982 Ἢ
3553 1930 3716 2000 εἴπερ
3750 1928 3848 1980 οὐκ

600 2024 704 2064 non
736 2011 896 2067 habet
930 2028 994 2069 ac
1034 2016 1176 2082 dico,
1210 2030 1307 2071 cur
1345 2018 1527 2088 itaque
1575 2019 1954 2090 distinguunt?
1990 2024 2164 2094 Atque

601 2100 727 2156 huic
750 2104 968 2172 quidem
1000 2107 1244 2163 tribuunt
1272 2109 1459 2179 gloria:
1491 2110 1831 2178 facultatem,
1864 2116 2007 2169 hunc
2035 2130 2164 2172 vero

599 2200 850 2261 tanquam
883 2199 1152 2269 acceperit
1175 2200 1541 2265 introducunt,
1575 2212 1739 2274 atque
1780 2204 1831 2259 id
1868 2206 2008 2274 quod
2058 2218 2158 2273 est,

598 2283 769 2337 instar
784 2286 926 2352 doni,
948 2296 1108 2357 atque
1126 2288 1281 2361 74],
1307 2292 1548 2347 beneﬁcii
1568 2294 1915 2350 lucrifecissc.
1936 2296 2163 2351 Inferior

596 2381 773 2425 autem
805 2382 859 2427 et
890 2377 1155 2442 posterior
1196 2388 1279 2433 est
1313 2379 1405 2449 qui
1436 2382 1655 2453 accipit,
1694 2399 1853 2450 quam
1899 2384 1988 2453 qui
2031 2386 2155 2451 dat;

592 2471 647 2514 et
681 2462 726 2516 is
751 2463 840 2533 qui
871 2464 937 2519 ab
963 2465 1068 2520 alio
1094 2468 1275 2538 gloria:
1310 2471 1578 2541 particeps
1634 2472 1884 2542 eﬂicitur,
1920 2489 2082 2545 quam
2115 2475 2159 2530 is

594 2551 684 2618 qui
722 2552 946 2623 gloriam
978 2556 1309 2626 lmpertitur.

660 2640 720 2699 Β.
744 2644 1050 2715 Maximam,
1070 2650 1327 2718 arbitror,
1353 2654 1515 2709 etiam
1536 2655 1636 2725 ipsi
1659 2654 2016 2712 differentiam
2043 2665 2159 2712 sta-

592 2745 752 2789 tuunt
780 2739 923 2793 inter
947 2738 1109 2795 Deum
1138 2752 1193 2797 et
1231 2743 1498 2801 homines.

660 2825 727 2879 Α.
755 2826 917 2897 Atqui
948 2831 1219 2899 quomodo
1247 2834 1681 2904 sapientissimus
1711 2834 1915 2892 Paulus
1950 2836 2157 2892 divino-

591 2930 709 2971 rum
742 2920 1118 2987 mysteriorum
1156 2924 1408 2980 minister
1442 2927 1615 2997 ipsum
1652 2928 1800 2983 illum
1849 2930 1940 2997 qui
1964 2931 2155 2999 praedi-

589 3016 747 3062 catur
780 3010 1168 3067 inhabitantem
1201 3014 1255 3069 in
1285 3032 1343 3071 se
1365 3017 1595 3084 habens,
1625 3032 1678 3073 et
1707 3021 1931 3091 loquens
1954 3022 2005 3075 in
2030 3020 2154 3092 Spi-

589 3100 721 3162 ritu,
739 3102 1033 3156 secundum
1051 3118 1279 3173 carnem
1312 3122 1378 3163 ex
1401 3108 1601 3165 Judaeis
1631 3119 1685 3164 et
1713 3108 1881 3165 Deum
1901 3112 2153 3180 appellat,

584 3202 640 3248 et
673 3194 1013 3251 benedictum
1044 3212 1167 3254 esse
1194 3201 1320 3255 dicit
1349 3202 1401 3256 in
1448 3206 1644 3258 saecula
1668 3222 1683 3259 :
1707 3219 1863 3259 amen
1900 3204 1986 3258 '°?
2014 3200 2153 3271 Quid

586 3286 835 3353 superius
890 3296 975 3343 est
1049 3287 1160 3345 Deo
1221 3292 1313 3360 qui
1362 3307 1527 3361 supra
1584 3307 1774 3347 omnes
1831 3293 1956 3357 est?
2020 3268 2222 3362 quidC

585 3389 765 3431 autem
809 3378 986 3448 majus
1033 3379 1085 3436 in
1123 3379 1298 3437 Verbo
1326 3384 1469 3451 quod
1498 3399 1565 3441 ex
1604 3383 1765 3440 Patre
1795 3388 2033 3455 genitum
2066 3396 2152 3442 est

583 3466 705 3534 quis
726 3470 1113 3537 deprehendat,
1132 3487 1294 3540 quam
1319 3472 1372 3526 iu
1402 3488 1467 3528 eo
1486 3475 1578 3545 qui
1604 3479 1898 3531 secundum
1934 3491 2149 3532 carnem

582 3574 649 3611 ex
678 3558 921 3615 Iudaeis?
959 3562 1224 3631 siquidem
1256 3576 1340 3619 est
1372 3566 1508 3621 alius
1543 3566 1610 3621 ab
1654 3569 1775 3643 ipso,
1812 3578 1865 3623 et
1909 3567 2150 3639 peculia-

582 3648 713 3701 riter
740 3648 906 3705 Filius
931 3662 1091 3721 atque
1118 3652 1214 3708 hoc
1248 3669 1351 3708 non
1392 3670 1537 3711 tere.

651 3736 713 3789 Β.
745 3738 849 3792 Sed
878 3740 1143 3794 admissus
1172 3752 1276 3805 est,
1308 3743 1580 3812 inquiunt,
1607 3749 1903 3803 secundum
1927 3752 2149 3819 conjun-

579 3828 815 3881 ctionent
847 3830 889 3883 is
917 3830 1004 3897 qui
1030 3841 1113 3883 est
1145 3848 1207 3885 ex
1238 3835 1443 3889 semine
1467 3835 1657 3899 David,
1690 3848 1743 3892 et
1776 3854 1895 3893 cum
1932 3842 2145 3898 inhabi-

582 3918 708 3970 tarit
754 3919 805 3970 in
837 3918 950 3987 ipso
1000 3918 1138 3973 Deus
1186 3924 1453 3977 cxsistens
1507 3924 1764 3993 Verbum,
1801 3943 2145 3988 communem

577 4027 698 4067 cum
749 4012 837 4065 illo
871 4013 1188 4082 dignitatem
1226 4025 1279 4067 et
1317 4015 1540 4084 gloriam
1578 4025 1958 4089 consequitur;
2002 4026 2145 4092 quod

574 4113 629 4156 et
680 4102 1078 4158 sacratissimus
1121 4104 1317 4159 Paulus
1361 4107 1427 4161 de
1474 4109 1590 4177 ipso
1648 4112 1895 4169 scribens
1946 4117 2141 4173 docet:

582 4214 601 4245 ι
636 4194 771 4261 Quia
806 4206 974 4250 tactus
998 4206 1080 4252 est
1116 4198 1374 4252 obedieus
1405 4198 1550 4254 Patri
1595 4218 1762 4271 usque
1792 4204 1857 4258 ad
1890 4220 2139 4275 mortem,

574 4297 802 4340 mortem
847 4296 1025 4340 autem
1074 4289 1271 4342 crucis.
1307 4288 1428 4344 ldeo
1457 4300 1509 4345 et
1544 4290 1684 4346 Deus
1712 4298 2144 4363 superexaltavit

572 4398 719 4444 t'Ulll,
750 4392 804 4435 et
842 4383 988 4435 dedit
1020 4383 1070 4436 ei
1112 4398 1306 4436 nomen
1338 4386 1480 4451 quod
1513 4396 1597 4440 est
1644 4400 1808 4453 super
1834 4403 1994 4445 omne
2043 4406 2141 4445 no-

572 4488 697 4525 men
730 4473 796 4535 “,
837 4492 855 4524 ι
896 4474 996 4527 hoc
1027 4483 1129 4539 est,
1162 4471 1321 4528 Deus.

639 4567 700 4623 At.
730 4564 1088 4623 Peculiariter
1124 4567 1326 4637 itaque,
1352 4576 1410 4621 et
1452 4576 1510 4621 nt
1539 4568 1751 4625 diverso
1782 4576 2008 4629 seorsitn
2043 4576 2133 4631 Fi-
2171 4606 2212 4660 ο

2265 2026 2410 2079 ἔστιν
2446 2024 2642 2095 ἀληθὲς
2681 2023 2709 2076 ὃ
2752 2040 2916 2093 φημι,
2946 2021 3247 2092 διαιροῦσιν
3289 2020 3405 2075 ἀνθ’
3439 2020 3589 2079 δτου,
3636 2021 3735 2073 καὶ
3772 2018 3848 2088 τῷ

2268 2116 2365 2187 μὲν
2393 2115 2614 2185 νέμουσι
2665 2113 2763 2183 τῆς
2791 2111 2948 2181 δόξης
2978 2111 3075 2183 τὴν
3109 2110 3376 2175 ἐξουσίαν,
3402 2108 3495 2163 τὸν
3516 2110 3573 2163 δὲ
3611 2108 3845 2163 λαϐόντα

2264 2205 2719 2278 παρακομίζουσι,
2744 2206 2836 2258 καί
2857 2203 3002 2257 τοῦθ’
3027 2206 3163 2274 ὅπερ
3191 2204 3360 2265 ἐστὶν,
3388 2204 3445 2255 ὲν
3462 2200 3619 2267 τάξει
3640 2201 3843 2271 γερῶν,

2264 2300 2354 2353 καὶ
2378 2301 2435 2353 ὲν
2464 2296 2803 2369 χαρίσματος
2827 2296 2992 2367 μοίρᾳ.
3026 2293 3394 2366 κερδαίνοντα.
3423 2295 3599 2349 Μεῖον
3626 2294 3684 2347 δὲ
3718 2294 3847 2349 πάν-

2260 2407 2367 2453 τως
2402 2389 2497 2442 καὶ
2552 2391 2609 2441 ὲν
2638 2387 2909 2453 δευτέροις
2964 2386 3058 2440 τοῦ
3105 2385 3377 2447 διδόντος,
3423 2385 3485 2438 τὸ
3530 2384 3840 2456 δεχόμενον,

2260 2483 2354 2536 καὶ
2390 2480 2483 2535 τοῦ
2515 2478 2849 2546 δοξάζοντος,
2891 2480 2952 2531 τὸ
2999 2479 3098 2548 τῆς
3144 2477 3275 2549 παρ’
3315 2475 3482 2529 αὑτοῦ
3518 2476 3683 2547 δόξης
3712 2492 3842 2545 μετ-

2260 2573 2513 2643 εσχηκὸς.

2330 2663 2390 2716 Β.
2432 2661 2719 2731 Πλείστην,
2741 2655 2919 2730 οἶμαι,
2950 2658 3045 2713 καὶ
3072 2658 3229 2712 αὐτοὶ
3254 2660 3407 2727 φαῖεν
3433 2656 3501 2711 ἂν
3523 2656 3623 2728 τὴν
3654 2655 3839 2725 διαφοο

2263 2750 2359 2818 ρὰν
2388 2746 2523 2801 Θεοῦ
2555 2765 2614 2800 τε
2639 2746 2733 2800 καὶ
2770 2745 3092 2817 ἀνθρώπων.

2327 2844 2391 2895 Α.
2428 2837 2562 2894 Εἶτα
2592 2840 2707 2903 πῶς
2733 2840 2760 2891 6
2794 2839 3064 2907 πάνσοφος
3097 2836 3326 2899 Παῦλος,
3356 2838 3385 2889 6
3418 2836 3529 2889 τῶν
3554 2834 3715 2889 θείων
3748 2852 3840 2905 μυ-

2262 2935 2499 3005 στηρίων
2536 2931 2848 3003 ἱερουργδς,
2888 2931 2917 2982 6
2972 2928 3137 2982 αὑτὸν
3184 2927 3389 2981 ἐνοικον
3418 2926 3560 2996 ἔχων
3610 2926 3704 2979 τὸν
3747 2943 3839 2993 κη-

2260 3026 2603 3097 ρυττόμενον,
2633 3025 2724 3078 καὶ
2745 3022 2923 3077 λαλῶν
2948 3023 3003 3074 ὲν
3034 3019 3333 3091 Πνεύματι,
3361 3019 3452 3072 τὸν
3478 3016 3623 3073 κατὰ
3664 3019 3839 3087 σάρκα

2256 3117 2318 3183 ἐξ
2350 3116 2638 3180 Ἰουδαίων,
2671 3115 2764 3168 καὶ
2785 3113 2917 3167 Θεδν
2946 3111 3339 3183 ἁνομάζει,καὶ
3371 3110 3668 3181 εὐλογητδν
3702 3105 3837 3162 εἷναί

2259 3226 2422 3280 φησιν
2453 3210 2529 3271 είς
2573 3207 2699 3270 τοὺς
2735 3205 2959 3268 αἰῶνας,
3016 3205 3196 3274 άμήνς
3231 3203 3295 3255 Τί
3331 3200 3392 3255 τὸ
3446 3201 3710 3255 ἐπέκεινα
3743 3198 3835 3253 τοῦ

2255 3302 2345 3356 ἐπὶ
2377 3299 2576 3365 παντὸς
2614 3299 2749 3354 Θεοῦ
2776 3316 2791 3364 ;
2837 3298 2891 3351 τί
2918 3298 2975 3351 δὲ
3003 3297 3064 3350 τὸ
3101 3295 3285 3367 μεῖζον
3323 3296 3380 3347 ἐν
3410 3293 3489 3364 τῷ
3518 3295 3583 3346 ἐκ
3626 3292 3835 3364 Πατρὸς

2254 3394 2596 3463 φύντιΑόγῳ
2632 3391 2971 3462 καταθρήσαι
3001 3406 3085 3452 τις
3132 3388 3198 3441 ἂν
3250 3388 3402 3461 παρά
3455 3402 3521 3454 γε
3574 3385 3667 3438 τὸν
3698 3384 3837 3439 κατὰ

2255 3485 2433 3554 σάρκα
2465 3484 2525 3548 ἐξ
2562 3483 2848 3549 Ἰουδαίων,
2878 3482 3033 3551 είπερ
3078 3480 3224 3532 ἐστὶν
3269 3480 3455 3549 ἕτερος
3489 3478 3624 3549 παρ’
3653 3476 3832 3542 αὑτὸν,

2255 3578 2347 3630 καὶ
2378 3576 2560 3639 ἰδικῶς
2589 3574 2716 3640 Υίὸς
2738 3576 2861 3627 ’καὶ
2896 3571 3049 3626 τοῦτο
3074 3572 3171 3625 οὐκ
3193 3571 3441 3642 άληθῶς;

2321 3752 2384 3804 Β.
2440 3750 2578 3803 Ἀλλ’
2619 3750 2896 3819 εἰσεδέχθη
2946 3748 3087 3803 κατὰ
3120 3748 3435 3817 συνάφειαν,
3472 3749 3661 3817 φασὶν,
3710 3750 3742 3801 δ
3771 3750 3830 3801 ἐκ

2254 3843 2567 3913 σπέρματος
2587 3839 2683 3893 τοῦ
2711 3840 2895 3904 Δαδὶδ,
2920 3842 3012 3893 καὶ
3043 3840 3340 3910 ἐπειδήπερ
3370 3839 3649 3910 ἐνῴκησεν
3685 3840 3833 3909 αὑτῷ

2248 3932 2383 3996 Θεὸς
2409 3932 2483 3985 ὢν
2508 3934 2537 3985 6
2583 3932 2776 4000 Λόγος,
2803 3935 3047 3984 κοινωνεί
3074 3931 3172 4002 τῆς
3216 3931 3371 3995 ἀξίας
3408 3931 3562 4002 αὐτῷ
3590 3933 3686 3984 καὶ
3732 3932 3827 4001 τῆς

2247 4024 2432 4096 τιμῆς.
2466 4026 2577 4078 Καὶ
2615 4023 2773 4077 τοῦτο
2800 4023 3001 4090 διδάξει
3038 4025 3265 4095 γράφων
3298 4024 3325 4076 6
3361 4023 3657 4095 ἱερώτατος
3680 4022 3825 4079 Παῦ-

2247 4117 2337 4181 λος
2366 4117 2494 4187 περὶ
2529 4114 2717 4170 αὐτοῦ’
2759 4134 2777 4167 ι
2810 4115 2931 4169 Ὀτι
2956 4115 3178 4184 γέγονεν
3231 4115 3472 4185 ὑπήκοος
3521 4113 3603 4184 τῷ
3656 4114 3829 4182 Πατρὶ

2250 4207 2410 4279 μέχρι
2442 4207 2693 4273 Θανάτου,
2731 4206 2965 4262 θανάτου
2994 4208 3052 4261 δὲ
3091 4207 3326 4278 σταυροῦ
3346 4223 3361 4238 ο
3386 4206 3467 4260 διὸ
3506 4206 3606 4259 καὶ
3639 4209 3666 4259 6
3698 4206 3824 4268 Θεὸς

2245 4299 2404 4354 αὐτὸν
2476 4300 2827 4371 ὑπερύψωσε,
2878 4302 2975 4353 καὶ
3021 4300 3313 4371 ἐχαρίσατο
3362 4297 3517 4369 αὐτῷ
3556 4298 3729 4369 ὄνομα
3768 4297 3824 4350 τὸ

2245 4392 2384 4463 ὑπὲρ
2418 4394 2525 4447 πᾶν
2551 4394 2742 4464 ὄνομα,
2770 4413 2787 4445 ι
2816 4393 2972 4448 τοῦτο
3000 4394 3057 4446 δέ
3084 4394 3199 4448 ἐστι
3224 4393 3306 4459 τὺ,
3328 4392 3485 4456 Θεός.

2311 4573 2375 4624 Δ.
2416 4572 2543 4642 ’Ἆρ’
2585 4566 2678 4623 οὖν
2720 4570 2901 4634 ίδικῶς
2948 4588 3008 4624 τε
3057 4570 3151 4623 καὶ
3194 4570 3264 4633 ὼς
3292 4570 3465 4642 ἑτέρῳ
3509 4572 3821 4641 καταμόνας

570 4655 645 4710 lio
672 4657 763 4725 qui
792 4665 877 4711 est
907 4672 972 4711 ex
1005 4658 1212 4713 semine
1247 4659 1433 4723 David,
1466 4660 1651 4717 datum
1683 4661 1848 4718 luisse
1879 4666 2066 4722 dicunt
2106 4684 2135 4722 a

2266 4663 2358 4734 Γίῷ
2385 4663 2460 4734 τῷ
2495 4665 2559 4715 ὲκ
2593 4662 2904 4733 σπέρματος
2925 4662 3089 4716 suae
3119 4662 3361 4716 δεδόσθαι
3384 4663 3521 4732 φασὶ
3548 4664 3705 4735 παρὰ
3730 4663 3819 4717 τοῦ

569 4745 678 4801 Deo
710 4763 904 4803 nomen
936 4751 1075 4817 quod
1107 4761 1192 4804 est
1220 4766 1381 4821 super
1407 4766 1567 4808 onme
1602 4769 1816 4810 nomen.

635 4838 691 4891 Β.
724 4839 799 4893 Ita
822 4841 990 4893 aiunt.
1012 4839 1145 4895 Cum
1176 4844 1319 4896 enim
1372 4841 1693 4914 Uuigenitus
1720 4848 1792 4901 sit
1823 4848 1963 4903 Deus
1993 4860 2047 4905 et
2069 4867 2133 4907 ex

567 4932 673 4985 Deo
700 4934 998 4985 secundum
1034 4944 1305 4999 naturam,
1344 4939 1612 5004 quomodo
1648 4938 1720 4992 illi
1750 4941 1933 4995 datum
1967 4942 2135 5000 fuerit

564 5025 611 5074 id
641 5023 785 5091 quod
818 5038 879 5076 ex
904 5039 960 5077 se
983 5024 1187 5079 habet?

632 5114 694 5165 Α.
738 5113 877 5183 Ergo
908 5115 950 5169 si
980 5115 1045 5173 de
1072 5116 1187 5183 ipso
1216 5116 1417 5172 dictum
1457 5134 1561 5173 non
1607 5130 1689 5175 est
1728 5125 1870 5191 quod
1900 5139 2126 5195 accepe»

564 5200 652 5262 rit,
680 5200 1017 5269 inquiramus
1048 5216 1301 5261 accurate
1350 5210 1704 5277 quamobrem
1739 5212 1953 5269 divinus
1984 5216 2124 5271 Pau-

561 5292 640 5344 lus
674 5294 989 5361 scripserit:
1025 5314 1048 5349 ι,
1085 5294 1195 5350 Hoc
1233 5298 1374 5352 enim
1412 5302 1609 5354 sentite
1642 5303 1693 5357 in
1731 5306 1882 5359 vobis
1910 5310 2049 5374 quod
2069 5320 2124 5363 et

558 5384 608 5434 iu
637 5382 853 5438 Christo
884 5384 1011 5441 Jesu
1039 5404 1053 5441 :
1092 5389 1181 5456 qui
1229 5405 1350 5445 cum
1399 5391 1451 5445 in
1479 5392 1647 5448 forma
1677 5394 1768 5449 Dei
1816 5410 1980 5462 esset,
2013 5414 2117 5453 non

558 5476 803 5542 rapinam
843 5479 1138 5534 arbitratus
1186 5492 1269 5536 est
1300 5498 1358 5538 se
1384 5498 1504 5540 esse
1548 5489 1808 5556 aequalem
1853 5490 1980 5555 Deo,
2022 5493 2117 5547 sed

556 5569 910 5637 semetipsum
945 5571 1263 5641 exinanivit,
1297 5574 1525 5632 formam
1558 5581 1702 5633 servi
1749 5583 2041 5653 accipiens,
2068 5585 2119 5639 in

555 5658 957 5715 similitudinem
998 5663 1272 5720 hominum
1308 5667 1481 5723 lactus
1537 5682 1592 5730 et
1634 5673 1818 5729 habitu
1867 5677 2120 5734 inventus

620 5837 662 5873 ι’)
696 5836 849 5893 Rom.
886 5859 958 5903 ιι,
1134 5847 1170 5875 ⁸⁸
1217 5846 1441 5916 l'ltilipp.
1479 5864 1533 5913 tt,
1569 5851 1621 5913 8.
1653 5848 1703 5902 9s

2238 4758 2373 4810 Θεοῦ
2404 4757 2464 4809 τὸ
2491 4756 2661 4826 ὄνομα
2685 4756 2745 4808 τὸ
2776 4756 2916 4827 ὑπὲρ
2940 4758 3046 4809 πᾶν
3083 4754 3284 4825 δνομας

2306 4851 2366 4904 Β.
2409 4849 2517 4902 Ναὶ
2576 4848 2727 4919 φασί.
2762 4848 2880 4918 Θεῷ
2931 4847 3040 4918 γὰρ
3086 4847 3199 4901 ὄντι
3262 4848 3357 4901 καὶ
3394 4848 3458 4900 ἑκ
3490 4847 3632 4901 Θεοῦ
3681 4848 3818 4903 κατὰ

2238 4940 2398 5008 φύσιν
2459 4936 2537 5009 τῷ
2588 4938 2915 5005 Μονογενεῖ,
2960 4937 3076 5015 πῷς
3120 4935 3186 4990 ἂν
3230 4936 3438 5007 γένοιτο
3469 4937 3647 5003 δοτὺν,
3684 4941 3815 5011 ὅπερ

2236 5031 2385 5101 ἔχει;

2305 5126 2368 5179 Α.
2412 5124 2621 5179 Οὐκοῦν
2654 5125 2702 5177 εἰ
2756 5124 2830 5195 μὴ
2881 5125 2967 5176 ἐπ’
3000 5123 3161 5177 αὑτοῦ
3206 5124 3447 5178 τέθειται
3484 5126 3549 5179 τὸ
3605 5128 3809 5191 λαϐεῖν,

2234 5216 2607 5287 βασανιζέσθω
2649 5216 2880 5279 λεπτῶς.
2918 5215 2975 5282 ἐξ
3018 5209 3092 5269 ὧν
3134 5217 3409 5288 γέγραφεν
3454 5218 3619 5282 αὐτὸς
3664 5222 3692 5272 6
3723 5220 3809 5273 θε-

2231 5311 2452 5373 σπέσιος
2483 5308 2714 5373 Παῦλος,
2742 5328 2760 5360 ι
2791 5309 2961 5362 Τοῦτο
2982 5309 3089 5379 γὰρ
3119 5312 3364 5380 φρονεῖτε
3395 5310 3627 5374 ἕκαστος
3656 5314 3809 5382 ὑμῶν

2230 5402 2427 5469 αὐτῶν,
2455 5402 2484 5456 ὃ
2525 5403 2616 5455 καὶ
2653 5404 2710 5455 ὲν
2761 5400 2982 5473 Χριστῷ
3018 5400 3189 5469 Ἰησοῦ
3214 5418 3227 5431 ·
3253 5401 3311 5464 ὃς
3348 5404 3405 5455 ὲν
3450 5407 3643 5475 μορφῇ
3672 5405 3807 5459 Θεοῦ

2229 5496 2511 5566 ὑπάρχων,
2542 5497 2639 5565 οὐχ
2672 5496 2964 5567 ἁρπαγμὸν
3010 5497 3254 5565 ἡγήσατο
3283 5497 3341 5549 τὸ
3375 5490 3519 5550 εἶναι
3542 5496 3633 5550 ἶσα
3663 5500 3804 5569 Θεῷ,

2227 5587 2341 5640 ἀλλ’
2370 5588 2561 5641 ἑαυτὸν
2592 5588 2845 5652 ἐκένωσε,
2882 5588 3091 5659 μορφὴν
3122 5587 3307 5641 δούλου
3335 5588 3535 5654 λαϐὼν,
3564 5592 3623 5643 ἐν
3649 5594 3803 5661 ὁμοι-

2225 5677 2406 5749 ώματι
2453 5679 2739 5750 ἀνθρώπου
2768 5681 3075 5751 γενόμενος,
3129 5683 3222 5735 καὶ
3262 5681 3502 5761 σχήματι
3558 5682 3806 5753 εὑρεθεὶς
