4006 6434
211 450 356 511 «σοι
1356 444 1546 513 QUOD
1590 443 1779 501 UNL’S
1817 443 1924 499 SIT
1963 444 2331 503 CHRISTUS.
3373 433 3514 493 i301

211 570 299 631 ὡς
356 568 641 638 ἄνθρωπος
726 566 1091 619 ἔταπείνωσιν
1137 561 1327 618 ἑαυτὸν
1375 564 1667 634 γενόμενος
1704 563 1842 621 ὑπο,

1922 571 1971 616 ut
2027 564 2209 618 ltonto.
2258 562 2572 618 ilutttiliavit
2613 562 2971 629 semetipsum
3024 556 3204 611 factus
3249 554 3515 611 obedtens

217 662 389 723 ήκοος
414 660 578 730 μέχρι
613 658 868 722 Θανάτου,
902 656 1131 711 θανάτου
1157 656 1217 712 δὲ
1249 654 1514 721 σταυροῦ
1544 655 1625 707 διὸ
1658 655 1750 707 καί
1785 656 1812 705 ὁ

1922 670 2089 726 usque
2120 656 2186 710 ad
2223 666 2478 720 mortem,
2514 664 2745 710 mortem
2798 661 2979 707 autem
3018 649 3223 717 crucis.
3276 646 3512 716 Propter

214 752 360 815 Θεὸς
385 752 547 805 αὑτὸν
579 749 929 821 ὑπερύψωσε,
963 751 1058 803 καὶ
1093 748 1390 821 ἐχαρίσατο
1422 746 1572 817 αὐτῷ
1600 748 1661 799 τὸ
1693 748 1811 799 bvo-

222 861 330 913 μα,
357 844 417 896 τὺ
442 844 583 913 ὑπὲρ
606 844 714 896 πᾶν
742 842 932 913 όνομα.
956 862 975 895 ι
1001 843 1174 912 Είπερ
1197 835 1291 894 οὖν
1322 843 1436 894 ἐστι
1469 840 1592 893 κατ’
1616 840 1813 900 αὐτοὺς

216 936 252 989 ὁ
286 938 353 989 ὲκ
392 938 709 1005 σπέρματος
749 935 844 989 τοῦ
874 935 1037 988 Δαδὶδ
1081 934 1265 996 ίδικῶς
1293 950 1351 987 τε
1376 933 1468 985 καὶ
1500 932 1813 1001 καταμόνας

219 1026 515 1098 νοούμενος
542 1026 851 1097 ἄνθρωπος,
874 1026 935 1080 τὺ
956 1026 1094 1097 ὑπὲρ
1118 1027 1227 1081 πᾶν
1255 1025 1424 1094 ὄνομα
1448 1023 1649 1084 λαϐὼν.
1674 1024 1811 1075 ἀπο-

221 1118 532 1185 φαινόντων
582 1118 746 1172 αὺτὸν
789 1119 1214 1189 προῦπάρχοντα
1254 1116 1353 1188 μὲν
1382 1118 1441 1169 ὲν
1477 1119 1659 1186 μορφῇ
1716 1115 1811 1167 τοῦ

220 1210 388 1277 Θεοῦ,
413 1211 510 1281 οὐχ
539 1212 897 1282 ἡγησάμενον
924 1212 980 1265 δὲ
1002 1210 1299 1281 ἁρπαγμὸν
1318 1209 1379 1261 τὸ
1400 1202 1539 1261 εἶναι
1560 1210 1650 1260 ῖσα
1670 1206 1809 1276 Θεῷ,

222 1305 323 1355 καὶ
343 1303 476 1373 πρός
498 1320 559 1370 γε
576 1304 773 1374 τούτῳ,
788 1303 1021 1357 λαϐόντα
1036 1302 1138 1374 τὴν
1157 1302 1345 1355 δούλου
1369 1300 1604 1375 μορφὴν,
1621 1302 1696 1363 ὼς
1714 1300 1814 1353 οὐκ

222 1392 419 1463 ἔχοντα
444 1394 710 1465 δηλονότι,
740 1396 832 1448 καὶ
858 1397 957 1449 οὐκ
990 1395 1118 1449 ὄντα
1143 1394 1301 1447 τοῦτο
1334 1394 1463 1461 πρὶν
1490 1393 1652 1465 λάϐῃ.
1676 1391 1814 1446 Καί-

221 1504 330 1550 τοι,
355 1487 499 1541 καθά
524 1505 690 1558 φασιν
719 1488 895 1551 αὐτοὶ,
920 1488 1013 1541 καὶ
1047 1490 1265 1559 φρονεῖν
1292 1485 1621 1554 ἐγνώκασιν,
1652 1485 1812 1549 αὐτός

223 1582 377 1633 ἐστιν
407 1583 440 1652 ἡ
494 1581 591 1634 τοῦ
621 1581 809 1635 δούλου
859 1582 1065 1652 μορφή.
1116 1576 1249 1634 Εἶτα
1288 1580 1403 1645 πῶς
1435 1580 1502 1633 ἂν
1534 1578 1704 1651 αὐτὴν
1737 1578 1813 1643 ὡς

222 1674 327 1726 οὐκ
348 1672 487 1743 ἔχων
518 1673 707 1740 λάσοι;
743 1672 861 1737 πῶς
897 1673 941 1727 δ’
977 1672 1043 1727 ἂν
1073 1673 1164 1729 καὶ
1209 1672 1496 1745 ἄνθρωπος
1531 1674 1588 1727 ἐν
1616 1671 1815 1743 ὁμοιὼ-

228 1776 365 1829 ματι
396 1760 697 1832 ἀνθρώπων
736 1762 993 1831 γενέσθαι
1032 1765 1238 1828 νοοῖτος
1276 1764 1585 1835 εὑρίσκοιτο
1627 1762 1683 1817 δὲ
1718 1762 1813 1817 καὶ

224 1847 305 1911 ὡς
350 1850 638 1921 ἄνθρωπος
688 1854 967 1924 σχήματι;
1019 1853 1108 1925 ἄρ’
1157 1850 1251 1915 οὖν
1316 1855 1700 1926 περιτρὲψειεν
1746 1854 1813 1908 ἂν

1917 747 2060 814 quod
2098 756 2155 800 et
2183 744 2326 801 Deus
2349 745 2612 800 exultavit
2644 744 2826 805 illum,
2859 752 2915 797 et
2942 740 3169 796 donavit
3203 739 3280 793 illi
3311 752 3511 792 nomen

1913 836 2058 905 quod
2090 846 2175 892 est
2215 854 2383 907 super
2421 853 2582 893 omne
2625 852 2822 891 nomen
2857 835 2923 888 ”.
2965 852 2983 886 ι
3023 833 3080 889 Si
3123 845 3279 902 ergo,
3318 838 3376 883 ut
3409 828 3511 898 ipsi

1917 929 2122 992 volunt,
2152 931 2197 985 is
2230 932 2324 1001 qui
2349 941 2433 987 est
2470 946 2539 986 ex
2575 930 2784 985 semine
2829 926 2997 981 David
3046 926 3402 995 peculiariter
3447 936 3512 976 ac

1914 1017 2090 1074 solum
2135 1030 2391 1077 censetur
2430 1022 2594 1077 homo
2622 1062 2637 1085 ,
2683 1028 2910 1088 accepto
2959 1016 3181 1072 nomine
3232 1015 3376 1085 quod
3429 1023 3515 1068 est

1914 1126 2080 1180 super
2112 1129 2277 1170 omne
2303 1129 2521 1181 nomen,
2551 1129 2672 1168 cum
2718 1112 2819 1181 ipsi
2854 1118 3101 1165 statuant
3150 1108 3329 1178 ipsum
3360 1104 3515 1175 prius

1915 1209 2193 1265 exstitisse
2229 1209 2449 1277 quidem
2503 1208 2555 1261 in
2598 1206 2772 1260 forma
2819 1204 2937 1269 Dei,
2973 1218 3079 1258 non
3116 1217 3245 1256 vero
3273 1199 3513 1254 arbitra-

1918 1310 2030 1356 tum
2063 1314 2185 1355 esse
2219 1301 2463 1370 rapinam
2497 1314 2620 1354 csse
2647 1298 2914 1369 aaqualetn
2969 1299 3097 1359 Deo,
3131 1308 3197 1349 ac
3250 1301 3514 1364 prclerea

1917 1394 2195 1464 accepisse
2221 1391 2453 1447 formam
2486 1390 2655 1456 servi,
2686 1390 2947 1445 nimirum
2988 1396 3047 1456 ut
3076 1402 3140 1441 ea
3173 1399 3279 1439 non
3318 1382 3515 1453 praedi-

1919 1496 2053 1551 tutn,
2101 1500 2280 1555 neque
2334 1484 2693 1539 exsistentem
2742 1482 2794 1538 id
2859 1490 3153 1550 antequam
3214 1476 3512 1546 acciperet.

1914 1578 2182 1648 Cumque,
2222 1585 2281 1631 ut
2317 1578 2420 1647 ipsi
2461 1577 2651 1632 dicunt
2696 1584 2754 1632 et
2798 1575 3010 1631 sentire
3055 1571 3260 1638 solent,
3290 1570 3409 1639 ipse
3443 1569 3517 1624 sit

1916 1668 2079 1743 742
2101 1668 2244 1725 servi
2278 1668 2495 1723 forma:
2528 1680 2767 1738 quonam
2814 1673 2974 1736 pacto
3009 1678 3130 1718 eam
3184 1670 3244 1715 ut
3272 1675 3382 1715 non
3419 1660 3516 1714 ita-

1918 1765 2048 1819 bens
2082 1762 2318 1835 accipiat
2340 1762 2363 1817 ἳ
2387 1770 2483 1817 aut
2504 1761 2781 1831 quomodo
2810 1759 2981 1815 etiam
3017 1762 3182 1812 homo
3216 1757 3269 1810 in
3322 1753 3516 1810 simili.

1919 1857 2163 1912 tudinem
2203 1855 2489 1912 hominum
2512 1852 2697 1909 factus
2728 1850 3072 1922 intelligatur
3092 1849 3125 1903 2·
3149 1857 3244 1921 aut
3267 1845 3516 1901 invenia-

224 1938 429 2003 αὐτοὺς
462 1944 554 1994 καὶ
586 1943 684 2012 οὐχ
714 1944 962 2007 ἑκόντας,
992 1944 1093 2016 ἤδη
1130 1962 1247 2010 πως
1277 1945 1386 1998 τῶν
1415 1946 1634 1999 ἐννοιῶν
1660 1948 1693 2018 ἡ
1726 1946 1815 2001 δύ-

1922 1959 2011 2004 tur
2040 1949 2207 2003 etiam
2239 1946 2428 2002 habitu
2456 1954 2516 2000 ut
2544 1942 2747 2001 homo?
2787 1941 2910 2015 ipsa
2964 1944 3148 2010 itaque
3177 1939 3517 2009 contempla-

229 2045 413 2100 ναμις,
450 2030 541 2084 ἐπί
575 2048 636 2101 γε
665 2033 724 2086 τὸ
747 2032 857 2086 δεῖν
887 2033 1084 2087 εἰδέναι
1114 2033 1175 2087 τὸ
1198 2034 1420 2107 ἀληθές.

301 2215 361 2272 Β.
404 2214 476 2268 Τὸ
507 2216 657 2268 ποῖον
676 2231 691 2279 ;

297 2312 365 2364 Δ.
416 2308 473 2361 ’0
499 2308 608 2380 γὰρ
642 2308 905 2380 ὑπάρχων
939 2311 997 2363 ὲν
1036 2312 1219 2381 μορφῇ
1254 2310 1347 2364 τοῦ
1388 2309 1525 2365 Θεοῦ
1570 2311 1664 2365 καὶ
1701 2312 1815 2365 Πα-

224 2400 357 2471 τρός
384 2399 516 2462 Θεὸς
540 2400 733 2468 Λόγος.
767 2401 796 2453 ό
824 2400 924 2471 τῆς
947 2401 1299 2465 ὑποστάσεως
1322 2402 1488 2455 αὑτοῦ
1511 2403 1814 2476 χαρακτὴρ,

221 2496 250 2545 ὁ
286 2491 431 2545 κατὰ
462 2494 571 2547 πᾶν
616 2490 796 2546 ὁτιοῦν
834 2492 1107 2565 ῖσομιρῶς
1144 2493 1284 2565 ἔχων
1314 2495 1395 2566 τῷ
1428 2496 1683 2564 φύσαντι,
1726 2512 1817 2549 κε-

223 2584 471 2637 κένωκεν
497 2584 709 2639 ἑαυτὸν.

298 2676 360 2730 Β.
403 2677 511 2731 Καὶ
535 2677 663 2731 ποία
685 2678 771 2743 τίς
791 2678 940 2732 ἐστιν
965 2679 998 2750 ὴ
1031 2677 1292 2745 κένωσιςς

298 2769 362 2823 Α.
404 2767 475 2821 Τὸ
506 2770 563 2822 ὲν
597 2769 900 2843 προσλήψει
931 2769 1183 2840 γενέσθαι
1217 2771 1442 2844 σαρκὸς,
1478 2772 1570 2826 καὶ
1598 2773 1656 2825 ἐν
1695 2771 1816 2826 δού-

218 2855 318 2910 λου
354 2861 561 2931 μορφῇ,
590 2861 623 2931 ἡ
651 2860 786 2933 πρὸς
814 2862 964 2931 ἡμᾶς
997 2861 1261 2933 ὁμοίωσις
1289 2862 1380 2916 τοῦ
1412 2862 1487 2935 μὴ
1513 2863 1634 2917 καθ’
1665 2864 1816 2935 ἡμᾶς

221 2948 351 3002 κατ’
384 2949 520 3004 ἰδίαν
561 2951 748 3020 φύσιν,
780 2950 895 3004 ἀλλ’
926 2952 1066 3022 ὑπὲρ
1098 2953 1282 3006 πᾶσαν
1309 2951 1464 3017 ὄντος
1488 2953 1588 3024 τὴν
1614 2952 1813 3008 κτίσιν.

220 3041 386 3095 Οὕτω
422 3044 824 3096 τεταπείνωκεν
865 3044 1081 3109 ἑαυτὸν,
1124 3044 1315 3109 καθεὶς
1352 3044 1713 3115 οἰκονομικῶς
1757 3045 1816 3098 ὲν

218 3135 338 3194 τοῖς
370 3134 471 3203 τῆς
510 3132 931 3204 άνθρωπότητος
982 3135 1223 3206 μέτροις.
1270 3134 1411 3189 Ἀλλ’
1441 3130 1511 3207 ἦν
1536 3136 1629 3190 καὶ
1670 3134 1816 3191 οὕτω

1921 2040 2129 2095 tionum
2166 2039 2250 2093 vis
2272 2052 2369 2094 eos
2398 2035 2567 2095 etiam
2598 2035 2806 2092 invitos
2846 2035 2914 2091 ad
2951 2033 3206 2091 veritatis
3242 2030 3515 2105 cognitio-

1918 2145 2039 2185 nem
2067 2128 2377 2200 compellat.

1990 2222 2048 2277 B.
2084 2221 2383 2292 Cujusnam
2404 2221 2432 2275 ἰι

1989 2314 2055 2367 Δ.
2092 2312 2237 2370 Deus
2277 2312 2422 2368 enim
2462 2309 2701 2367 Verbum
2747 2306 2803 2365 in
2856 2306 3034 2366 forms
3082 2307 3176 2364 Dei
3227 2322 3293 2363 ac
3336 2305 3517 2363 Patris

1917 2406 2297 2475 exsistens,et
2338 2405 2629 2460 character
2673 2402 2932 2459 essentia:
2979 2402 3173 2472 ipsius,
3202 2402 3296 2473 qui
3335 2398 3517 2457 omni-

1919 2496 2078 2551 moda
2131 2496 2490 2552 similitudine
2538 2494 2688 2551 Patri
2736 2494 2968 2566 aqualis
3030 2503 3159 2560 est,
3210 2491 3517 2549 exinanivit

1917 2588 2295 2658 semetipsum.

1994 2675 2056 2732 Β.
2084 2677 2346 2745 Quasnam
2378 2690 2509 2734 vero
2537 2684 2623 2732 est
2645 2674 2730 2730 illa
2762 2673 3097 2731 exinanitto‘.’

1992 2766 2057 2823 Δ.
2083 2767 2407 2838 Assumptio
2434 2766 2621 2823 carnis
2652 2775 2708 2821 et
2737 2765 2927 2822 formae
2964 2763 3209 2832 servilis,
3234 2773 3288 2820 et
3320 2764 3517 2821 simili-

1916 2859 2050 2916 tudo
2081 2860 2277 2925 nostri,
2310 2858 2427 2927 ejus
2456 2859 2548 2930 qui
2569 2858 2724 2930 juxta
2750 2873 2904 2914 suam
2938 2867 3189 2913 naturam
3224 2857 3382 2914 nobis
3418 2873 3516 2915 ne-

1918 2966 2188 3023 quaquam
2226 2952 2425 3008 similis
2465 2960 2571 3017 est,
2603 2952 2698 3007 sed
2747 2966 2967 3008 omnem
3001 2960 3311 3008 creaturam
3356 2951 3521 3023 longe

1917 3052 2155 3113 superat.
2179 3042 2255 3098 lta
2279 3042 2588 3099 humiliavit
2610 3045 2873 3114 seipsum,
2895 3043 3193 3099 demittens
3214 3057 3274 3099 se
3298 3059 3395 3115 per
3418 3044 3518 3099 stl-

1920 3136 2380 3192 ministratiouem
2414 3135 2468 3190 in
2509 3151 2679 3192 carne
2703 3136 2772 3191 ad
2810 3137 3062 3191 humanae
3089 3146 3298 3193 natura
3331 3138 3521 3193 condio

217 3224 380 3290 Θεὸς,
429 3225 504 3289 ὠς
557 3225 630 3297 μὴ
685 3225 837 3280 δοτὸν
883 3225 1024 3297 ἔχων
1071 3227 1132 3279 τὸ
1163 3225 1343 3295 φύσει
1388 3227 1593 3298 προσὸν
1641 3227 1842 3306 αῦτῷη

1924 3227 2148 3283 tionem.
2182 3227 2455 3284 Caeterum
2487 3238 2607 3284 erat
2629 3228 2793 3285 etiam
2831 3231 2935 3285 hoc
2960 3240 3120 3300 pacto
3145 3230 3309 3297 Deus,
3330 3240 3520 3300 utpote

220 3317 520 3389 Τοιγάρτοι
582 3319 675 3372 καὶ
713 3318 920 3389 ἔφασκε
976 3318 1112 3391 πρὸς
1144 3317 1236 3372 τὸν
1288 3320 1347 3372 ὲν
1396 3320 1510 3383 τοῖς
1565 3318 1815 3390 οὐρανοῖς

222 3411 449 3483 Πατέρα
484 3412 576 3465 καὶ
604 3412 755 3469 Θεόνο
794 3430 812 3463 ι
847 3413 1053 3485 Πάτερ,
1097 3412 1321 3480 δόξασόν
1361 3430 1429 3483 με
1478 3415 1546 3484 τῇ
1597 3412 1747 3483 δόξῃ,
1779 3408 1814 3487 ᾖ

218 3494 391 3571 εἶχον,
437 3501 536 3575 πρὸ
570 3502 664 3555 τοῦ
690 3501 1017 3572 τὸν-κόσμον
1047 3499 1207 3569 εἶναι,
1242 3502 1393 3575 παρὰ
1418 3504 1520 3557 σοί.
1548 3523 1566 3555 ι
1596 3504 1671 3556 Οὐ
1706 3503 1815 3574 γάρ

216 3607 309 3646 τοι
339 3593 497 3659 φαῖεν
516 3590 604 3657 ἂν,
628 3588 782 3663 οἶμαί
811 3610 936 3659 που,
965 3594 1305 3665 προκόσμιον
1354 3594 1514 3660 δόξαν
1554 3594 1631 3659 ὼς
1678 3595 1816 3649 ἰδίαν

218 3685 421 3748 αἰτεῖν,
450 3682 544 3737 τὸν
581 3684 644 3736 ἐκ
682 3683 1000 3755 σπέρματος
1034 3684 1127 3737 τοῦ
1165 3684 1330 3737 Δασὶδ
1356 3687 1413 3737 ἐν
1441 3685 1692 3755 ἐσχάτοις
1720 3686 1813 3740 τοῦ

217 3775 419 3839 αἰῶνος
446 3775 709 3846 τεχθέντα
753 3778 984 3847 καιροῖς,
1026 3775 1185 3847 εἴπερ
1219 3777 1368 3831 ἐστὶν
1409 3778 1597 3850 ἕτερος
1632 3778 1815 3843 ίδικῶς

218 3865 354 3931 Υἱὸς
390 3869 541 3937 παρὰ
569 3868 660 3922 τὸν
686 3869 844 3938 φύσει
872 3885 932 3922 τε
965 3870 1058 3922 και⁵
1086 3868 1324 3937 άληθῶς,
1363 3869 1561 3942 θεοπρε
1573 3872 1812 3944 πεστάτη

213 3958 276 4015 ss
321 3959 523 4030 μᾶλλον
551 3958 639 4030 εἴη
656 3958 721 4013 ἂν
753 3960 787 4030 ἡ
818 3959 997 4013 τοιάδε
1035 3960 1210 4032 φωνή.
1240 3960 1391 4014 Ἔδει
1421 3961 1552 4034 γὰρ,
1577 3961 1686 4016 ἔδει
1719 3965 1815 4017 καὶ

215 4054 339 4113 τοῖς
373 4052 475 4122 τῆς
533 4050 960 4122 ἀνθρωπότητος
1002 4051 1170 4105 αὑτὸν
1212 4052 1665 4124 συμπλάττεσθαι
1714 4055 1814 4125 μέ-

216 4160 394 4216 τροις,
428 4142 524 4196 καὶ
566 4143 939 4215 ἀπαράσημον
976 4142 1121 4214 ἔχειν
1148 4143 1248 4214 τῆς
1280 4143 1622 4215 θεοπρεποῦς
1656 4148 1814 4215 ἀξίας

216 4234 322 4305 τὴν
353 4234 630 4307 ὑπεροχὴν
648 4235 925 4299 οὐσιωδῶς
948 4235 1173 4290 ἐνοῦσαν
1199 4236 1368 4307 αὐτῷ,
1391 4238 1644 4308 καθάπερ
1675 4240 1814 4310 ἀμέ-

219 4329 306 4380 λει
340 4328 527 4398 καὶτῷ
562 4329 758 4400 Πατρί.
780 4327 932 4381 ἘπειΙ
961 4330 1083 4383 τίνα
1108 4329 1311 4401 τρόπον
1332 4330 1530 4401 ἀληθὲς
1561 4332 1676 4399 τὸ,‹
1700 4334 1815 4386 Οὐκ

218 4420 379 4474 ἔσται
411 4422 587 4474 ὲνκσοὶ
607 4412 739 4485 Θεὸς
771 4423 1139 4491 πρόσφατος,›
1169 4422 1223 4475 εί
1240 4440 1305 4493 γε
1337 4422 1667 4478 θεοποιεῖται
1690 4428 1812 4479 κατ’

218 4512 424 4576 αὐτοὺς
446 4511 733 4584 ἄνθρωπος
768 4514 1035 4584 συναφεία
1068 4517 1134 4586 τῇ
1173 4515 1310 4587 πρὸς
1334 4515 1426 4571 τὸν
1460 4516 1653 4586 Λόγον,
1689 4519 1815 4571 σύν-

1922 3319 2014 3387 qui
2067 3319 2120 3374 id
2169 3319 2314 3390 quod
2358 3334 2430 3374 ex
2477 3329 2673 3375 natura
2716 3334 2816 3374 sua
2843 3320 3031 3385 habet,
3069 3335 3176 3374 non
3219 3322 3514 3391 acceperit.

1919 3410 2155 3467 Proinde
2204 3421 2260 3467 et
2315 3410 2382 3466 ad
2424 3412 2709 3468 caelestem
2754 3410 2972 3466 Patrem
3026 3426 3092 3469 ac
3141 3412 3308 3469 Deum
3355 3414 3522 3479 dixit,

1924 3521 1942 3554 ι
1977 3500 2163 3568 Pater,
2212 3500 2460 3573 gloriﬁca
2500 3518 2589 3557 me
2617 3518 2681 3557 ea
2729 3501 2899 3571 gloria
2930 3518 3095 3572 quam
3143 3503 3310 3558 habui
3357 3515 3516 3560 ante-

1919 3609 2084 3663 quam
2139 3594 2375 3650 mundus
2433 3604 2612 3661 esset,
2658 3594 2802 3664 apud
2842 3605 2893 3650 te
2943 3595 3009 3650 ’³.
3066 3615 3086 3647 ι
3133 3592 3322 3665 Neque
3371 3597 3517 3654 enim

1918 3685 2180 3750 dixerint,
2210 3686 2470 3751 arbitror,
2504 3686 2734 3759 gloriam
2759 3701 2880 3757 quas
2913 3696 3038 3741 ante
3063 3688 3517 3746 constitutionem

1918 3777 2107 3833 mundi
2149 3778 2275 3846 fuit,
2312 3788 2573 3850 tanquam
2608 3778 2888 3848 propriam
2926 3788 3116 3849 petere
3147 3795 3271 3834 eum
3304 3780 3395 3851 qui
3442 3796 3514 3837 ex

1916 3871 2128 3927 semine
2168 3870 2340 3926 David
2370 3870 2688 3928 novissimis
2730 3870 2920 3927 saeculi
2972 3873 3321 3942 temporibus
3349 3881 3517 3930 natus

1918 3962 2041 4030 fuit,
2071 3963 2117 4018 si
2150 3971 2237 4017 est
2260 3961 2401 4017 alius
2433 3962 2666 4018 seorsim
2699 3961 2873 4019 Filius
2904 3964 2973 4019 ab
3005 3978 3074 4019 eo
3115 3964 3207 4032 qui
3246 3964 3517 4020 naturali-

1921 4065 2002 4110 ter
2030 4069 2095 4110 ac
2132 4068 2263 4111 vere
2298 4054 2351 4109 id
2380 4063 2487 4120 est,
2519 4054 2616 4111 sed
2648 4056 2831 4126 potius
2855 4070 2919 4113 ea
2948 4069 3049 4110 vox
3077 4055 3355 4111 divinitati
3386 4071 3519 4113 con-

1918 4146 2191 4202 veniebat.
2226 4146 2485 4215 Oportuit
2519 4149 2665 4202 enim
2707 4148 2859 4203 illum
2913 4156 2971 4203 et
3016 4149 3271 4205 humana:
3306 4160 3519 4205 natura:

1919 4238 2137 4295 modulo
2172 4238 2530 4304 conformari,
2569 4250 2735 4309 atque
2790 4242 3057 4312 integram
3104 4242 3304 4296 divinae
3340 4241 3520 4312 digni-

1919 4329 2048 4385 tatis
2109 4328 2489 4385 excellentiam
2544 4330 2830 4395 retinere,
2865 4326 3240 4383 essentialiter
3294 4327 3347 4381 in
3399 4328 3520 4397 ipso

1916 4420 2300 4485 essistentem,
2337 4421 2480 4474 sicut
2512 4428 2568 4475 et
2610 4420 2664 4473 in
2696 4418 2877 4473 Patre.
2920 4416 3202 4488 Siquidem
3238 4418 3517 4488 quomodo

1916 4524 2103 4565 verum
2132 4510 2238 4565 erit
2268 4509 2400 4564 illud
2429 4526 2443 4564 :
2486 4526 2506 4560 ‹
2532 4506 2649 4564 Non
2669 4508 2774 4563 erit
2802 4509 2854 4562 in
2893 4518 2945 4562 te
2975 4507 3121 4563 Deus
3154 4523 3353 4565 recens
3373 4510 3441 4575 ¹⁶,
3492 4527 3512 4563 ι

218 4603 416 4676 θρονός
448 4622 507 4658 τε
555 4606 650 4658 καὶ
680 4606 937 4671 κοινωνὸς
970 4605 1047 4678 τῷ
1078 4607 1255 4678 Πατρὶ
1293 4609 1393 4681 τῆς
1436 4608 1593 4677 ἀξίας
1618 4610 1811 4665 ἀναδε-

1922 4604 1962 4659 si
2018 4603 2173 4672 juxta
2226 4602 2442 4658 illorum
2498 4601 2813 4672 opinionem
2870 4601 3036 4657 homo
3086 4600 3325 4659 edicitur
3371 4602 3519 4660 Deus

216 4694 340 4765 δειγ
391 4694 509 4759 ένος
529 4712 544 4762 ;

295 4877 357 4933 Β.
396 4872 471 4933 Εὖ
507 4875 665 4949 ἔφης.

292 4972 359 5026 Δ.
396 4971 523 5036 Πῶς
547 4972 591 5025 δ’
622 4971 688 5025 ἂν
710 4972 903 5041 νοῆσαι
931 4972 1133 5044 πρέποι
1160 4973 1220 5025 τὸ
1246 4972 1332 5027 διὰ
1350 4974 1449 5043 τῆς
1474 4972 1568 5026 τοῦ
1598 4973 1813 5027 Παύλου

214 5066 409 5138 φωνῆς
464 5066 644 5136 σοφῶς
685 5067 1006 5140 εἰρημένον⁹
1060 5086 1078 5117 ι
1117 5066 1179 5120 Ei
1215 5068 1325 5138 γὰρ
1384 5068 1478 5121 καὶ
1536 5068 1643 5121 είσ)⁵
1698 5067 1809 5121 θεοὶ

216 5159 411 5215 πολλοὶ
434 5158 490 5212 εν
514 5176 574 5212 τε
610 5159 825 5231 οὐρανῷ
862 5162 956 5213 καὶ
981 5159 1077 5212 ἐπὶ
1104 5159 1230 5229 γῆς,
1257 5159 1373 5214 ἀλλ’
1398 5162 1529 5230 ἡμῖν
1558 5155 1637 5223 εἷς
1677 5160 1809 5224 Θεὸς

216 5253 247 5306 ὁ
274 5250 488 5320 Πατὴρ,
524 5249 582 5317 ἐξ
620 5242 681 5303 οὗ
714 5248 1020 5312 τὰπάντα,
1056 5250 1151 5302 καὶ
1191 5250 1354 5320 ἡμεῖς
1392 5247 1453 5313 ἐξ
1490 5248 1677 5312 αὐτοῦ,
1714 5249 1809 5301 καὶ

219 5338 303 5405 εἷς
346 5342 553 5413 Κύριος
596 5342 804 5412 Ἰησοῦς
858 5342 1113 5413 Χριστὸς,
1157 5340 1226 5395 δι’
1276 5336 1336 5395 οὗ
1377 5342 1444 5394 τὰ
1483 5342 1679 5407 πάντα,
1714 5344 1809 5394 καὶ

218 5438 384 5507 ἡμεῖς
413 5436 480 5488 δι’
506 5434 691 5488 αὐτοῦ.
722 5454 738 5486 ι
772 5435 917 5497 Ἐνὸς
952 5436 1007 5488 δὲ
1039 5435 1193 5497 ὄντος
1222 5434 1428 5505 Κυρίου
1472 5434 1644 5504 Ἰησοῦ
1676 5436 1719 5487 Χ
1731 5452 1810 5504 ρι-

221 5525 374 5591 στοῦ,
401 5528 496 5579 atat
520 5527 585 5579 δι’
611 5526 777 5580 αὐτοῦ
802 5528 869 5581 τὰ
902 5530 1083 5583 πάντα
1113 5528 1390 5600 παρῆχθαι
1429 5530 1565 5600 πρὸς
1594 5530 1809 5597 γένεσιν

220 5614 281 5672 εὖ
326 5618 473 5689 μάλα
501 5618 856 5688 διειρηκότος,
882 5621 934 5672 τί
968 5621 1261 5691 δράσομεν,
1289 5615 1333 5673 ὦ
1358 5625 1618 5689 γενναῖοι,
1645 5622 1810 5692 διορι-

220 5711 428 5777 ζόντων
478 5713 633 5781 ὑμῶν
688 5713 779 5766 τοῦ
835 5714 1238 5784 ἀναληφθέντος
1293 5715 1607 5786 ἀνθρώπου,
1667 5717 1812 5770 καθά

298 5888 341 5920 ³³
380 5886 615 5956 Philipp.
647 5903 705 5950 ll,
739 5887 853 5942 5—9.
938 5887 1158 5945 "Joatt.
1202 5906 1329 5947 λνιι.
1386 5890 1435 5942 5.

1915 4711 2013 4767 per
2050 4694 2496 4765 coniunctionem
2533 4709 2657 4748 cum
2692 4691 2898 4761 Verbo,
2934 4708 3187 4751 assessor
3238 4702 3295 4751 et
3341 4696 3516 4768 parti-

1915 4804 2044 4860 ceps
2079 4788 2268 4861 glorias
2294 4802 2416 4845 cum
2448 4785 2614 4843 Patre
2643 4785 3005 4843 declaratus?

1985 4884 2048 4940 Β.
2088 4884 2256 4939 Recte
2288 4884 2445 4939 dicis.

1986 4977 2053 5033 A.
2085 4976 2368 5043 Quomodo
2408 4986 2593 5031 autem
2635 4974 2863 5045 intelligi
2901 4975 3080 5046 possit
3118 4973 3249 5030 illud
3284 4989 3314 5031 a
3346 4974 3518 5031 Paulo

1918 5070 2194 5139 sapienter
2241 5069 2466 5133 dictum,
2508 5085 2527 5119 ι
2568 5068 2627 5122 Si
2662 5067 2811 5122 enim
2866 5067 3029 5122 etiam
3078 5074 3208 5122 sunt
3254 5066 3327 5122 dii
3362 5066 3518 5121 multi

1921 5163 1974 5217 in
2008 5161 2151 5217 cado
2185 5170 2240 5217 et
2268 5160 2322 5215 in
2352 5170 2499 5215 terra
2537 5177 2549 5213 :
2600 5169 2657 5214 at
2688 5159 2845 5214 nobis
2876 5174 3017 5215 unus
3052 5159 3197 5214 Deus
3218 5157 3402 5225 Pater,
3448 5174 3529 5215 ex.

1920 5269 2029 5324 quo
2064 5253 2271 5319 omnia,
2314 5261 2371 5307 et
2390 5266 2491 5307 nos
2514 5266 2580 5306 es
2614 5252 2733 5321 ipso
2759 5269 2773 5316 ;
2798 5258 2855 5306 et
2885 5267 3029 5306 unus
3061 5250 3325 5306 Dominus
3354 5249 3519 5307 Jesus

1920 5345 2190 5409 Christus,
2226 5359 2324 5415 per
2346 5358 2509 5414 quem
2540 5346 2747 5408 omnia,
2788 5352 2843 5399 et
2886 5357 2985 5398 nos
3017 5358 3113 5413 per
3149 5344 3326 5410 ipsum
3363 5343 3448 5399 "3
3485 5363 3505 5398 ›

1918 5435 2051 5490 Cum
2096 5451 2224 5490 vero
2268 5450 2410 5489 unus
2468 5434 2540 5490 sit
2594 5434 2860 5491 Dominus
2904 5434 3062 5490 Jesus
3118 5434 3405 5497 Christus,
3458 5443 3518 5491 et

1919 5544 2015 5599 per
2055 5528 2231 5598 ipsum
2273 5527 2457 5581 omnia
2498 5526 2565 5581 ad
2610 5537 2790 5581 ortum
2848 5527 3083 5581 adducta
3134 5540 3261 5582 esse
3308 5526 3514 5583 Paulus

1923 5626 2225 5682 rectissime
2256 5626 2401 5680 dicat
2430 5643 2441 5678 :
2482 5625 2609 5696 quid
2648 5639 2892 5694 agemus,
2934 5624 3059 5679 boni
3096 5624 3225 5690 viri,
3260 5638 3382 5678 cum
3415 5636 3514 5677 vos

1921 5726 2259 5784 assumptum
2318 5715 2493 5778 illum,
2544 5723 2605 5769 ut
2658 5714 2863 5778 dicitis,
2915 5713 3196 5770 hominem
3249 5730 3277 5769 a
3332 5712 3510 5769 Verbo

1520 5890 1559 5921 “
1590 5890 1755 5944 Exod.
1810 5907 1900 5953 vt,
1927 5890 1995 5955 ὖ,
2029 5888 2165 5944 Paul,
2202 5906 2365 5956 um,
2408 5892 2485 5944 ιυ.
2572 5888 2654 5943 ¹⁸1
2692 5889 2821 5945 (Sor.
2858 5905 2980 5953 \‘lll,
3020 5888 3152 5958 5,6.
