4006 6510
507 435 640 496 1503

1525 432 1582 488 S.
1624 431 1899 489 CY-RIILI
1941 428 2402 485 ALEXANDRI‘NI
2444 425 2761 483 ARClllEP.

3617 418 3740 477 1301

505 563 649 628 quod
678 576 743 614 es
767 556 927 612 Patre
953 566 1190 626 gcmttnn
1231 564 1337 620 est,
1368 555 1752 625 distinguatur?
1779 562 1868 607 aut
1902 567 2061 622 quem

2202 570 2327 614 ars,
2349 553 2438 605 τὸν
2473 554 2536 605 ἐκ
2556 550 2690 603 Θεοῦ
2722 548 2929 618 Πατρὸς
2962 548 3167 631 ,λόγοη
3203 544 3324 598 sive.
3355 542 3614 612 γενέσθαι
3642 561 3737 611 qa-

506 667 626 707 esse
660 652 901 704 dicemus
931 650 1169 703 oumium
1201 657 1354 702 ortus
1378 657 1653 702 auctorem
1678 648 1701 700 ’ἒ

582 741 643 795 Β.
674 742 805 793 Eum
852 741 943 810 qui
992 750 1077 794 est
1125 739 1216 794 Dei
1272 739 1450 795 Patris
1488 740 1784 794 secundum
1825 748 2069 793 naturam

511 830 699 895 Filius,
737 832 836 885 huc
869 839 985 895 est,
1024 828 1362 901 Unigenitus.

582 926 649 983 Α.
706 923 869 993 Atqui
918 938 1149 993 magnus
1209 924 1296 977 ille
1337 923 1640 977 divinorum
1696 921 2072 993 mysteriorum

514 1013 832 1068 administer
874 1028 971 1082 per
993 1012 1173 1069 Jesum
1206 1012 1480 1068 Christum
1510 1011 1689 1067 omnia
1727 1012 1794 1065 ad
1821 1025 1943 1065 esse
1966 1022 2076 1063 tra-

516 1107 673 1158 ducta
717 1103 879 1176 753
914 1119 1036 1160 esse
1070 1104 1283 1169 asserit,
1320 1119 1592 1173 unumque
1643 1103 1816 1173 ipsum
1856 1117 1977 1158 esse
2013 1115 2077 1156 ac

511 1197 708 1251 solum.
743 1196 997 1266 Repetam
1035 1211 1161 1251 vero
1193 1196 1243 1250 id
1268 1196 1411 1265 quod
1452 1194 1656 1251 Christi
1690 1209 1886 1250 nomen
1920 1194 2073 1248 inve-

513 1288 772 1358 stigantcs
799 1287 1055 1353 diximus,
1087 1287 1228 1357 quod
1273 1287 1525 1341 nimirum
1562 1286 1872 1341 unctionem
1910 1284 2081 1353 signi-

516 1378 658 1429 licet.
691 1376 823 1442 Quia
855 1373 998 1430 enim
1044 1386 1238 1431 unctus
1266 1385 1370 1439 est,
1404 1376 1663 1430 Christus
1696 1375 1891 1445 aliquis
1922 1388 2081 1429 voca-

515 1477 619 1519 tur.
656 1466 764 1520 Aut
805 1467 968 1537 igitur
1014 1468 1195 1522 dicant
1224 1467 1455 1523 Verbum
1494 1482 1559 1521 ex
1608 1466 1721 1522 Deo
1757 1467 1809 1520 in
1849 1466 2065 1537 propria

514 1570 609 1607 sua
640 1566 836 1609 natura
878 1565 1098 1610 unctum
1130 1570 1267 1619 esse.
1299 1566 1352 1609 et
1386 1554 1816 1609 sanctillcatione
1842 1566 1937 1621 per
1958 1550 2081 1619 Spi-

518 1648 678 1699 ritum
716 1658 959 1701 sanctum
990 1648 1305 1717 indiguisse,
1333 1647 1708 1717 particepsque
1732 1646 1848 1715 ejus
1870 1644 1937 1697 ab
1964 1643 2082 1713 ipso

519 1738 715 1790 factum
752 1736 949 1804 fuisse;
998 1748 1090 1792 aut
1124 1740 1356 1792 doceant
1402 1751 1511 1806 quo
1547 1747 1704 1807 pacto
1752 1735 2082 1805 intelligatur

516 1827 765 1882 Christus
803 1829 892 1896 qui
930 1843 1035 1883 non
1074 1829 1144 1883 sit
1172 1828 1407 1882 unctus?
1445 1827 1713 1896 quomodo
1745 1842 1875 1883 vero
1916 1840 2079 1881 voce-

2178 646 2277 714 μὲν
2318 640 2701 712 γενεσιουργὸν
2734 641 2873 694 ὅλων
2897 658 2911 703 ;

2247 735 2306 788 Β.
2348 735 2451 787 Τὸν
2500 736 2564 787 ἐκ
2598 732 2732 786 Θεοῦ
2768 732 2978 802 Πατρὸς
3024 730 3165 784 κατὰ
3206 730 3365 799 φύσιν
3413 726 3566 791 Υἱδν,
3602 742 3744 779 tow-

2177 830 2291 882 ἐστι
2335 829 2414 881 .;ὁν
2438 827 2735 897 Μονογενῆ.

2245 923 2310 977 Α.
2364 920 2502 973 Ἀλλ’
2536 920 2630 988 ὅγε
2666 918 2776 971 τῶν
2810 916 2968 970 θείων
3001 917 3132 985 ἡμῖν
3179 915 3498 986 μυστηρίων
3543 914 3746 984 ῐερουρο

2176 1013 2290 1083 γὸς,
2329 1012 2418 1065 διὰ
2470 1009 2647 1082 Ἰησοῦ
2688 1007 2925 1080 Χριστοῦ
2964 1008 3032 1061 τὰ
3071 1009 3250 1061 πάντα
3290 1007 3428 1077 φησὶ
3472 990 3749 1076 παρῆχθαι

2178 1102 2313 1173 πρὸς
2339 1101 2593 1172 ὓπαρξιν,
2621 1100 2715 1153 ἕνα
2738 1116 2796 1152 τε
2826 1098 2991 1152 αὐτὸν
3022 1096 3160 1151 εἶναι
3194 1098 3287 1150 καὶ
3314 1097 3496 1167 μόνον.
3534 1096 3750 1165 Μέμνη-

2181 1211 2343 1265 σομαι
2388 1194 2467 1257 δέ,
2492 1194 2574 1247 ὅτι
2619 1191 2681 1245 τὸ
2732 1189 2965 1259 Χριστὸς
3006 1188 3176 1259 ὄνομα
3214 1186 3603 1259 βασανίζοντες
3644 1184 3755 1240 ἐλέ-

2180 1303 2370 1357 γομεν,
2413 1285 2496 1338 ὅτι
2553 1284 2788 1355 κρίσεως
2826 1281 2959 1351 ἡμῖν
3005 1278 3307 1349 εἰσκομίζει
3359 1278 3620 1348 δήλωσιν.
3665 1275 3760 1329 Διά

2181 1379 2387 1450 γάρτοι
2407 1377 2468 1430 τὸ
2495 1375 2801 1448 κεχρῖσθαι,
2828 1372 3049 1445 χριστὸς
3072 1370 3391 1442 ὁνομὰζοιτό
3420 1384 3527 1432 τις.
3552 1370 3626 1422 Ἤ
3655 1367 3757 1421 τοι·

2182 1491 2275 1525 νυν
2307 1470 2616 1539 λεγέτωσαν
2652 1469 2743 1522 τὸν
2774 1471 2839 1522 ἐκ
2869 1464 3005 1520 Θεοῦ
3036 1464 3251 1537 Πατρὸς
3278 1462 3472 1531 Λόγον,
3508 1462 3593 1525 εἰς
3629 1459 3765 1514 ἰδίαν

2183 1560 2469 1633 κεχρῖσθαι
2519 1559 2712 1629 φύσιν,
2767 1558 2862 1613 καὶ
2902 1559 2962 1610 ἐν
3010 1555 3187 1626 ἐνδείᾳ
3231 1551 3488 1622 γενέσθαι
3540 1549 3640 1605 τοῦ
3677 1550 3768 1604 διὰ

2185 1651 2499 1721 Πνεῦματος
2540 1648 2811 1720 ἁγιασμοῦ
2866 1649 2959 1702 καὶ
3000 1650 3101 1718 τῆς
3146 1647 3240 1700 ἀπ’
3290 1644 3457 1699 αὐτοῦ
3505 1643 3766 1715 μετοχῆς·

2184 1742 2351 1812 ἤγουν
2393 1740 2815 1804 διδασκέτωσαν,
2862 1737 2976 1802 πῶς
3016 1736 3083 1791 ἂν
3115 1738 3289 1790 νοοῖτο
3325 1734 3588 1807 Χριστδςν
3626 1735 3655 1788 δ
3692 1733 3771 1805 μὴ

2186 1820 2579 1903 κεχρισμένος;
2634 1830 2752 1892 πῶς
2800 1828 2843 1882 δ’
2899 1827 2965 1881 ἂν
3014 1827 3329 1896 καταμόνας
3392 1825 3616 1879 καλοῖτο
3671 1824 3769 1878 καὶ

520 1929 607 1969 tur
646 1916 995 1987 peculiariter
1031 1917 1193 1971 etiam
1228 1916 1407 1981 Jesus,
1446 1917 1784 1988 unigenitum
1822 1914 1913 1971 Dei
1945 1915 2083 1970 Ver-

2202 1896 2403 1994 Ἰησοῦς
2450 1925 2477 1976 ὁ
2529 1920 2821 1992 μονογενὴς
2864 1918 2957 1973 τοῦ
3016 1917 3150 1971 Θεοῦ
3204 1918 3409 1987 Λόγος,
3446 1916 3629 1971 καίτοι
3673 1915 3770 1969 τοῦ

518 2010 666 2071 hum,
713 2024 833 2062 cum
892 2010 1082 2063 beatus
1122 2007 1340 2063 Gabriel
1386 2018 1589 2063 sancta:
1639 2007 1841 2077 Virgini
1891 2008 2081 2063 dicat:

523 2117 540 2148 ι
579 2099 657 2151 Ne
686 2099 899 2162 timeas,
942 2096 1109 2151 Maria
1137 2116 1151 2162 ;
1181 2113 1306 2152 ecce
1342 2098 1485 2151 enim
1517 2098 1793 2168 concipies
1824 2099 1876 2151 in
1908 2108 2084 2161 utero,

521 2198 575 2241 et
625 2190 801 2258 paries
840 2188 1029 2252 tilium,
1064 2197 1121 2243 et
1149 2188 1368 2243 vocabis
1402 2202 1597 2243 nomen
1648 2189 1766 2257 ejus
1800 2187 1988 2243 Jesum
2018 2188 2082 2240 ".

519 2274 635 2340 ipse
682 2277 825 2330 enim
876 2276 1107 2331 salvabit
1141 2277 1399 2347 populum
1441 2291 1596 2330 suum
1643 2290 1673 2330 a
1714 2275 1952 2345 peccatis
1997 2290 2087 2330 eo-

520 2382 634 2419 rum
668 2366 727 2420 ”.
769 2384 788 2417 ι

591 2456 648 2509 Β.
682 2457 821 2527 Ergo
845 2471 939 2526 per
970 2457 1243 2512 hominem
1275 2466 1469 2513 cuncta
1498 2456 1640 2513 facta
1663 2472 1787 2514 esse
1816 2458 2084 2524 dicemus,

519 2560 573 2601 et
607 2548 696 2617 qui
743 2548 795 2601 in
829 2549 1141 2603 novissimis
1170 2549 1358 2604 saeculi
1382 2550 1715 2618 temporibus
1753 2563 1817 2604 ex
1867 2548 2091 2604 muliere

523 2653 680 2695 natus
710 2647 812 2703 est,
840 2637 1068 2693 Creator
1116 2647 1200 2693 est
1239 2638 1361 2695 εωιί
1407 2648 1464 2694 et
1524 2650 1706 2707 teme,
1746 2653 1808 2693 ac
1855 2639 2091 2693 breviter

523 2729 759 2784 omnium
784 2744 906 2797 qua:
929 2729 981 2783 in
1014 2730 1094 2783 eis
1128 2739 1274 2785 sunt.

599 2822 664 2875 Α.
718 2822 793 2875 ita
822 2822 1025 2877 sentias
1051 2829 1283 2892 oportet.
1330 2823 1519 2878 Annon
1547 2824 1715 2890 enim,
1750 2822 1979 2880 obsecro
2018 2832 2091 2887 te,

531 2933 549 2963 ι
587 2912 818 2968 Verbum
867 2927 998 2968 caro
1044 2912 1248 2968 factum
1302 2923 1385 2969 est
1413 2912 1497 2967 "2’
1536 2933 1556 2967 ι
1588 2929 1767 2969 nonne
1799 2914 2097 2983 appellatur

533 3003 702 3057 Filius
737 3003 1010 3056 hominis?
1037 3018 1177 3057 anne
1208 3003 1433 3057 formam
1463 3004 1605 3057 servi
1646 3002 1893 3072 accepit?
1919 3016 2097 3059 nonne

530 3095 817 3149 cvacuavit
850 3095 1223 3163 semetipsum,
1267 3095 1320 3148 in
1360 3094 1768 3150 similitudinem
1820 3097 2094 3151 hominum

533 3188 728 3250 tinctus,
758 3194 922 3255 atque
959 3186 1148 3240 habitu
1180 3188 1434 3242 inventus
1470 3196 1527 3240 ut
1559 3187 1720 3241 homo
1745 3186 1831 3239 "?
1861 3188 1931 3241 At
1966 3203 2096 3243 vero

529 3279 574 3332 si
614 3277 1042 3332 incarnationem
1078 3288 1299 3348 negent,
1332 3279 1507 3333 sancti
1539 3277 1784 3348 discipuli
1812 3277 2099 3348 obsistent,

533 3371 774 3425 dicentes
805 3385 825 3424 :-
855 3385 876 3420 ι
912 3369 979 3425 Et
1012 3383 1110 3423 nos
1137 3369 1375 3424 vidimus
1415 3380 1472 3425 et
1504 3378 1789 3437 testamur,
1822 3373 1968 3440 quod
1999 3371 2100 3426 Pa-

532 3471 615 3515 ter
646 3461 792 3515 misit
816 3460 1011 3516 Filium
1034 3461 1373 3516 Salvator-em
1402 3462 1610 3516 mundi.
1642 3461 1959 3531 Quicunque
1981 3478 2104 3519 con-

537 3555 785 3609 ﬁtebitur
815 3555 957 3624 quod
1000 3553 1159 3609 Jesus
1196 3564 1279 3609 est
1325 3554 1494 3609 Filius
1537 3554 1653 3618 Dei,
1698 3554 1839 3611 Deus
1883 3557 1937 3611 in
1989 3558 2106 3626 ipso

538 3656 740 3712 manet,
775 3658 830 3701 et
874 3647 991 3717 ipse
1037 3647 1088 3702 in
1133 3647 1242 3704 Deo
1275 3649 1342 3701 ’°.
1376 3668 1395 3700 ι
1438 3647 1502 3701 Et.
1541 3664 1729 3703 rursus
1770 3667 1783 3703 :
1826 3666 1845 3700 ι
1896 3647 1955 3703 in
2003 3651 2107 3706 hoc

536 3742 886 3811 cognoscitur
915 3740 1152 3809 Spiritus
1180 3739 1313 3795 Dei:
1352 3736 1540 3794 Omnis
1565 3740 1791 3809 spiritus
1812 3742 1905 3811 qui
1936 3742 2105 3796 conﬂ-

540 3842 687 3885 tetur
707 3830 889 3886 Jesum
911 3830 1185 3886 Christum
1211 3831 1262 3885 in
1280 3845 1445 3886 carne
1469 3831 1695 3911 venisse.
1715 3846 1782 3886 ex
1807 3832 1915 3887 Deo
1937 3842 2110 3899 est;et

540 3925 718 3979 onmis
742 3924 982 3993 spiritus,
1012 3923 1103 3993 qui
1122 3938 1227 3978 non
1249 3923 1536 3979 conﬁtetur
1552 3922 1757 3989 Jesum,
1777 3939 1840 3979 ex
1869 3925 1977 3979 Deo
2003 3941 2107 3979 non

537 4018 696 4070 est“.
738 4035 755 4067 ι
793 4014 1014 4081 Deinde,
1047 4030 1293 4085 quaenam
1326 4015 1464 4070 ratio
1505 4015 1571 4069 sit
1603 4015 1781 4070 dicere
1803 4016 1867 4070 de
1896 4016 2111 4071 homine

543 4110 691 4174 quod
724 4110 1084 4176 assumpserit
1106 4123 1325 4162 carnem
1347 4107 1370 4160 ?
1395 4106 1659 4162 Convenit
1692 4123 1821 4162 vero
1858 4109 2034 4177 potius
2062 4110 2109 4162 ci

539 4202 633 4269 qui
658 4210 813 4255 extra
847 4215 1070 4255 carnem
1106 4209 1211 4264 est,
1244 4215 1416 4269 neque
1442 4210 1642 4259 nostrae
1683 4210 1890 4261 naturas
1918 4201 2112 4256 similis

539 4301 644 4357 est,
680 4306 900 4346 carnem
945 4306 1246 4355 assumere,
1293 4300 1347 4346 et
1387 4305 1509 4345 cum
1559 4304 1621 4343 ea
1653 4290 1838 4345 venire
1872 4291 1923 4344 in
1970 4290 2112 4353 hunc

541 4388 823 4449 mundum,
878 4386 949 4438 ita
1010 4396 1071 4445 ut
1121 4393 1335 4438 maneat
1383 4384 1435 4438 id
1480 4384 1623 4453 quod
1666 4392 1807 4439 erat.
1853 4382 2110 4449 Proinde,

2194 2015 2465 2086 μακαρίου
2499 2012 2743 2083 Γαϐριὴλ
2776 2015 2841 2082 τῇ
2874 2010 3005 2080 ἁγίᾳ
3040 2007 3301 2079 Παρθένῳ
3331 2008 3602 2077 λέγοντος·
3632 2027 3649 2059 ι
3674 2006 3771 2078 Μὴ

2188 2106 2373 2176 φοϐοῦ,
2397 2106 2646 2175 Μαριάμ·
2669 2105 2774 2158 ἰδοὺ
2802 2105 2910 2173 γὰρ
2932 2102 3177 2173 συλλήψῃ
3206 2103 3263 2154 ἐν
3286 2101 3617 2171 γαστρὶ,καὶ
3639 2098 3776 2169 τέξῃ

2190 2199 2326 2260 υἱὸν,
2364 2199 2456 2251 καὶ
2507 2196 2758 2258 καλέσεις
2788 2195 2859 2253 τὸ¹
2892 2196 3063 2265 ὁνομα
3100 2193 3264 2248 αὑτοῦ
3333 2191 3562 2262 Ἰησοῦν.
3594 2190 3776 2254 Αὐτὸς

2188 2290 2297 2360 γὰρ
2332 2288 2492 2341 σώσει
2531 2289 2622 2341 τὸν
2657 2287 2785 2342 λαὸν
2834 2287 2995 2342 αὐτοῦ
3034 2286 3143 2340 ἀπὸ
3184 2286 3295 2341 τῶν
3341 2284 3631 2357 ἁμαρτιῶν
3671 2284 3775 2340 αὺ-

2189 2398 2318 2435 των.
2359 2400 2377 2434 ι

2261 2473 2321 2525 Β.
2366 2472 2489 2541 Ἀρ⁹
2520 2466 2633 2532 οῦν,
2669 2470 2736 2524 δι’
2771 2468 2935 2525 αὐτοῦ
2964 2469 3294 2539 πεποιῆσθαι
3324 2485 3506 2539 φαμεν
3531 2466 3601 2521 τὰ
3635 2466 3776 2521 πᾶν·

2191 2582 2281 2632 τα,
2320 2565 2413 2619 καὶ
2456 2566 2484 2618 ὁ
2524 2566 2581 2616 ἐν
2630 2564 2877 2635 ἐσχάτοις
2922 2562 3012 2616 τοῦ
3062 2561 3255 2624 αἱῶνος
3302 2562 3514 2632 καιροῖς
3563 2559 3665 2630 τὴν
3708 2560 3778 2611 ἐκ

2194 2658 2450 2725 γυναικὸς
2479 2655 2735 2723 ἀπότεξιν
2765 2656 2924 2727 ἔχων,
2954 2655 3285 2727 δημιουργός
3313 2655 3461 2706 ἐστιν
3483 2647 3575 2706 σῦν
3609 2652 3779 2723 οὐρα-

2195 2745 2286 2800 νοῦ
2319 2747 2415 2800 καὶ
2440 2748 2564 2816 γῆς,
2602 2745 2907 2816 συλλήϐδην
2944 2746 3199 2798 ἁπάντων
3231 2742 3339 2796 τῶν
3364 2743 3423 2796 ἐν
3457 2743 3663 2804 αὐτοῖς.

2266 2838 2330 2889 Α.
2359 2835 2533 2907 Φράζε
2553 2836 2617 2905 δὴ
2635 2831 2726 2889 οὖν
2753 2836 2846 2889 καὶ
2871 2835 3053 2898 αὐτὸς,
3084 2835 3355 2905 ἐρήσομαι
3382 2833 3490 2903 γάρ
3511 2851 3523 2864 ·
3559 2853 3575 2884 ι
3603 2827 3693 2902 ἄρ’
3714 2832 3779 2885 οὗ

2202 2944 2222 2977 ι
2248 2925 2439 2995 γέγονε
2463 2923 2599 2996 σὰρξ
2638 2942 2666 2979 ο
2705 2925 2876 2993 Λόγος
2898 2942 2911 2990 ;
2936 2943 2954 2974 ι
2993 2919 3082 2994 ἆρ’
3116 2922 3177 2976 οὒ
3211 2922 3621 2993 κεχρημάτικεν
3653 2922 3781 2985 Υἱὸς

2198 3014 2487 3085 ἀνθρώπου
2512 3031 2528 3080 ;
2556 3014 2656 3067 οὐκ
2682 3012 2838 3067 ἔλαϐε
2866 3012 3051 3067 δούλου
3083 3013 3332 3085 μορφήνς
3368 3011 3471 3065 οὐκ
3504 3011 3779 3065 ἐκένωσεν

2202 3104 2416 3168 ἐαυτὸν,
2444 3104 2501 3155 ἐν
2529 3102 2835 3174 ὁμοιώματι
2861 3100 3164 3173 ἀνθρώπων
3191 3100 3501 3169 γενόμενος,
3529 3099 3624 3152 καὶ⁵
3655 3102 3782 3171 σχή-

2126 3228 2168 3284 C
2203 3213 2337 3269 ματι
2380 3194 2625 3267 εὑρεθεὶς
2662 3194 2737 3258 ὡς
2767 3192 3083 3264 ἄνθρωπος;
3114 3190 3175 3244 El
3216 3191 3317 3284 μέν
3359 3184 3451 3243 οὖν
3490 3188 3784 3284 ἀρνοῦνται

2202 3286 2302 3358 τὴν
2330 3286 2663 3356 οἰκονομίαν,
2697 3285 3192 3355 ἀνταναστήσονται
3220 3283 3475 3351 λέγοντες
3503 3284 3554 3335 οἱ
3586 3282 3783 3335 θεσπέο

2207 3395 2309 3435 σιοι
2348 3377 2605 3449 μαθηταί·
2646 3396 2663 3427 ι
2704 3376 2813 3430 Καὶ
2853 3377 3013 3447 ἡμεῖς
3050 3374 3393 3443 ἐθεασάμεθα
3439 3376 3531 3427 καὶ
3570 3391 3783 3445 μαρτυ-

2210 3474 2432 3545 ροῦμεν,
2461 3472 2543 3523 ὁτι
2576 3471 2604 3521 ό
2646 3468 2832 3539 Πατὴρ
2881 3465 3189 3521 ἀπέσταλκε
3224 3466 3313 3519 τὸν
3359 3465 3507 3531 Υἱὸν,
3553 3466 3786 3537 Σωτῆρα

2208 3565 2305 3619 τοῦ
2330 3564 2573 3633 κόσμου·
2622 3561 2681 3623 ὃς
2720 3560 2784 3613 ἂν
2831 3559 3160 3630 ὁμολογήσῃ,
3200 3560 3280 3612 ὃτι
3330 3558 3535 3630 Ἰησοῦς
3582 3559 3728 3612 ἐστιν
3756 3559 3787 3611 6

2210 3657 2339 3721 Υιὸς
2363 3654 2454 3708 τοῦ
2485 3652 2646 3715 Θεοῦ,
2678 3654 2706 3705 ὁ
2746 3651 2876 3715 Θεὸς
2906 3652 2962 3703 ἐν
3004 3651 3151 3722 αὐτῷ
3207 3650 3380 3721 μένει,
3414 3650 3509 3703 καὶ
3531 3650 3696 3713 αὐτὸς
3728 3653 3785 3704 ἐν

2208 3749 2285 3819 τῷ
2326 3746 2464 3818 Θεῷ.
2501 3766 2519 3797 ι
2552 3743 2660 3798 Καὶ
2702 3742 2882 3797 πάλιν·
2924 3761 2942 3794 ι
2991 3743 3079 3795 Ἐν
3122 3741 3297 3812 τούτῳ
3335 3742 3665 3810 γινώσκεται
3726 3741 3786 3794 τὺ

2212 3841 2435 3912 Πνεῦμα
2480 3838 2574 3893 τοῦ
2608 3835 2770 3890 Θεοῦ’
2808 3836 2921 3889 Πᾶν
2953 3835 3191 3905 πνεῦμα,
3232 3834 3259 3887 ὁ
3288 3834 3541 3905 ὁμολογεῖ
3580 3832 3784 3903 Ἰησοῦν

2213 3935 2444 4003 Χριστον
2478 3932 2534 3982 ἐν
2569 3929 2731 4000 σαρκὶ
2758 3924 3093 3997 ἐληλυθέναι,
3130 3926 3194 3977 ἐκ
3227 3924 3318 3978 τοῦ
3349 3923 3485 3978 Θεοῦ
3514 3926 3651 3977 ἐστι·
3696 3926 3788 3977 καὶ

2216 4025 2322 4075 πάν
2344 4018 2579 4089 πνεῦμα,
2616 4018 2643 4070 ὁ
2678 4016 2753 4087 μὴ
2787 4015 3040 4086 ὁμολογεῖ
3059 4015 3152 4067 τδν
3187 4012 3415 4084 Ἰησοῦν,
3442 4015 3507 4067 ἐκ
3535 4012 3631 4067 τοῦ
3654 4010 3785 4065 Θεοῦ

2214 4117 2314 4169 οὐκ
2340 4115 2503 4165 ἐστιν.
2546 4130 2563 4162 ι
2605 4104 2759 4173 Εἶτα,
2803 4110 2952 4161 ποῖον
2979 4106 3044 4159 ἂν
3095 4104 3204 4175 ἔχοι
3234 4104 3420 4172 λόγον,
3455 4104 3518 4155 τὸ
3571 4104 3661 4156 ἐπ’
3695 4104 3785 4155 ἀνι

2216 4205 2434 4278 θρώπου
2480 4204 2621 4256 νοεῖν
2670 4200 2743 4263 ὡς
2796 4197 3170 4270 παραγέγονεν
3223 4198 3278 4250 ἐν
3333 4195 3532 4277 σαρκί;
3583 4195 3789 4265 Πρέποι

2215 4298 2258 4350 δ’
2289 4296 2352 4350 ἂν
2386 4294 2583 4365 μᾶλλον
2606 4289 2683 4361 τῷ
2717 4289 2821 4354 ἔξω
2854 4288 3051 4358 σαρκὸς
3086 4288 3177 4340 καὶ
3200 4287 3412 4357 φύσεως
3436 4286 3538 4339 οὐκ
3558 4285 3674 4339 ὄντι
3697 4287 3792 4355 τῆς

2218 4388 2338 4443 καθ’
2369 4386 2537 4457 ἡμᾶς,
2560 4383 2621 4435 τὸ
2646 4383 2740 4435 καὶ
2785 4384 2842 4435 ἐν
2872 4380 3036 4452 σαρκὶ
3067 4378 3343 4447 γενέσθαι,
3371 4379 3466 4431 καὶ
3494 4378 3636 4449 μετὰ
3663 4378 3792 4431 ταύ-

542 4478 756 4532 tametsi
811 4476 987 4536 factus
1032 4487 1117 4532 est
1158 4479 1355 4542 homo,
1418 4477 1549 4532 nihil
1594 4477 1774 4532 obstat
1814 4479 2096 4549 quominut

2218 4499 2317 4553 της
2345 4478 2519 4533 ἐλθεῖν
2542 4478 2619 4539 εἰς
2644 4474 2791 4528 τόνδε
2816 4473 2906 4528 τὸν
2931 4472 3135 4541 κόσμον
3164 4469 3301 4541 μετὰ
3329 4468 3425 4523 τοῦ
3459 4472 3645 4540 μεῖναι
3662 4467 3791 4541 δῆν.

541 4568 726 4623 Omnia
778 4582 873 4636 per
921 4567 1095 4641 ipsum
1142 4568 1207 4621 ad
1244 4576 1422 4622 ortum
1456 4568 1702 4622 traducta
1736 4583 1858 4623 esse
1890 4581 2096 4622 censea-

2220 4573 2428 4631 Οὐκοῦν
2464 4572 2512 4623 εἰ
2550 4568 2645 4623 καὶ
2672 4568 2897 4636 γέγονεν
2924 4564 3227 4635 ἄνθρωπος,
3251 4563 3313 4615 τὸ
3349 4562 3616 4633 ἀπεῖργον
3644 4564 3795 4616 οὐδὲν

544 4678 685 4728 mus,
722 4670 993 4729 quatenus
1022 4670 1104 4719 est
1136 4661 1276 4714 Deus
1307 4670 1361 4715 et
1390 4671 1692 4716 coaeternus
1725 4660 1897 4715 Patri.
1927 4657 2096 4729 Nequt

2216 4670 2439 4731 ἐννοεῖν,
2470 4666 2535 4718 δι’
2563 4661 2726 4717 αὐτοῦ
2750 4660 3030 4732 παρῆχθαι
3059 4659 3128 4712 τὰ
3160 4659 3359 4725 πάντα,
3389 4658 3511 4711 καθ’
3543 4658 3572 4712 ὁ
3596 4661 3797 4711 νοεῖται

542 4752 685 4805 θηίιιι
712 4750 853 4806 Deus
889 4751 1162 4806 exsistens
1185 4748 1423 4806 Verbum
1461 4752 1803 4807 immutatum
1838 4759 1944 4817 est,
1975 4757 2096 4805 tam

2217 4759 2348 4822 Θεὸς
2399 4756 2493 4810 καὶ
2553 4756 2819 4817 ωναῖδιος
2869 4751 2948 4823 τῷ
2981 4750 3175 4823 Πατρί.
3219 4751 3293 4805 Οὐ
3336 4749 3446 4821 γὰρ
3504 4750 3798 4820 ἠλλοίωται

546 4846 645 4900 etsi
717 4859 940 4900 carnem
1026 4846 1202 4900 anima
1285 4844 1619 4915 intelligente
1684 4846 1962 4915 praeditam
2025 4859 2096 4899 as-

2219 4849 2349 4913 Θεὸς
2375 4847 2451 4901 ὢν
2479 4847 2507 4898 ὁ
2525 4846 2718 4914 Λόγος,
2740 4845 2790 4897 ει
2821 4842 2918 4897 καὶ
2932 4841 3155 4923 γέγονεν
3185 4843 3242 4895 ἐν
3263 4828 3566 4913 προσλήψει
3595 4842 3798 4923 σαρκὸς

548 4938 1085 5006 sumpseritzetnon
1113 4938 1383 4991 hominem
1426 4938 1528 4993 sibi
1556 4938 1653 5006 ipsi
1693 4938 2096 5015 conjungen3,u

2222 4939 2579 5012 ἐψυχωμένης
2622 4936 2845 5010 νοερῶς,
2868 4920 2963 4991 καῖ
3007 4935 3107 4989 οὐκ
3130 4934 3416 5005 ἄνθρωπον
3462 4934 3644 5005 ἐαυτῷ
3677 4920 3799 4988 συν-

550 5028 636 5083 isti
674 5030 1021 5083 innovatores
1056 5026 1178 5081 ﬁdei
1213 5037 1483 5089 statuunt,
1520 5029 1615 5081 sed
1655 5028 1770 5096 ipse
1795 5028 1997 5082 factum
2022 5043 2116 5083 ca-

550 5136 634 5183 ro,
661 5129 722 5174 ut
747 5119 880 5184 dixi,
913 5120 1015 5181 hoc
1038 5128 1140 5185 est,
1184 5120 1365 5175 homo.
1400 5118 1563 5191 744
1593 5118 1706 5175 Hac
1731 5120 1873 5175 enim
1912 5122 2119 5176 ratione

552 5214 651 5281 ipsi
692 5214 879 5268 unctio
910 5215 1075 5268 etiam
1114 5214 1423 5278 conveniat,
1454 5200 1589 5268 citra
1633 5214 1979 5269 calumniam.
2013 5214 2122 5270 Vo-

553 5308 768 5360 cabitur
794 5316 971 5362 autem
1004 5317 1057 5361 et
1084 5304 1263 5368 Jesus,
1293 5317 1351 5360 ut
1378 5308 1492 5376 ipse
1528 5323 1715 5364 revera
1740 5308 2007 5363 exsistens
2028 5312 2120 5377 qui

554 5399 849 5453 secundum
898 5413 1118 5453 carnem
1167 5415 1232 5454 ex
1272 5398 1490 5469 Virgine
1539 5409 1695 5454 natus
1736 5411 1837 5455 est.
1886 5399 2124 5455 Salvavit

2222 5035 2384 5105 άψας,
2429 5030 2569 5084 καθά
2617 5047 2780 5101 φασιν
2829 5030 2879 5083 οἱ
2928 5028 3378 5109 καινοτομοῦντες
3429 5027 3530 5097 τὴν
3586 5027 3792 5093 πίστιν,

2222 5126 2337 5180 ἀλλ’
2367 5124 2529 5187 αὐτὸς
2554 5124 2845 5193 γενόμενος
2878 5121 3036 5193 σὰρξ,
3068 5122 3143 5185 ὡς
3178 5121 3342 5193 ἔφην,
3377 5120 3659 5177 τουτέστιν
3702 5122 3796 5177 ἄν·

2224 5217 2458 5288 θρωπος.
2486 5214 2678 5266 Ἔσται
2716 5212 2826 5283 γὰρ
2865 5211 3038 5275 οὕτως
3083 5210 3231 5282 αὐτῷ
3280 5211 3376 5265 καὶ
3407 5211 3468 5263 τὸ
3498 5210 3795 5281 κεχρῖτθαι

2228 5306 2439 5379 πρέπον
2471 5307 2566 5357 καὶ
2611 5303 2865 5373 διαϐολῆς
2911 5301 3195 5374 ἀμοιροῦν.
3233 5302 3579 5374 Κεκλήσεται
3617 5303 3676 5357 δὲ
3709 5303 3802 5355 καὶ

2240 5398 2468 5469 Ἰησοῦς,
2499 5396 2573 5460 ὡς
2626 5396 2787 5460 αὐτὸς
2842 5395 3102 5466 ὑπάρχων
3151 5394 3291 5449 κατὰ
3330 5394 3607 5465 ἀλήθειαν,
3648 5396 3678 5447 ό
3704 5394 3804 5463 τὴν

552 5488 694 5541 enim
727 5490 827 5542 hoc
852 5497 1010 5557 pacto
1038 5503 1191 5543 suum
1232 5488 1398 5557 ipsius
1431 5488 1708 5557 populum,
1733 5504 1837 5545 non
1872 5497 1928 5543 ut
1957 5490 2096 5544 hom:

2231 5490 2371 5543 κατὰ
2398 5489 2577 5559 σάρκα
2600 5489 2664 5539 ἐκ
2694 5486 2947 5556 γυναικὸς
2977 5486 3275 5556 ὑπομείνας
3298 5486 3571 5556 γέννησιν.
3589 5484 3805 5539 Σέσωκι

558 5579 665 5633 Deo
695 5580 1033 5647 conjunclus,
1062 5582 1155 5635 sed
1193 5590 1245 5633 ιιι
1282 5582 1419 5635 Deus
1459 5581 1654 5637 similis
1704 5579 1878 5636 factus
1921 5581 1988 5636 iis
2026 5599 2096 5651 qu

2230 5582 2338 5651 γὰρ
2367 5580 2508 5633 οὕτω
2552 5580 2640 5632 τὸν
2684 5577 2878 5632 ἐαυτοῦ
2923 5576 3071 5643 λαὸν,
3111 5577 3209 5648 οὐχ
3246 5577 3321 5642 ὡς
3363 5576 3650 5647 ἄνθρωπος
3685 5574 3807 5648 Θοῷ

670 5777 712 5805 ³⁸
744 5774 850 5831 Luc
881 5794 915 5839 ι,
944 5779 1029 5841 δι’,

567 5844 607 5876 ⁸³
634 5845 761 5899 illiti.
796 5851 850 5909 ’2,
885 5848 934 5899 5.

1101 5780 1185 5835 5|.
1307 5781 1343 5809 τ’
1379 5782 1571 5839 Matth.
1608 5796 1645 5845 ι,
1686 5780 1773 5834 2|.
1893 5784 1933 5813 "
1979 5782 2096 5839 Jour

2245 5781 2325 5835 Η.
2445 5784 2485 5810 ¹τ⁹
2532 5777 2759 5853 Philipp.
2797 5794 2855 5845 tt,
2897 5777 2948 5846 6,
2978 5780 3029 5832 7.
3146 5777 3232 5833 ¹⁰Ι
3288 5779 3439 5834 Jualt.
3478 5794 3550 5844 tv,
3598 5780 3685 5843 Η,
3719 5782 3799 5839 ιι.
