4006 6480
869 64 1439 72 —____—__—

285 540 426 600 1»ωὸ

1416 530 1606 599 QUOD
1649 528 1834 587 UNUS
1873 529 1978 585 SIT
2019 518 2387 587 CHRISTL'S.

3432 532 3570 591 1300

291 654 604 725 συναφθεὶς,
630 653 741 707 ἀλλ’
792 651 868 713 ώς
912 646 1044 711 Θεὸς
1074 643 1314 715 γεγονὼς
1368 645 1426 697 ἑν
1463 644 1718 715 ὁμοιώσει
1762 643 1871 696 τῶν

1982 643 2478 711 periclitabantur:
2511 654 2569 698 ut
2602 645 2654 698 in
2694 646 2812 716 ipso
2852 654 2906 700 et
2934 646 3154 716 quidem
3197 647 3374 718 primo
3396 662 3569 719 genus

288 743 802 807 κεκινδυνευκότων,
833 741 900 794 ἶν’
930 742 989 793 ἐν
1021 739 1167 809 αὐτῷ
1201 737 1295 791 καὶ
1329 736 1533 807 πρώτῳ
1562 736 1626 789 τὸ
1656 733 1869 805 ἀνθρώ-

293 858 447 894 πινον
479 839 635 908 γένος
665 833 1073 904 ἀναπλάττηται
1104 830 1241 903 πρὸς
1267 829 1328 882 τὸ
1359 830 1418 882 ὲν
1444 827 1661 900 ἀρχαῖς.
1687 827 1874 880 Πάντα

290 931 401 1001 γὰρ
433 925 500 999 ἦν
524 930 580 980 ὲν
613 925 763 995 αὐτῷ
790 923 970 977 καινά.

364 1021 423 1073 Β.
466 1014 675 1071 Οὐκοῦν
713 1012 1131 1082 διαϐεϐλήσεται
1174 1008 1311 1081 πρὸς
1343 1004 1523 1079 ἡμῶν,
1562 1006 1625 1060 τὸ
1673 1007 1873 1077 χρῆναι

292 1110 512 1179 φρονεῖν
536 1108 570 1178 ἢ
593 1107 794 1174 λέγειν,
827 1102 1112 1173 ἄνθρωπον
1141 1098 1408 1169 συνῆφθαι
1436 1097 1515 1169 τῷ
1538 1096 1658 1168 Θεῷ
1686 1097 1868 1167 Λόγῳ,

293 1202 389 1254 καὶ
423 1199 679 1253 κοινωνὸν
713 1194 965 1265 γενέσθαι
995 1194 1095 1264 τῆς
1123 1191 1279 1257 ἀξίας
1314 1189 1485 1262 αὐτῷ,
1504 1192 1597 1244 atat
1627 1191 1684 1243 ἐν
1718 1188 1869 1253 τάξει

291 1292 514 1363 χάριτος
544 1291 644 1360 τὴν
672 1287 943 1344 υἱοθεσίαν
976 1284 1140 1356 ἔχειν.

362 1386 431 1437 Δ.
467 1382 793 1436 Παντάπασι
844 1378 942 1449 μὲν
994 1373 1106 1431 οῦν.
1142 1377 1219 1431 Οὐ
1260 1375 1370 1447 γὰρ
1407 1374 1516 1429 οἶδε
1558 1373 1720 1428 τοῦτο
1766 1371 1873 1427 τῶν

292 1468 455 1541 ἱερῶν
474 1468 823 1539 Γραμματων
844 1467 877 1536 ἡ
899 1464 1151 1535 δύναμις.
1178 1462 1390 1535 εὕρεμα
1417 1463 1476 1517 δὲ
1505 1464 1705 1535 μᾶλλόν
1733 1466 1871 1529 ἐστι,

291 1559 579 1627 φιλοκένου
612 1576 672 1612 τε
710 1557 802 1611 καὶ
831 1555 1115 1628 ἀδρανοῦς,
1148 1555 1245 1609 καὶ
1278 1555 1622 1627 παρειμένης
1652 1554 1869 1626 φρενὸς,

294 1653 392 1708 καὶ
418 1653 517 1706 οὐκ
556 1650 787 1722 ἐχούσης
825 1650 957 1720 ὁρᾴν
983 1647 1077 1701 τοῦ
1108 1647 1410 1720 μυστηρίου
1448 1647 1511 1701 τὸ
1542 1646 1725 1717 βάθος.
1760 1644 1871 1700 Ποῦ

294 1738 408 1810 γάρ
434 1756 515 1791 τοι
552 1737 796 1790 τοιοῦτον
835 1736 987 1806 παρά
1012 1735 1113 1804 τῆς
1159 1736 1323 1806 ἁγίας
1364 1735 1581 1807 εἴρηται
1610 1735 1871 1807 Γραφῆς;

306 1828 365 1880 ’0
406 1826 504 1897 μὲν
533 1826 641 1897 γὰρ
689 1826 974 1889 θεσπέσιος
1008 1825 1222 1890 Παῦλος
1265 1826 1366 1896 τῆς
1399 1826 1872 1899 ὲνανθρωπήσεως

289 1916 387 1972 τοῦ
419 1916 759 1986 Μονογενοῦς
786 1916 1089 1987 διατρανῶν
1126 1913 1186 1970 εὖ
1246 1916 1394 1987 μάλα
1440 1917 1503 1971 τὸ
1540 1919 1864 1989 μυστήριον·

1975 734 2272 789 humanum
2291 736 2358 789 ad
2388 737 2683 806 pristinum
2700 748 2905 791 statum
2929 738 3347 794 instauraretur.
3368 736 3565 795 Omnia

1973 826 2118 880 enim
2144 836 2303 881 erant
2336 827 2389 881 in
2422 830 2543 896 ipso
2574 843 2713 883 nova
2740 830 2807 884 ".

2054 1001 2115 1057 Β.
2149 1001 2479 1070 Rejiciemns
2525 1006 2713 1073 itaque
2754 1005 2897 1061 hanc
2946 1005 3259 1074 Opinionem
3309 1015 3567 1076 tanquam

1972 1106 2283 1158 erroneam,
2332 1095 2476 1163 quod
2526 1096 2691 1150 homo
2732 1095 2805 1149 sit
2847 1096 3178 1165 coniunctus
3220 1096 3332 1152 Deo
3368 1094 3564 1163 Verbo,

1972 1195 2028 1240 et
2056 1186 2327 1255 particeps
2359 1187 2548 1256 gloriae
2588 1202 2710 1241 cum
2741 1188 2860 1257 ipso
2887 1186 3140 1251 eﬂ'ectus,
3167 1190 3430 1259 quodque
3469 1203 3569 1259 per

1972 1276 2203 1345 gratiam
2228 1278 2519 1345 adoptatus
2548 1278 2622 1332 sit
2653 1279 2705 1332 in
2731 1278 2955 1333 Filium.

2039 1368 2106 1421 A.
2139 1367 2394 1423 Omnino.
2427 1369 2614 1439 Neque
2656 1370 2807 1425 enim
2857 1385 2927 1425 ex
2974 1371 3151 1426 sacris
3188 1370 3413 1426 Litteris
3440 1384 3568 1442 pro-

1972 1460 2087 1513 bari
2115 1470 2329 1528 potest:
2361 1463 2455 1516 sed
2480 1462 2664 1531 potius
2698 1472 3072 1518 commentum
3108 1472 3192 1517 est
3225 1462 3433 1533 ingenii
3465 1463 3568 1518 im-

1973 1550 2204 1617 becillis,
2242 1552 2457 1607 remissi
2515 1564 2571 1609 et
2609 1552 2875 1608 novitatis
2915 1554 3188 1618 studiosi,
3244 1568 3310 1608 ac
3365 1554 3567 1609 mentis

1972 1656 2092 1711 qua:
2137 1643 2379 1712 mysterii
2422 1643 2770 1699 altitudinem
2818 1645 3133 1714 perspicere
3171 1653 3429 1712 nequeat.
3459 1643 3567 1701 Ubi

1972 1735 2115 1788 enim
2166 1734 2274 1789 tale
2318 1735 2599 1806 quidpiam
2646 1738 2698 1791 in
2752 1751 2912 1791 sacra
2960 1737 3246 1806 Scriptura
3291 1733 3570 1806 reperias?

1972 1822 2108 1879 Nam
2134 1826 2354 1882 divinus
2388 1827 2590 1883 Paulus
2622 1828 2947 1899 mysterium
3003 1826 3401 1882 incarnationis
3432 1823 3568 1881 Uni-

1972 1918 2136 1988 geniti
2168 1919 2373 1988 optime
2399 1918 2722 1975 dillucidans
2743 1937 2757 1974 :
2782 1902 2802 1968 ἓ
2824 1918 2961 1986 Quia
2994 1934 3124 1990 ergo
3152 1919 3328 1988 pueri,
3365 1918 3563 1987 inquit.

297 2026 318 2060 ι
354 2007 575 2079 Ἐπειδὴ
596 2010 703 2080 γὰρ
733 2008 801 2062 τὰ
829 2008 1038 2074 παιδία,
1071 2008 1225 2079 φησι,
1268 2008 1667 2081 κεκοινώνηκεν
1704 2010 1873 2081 αἵμα-

1982 2014 2513 2065 conimunicaverunt
2536 2012 2689 2066 carni
2732 2020 2788 2066 et
2826 2011 3103 2082 sanguini,
3130 2018 3186 2065 et
3216 2011 3334 2078 ipse
3366 2009 3565 2065 simili-

290 2117 383 2164 τος
407 2100 509 2154 καῖ
532 2101 757 2171 σαρκὸς,
781 2100 875 2154 καὶ
899 2100 1062 2164 αὐτὸς
1088 2100 1488 2173 παραπλησίως
1511 2101 1741 2172 μετέσχε
1764 2101 1873 2155 τῶν

289 2192 489 2258 αὐτῶν,
515 2193 602 2246 ἵνα
629 2192 716 2246 διὰ
735 2190 827 2247 τοῦ
856 2192 1088 2247 θανάτου
1122 2194 1448 2266 καταργήσῃ
1470 2194 1563 2247 τὸν
1592 2194 1653 2248 τὸ
1674 2194 1874 2266 κράτος

290 2282 485 2353 ἔχοντα
525 2282 619 2337 τοῦ
660 2282 917 2350 θανάτου,
964 2283 1234 2348 τουτέστι,
1278 2285 1370 2337 τὸν
1404 2284 1669 2339 διάϐολον.
1708 2303 1726 2336 ι
1764 2285 1875 2338 Καὶ

292 2374 404 2446 μὴν
432 2374 527 2427 καὶ
576 2374 805 2446 ἑτέρωθί
837 2392 942 2430 που
969 2391 982 2405 ·
1020 2392 1040 2427 t
1073 2375 1147 2429 Τὸ
1194 2374 1305 2448 γὰρ
1347 2375 1613 2431 ἀδύνατον
1659 2375 1752 2429 τοῦ
1786 2377 1875 2432 νό-

292 2481 421 2534 μου,
444 2466 503 2517 ὲν
528 2457 572 2533 ᾧ
603 2464 820 2535 ἠσθένει
846 2465 933 2519 διά
960 2464 1059 2535 τῆς
1087 2466 1310 2536 σαρκὸς,
1341 2468 1369 2519 ὁ
1399 2465 1533 2531 Θεὸς
1561 2467 1653 2521 τὸν
1677 2467 1872 2521 ἑαυτοῦ

292 2554 421 2608 Υίὸν
453 2554 697 2625 πέμψας,
748 2556 806 2607 ὲν
840 2554 1148 2626 ὁμοιώματι
1194 2556 1397 2628 σαρκὸς
1429 2557 1725 2629 ἁμαρτίας,
1777 2558 1873 2611 καὶ

290 2644 422 2715 περὶ
475 2646 749 2715 ἁμαρτίας
823 2644 1115 2715 κατέκρινε
1183 2645 1282 2716 τὴν
1356 2646 1633 2718 ἁμαρτίαν
1693 2647 1754 2699 ὲν
1805 2650 1871 2718 τῇ

291 2737 479 2807 σαρκὶ,
513 2736 602 2789 ἵνα
635 2736 695 2789 τὸ
719 2736 1000 2805 δικαίωμα
1029 2736 1123 2790 τοῦ
1156 2733 1322 2807 νόμόυ
1356 2738 1621 2811 πληρωθῇ
1649 2740 1707 2793 ὲν
1741 2741 1873 2810 ἡμῖν

287 2832 402 2892 τοῖς
432 2832 505 2899 μη
538 2832 678 2882 κατά
712 2830 890 2899 σάρκα
920 2828 1341 2900 περιπατοῦσιν,
1366 2831 1504 2884 ἀλλά
1532 2832 1677 2886 κατά
1709 2831 1873 2885 πνεῦ-

289 2939 390 2992 μα.
430 2941 449 2973 ι
489 2922 961 2992 Κεκοινωνηκέναι
982 2923 1038 2975 δέ
1064 2940 1244 2994 φαμεν
1270 2924 1501 2994 αἵματος
1528 2926 1621 2977 καὶ
1647 2925 1870 2997 σαρκὸς,

287 3012 438 3067 κατά
465 3031 528 3080 γε
557 3013 648 3065 τὸν
683 3016 793 3077 τοῖς
833 3014 1162 3086 θεςρήμοσιν
1187 3016 1403 3069 ἐοικότα
1431 3016 1579 3082 νοῦν,
1611 3018 1673 3069 οὐ
1696 3018 1786 3071 τὸν
1814 3020 1874 3071 ἐν

289 3106 458 3176 σαρκὶ
498 3106 591 3159 καὶ
619 3106 813 3177 αἵματι
844 3109 963 3159 κατ’
1003 3107 1140 3160 ίδίαν
1170 3108 1352 3177 φύσιν,
1376 3110 1469 3161 καὶ
1500 3110 1699 3180 ὲτέρως
1732 3107 1873 3164 εἶναι

289 3198 367 3267 μὴ
391 3196 707 3268 δυνάμενον,
754 3198 889 3251 ἀλλά
928 3200 1017 3251 τὸν
1063 3201 1165 3252 οὐκ
1216 3199 1344 3253 ὄντα
1373 3200 1530 3254 τοῦτό
1561 3219 1727 3269 ποτε,
1777 3204 1873 3256 καὶ

285 3288 505 3357 φύσεως
545 3290 738 3359 ἑτέρας
776 3290 809 3360 ἢ
868 3291 991 3345 καθ’
1040 3293 1207 3361 ἡμᾶς·
1256 3293 1536 3361 γεγονέναι
1566 3294 1622 3347 δὲ
1670 3297 1761 3348 καὶ
1806 3298 1871 3349 ἐκ

287 3381 569 3449 γυναικὸς,
606 3382 697 3435 καὶ
742 3382 800 3435 ὲν
845 3382 1154 3454 ὁμοιώματι
1198 3385 1402 3454 σαρκὸς
1439 3386 1735 3457 ἁμαρτίας.
1782 3388 1873 3440 τὸν

283 3471 356 3525 δι’
387 3473 557 3541 ἡμᾶς,
589 3472 712 3525 καθ’
745 3475 916 3543 ἡμᾶς,
950 3476 1090 3545 μετὰ
1119 3475 1216 3529 τοῦ
1239 3476 1332 3530 καὶ
1363 3476 1505 3543 ὑπὲρ
1537 3478 1707 3549 ἡμᾶς,
1739 3479 1875 3533 καθὸ

285 3567 489 3618 νοεῖται
519 3563 670 3628 Θεός.
702 3564 740 3617 Γ
745 3565 896 3634 ἐγονε
923 3567 1021 3638 μὲν
1049 3568 1142 3623 καὶ
1174 3568 1312 3639 σὰρξ
1337 3571 1365 3622 ὁ
1411 3570 1608 3639 Λόγος,
1638 3571 1778 3643 πλὴν
1811 3573 1874 3626 οὐ

286 3654 428 3726 σὰρξ
466 3657 777 3727 ἁμαρτίας,
819 3658 934 3713 ἀλλ’
983 3653 1042 3714 ὲν
1093 3659 1401 3731 ὁμοιώματι
1449 3662 1651 3733 σαρκὸς
1688 3665 1874 3737 ἀμαρα

284 3746 431 3812 τίας,
469 3750 882 3820 συνανεστράφη
908 3752 1006 3820 μὲν
1037 3754 1149 3814 τοῖς
1171 3753 1265 3805 ἐπὶ
1288 3752 1390 3823 τῆς
1410 3754 1533 3823 γῆς,
1557 3754 1634 3818 ώς
1662 3756 1873 3828 ἀνθρωο

288 3854 411 3903 πος,
450 3839 542 3891 καὶ
592 3840 649 3891 ἐν
680 3838 988 3911 ὁμοιώματι
1018 3842 1212 3910 γέγονε
1256 3842 1334 3914 τῷ
1366 3843 1487 3897 καθ’
1530 3845 1699 3914 ἡμᾶς,
1734 3847 1873 3918 πλὴν

284 3931 353 3985 οὐ
386 3930 504 4000 μεθ’
533 3931 690 4002 ἡμῶν
722 3932 812 4001 ὑφ’
850 3933 1150 4005 ἁμαρτίαν,
1184 3934 1299 3989 ἀλλ’
1325 3937 1583 3991 ἐπέκεινα
1612 3937 1706 3992 τοῦ
1738 3941 1875 3994 εἰδέ-

288 4039 381 4075 ναι
420 4022 783 4093 πλημμελεῖν.
824 4020 935 4077 Ἦν
966 4023 1075 4095 γὰρ
1103 4028 1132 4078 ὁ
1169 4026 1334 4090 αὐτὸς
1365 4026 1496 4091 Θεός
1525 4045 1584 4082 τε
1613 4030 1747 4100 ὁμοῦ
1780 4032 1875 4085 καὶ

288 4110 596 4182 ἄνθρωπος.
623 4114 687 4165 Οἱ
718 4112 775 4165 δὲ
805 4114 904 4184 τὴν
945 4112 1089 4167 οὕτω
1116 4116 1321 4187 σεπτὴν
1360 4117 1454 4169 καὶ
1492 4118 1876 4191 τεθαυμασμέ-

289 4219 392 4272 νην
425 4203 738 4274 οἰκονομίαν
796 4205 1166 4277 ἀποφέροντες
1197 4208 1297 4261 οὐκ
1327 4205 1423 4262 οἶδ’
1447 4210 1595 4274 ὅπως
1624 4213 1719 4265 τοῦ
1758 4214 1875 4268 Μο-

286 4294 561 4363 νογενοῦς,
591 4296 877 4367 ἄνθρωπον
914 4296 1064 4368 αὑτῷ
1088 4299 1423 4355 συνάπτουσι
1462 4304 1752 4373 σχετικῶς,
1791 4325 1875 4360 τι-

290 4388 422 4457 μαῖς
451 4389 574 4450 ταῖς
603 4386 839 4457 θύραθεν
874 4388 1299 4461 ὲεωραῖσμένον,
1335 4394 1429 4447 καὶ
1455 4395 1715 4468 ἀλλοτρίᾳ
1749 4398 1878 4472 δόξῃ

285 4478 802 4559 λελαμπρυσμένον,
854 4481 946 4535 καὶ
991 4484 1054 4535 οὐ
1109 4482 1241 4537 Θεὸν
1291 4485 1532 4555 ἀληθῶς,
1571 4488 1707 4542 ἀλλὰ
1739 4491 1875 4544 Θεοῦ

285 4572 548 4624 κοινωνὸν
596 4573 690 4623 καὶ
727 4573 977 4643 μέτοχον,
1028 4574 1124 4628 καὶ
1174 4576 1303 4631 Υίὸν
1357 4577 1729 4653 ψευδώνυμον,
1782 4584 1876 4638 καὶ

1979 2106 2062 2153 ter
2091 2099 2437 2169 participavit
2477 2101 2708 2167 eisdem,
2744 2111 2805 2155 ut
2849 2116 2947 2170 per
2980 2110 3211 2156 mortem
3259 2102 3567 2156 destrueret

1976 2203 2099 2245 eum
2133 2191 2227 2259 qul
2272 2189 2507 2247 habebat
2534 2192 2726 2247 mortis
2750 2192 3064 2262 imperium,
3095 2192 3199 2247 boc
3232 2202 3339 2257 est,
3377 2192 3565 2247 diabo-

1981 2273 2091 2327 lum
2126 2275 2194 2331 ".
2235 2294 2254 2327 ι
2286 2275 2351 2330 Et
2379 2276 2486 2331 alio
2518 2279 2571 2333 in
2602 2278 2725 2333 loco
2756 2296 2772 2334 :
2805 2298 2825 2331 ι
2865 2280 3019 2346 Quod
3048 2280 3195 2335 enim
3228 2280 3566 2350 impossibile

1974 2374 2097 2419 erat
2144 2364 2247 2437 legi
2294 2366 2346 2422 in
2388 2382 2499 2439 quo
2536 2368 2921 2425 inﬂrmabatur
2963 2386 3062 2439 per
3108 2387 3379 2427 carnem:
3424 2372 3569 2426 Deus

1975 2455 2170 2513 Filium
2210 2474 2369 2515 suum
2405 2460 2631 2517 mittens
2658 2462 2711 2517 in
2743 2462 3174 2532 jsimilitudinem
3217 2463 3403 2519 carnis
3435 2478 3564 2533 pec-

1975 2548 2105 2612 cati,
2135 2559 2190 2603 et
2234 2548 2304 2604 de
2345 2560 2571 2619 peccato
2615 2553 2897 2609 damnavit
2928 2564 3209 2624 peccatum
3258 2556 3311 2612 in
3353 2571 3521 2613 carne
3546 2573 3565 2612 :

1976 2642 2378 2711 utjustillcatio
2406 2644 2538 2715 legis
2567 2645 2887 2716 impleretur
2912 2648 2967 2702 in
3003 2648 3181 2714 nobis,
3216 2649 3306 2718 qui
3339 2665 3446 2704 non
3475 2664 3565 2706 se-

1974 2732 2210 2786 cundum
2244 2749 2467 2789 carnem
2501 2735 2871 2803 ambulamus,
2903 2740 3000 2794 sed
3051 2741 3355 2795 secundum
3400 2740 3567 2811 spiri-

1977 2834 2087 2879 tum
2127 2827 2195 2878 “.
2237 2845 2257 2879 ι
2302 2825 2754 2885 Communicasse
2812 2840 2996 2886 autem
3036 2831 3271 2887 dicimus
3301 2833 3454 2887 carni
3508 2840 3567 2888 et

1974 2918 2232 2987 sanguini
2280 2918 2436 2988 juxta
2474 2922 2692 2977 modum
2736 2922 2937 2978 divinis
2976 2922 3211 2994 eloquiis
3236 2926 3567 2980 convenien-

1977 3016 2087 3060 tem
2132 3024 2241 3062 non
2274 3023 2397 3063 eum
2423 3011 2516 3080 qui
2548 3011 2602 3065 in
2638 3025 2806 3067 carne
2850 3024 2905 3068 et
2953 3014 3223 3085 sanguine
3263 3014 3563 3070 secundum

1974 3099 2249 3167 propriam
2296 3111 2548 3156 naturam
2612 3104 2973 3172 versabatur,
3021 3120 3198 3177 neque
3245 3106 3405 3162 aliter
3443 3120 3568 3164 esse

1976 3202 2222 3262 poterat;
2245 3194 2341 3247 sed
2361 3194 2454 3263 qui
2493 3195 2544 3249 id
2576 3210 2859 3265 nunquam
2893 3196 3089 3263 fuerat,
3121 3208 3177 3253 et
3209 3206 3418 3253 natura:
3446 3208 3568 3255 erat

1979 3283 2206 3339 diversa:
2244 3300 2273 3338 a
2308 3295 2493 3339 nostra
2532 3304 2546 3338 :
2587 3286 2790 3342 factum
2822 3304 2954 3345 vero
2983 3305 3107 3345 esse
3146 3291 3312 3345 etiam
3349 3308 3417 3346 ex
3446 3307 3568 3347 tnu-

1899 3336 1947 3399 ϐ
1978 3374 2113 3430 liere
2147 3375 2215 3443 ³⁸,
2245 3386 2300 3431 et
2332 3377 2385 3430 in
2418 3379 2831 3434 similitudinem
2857 3382 3038 3436 carnis
3073 3384 3282 3453 peccati
3314 3384 3406 3453 qui
3437 3400 3569 3455 pro-

1975 3477 2094 3537 pter
2124 3484 2225 3523 nos
2246 3469 2417 3524 nostri
2444 3470 2639 3526 similis
2669 3482 2755 3527 est
2781 3470 3040 3529 eﬂ'eclus:
3072 3474 3145 3528 ita
3174 3484 3355 3529 tamen
3386 3487 3445 3530 ut
3468 3491 3569 3532 no-

1973 3561 2059 3616 bis
2089 3562 2341 3631 superior
2363 3574 2530 3630 esset,
2558 3572 2827 3635 quatenus
2854 3574 2937 3621 est
2968 3565 3129 3622 Deus.
3158 3564 3399 3621 Verbum
3420 3568 3568 3623 enim

1974 3665 2103 3706 caro
2140 3652 2344 3709 factum
2379 3663 2507 3722 est;
2541 3665 2799 3711 caeterum
2831 3673 2935 3711 non
2963 3672 3093 3713 caro
3128 3659 3359 3728 peccati,
3386 3660 3480 3714 sed
3510 3659 3568 3715 in

1975 3743 2386 3801 similitudinem
2434 3748 2618 3802 carnis
2671 3750 2902 3819 peccati.
2955 3748 3024 3804 Et
3067 3760 3318 3808 versatus
3350 3751 3569 3819 quidem

1974 3848 2057 3892 est
2092 3854 2215 3892 cum
2249 3840 2585 3904 hominibus,
2615 3850 2675 3894 ut
2710 3842 2893 3907 homo,
2939 3843 3224 3913 nostrique
3258 3842 3458 3898 similis
3491 3842 3570 3898 fa-

1975 3940 2118 3995 ctus,
2148 3932 2240 3986 sed
2275 3948 2381 3986 non
2412 3948 2518 3987 una
2554 3933 2841 3989 nobiscum
2874 3942 3097 4003 peccan
3132 3934 3424 4003 obnoxius,
3470 3936 3568 3991 sed

1976 4036 2005 4077 a
2038 4033 2263 4092 peccato
2300 4025 2460 4094 plane
2493 4025 2651 4080 liber.
2693 4026 2825 4081 Erat
2866 4027 3012 4082 enim
3061 4029 3177 4098 ipse
3224 4028 3368 4084 Deus
3404 4026 3573 4084 simul

1975 4126 2030 4170 et
2060 4117 2239 4171 homo.
2286 4116 2347 4171 Hi
2400 4133 2531 4173 vero
2580 4119 2949 4175 venerabilem
3001 4121 3140 4175 lianc
3202 4130 3369 4191 atque
3410 4118 3576 4176 admi-

1982 4210 2204 4263 randam
2259 4212 2696 4266 incarnationem
2760 4215 2829 4269 ab
2891 4212 3187 4285 Unigenito
3232 4216 3422 4269 nescio
3467 4230 3577 4283 quo

1980 4310 2139 4368 pacto
2174 4301 2491 4367 avellentes,
2534 4302 2698 4374 745
2752 4305 3025 4359 hominem
3068 4305 3168 4375 ipsi
3210 4306 3404 4361 stricte
3436 4320 3575 4361 con-

1973 4389 2233 4461 iungunt,
2274 4395 2518 4449 externis
2566 4394 2932 4464 ascititiisque
2968 4395 3268 4451 honoribus
3298 4396 3573 4463 ornatuin,

1981 4494 2145 4552 atque
2176 4484 2352 4538 aliena
2391 4484 2562 4554 gloria
2599 4486 2969 4556 splendidum,
3013 4501 3188 4556 neque
3213 4502 3343 4541 vere
3381 4487 3575 4553 Deum,

1980 4576 2073 4631 sed
2120 4575 2213 4630 Dei
2280 4578 2623 4647 participem,
2664 4588 2718 4633 et
2762 4576 2882 4632 falsi
2937 4577 3176 4633 nominis
3224 4578 3473 4647 Filium,
3505 4590 3577 4635 ‘et

285 4665 520 4735 Σωτῆρα
569 4664 918 4735 σωζόμενον,
971 4668 1065 4720 καὶ
1134 4668 1505 4741 λυτρούμενον
1553 4676 1871 4748 Λυτρωτήν·

1988 4666 2333 4722 Salvatorem
2361 4682 2485 4721 eum
2518 4669 2609 4738 qui
2644 4670 2885 4725 salvatus
2918 4668 3027 4736 sit,
3059 4680 3227 4741 atque
3272 4673 3575 4741 redempta.

284 4756 469 4810 καίτοι
500 4757 843 4828 γεγραφότος
864 4759 962 4812 ὡδὶ
990 4760 1086 4813 τοῦ
1113 4765 1385 4835 μακαρίου
1410 4766 1648 4819 Παύλου·
1676 4789 1694 4821 ι
1726 4770 1880 4824 Ἐπέ-

285 4864 422 4915 (pave
449 4848 560 4920 γὰρ
596 4851 628 4919 ἠ
658 4849 817 4921 χάρις
864 4851 959 4905 τοῦ
1007 4853 1201 4927 Θεοῦή
1247 4859 1516 4930 σωτήριος
1566 4863 1735 4917 πᾶσιν
1780 4865 1877 4916 ἀν-

284 4938 552 5010 θρώποις,
610 4940 699 4995 ἶνα
739 4943 1115 5014 ἀρνησάμενοι
1164 4947 1263 5019 τὴν
1314 4948 1599 5016 ἀσέϐειαν,
1636 4953 1731 5007 καὶ
1780 4954 1880 5019 τὰς

285 5031 561 5101 κοσμικὰς
593 5033 913 5117 ἐπιθυμίας,
943 5038 1238 5109 σωφρόνως
1282 5042 1379 5096 καὶ
1407 5044 1668 5109 ἐπιεικῶς
1695 5045 1877 5117 ζήσω-

288 5141 391 5194 μεν
426 5127 485 5179 tv
522 5125 601 5197 τῷ
652 5126 749 5181 νῦν
796 5114 973 5193 αἰῶνι,
1002 5131 1426 5204 προσδεχόμενοι
1452 5137 1553 5208 τὴν
1594 5114 1875 5212 μακαρίαν

285 5216 501 5282 ἐλπίδα,
534 5218 627 5270 καὶ
658 5219 983 5287 ἐπιφάνειαν
1015 5225 1115 5294 τῆς
1148 5222 1309 5296 δόξης
1336 5224 1430 5278 τοῦ
1475 5227 1713 5297 μεγάλου
1737 5229 1873 5285 Θεοῦ

287 5305 385 5359 καὶ
422 5308 675 5380 ἃυτῆρος
696 5312 853 5381 ἡμῶν
898 5314 1075 5385 Ἰησοῦ
1107 5317 1365 5387 Χριστοῦ.
1400 5338 1419 5371 ι

359 5399 420 5453 Β.
450 5400 581 5465 Ναὶ,
609 5403 793 5470 φασίν.
813 5404 1033 5477 Ἐπειδὴ
1061 5407 1169 5480 γὰρ
1182 5409 1319 5474 ὅλως
1344 5410 1551 5484 ἠξιώθη
1575 5416 1871 5487 συναφείας

412 5489 546 5561 πρὸς
569 5491 661 5582 τὸν
691 5493 822 5548 Θεὸν
855 5496 1046 5566 Λόγον,
1076 5500 1250 5569 μέγας
1275 5502 1370 5555 καὶ
1392 5505 1554 5569 αὐτὸς
1576 5507 1868 5582 ὠνομάσθη

286 5578 441 5642 Θεὸς,
483 5580 660 5634 καίτοι
688 5586 925 5653 γεγονὼς
958 5587 1023 5640 ὲκ
1059 5590 1374 5661 σπέρματος
1398 5594 1492 5647 τοῦ
1521 5596 1704 5652 Δαϐίδ.

362 5759 423 5810 Δ.
486 5756 657 5813 Βαδαὶ
706 5760 805 5829 τῆς
856 5763 1238 5837 ἀποπληξίαςὲ
1311 5770 1663 5837 «Φάσκοντες
1732 5769 1872 5829 εἶναι

1983 4773 2098 4815 rem
2134 4774 2259 4813 eum
2306 4759 2398 4829 qui
2445 4761 2756 4831 redemptus
2789 4771 2893 4829 est,
2946 4778 3070 4817 cum
3124 4763 3330 4833 alioqui
3382 4765 3577 4819 beatus

1984 4850 2183 4906 Paulus
2215 4852 2501 4909 manifeste
2526 4853 2599 4908 ita
2618 4854 2860 4909 scribat:
2893 4874 2919 4906 r
2940 4856 3369 4926 Apparuitenim
3397 4857 3574 4927 gratia

1990 4943 2085 4998 Dei
2125 4942 2427 5000 Salvatoris
2460 4945 2631 5001 nostri
2663 4947 2916 5003 omnibus
2947 4946 3282 5012 hominibus,
3317 4947 3578 5003 erudiens

1982 5052 2081 5092 nos
2098 5046 2157 5091 ut
2177 5038 2513 5109 abnegantes
2538 5039 2869 5110 impietatem
2892 5048 2947 5094 et
2970 5039 3257 5101 saecularia
3280 5039 3575 5107 desideria,

1982 5130 2164 5186 sobrie
2193 5138 2248 5185 et
2282 5131 2430 5200 juste
2468 5142 2523 5187 et
2574 5131 2662 5202 pie
2692 5132 2941 5188 vivamus
2979 5131 3033 5186 in
3079 5132 3184 5187 hoc
3215 5132 3438 5195 saeculo,
3471 5147 3573 5187 ex-

1981 5231 2288 5292 spectantes
2317 5224 2535 5280 beatam
2559 5240 2713 5292 spem
2762 5235 2817 5279 et
2847 5224 3139 5280 adventum
3167 5224 3354 5295 gloria:
3395 5225 3574 5295 magni

1982 5313 2074 5370 Dei
2099 5325 2155 5370 et
2196 5314 2497 5373 Salvatoris
2523 5317 2694 5374 nostri
2725 5315 2854 5373 Jesu
2894 5316 3098 5373 Christi
3122 5317 3190 5372 ".
3226 5336 3245 5371 ι

2056 5406 2117 5461 Β.
2159 5407 2237 5463 ita
2276 5408 2447 5464 aiunt.
2474 5408 2769 5481 Postquam
2800 5398 3148 5466 enim.semel
3177 5409 3456 5465 admissus
3488 5418 3576 5465 est

1980 5500 2044 5553 ad
2084 5500 2520 5568 coniunctionem
2567 5516 2690 5557 cum
2732 5501 2844 5557 Deo
2886 5499 3085 5567 Verbo,
3128 5518 3357 5573 magnus
3407 5504 3571 5556 etiam

1978 5592 2094 5661 ipse
2139 5593 2284 5649 Deus
2334 5605 2559 5652 vocatus
2596 5604 2701 5662 est,
2756 5594 2976 5651 tametsi
3033 5609 3099 5651 ex
3145 5595 3354 5651 semine
3403 5592 3574 5651 David

1978 5693 2152 5741 ortus.

2050 5776 2117 5830 Δ.
2158 5776 2203 5834 0
2230 5762 2557 5836 immensum
2598 5780 2913 5852 stuporeml
2951 5798 2971 5833 ι
2998 5778 3135 5836 Cum
3171 5793 3231 5838 se
3262 5778 3445 5836 dicant
3475 5792 3568 5835 sa-

361 5940 407 5981 "
437 5939 476 6001 ll
500 5941 621 5997 Cor.
669 5959 717 6004 γ.
756 5944 835 5999 l7.
917 5947 959 5980 ’³
985 5945 1147 6002 Hebr.
1188 5965 1247 6012 ιι,
1281 5951 1361 6006 Η.
1436 5954 1479 5984 ’³
1513 5952 1670 6011 Boni.
1709 5972 1826 6019 \‘lll.
1858 5958 1873 6014 ἓ

1982 5996 1991 6014 .
2062 5960 2107 5993 ’⁸
2142 5960 2321 6019 Galat.
2347 5977 2422 6021 tv.
2466 5961 2515 6017 ιι.
2598 5961 2642 5994 ⁸⁸
2674 5960 2783 6020 Tit.
2816 5976 2875 6023 ll.
2908 5959 3099 6017 11-15.
