4006 6432
485 472 621 531 1³07

1514 474 1571 531 3.
1601 473 1877 533 εῑιιιιιι
1916 470 2386 533 ΑιεΧΑΝῡιιιΝι
2431 480 2752 538 ARCHIEP.

3606 480 3741 539 i308

482 589 714 658 pientes,
769 589 917 647 stulti
976 590 1103 645 facti
1155 600 1301 657 sunt,
1341 610 1358 643 ι
1404 592 1554 662 juxta
1608 592 2042 662 Scripturam".

2158 598 2329 664 σοφοὶ,
2373 601 2791 673 ἐμωράνθησαν,
2827 622 2846 654 ι
2882 601 3023 657 κατὰ
3050 601 3111 656 τὸ
3131 602 3543 673 γεγραμμένον.
3600 597 3738 655 Μεθσ

486 680 803 738 'l‘raducunt
840 682 1003 748 enim,
1046 690 1106 735 ut
1137 680 1273 747 dixi,
1306 698 1520 738 omnem
1552 684 1801 754 mysterii
1840 681 2044 739 ChriSli

485 778 590 825 vim
618 786 681 827 ac
712 774 959 828 virtutem
1006 773 1058 827 in
1090 774 1443 829 contrarium.
1484 774 1551 829 Et
1582 778 1723 846 quod
1766 774 1939 842 ipsum
1972 774 2050 827 di-

480 872 613 919 cunt
648 864 864 934 dignum
897 880 962 919 eo
994 865 1197 921 honore
1223 867 1520 936 judicatum
1559 882 1699 929 esse,
1743 865 1870 919 nihil
1908 864 2050 918 aliud

483 965 759 1025 estquam
800 971 1142 1020 communem
1184 958 1418 1027 aliquem
1460 959 1734 1013 hominem
1793 967 2047 1020 statuere,

484 1060 537 1101 et
572 1048 939 1103 diversitatem
981 1052 1268 1119 quamdam
1316 1052 1588 1122 imperite,
1629 1066 1693 1106 ac
1736 1050 2049 1105 dualitatem

485 1138 718 1191 ﬁliorum
767 1138 1096 1194 adorandum
1145 1154 1468 1209 proponere,
1523 1155 1755 1210 quorum
1801 1138 1939 1193 alter
1983 1140 2052 1194 sit

484 1238 677 1283 natura
727 1244 789 1283 ac
836 1244 962 1283 vere
991 1230 1181 1297 Filius,
1216 1234 1355 1286 alter
1400 1233 1667 1287 ascititius
1714 1240 1766 1285 et
1814 1230 2050 1300 spusins,

483 1319 723 1389 nihilque
758 1322 961 1376 habens
1002 1322 1141 1389 quod
1188 1339 1340 1377 suum
1376 1324 1483 1385 sit;
1521 1324 1593 1375 ita
1638 1331 1695 1376 ut
1730 1321 1806 1376 illi
1836 1321 2055 1389 perinde

482 1425 545 1463 ac
588 1411 741 1465 nobis
769 1411 876 1473 diei
913 1413 1125 1477 possit:
1158 1431 1177 1464 ι
1211 1412 1348 1479 Quid
1384 1414 1551 1470 habes
1575 1414 1717 1482 quod
1755 1428 1857 1466 non
1901 1427 2056 1467 acce-

482 1501 626 1569 peris
646 1501 726 1559 i'?
761 1519 780 1553 ι
826 1499 1095 1556 Praeterea
1147 1502 1275 1572 quid
1326 1503 1392 1557 de
1443 1504 1845 1572 sapientissimo
1890 1500 2056 1555 Paulo

480 1602 803 1658 statuemus,
863 1594 933 1647 ita
988 1596 1202 1650 dicente
1238 1614 1252 1650 :
1286 1615 1303 1647 ι
1338 1594 1429 1650 Dei
1483 1596 1628 1651 enim
1680 1594 1851 1658 Filius
1897 1593 2054 1650 Jesus

482 1680 759 1745 Christus,
792 1686 882 1751 qui
922 1686 972 1738 in
1012 1685 1166 1739 vobis
1209 1702 1302 1754 pur
1340 1700 1439 1741 nos
1470 1685 1793 1756 prtdicatus
1823 1695 1927 1750 est,
1959 1698 2055 1753 per

483 1790 568 1827 tne
599 1784 652 1827 et
685 1772 959 1829 Silvanum
994 1789 1048 1830 et
1074 1775 1439 1840 Timotheum,
1477 1790 1581 1831 non
1610 1775 1713 1831 fuit
1745 1779 1797 1831 in
1833 1778 1926 1832 illo
1952 1795 2052 1837 ur

480 1874 533 1916 et
568 1880 694 1929 non,
730 1868 949 1921 sed‘ssr
978 1867 1029 1920 in
1059 1867 1151 1921 illo
1184 1867 1286 1923 fuit
1309 1866 1375 1922 ”.
1408 1886 1427 1919 ι
1461 1867 1740 1934 Quomodo
1768 1870 1912 1924 enim
1944 1887 2049 1926 non

480 1953 641 2008 fuerit
680 1970 777 2017 εει·
820 1967 1004 2013 etnon
1026 1998 1041 2022 ,
1074 1959 1117 2013 si
1153 1958 1293 2013 Deus
1333 1974 1452 2014 esse
1488 1960 1706 2027 dicitur,
1739 1972 1791 2016 et
1830 1977 1933 2017 non
1969 1975 2050 2020 est
2080 1948 2122 2003 Β

480 2042 662 2100 Deus?
694 2048 740 2101 si
769 2046 905 2103 falso
931 2050 998 2105 de
1026 2051 1141 2119 ipso
1181 2052 1377 2105 dicitur
1410 2052 1559 2117 illud,
1594 2052 1764 2108 Filius
1792 2066 1845 2109 et
1872 2054 2054 2109 Domi-

478 2136 622 2191 nus?
655 2138 712 2192 Si
751 2153 879 2194 vero
908 2140 978 2194 ita
1022 2156 1081 2195 se
1112 2156 1202 2197 res
1236 2142 1418 2207 habet,
1451 2153 1504 2196 ut
1538 2144 1625 2199 isti
1658 2145 1867 2212 volunt,
1896 2162 2054 2216 opor-

481 2231 645 2285 tuerit
671 2232 855 2298 etiam,
887 2243 947 2286 ut
984 2235 1245 2299 arbitror,
1279 2236 1502 2292 dicere:
1541 2254 1559 2289 t
1585 2237 1773 2292 Gratia
1811 2239 1901 2293 Dei
1933 2254 2050 2293 sum

482 2317 535 2372 id
566 2320 706 2389 qund
734 2335 850 2375 sum
875 2320 943 2379 ³⁸.
976 2341 994 2373 ι
1016 2323 1179 2390 Quod
1210 2316 1355 2382 enim
1385 2327 1711 2381 naturaliter
1750 2338 1856 2381 non
1888 2329 2051 2393 inest,

478 2409 573 2463 sed
599 2411 942 2467 extrinsecus
978 2414 1213 2470 ascitum
1242 2426 1346 2479 est,
1379 2427 1432 2473 et
1461 2418 1530 2472 ab
1566 2418 1673 2471 alio
1703 2420 1906 2485 datum,
1945 2436 2049 2474 non

479 2510 563 2555 est
607 2502 891 2557 dicendum
936 2504 1054 2573 eius
1082 2508 1178 2576 qui
1224 2509 1452 2576 accepit,
1502 2508 1596 2563 sed
1631 2508 1750 2579 eius
1779 2510 1871 2579 qui
1908 2511 2054 2565 dedit

480 2599 641 2656 atque
676 2588 902 2661 largitus
939 2604 1043 2649 est.
1090 2597 1207 2662 Quo
1247 2607 1407 2667 pacto
1451 2607 1629 2653 autem
1674 2600 1856 2654 dixit:
1893 2618 1911 2651 ι
1945 2601 2053 2664 Ego

476 2693 598 2733 sunt
633 2678 934 2748 Veritas“,
967 2704 986 2737 ι
1026 2688 1069 2741 si
1114 2688 1245 2742 nihil
1296 2690 1350 2744 in
1392 2693 1508 2759 ipso
1548 2700 1633 2746 est
1681 2692 1833 2746 veri?
1886 2692 2050 2763 Atqui

480 2774 990 2841 comprehenderint
1032 2778 1195 2832 etiam
1239 2780 1412 2849 ipsum
1459 2783 1718 2851 tenebrte,
1763 2786 1809 2839 si
1865 2787 2052 2840 menti-

484 2874 587 2917 tur.
614 2864 879 2922 Cetermn
907 2887 925 2920 ι
953 2884 1057 2925 non
1088 2870 1217 2927 fecit
1243 2884 1753 2947 peccatum,1ieqtie
1800 2876 2052 2933 inventus

479 2964 562 3009 est
590 2957 641 3009 in
669 2971 763 3011 ore
791 2959 960 3028 ipsius
990 2962 1167 3031 dolus,
1200 2982 1217 3015 ι
1250 2974 1308 3018 ιιι
1341 2966 1605 3037 scriptum
1636 2977 1720 3024 est
1740 2970 1807 3023 ".

549 3042 604 3098 Β.
646 3044 761 3101 Non
782 3063 933 3105 sane.

556 3137 617 3191 Α.
659 3137 915 3204 Quaenam
956 3159 1085 3198 Vero
1118 3142 1280 3202 fuerit
1324 3149 1655 3218 exinanitio;
1696 3162 1790 3210 aut
1836 3155 1923 3211 cui
1960 3171 2051 3212 ac-

482 3230 713 3299 ciderit?
746 3230 929 3302 Neque
962 3235 1107 3289 enim
1135 3251 1462 3311 quemquam
1495 3243 1831 3301 exinanitum
1865 3247 2050 3303 videre

478 3332 586 3385 est,
618 3322 783 3395 746
804 3325 897 3380 sed
929 3329 1107 3396 potius
1140 3339 1331 3386 contra
1359 3333 1659 3403 impletum,
1692 3352 1816 3391 cum
1848 3337 2050 3409 alioqui

480 3410 864 3480 plenitudinem
914 3431 982 3470 ex
1026 3433 1121 3472 sua
1172 3431 1364 3476 natura
1406 3423 1623 3481 habeat.
1675 3425 1859 3497 Neque
1906 3431 2052 3484 enim

482 3497 658 3554 aliena
700 3516 800 3571 ope
840 3506 1012 3573 eguit;
1069 3517 1124 3562 et
1174 3523 1635 3580 supervacaneum
1681 3516 1732 3568 in
1784 3531 1849 3570 eo
1894 3517 2055 3573 fuerit

481 3592 750 3660 accipere,
787 3611 909 3650 cum
933 3612 999 3651 ex
1036 3614 1133 3654 sua
1160 3611 1354 3656 natura
1389 3604 1459 3658 sit
1489 3605 1937 3673 perfectissimus,
1966 3612 2055 3664 ni-

482 3685 663 3754 hilque
697 3688 745 3741 ei
789 3688 962 3755 desit;
995 3690 1089 3746 sed
1137 3707 1202 3747 ex
1239 3695 1573 3763 plenitudine
1612 3698 1818 3753 Christi
1868 3716 2055 3755 omnes

483 3790 581 3829 nos
640 3779 947 3846 accepimus
970 3780 1054 3847 ⁸⁸,
1108 3797 1284 3851 neque
1356 3784 1662 3840 divinorum
1715 3788 2052 3858 eloquiorum

484 3881 761 3933 praecones
817 3872 1027 3925 mentiti
1072 3872 1294 3930 fuerint.
1329 3874 1530 3932 Plenus
1578 3879 1724 3933 enim
1766 3890 1849 3935 est
1891 3882 2052 3936 Chri-

482 3970 620 4026 stus,
654 3975 827 4030 neque
848 3962 1138 4034 quidquam
1182 3969 1405 4023 omnino
1437 3974 1490 4024 in
1526 3970 1642 4041 ipso
1676 3982 1782 4037 est,
1812 3974 1953 4042 quod
1988 3973 2055 4027 ab

481 4049 589 4104 alio
615 4055 904 4121 acceperit,
928 4066 1194 4126 quatenus
1223 4069 1475 4114 censetur
1502 4072 1558 4115 et
1585 4072 1665 4117 est
1696 4064 1835 4119 Deus
1868 4084 1880 4120 :
1916 4076 2056 4118 tam-

481 4144 584 4197 etsi
649 4149 920 4215 proprium
992 4152 1156 4206 etiam
1229 4153 1279 4207 ei
1333 4154 1532 4208 factum
1585 4166 1705 4223 est,
1779 4158 2050 4228 accipere,

482 4244 705 4305 propter
737 4238 985 4294 humanae
1030 4250 1235 4299 natum
1274 4245 1671 4313 conditionem;
1702 4256 1756 4301 et
1786 4259 2053 4318 quatenus

484 4329 735 4395 apparuit
788 4333 960 4387 nostri
1012 4335 1226 4390 similis.
1284 4336 1450 4393 Nobis
1498 4339 1674 4406 enim,
1733 4351 1785 4395 et
1836 4343 2051 4410 quidem

484 4429 631 4473 recte
676 4423 935 4479 dicatur:
975 4443 994 4477 ι
1026 4426 1166 4494 Quid
1200 4430 1343 4484 enim
1396 4430 1584 4497 babes,
1619 4430 1762 4501 quod
1810 4447 1914 4487 non
1959 4447 2052 4488 ac-

482 4510 710 4576 cepisti?
742 4532 759 4563 ι

2158 694 2333 745 ιστᾶσι
2383 694 2511 767 γὰρ,
2552 697 2627 760 ὡς
2644 697 2800 765 ἔφην,
2833 694 2927 749 τοῦ
2968 694 3111 750 κατὰ
3150 694 3386 764 Χριστὸν
3438 692 3739 764 μυστηρίου

2153 783 2251 854 τὴν
2280 785 2527 856 δύναμιν,
2578 790 2657 851 είς
2696 789 2801 842 πᾶν
2844 787 3173 853 τούναντίον,
3211 786 3303 839 καὶ
3335 785 3433 854 μὲν
3475 782 3741 853 ἠξιῶσθαι

2153 874 2331 943 λέγειν
2372 877 2553 944 αὑτὸν,
2595 877 2679 950 εἴη
2710 877 2775 932 ἂν
2825 877 3014 949 ἕτερον
3048 877 3221 939 οὐδὲν,
3257 875 3398 946 πλὴν
3431 874 3517 926 ὃτι
3564 873 3742 926 κοινὸν

2154 966 2443 1039 ἄνθρωπον
2464 970 2812 1035 ἀποφαίνειν,
2843 969 2938 1023 καὶ
2962 970 3043 1031 είς
3072 969 3367 1039 ἑτερότητα
3383 966 3484 1035 τὴν
3510 964 3742 1019 είσάπαν

2156 1059 2523 1130 ἀποτειχίζειν
2593 1062 2855 1125 ἀϐούλως,
2933 1060 3009 1123 ὡς
3081 1060 3213 1113 υίῶν
3276 1057 3517 1113 νοεῖσθαι
3575 1054 3735 1110 δυάδα

2154 1152 2559 1225 προσκυνητὴν,
2618 1147 2693 1207 ὧν
2750 1156 2778 1207 6
2826 1156 2923 1223 μέν
2970 1153 3088 1205 ἐστι
3134 1151 3295 1219 φύσει
3343 1150 3438 1203 καὶ
3497 1147 3738 1217 ἀληθῶς,

2156 1241 2382 1313 θάτερός
2405 1261 2466 1311 γε
2510 1244 2635 1315 μὴν,
2672 1245 2977 1313 stemma-6;
3011 1261 3069 1295 τε
3110 1244 3203 1295 καὶ
3232 1241 3402 1303 νόθος.
3451 1241 3550 1292 καὶ
3590 1237 3743 1290 οὐδὲν

2156 1332 2293 1401 έχων
2347 1334 2563 1386 ὅέστιν
2615 1335 2803 1398 αὑτοῦ,
2856 1335 2943 1386 ἵνα
2999 1334 3091 1386 καὶ
3148 1332 3300 1402 αὑτῷ
3338 1331 3571 1399 λέγηται
3623 1327 3741 1397 μεθ’

2156 1422 2342 1493 ἡμῶν·
2394 1442 2411 1474 ι
2442 1424 2505 1475 Τί
2539 1425 2648 1494 γὰρ
2696 1425 2858 1494 ἔχεις,
2905 1424 2933 1477 ὅ
2963 1425 3063 1493 οὐκ
3110 1421 3334 1485 ἔλαϐεςς
3391 1440 3409 1472 ι
3440 1416 3575 1473 Εἶτα
3618 1419 3742 1471 ὅποι

2156 1516 2286 1569 ποτὲ
2322 1515 2586 1585 βαδιεῖται
2630 1518 2804 1585 λέγων
2842 1518 2871 1569 6
2916 1515 3192 1582 πάνσοφος
3226 1511 3459 1575 Παῦλος,
3487 1530 3507 1563 ι
3556 1510 3616 1562 ’0
3644 1505 3739 1560 τοῦ

2154 1604 2289 1658 Θεοῦ
2312 1606 2419 1676 γὰρ
2448 1606 2576 1670 Υἱὸς
2607 1609 2840 1681 Χριστος
2877 1606 3103 1679 Ἰησοῦς,
3134 1608 3161 1659 6
3193 1607 3250 1657 έν
3276 1606 3405 1674 ὑμῖν
3439 1600 3743 1672 κηρυχθεὶς

2153 1698 2220 1752 δι’
2261 1698 2397 1767 ἐμοῦ
2437 1700 2530 1753 καὶ
2568 1699 2856 1754 Σιλουανοῦ
2896 1699 2991 1753 καὶ
3038 1696 3327 1767 Τιμοθέου,
3383 1695 3483 1749 οὐκ
3522 1693 3744 1760 ἐγένετο

2154 1790 2261 1844 Ναί
2290 1792 2385 1843 καὶ
2419 1790 2515 1855 Οὔ,
2556 1789 2692 1845 ἀλλὰ
2720 1793 2825 1846 Ναί
2864 1794 2922 1844 έν
2955 1789 3105 1861 αὐτῷ
3137 1788 3348 1857 γέγονε.
3386 1806 3402 1837 ι
3457 1785 3587 1849 Πῶς
3630 1784 3741 1855 γὰρ

2153 1884 2215 1937 οὑ
2241 1884 2431 1953 γέγονε
2462 1882 2565 1937 Ναί
2592 1886 2687 1937 καὶ
2726 1882 2801 1937 Of)
2820 1925 2833 1948 ,
2862 1886 2910 1937 εί
2944 1882 3076 1945 Θεὸς
3099 1877 3238 1934 εἶναι
3267 1880 3487 1947 λέγεται
3519 1880 3618 1931 καὶ
3641 1876 3742 1931 οὐκ

2151 1976 2266 2029 ἐστι
2304 1975 2470 2040 Θεός;
2520 1978 2568 2029 εί
2596 1974 3035 2045 κατεψευσμένον
3062 1975 3147 2027 ἐπ’
3179 1971 3344 2026 αὑτοῦ
3371 1972 3452 2034 τὸ,
3471 1969 3618 2037 ⁵Υἱός
3645 1969 3741 2022 καὶ

2152 2069 2392 2139 Κύριοςς
2436 2069 2652 2138 Ἔχοντι
2682 2068 2738 2121 δὲ
2768 2062 2894 2130 ὧδε,
2935 2066 3081 2120 καθά
3109 2082 3272 2133 φασιν
3314 2064 3487 2124 αὐτοὶ,
3535 2061 3740 2132 πρέποι

2152 2156 2238 2227 ἂν,
2278 2155 2429 2229 οἶμαί
2468 2178 2591 2227 που,
2636 2162 2724 2214 καὶ
2763 2160 2823 2213 τὸ
2859 2159 3054 2229 χρῆναι
3096 2158 3312 2226 λέγειν’
3378 2175 3396 2207 ι
3426 2154 3627 2224 Χάριτι
3685 2152 3742 2206 δὶ

2152 2247 2285 2302 Θεοῦ
2317 2250 2432 2319 είμι
2466 2250 2494 2303 ὅ
2532 2252 2665 2318 είμι.
2698 2268 2717 2301 ι
2770 2249 2843 2301 Τὸ
2876 2248 2985 2317 γὰρ
3032 2247 3107 2317 μὴ
3152 2245 3311 2314 φύσει
3357 2242 3580 2314 προσὸν,
3622 2240 3739 2295 ἀλλ’

2150 2340 2351 2405 ἔξωθεν
2406 2340 2501 2393 καὶ
2548 2340 2981 2411 είσκεκριμένον,
3020 2338 3113 2391 καὶ
3163 2337 3296 2405 παρ’
3325 2336 3514 2405 ἑτέρου
3561 2333 3740 2396 δοτδν,

2150 2432 2271 2502 οὐχὶ
2299 2434 2391 2485 τοῦ
2423 2434 2680 2497 λαϐόντος
2709 2434 2795 2503 εἴη
2823 2433 2889 2486 ἂν
2915 2430 3135 2503 μᾶλλον,
3165 2428 3302 2483 ἀλλὰ
3328 2426 3421 2481 τοῦ
3450 2426 3739 2495 νείμαντος

2153 2525 2244 2577 καὶ
2272 2526 2661 2596 χαρισαμένου.
2697 2524 2819 2587 Πῶς
2846 2523 2904 2576 δὲ
2935 2522 3028 2575 καὶ
3064 2522 3325 2590 ἔφασκεν,
3372 2538 3389 2570 ι
3432 2516 3583 2585 Ἐγώ
3620 2517 3741 2585 είμι

2151 2619 2183 2687 ὴ
2220 2616 2467 2688 ἀλήθεια,
2508 2638 2526 2669 ι
2571 2619 2617 2671 εί
2650 2618 2817 2689 μηδὲν
2842 2616 3036 2687 ἀληθὲς
3058 2616 3144 2669 ἐπ’
3173 2614 3367 2677 αὐτοῦς
3404 2608 3739 2678 Κατελήφθη

2151 2712 2293 2780 τάχα
2335 2727 2439 2763 που
2478 2713 2570 2763 καὶ
2603 2710 2705 2763 ὑπὸ
2750 2713 2848 2781 τῆς
2889 2707 3132 2771 σκοτίας,
3184 2708 3232 2759 εί
3270 2704 3547 2775 ψεύδεται.
3596 2701 3738 2755 Ἀλλ’

2160 2822 2178 2854 ι
2209 2804 2309 2856 οὐκ
2340 2803 2595 2872 ἐποίησεν
2646 2802 2943 2874 ἁμαρτίαν,
2973 2800 3092 2853 οὐδὲ
3130 2797 3328 2870 εὑρέθη
3354 2796 3507 2861 δόλος
3553 2796 3612 2848 ὲν
3660 2792 3744 2865 τῷ

2155 2892 2382 2962 στόματι
2404 2892 2592 2953 αὐτοῦ.
2622 2911 2639 2943 ι
2677 2892 2820 2945 καθὰ
2853 2890 3180 2964 γέγραπται.

2224 3068 2284 3121 Β.
2319 3067 2393 3120 Οὐ
2420 3066 2527 3139 γὰρ
2557 3063 2668 3122 οὖν.

2221 3162 2287 3215 Α.
2322 3160 2431 3215 Ποῦ
2470 3160 2527 3213 δὲ
2560 3162 2591 3232 ὴ
2641 3161 2907 3227 κένωσις;
2966 3162 3064 3215 καὶ
3102 3161 3243 3227 τίνος
3277 3162 3342 3215 ἂν
3373 3162 3549 3213 νοοῖτο
3580 3155 3738 3225 γενέ-

2074 3286 2118 3347 c
2154 3252 2279 3308 σθαι
2314 3253 2530 3321 λοιπὸνς
2578 3254 2653 3308 Οὐ
2698 3253 2805 3325 γὰρ
2843 3253 2989 3307 ἔστιν
3042 3252 3167 3307 ἰδεῖν
3201 3250 3575 3321 κεκενωμένον
3618 3245 3738 3347 τινὰ

2158 3347 2375 3418 μᾶλλον,
2402 3347 2516 3400 ἀλλ’
2542 3348 2604 3399 ἐκ
2630 3364 2690 3415 γε
2719 3348 2824 3399 τῶν
2855 3346 3112 3399 ἐναντίων
3134 3344 3528 3417 πληρούμενον,
3556 3339 3737 3394 καίτοι

2154 3438 2213 3491 τὸ
2242 3439 2446 3510 πλῆρες
2473 3439 2663 3509 ἔχοντα
2694 3441 2814 3491 κατ’
2847 3438 2981 3491 ἰδίαν
3011 3440 3192 3507 φύσιν.
3226 3438 3297 3489 Οὐ
3319 3437 3427 3506 γὰρ
3449 3436 3515 3488 ἂν
3541 3432 3736 3503 ἐδεήθη

2155 3530 2262 3583 τῶν
2296 3532 2425 3602 παρ’
2455 3531 2663 3600 ἐτέρου,
2698 3530 2791 3583 καὶ
2842 3530 3092 3601 περιττὸν
3124 3526 3191 3601 ἦν
3239 3528 3386 3598 αὐτῷ
3424 3526 3488 3580 τὸ
3530 3524 3737 3587 λαϐεῖν,

2154 3616 2362 3669 οἴκοθεν
2394 3616 2568 3686 ἔχοντι
2600 3618 2657 3669 τὸ
2684 3618 2988 3683 αὐτοτελὲς,
3036 3619 3215 3672 καὶτὸ
3239 3618 3375 3688 πρὸς
3408 3617 3517 3670 πᾶν
3556 3613 3739 3669 ὁτιοῦν

2155 3708 2519 3779 ἀποχρώντως
2541 3709 2681 3778 ἕχον,
2720 3710 2836 3764 ἀλλ’
2865 3712 2931 3764 ἐκ
2966 3710 3333 3782 πληρώματος
3364 3708 3461 3764 τοῦ
3496 3705 3738 3779 Χριστοῦ

2155 3799 2353 3863 πάντες
2389 3800 2550 3871 ἡμεῖς
2597 3800 2881 3871 ἐλάϐομεν,
2928 3805 3022 3856 καὶ
3066 3804 3168 3856 οὐκ
3193 3802 3269 3856 ἂν
3294 3800 3646 3871 διαψεύσαιτο
3676 3797 3740 3852 τὺ

2151 3888 2259 3942 τῶν
2282 3889 2558 3959 θεηγὸρων
2588 3894 2869 3961 κήρυγμα.
2904 3893 3124 3965 Πλήρης
3167 3893 3275 3965 γὰρ
3303 3896 3330 3947 6
3358 3891 3615 3965 Χριστὸς,
3643 3891 3739 3945 καὶ

2153 3980 2303 4033 δοτὸν
2330 3980 2479 4050 αὐτῷ
2510 3982 2790 4045 παντελῶς
2820 3983 2993 4047 οὐδὲν,
3042 3982 3185 4036 καθὰ
3229 3986 3430 4042 νοεῖται
3479 3984 3575 4034 καὶ
3621 3980 3739 4034 ἐστι

2154 4074 2307 4140 Θεὸς,
2341 4076 2389 4127 εί
2444 4074 2537 4128 καῒ
2585 4074 2807 4143 γέγονεν
2857 4074 3020 4128 αὑτοῦ
3057 4076 3118 4128 τὸ
3158 4075 3359 4139 λαϐεῖν,
3403 4073 3489 4126 διὰ
3538 4073 3598 4125 τὸ
3641 4072 3739 4141 τῆς

2156 4166 2568 4238 ἀνθρωπότητος
2613 4167 2830 4239 μέτρον,
2881 4168 2974 4221 καὶ
3004 4167 3140 4221 καθὸ
3170 4167 3375 4237 πέφηνε
3409 4164 3533 4219 καθ’
3566 4166 3733 4234 ἡμᾶς,

2154 4254 2235 4323 οἷς
2264 4259 2329 4313 ἂν
2356 4259 2567 4329 λέγοιτο
2603 4261 2696 4314 καὶ
2750 4259 2896 4331 μάλα
2942 4259 3139 4333 ὀρθῶς·
3189 4280 3205 4312 ι
3234 4259 3299 4311 Τί
3343 4257 3452 4329 γὰρ
3502 4257 3669 4327 ἔχεις,
3709 4256 3738 4309 6

2153 4353 2253 4406 οὐκ
2281 4351 2469 4417 ἔλαϐες
2488 4370 2501 4419 ;
2528 4372 2545 4403 ι
2986 4381 2990 4387 -

550 4601 609 4654 Β.
649 4602 807 4659 Certe
850 4606 951 4662 hoc
990 4618 1261 4676 asserunt,
1292 4627 1455 4667 unum
1500 4626 1619 4668 esse
1650 4612 1949 4679 Christum,
1987 4625 2039 4669 et

2217 4625 2277 4679 B.
2306 4624 2435 4688 Ναὶ,
2472 4623 2656 4692 φησιν,
2711 4617 2792 4685 εἷς
2844 4623 2961 4675 ἐστι
3000 4619 3253 4690 Χριστὸς,
3312 4617 3405 4671 καὶ
3452 4616 3601 4679 Υἱὸς,
3645 4619 3735 4669 καὶ

483 4695 699 4763 Filium,
725 4712 778 4755 et
809 4700 1115 4767 Dominum,
1146 4701 1378 4757 Verbum
1410 4718 1477 4760 ex
1514 4704 1620 4759 Deo
1656 4704 1815 4761 Patre
1833 4705 1901 4773 ",
1927 4721 2055 4761 con-

479 4788 667 4858 juncta
705 4792 918 4845 interim
954 4794 1051 4861 ipsi
1086 4808 1153 4847 eo
1187 4796 1276 4863 qui
1308 4805 1394 4849 est
1426 4810 1490 4850 ex
1517 4796 1722 4852 semine
1754 4796 1937 4851 David.

560 4881 623 4935 Α.
672 4881 739 4934 At
796 4884 941 4937 dicat
986 4885 1185 4954 aliquis
1231 4885 1507 4953 illiszQui
1561 4888 1907 4954 coniunctum
1947 4888 2049 4943 sibi

485 4971 646 5026 habet
690 4971 879 5039 alium,
920 4989 1023 5029 non
1070 4987 1249 5045 potest
1304 4978 1515 5033 censeri
1563 4994 1722 5045 unus,
1766 4980 1861 5035 sed
1911 4994 2051 5033 unus

482 5078 604 5117 cum
633 5080 760 5129 uno,
791 5065 893 5120 hoc
924 5077 1028 5131 est,
1076 5067 1219 5123 alio:
1246 5069 1352 5126 duo
1378 5078 1557 5126 autem
1602 5072 1653 5127 hi
1690 5088 1911 5141 prorsus
1950 5072 2061 5126 sint

485 5170 705 5212 necesse
742 5167 845 5213 est.
876 5158 1027 5216 Unus
1052 5175 1183 5216 vero
1221 5162 1549 5233 intelligetur
1581 5179 1763 5219 revera
1810 5179 1931 5220 esse
1969 5163 2057 5218 Fi-

484 5248 609 5314 lius,
640 5251 684 5304 si
711 5252 958 5307 eumdem
1002 5254 1243 5311 dicamus
1273 5271 1397 5313 esse
1436 5273 1503 5314 ex
1537 5258 1646 5315 Deo
1671 5260 1889 5330 quidem
1923 5240 2061 5312 divi-

484 5341 630 5397 nitus
669 5344 909 5413 genitum
939 5344 1104 5401 Deum
1137 5345 1412 5417 Verbum;
1445 5352 1840 5407 admirabiliter
1876 5362 2058 5407 autem

484 5432 757 5488 hominem
790 5445 846 5491 et
875 5439 1169 5493 secundum
1205 5455 1422 5495 carnem
1468 5442 1666 5497 factum
1702 5460 1768 5499 ex
1806 5445 2041 5502 muliere.

486 5524 541 5577 Si
574 5538 701 5579 vero
728 5541 849 5581 eum
876 5530 966 5598 qui
1011 5540 1095 5585 est
1124 5544 1189 5586 ex
1231 5533 1441 5589 semine
1475 5534 1637 5589 David
1684 5536 1910 5592 seorsim
1942 5548 2052 5593 sta-

486 5623 698 5672 tuentes
743 5633 806 5675 ae
852 5621 1249 5691 distiuguentes
1288 5639 1475 5679 verum
1529 5626 1695 5682 Deum
1753 5640 1807 5685 et
1854 5629 2050 5687 Filium

558 5832 601 5863 ’ν
636 5829 787 5883 Rom.
821 5847 857 5886 ι,
890 5833 977 5885 22.

488 5896 679 5954 IPctr.
711 5914 770 5965 It,
800 5901 889 5955 2‘3.
954 5902 1009 5960 ,³³
1057 5902 1201 5957 inau.
1235 5921 1270 5965 ι.
1304 5906 1386 5958 16.
1467 5907 1508 5939 ³³
1540 5905 1557 5958 l
1586 5910 1706 5963 Cor.
1742 5926 1857 5974 vm,
1900 5896 1949 5966 ti.

1056 5834 1101 5912 ξε
1130 5834 1143 5885 l
1170 5838 1399 5912 Contr,
1435 5836 1498 5912 7.
1540 5840 1621 5912 ff
1662 5839 1699 5892 ll
1734 5838 1838 5893 Cor
1894 5857 1927 5900 ι,
1968 5846 2047 5901 19.

2158 5848 2173 5878 ⁵
2207 5846 2222 5901 l
2254 5848 2376 5905 Cor.
2418 5863 2503 5912 ιν,
2542 5846 2627 5901 10.
2731 5845 2771 5877 ³⁸
2813 5843 2968 5899 Joan.
2996 5859 3105 5911 κιν,
3149 5842 3200 5897 6.

2158 4717 2382 4789 Κύριος,
2438 4718 2467 4769 6
2514 4716 2579 4768 ὲκ
2631 4714 2764 4768 Θεοῦ
2826 4712 3038 4784 Πατρὸς
3104 4711 3307 4781 Λόγος,
3372 4708 3736 4777 συναφθέντος

2158 4810 2313 4881 αὐτῷ,
2340 4810 2433 4864 τοῦ
2470 4812 2533 4863 ὲκ
2570 4808 2886 4879 σπέρματος
2916 4805 3102 4860 Δαϐίδ.

2228 4906 2293 4957 Α.
2358 4902 2518 4967 Ἀλλ’,
2551 4896 2598 4955 ὧ
2648 4901 2933 4971 βέλτιστοι,
2996 4897 3128 4969 φαίη
3181 4913 3261 4959 τις
3318 4895 3384 4948 ἂν
3443 4893 3649 4956 αὐτοῖς,
3708 4892 3737 4944 6

2162 4994 2503 5065 συνημμένον
2534 4993 2672 5064 ἔχων
2715 4994 2923 5063 ἕτερον,
2960 4986 3041 5053 εἷς
3072 4989 3171 5041 οὐκ
3193 4986 3261 5039 ἂν
3287 4986 3477 5044 νοοῖτο,
3528 4982 3732 5047 πόθενς

2172 5088 2307 5141 Ἀλλ’
2337 5083 2417 5151 εἷς
2448 5086 2567 5157 μεθ’
2595 5085 2732 5149 ἑνὸς,
2762 5086 2930 5156 ηγουν
2963 5080 3085 5152 μεθ’
3125 5079 3334 5149 ἑτέρου,
3380 5076 3483 5130 δύο
3501 5074 3559 5127 δὲ
3589 5066 3735 5127 οῦτοι

2160 5171 2333 5253 πᾶντη
2364 5199 2423 5234 τε
2456 5180 2547 5233 καὶ
2582 5181 2818 5242 πάντως.
2872 5173 2967 5239 Εἷς
3003 5175 3049 5228 δ’
3086 5173 3153 5227 ἂν
3198 5174 3369 5226 νοοῖτο
3410 5169 3553 5223 κατὰ
3604 5169 3737 5237 ἁλή-

2160 5275 2307 5328 θειαν
2344 5275 2600 5344 ὑπάρχων
2631 5272 2779 5337 Υίὸς,
2814 5272 2861 5323 εί
2899 5270 2991 5322 τὸν
3034 5267 3199 5321 αὐτὸν
3246 5264 3386 5319 εἷναί
3418 5280 3620 5333 φαμεν,
3672 5262 3743 5315 ἐκ

2159 5363 2292 5418 Θεοῦ
2330 5365 2427 5431 μὲν
2454 5362 2648 5423 θεῐχῶς
2678 5360 3007 5431 γεννηθέντα
3036 5357 3171 5410 Θεὸν
3198 5356 3389 5424 Λόγον·
3416 5352 3734 5425 παραδόξως

2158 5457 2214 5510 δὲ
2242 5456 2547 5527 ἄνθρωπον,
2580 5456 2673 5507 καὶ
2704 5454 2842 5507 κατὰ
2871 5452 3049 5522 σάρκα
3079 5452 3142 5504 ὲκ
3179 5448 3454 5517 γυναικός.
3488 5447 3548 5500 Εἰ
3582 5445 3636 5498 δὲ
3668 5444 3744 5516 δὴ

2157 5547 2249 5599 τὸν
2286 5542 2351 5599 ὲκ
2382 5546 2697 5617 σπέρματος
2724 5544 2818 5597 τοῦ
2851 5542 3017 5597 Δαϐὶδ
3048 5543 3154 5612 ἰδίᾳ
3182 5540 3422 5602 τιθέντες
3480 5538 3576 5591 καὶ
3621 5536 3731 5589 διο-

2162 5638 2427 5710 ρίζοντες,
2478 5637 2569 5691 τοῦ
2622 5638 2762 5693 κατὰ
2796 5637 3053 5709 ἀληθειαν
3091 5630 3232 5689 εἶναι
3277 5632 3409 5688 Θεὸν
3451 5631 3547 5685 καὶ
3606 5629 3731 5683 Υίδν

3313 5841 3355 5874 ³⁸
3384 5838 3483 5893 lsa.
3520 5853 3639 5901 Liil,
3672 5836 3725 5897 ὓς
