4006 6436
350 494 367 546 l
380 493 485 549 ευο

1482 494 1671 562 QUOD
1712 494 1899 551 UhUS
1942 492 2049 547 SIT
2087 496 2459 554 CHRISTUS.

3491 491 3628 552 ιτιο

341 616 715 685 ικπέμπουσι,
769 616 1023 669 κοινωνὸν
1054 617 1111 670 δὲ
1149 616 1346 687 μᾶλλον
1386 617 1634 686 υίότητος
1680 614 1775 670 καὶ
1833 614 1920 683 μέ-

2037 629 2157 671 esse
2186 619 2397 684 nolunt,
2425 619 2516 673 sed
2552 617 2736 688 potius
2763 615 3083 686 participem
3117 614 3391 671 liliationia
3422 623 3479 671 et
3511 622 3622 687 glo-

343 719 495 773 τοχον
527 703 685 774 δόξης
714 704 926 768 όθνείας
957 700 1095 758 εἷναί
1122 722 1306 775 φασιν,
1338 707 1399 758 οὺ
1429 707 1629 776 μάτην,
1661 706 1736 769 ὡς
1755 700 1928 775 οἶμαι,

340 795 441 857 τάς
485 796 638 866 παρὰ
684 795 791 847 τῶν
850 796 1119 851 Ἰουδαίων
1157 798 1427 860 διαϐολὰς,
1475 798 1559 849 ἐπ’
1593 796 1745 866 αὐτῷ
1778 813 1931 864 γενο-

344 884 873 957 μέναςέὑρήσομεν.
913 889 1189 957 Ἕφασκον
1227 890 1354 959 γὰρ,
1406 889 1485 942 δτι
1528 908 1546 940 ι
1583 890 1718 960 Περὶ
1763 888 1931 941 καλοῦ

340 976 501 1045 ἔργον
536 976 596 1028 οὗ
633 976 921 1047 λιθάζομέν
956 996 1036 1041 σε,
1080 979 1215 1032 ἀλλὰ
1254 980 1381 1050 περὶ
1431 980 1803 1051 βλασφημίας,
1852 982 1931 1034 ὅτι

342 1069 405 1121 σὺ
436 1068 721 1136 ἄνθρωπος
749 1069 844 1136 ῶν,
878 1076 1050 1135 ποιεῖς
1082 1074 1274 1126 ἑαυτὸν
1306 1075 1460 1130 Θεόν.

412 1154 471 1208 Β.
510 1158 622 1210 Καὶ
658 1158 765 1229 μὴν
794 1161 885 1213 καὶ
915 1161 1046 1215 Θεὸν
1075 1164 1169 1215 καὶ
1198 1164 1324 1218 Υίὸν
1349 1165 1602 1237 ἀληθινὸν
1625 1162 1766 1222 εἷναί
1797 1185 1927 1238 φασι

345 1246 432 1299 τὸν
462 1246 558 1302 ἕνα
586 1250 840 1321 Χριστόν.
1548 1254 1551 1257 λ

408 1338 476 1391 Α.
533 1342 702 1410 Δῆλον
753 1342 810 1395 δὲ
866 1343 948 1396 ὅτι
991 1346 1083 1398 τὸν
1134 1347 1196 1399 ἐκ
1249 1347 1382 1402 Θεοῦ
1436 1351 1631 1419 Λόγον,
1694 1351 1930 1407 λαϐόντα

340 1430 483 1484 κατὰ
512 1434 810 1503 συνάφειαν
839 1437 928 1489 τὸν
955 1439 1018 1491 ἐκ
1051 1439 1364 1508 σπέρματος
1401 1441 1496 1495 τοῦ
1526 1442 1711 1496 Δαϐίδ.

411 1523 471 1581 Β.
516 1525 655 1579 Ἀλλ’
693 1530 742 1579 εἰ
784 1529 857 1598 μή
889 1530 1039 1582 ἐστιν
1069 1531 1229 1594 αὐτὸς
1258 1534 1287 1585 6
1323 1534 1387 1587 ὲκ
1415 1533 1551 1587 Θεοῦ
1582 1536 1796 1607 Πατρὸς
1828 1538 1930 1591 Λό-

336 1631 453 1682 γος,
502 1618 531 1670 6
578 1618 673 1671 καὶ
719 1619 863 1672 κατά
910 1621 1092 1691 σάρκα
1136 1624 1200 1676 ἐκ
1253 1626 1532 1692 γυναικὸς,
1582 1627 1696 1681 ἀλλ’
1743 1629 1929 1697 ἕτερος

339 1707 458 1776 μεθ’
493 1708 705 1779 ἑτέρου,
743 1710 858 1775 πῶς
890 1712 958 1765 ἂν
987 1712 1198 1781 λέγοιτο
1238 1717 1504 1787 Χριστὸς,
1539 1719 1568 1771 6
1610 1718 1686 1789 μὴ
1742 1737 1929 1792 κεχρι-

338 1797 555 1867 σμένος,
582 1799 730 1853 καθά
762 1801 855 1854 καὶ
886 1803 1190 1871 φθάσαντες
1214 1805 1482 1878 εἴπομενς

404 1889 469 1941 Α.
504 1888 733 1955 Οὐκοῦν,
767 1893 815 1944 εί
846 1893 919 1963 μή
962 1895 1111 1949 ἐστιν
1137 1894 1325 1966 ἔτερος
1370 1895 1523 1966 παρά
1557 1894 1649 1949 τὸν
1686 1898 1748 1949 ἐκ
1790 1896 1926 1950 Θεοῦ

2045 711 2137 763 riae
2165 711 2354 764 aliena:
2395 724 2519 765 esse
2552 716 2814 775 statuunt,
2862 722 2968 763 non
3001 706 3228 771 frustra,
3264 716 3322 761 ut
3361 704 3624 770 arbitror,

2039 801 2210 857 Judaei
2254 800 2433 857 illum'
2464 803 2781 858 calumniati
2837 802 3058 866 fuerim,
3106 801 3348 855 dicentes
3379 814 3394 853 :
3432 817 3450 852 ι
3485 797 3627 865 Qui:

2039 895 2110 950 ob
2147 896 2347 948 bonum
2390 910 2527 963 Opus
2557 910 2662 949 non
2700 895 3001 967 lapidamus
3039 904 3115 958 te,
3148 892 3242 948 sed
3280 892 3350 945 ob
3383 890 3628 958 blasphe-

2041 988 2250 1051 miam,
2309 987 2452 1055 quod
2514 1001 2639 1041 cum
2711 989 2787 1042 sis
2864 989 3071 1051 homo,
3153 984 3327 1039 facias
3393 982 3623 1051 teipsum

2040 1078 2206 1135 Deum
2230 1078 2295 1133 ³⁸.
2328 1096 2349 1133 ι

2104 1168 2167 1223 Β.
2204 1168 2366 1237 Atqui
2407 1177 2461 1222 et
2503 1168 2671 1224 Deum
2721 1177 2777 1224 et
2822 1169 3019 1225 Filium
3066 1182 3185 1224 esse
3220 1169 3411 1224 dicunt
3455 1184 3622 1224 unum

2036 1261 2337 1316 Christum.

2107 1354 2173 1407 A.
2217 1353 2451 1408 Verbum
2496 1354 2708 1409 scilicet
2742 1369 2808 1410 ex
2854 1352 2988 1419 Deo,
3020 1354 3163 1423 quod
3198 1352 3496 1422 assumpsit
3540 1366 3625 1406 ra-

2039 1449 2186 1502 tione
2216 1448 2623 1519 coniunctionis
2655 1463 2778 1502 eum
2816 1447 2907 1517 qui
2959 1456 3045 1502 est
3091 1461 3157 1501 ex
3195 1446 3406 1500 semine
3433 1445 3627 1502 David.

2108 1537 2170 1593 Β.
2213 1536 2505 1604 Caeterum,
2532 1537 2577 1592 si
2613 1553 2721 1593 non
2746 1547 2829 1593 est
2857 1538 3036 1608 ipsum
3066 1550 3132 1592 ex
3163 1536 3275 1590 Deo
3299 1534 3463 1590 Patre
3488 1532 3627 1590 Ver-

2036 1631 2186 1689 bum,
2214 1630 2359 1699 quod
2384 1639 2437 1683 et
2468 1629 2768 1685 secundum
2798 1642 3019 1685 carnem
3045 1637 3128 1683 est
3155 1643 3220 1682 ex
3255 1627 3503 1692 muliere,
3531 1628 3627 1682 sed

2036 1720 2171 1777 alius
2197 1738 2319 1777 cum
2362 1722 2500 1787 alio;
2536 1722 2808 1794 quomodo
2842 1722 3055 1777 dicatur
3093 1720 3343 1777 Christus
3384 1720 3476 1791 qui
3518 1734 3626 1775 non

2034 1824 2116 1870 est
2142 1823 2358 1882 unctus,
2388 1823 2448 1869 ut
2481 1824 2535 1869 et
2561 1825 2689 1870 ante
2720 1813 3005 1869 diximus?

2105 1905 2171 1960 A.
2212 1906 2353 1975 Ergo
2386 1906 2431 1960 si
2483 1906 2529 1961 is
2568 1906 2661 1973 qui
2698 1912 2781 1960 est
2816 1920 2882 1960 ex
2924 1904 3135 1959 semine
3168 1903 3340 1960 David
3389 1919 3495 1959 non
3540 1910 3629 1960 est

337 1981 551 2052 Πατρός
587 1983 783 2051 Λόγον,
808 1986 836 2038 6
864 1988 927 2039 ὲκ
959 1986 1276 2059 σπέρματος
1320 1986 1416 2042 τοῦ
1456 1988 1640 2053 Δαϐὶδ,
1681 1988 1920 2059 λεγέσθω

2035 1996 2167 2051 alius
2215 2012 2245 2051 a
2290 1972 2469 2053 Verbo
2524 1972 2597 2052 ex
2631 1996 2741 2053 Deo
2792 1996 2977 2061 Patre,
3027 1995 3245 2053 dicatur
3275 1997 3442 2053 etiam
3496 2006 3627 2052 ante

334 2072 429 2125 καὶ
460 2073 804 2143 προαιὼνιος.

404 2163 463 2216 Β.
503 2158 637 2218 Εἶτα
689 2165 807 2228 πῶς
846 2170 874 2220 6
910 2168 1184 2237 πάνσοφος
1231 2169 1466 2235 Παῦλος,
1509 2171 1789 2226 ἐκϐάλλων
1826 2173 1925 2244 τὴν

331 2256 509 2322 δόξαν,
546 2258 621 2321 ὡς
659 2259 715 2311 ἐν
757 2261 1094 2330 ἐρωτήσεσιν
1139 2265 1289 2317 ἐστιν
1319 2264 1567 2318 ἀπαιτῶν
1600 2266 1691 2320 καὶ
1728 2264 1923 2334 λέγων,

334 2368 351 2398 ι
397 2349 603 2420 Ἰησοῦς
629 2351 863 2421 Χριστὸς
900 2353 1026 2424 χθὲς
1048 2355 1141 2407 καὶ
1170 2357 1412 2427 σήμερον
1436 2361 1462 2411 6
1493 2358 1679 2424 αὐτὸς,
1713 2360 1806 2414 καὶ
1838 2362 1921 2425 είς

330 2444 453 2505 τοὺς
478 2443 701 2506 αἰῶνας.
730 2464 747 2494 ι
782 2444 844 2497 Ei
889 2444 1020 2513 γοῦν
1052 2448 1146 2500 καὶ
1189 2447 1394 2519 ἕτερος,
1431 2457 1461 2509 ὁ
1505 2450 1616 2521 γάρ
1656 2451 1784 2521 χθὲς
1821 2454 1925 2508 ’καὶ

329 2534 589 2605 σήμερον,
621 2535 806 2606 φησὶν,
848 2536 1077 2609 Ἰησοῦς,
1112 2540 1141 2591 6
1169 2539 1331 2604 αὐτὸς
1363 2539 1515 2594 ἔσται
1558 2544 1652 2597 καὶ
1686 2546 1768 2608 είς
1797 2547 1926 2611 τοὺς

328 2624 554 2687 αἰῶνας.
596 2628 909 2696 πρόσφατος
947 2628 1212 2698 δηλονότι,
1247 2631 1344 2685 καὶ
1378 2633 1506 2702 χθὲς
1531 2638 1626 2687 καὶ
1657 2638 1922 2708 σήμερον,

331 2718 506 2771 καίτοι
546 2717 639 2771 τοῦ
687 2718 824 2773 Θεοῦ
860 2720 1036 2789 Λόγου
1084 2720 1164 2792 τῷ
1213 2722 1327 2794 ίδίῳ
1379 2724 1555 2797 Πατρὶ
1588 2744 1923 2800 συνυφεστη-

330 2809 509 2875 κότος.

397 2901 464 2956 Δ.
501 2900 757 2955 Μάλιστα
818 2904 918 2970 μὲν
969 2903 1236 2969 ἀδικοῦσι,
1295 2909 1759 2979 παροχετεύοντες
1825 2914 1923 2984 τὴν

330 2991 617 3062 ἀλήθειαν,
652 2993 744 3045 ἐπὶ
785 2994 847 3047 τό
876 3011 939 3061 γε
975 2996 1158 3064 σφίσιν
1188 2998 1372 3061 αὐτοῖς
1403 3000 1679 3064 ἀσυνέτως
1706 3001 1921 3068 δοκοῦν,

329 3079 427 3137 καὶ
476 3080 587 3133 τῶν
642 3081 805 3152 ἱερῶν
852 3082 1203 3155 Γραμμάτων
1245 3086 1305 3140 τὸ
1339 3088 1566 3159 ἀκριϐὲς
1618 3093 1918 3164 παραφθεί-

332 3189 537 3242 ροντες.
578 3172 637 3226 El
683 3174 740 3227 δὲ
769 3173 831 3244 δή
864 3191 950 3238 τις
1004 3176 1151 3246 λέγοι
1199 3178 1291 3231 καὶ
1322 3180 1651 3250 προαιὼνιον
1684 3185 1923 3255 Χριστὸν

344 3261 573 3333 Ἰησοῦν,
614 3264 714 3315 οὐκ
758 3264 823 3317 ἂν
866 3265 1102 3336 ἁμάρτοι
1130 3267 1418 3338 τάληθοῦς,
1469 3272 1628 3343 εἴπερ
1659 3275 1808 3328 ἐστὶν
1840 3271 1921 3341 εἷς
1947 3315 1992 3376 c

328 3351 458 3413 Υἱὸς
494 3354 590 3405 καὶ
621 3352 843 3423 Κύριος,
872 3355 901 3407 ό
944 3354 1273 3426 προαιώνιος
1300 3360 1490 3428 Λόγος,
1526 3363 1626 3435 τὴν
1665 3367 1724 3418 ἐν
1756 3368 1920 3437 ἐσχά-

328 3461 441 3507 τοις
485 3442 581 3498 τοῦ
615 3444 811 3509 αἰῶνος
858 3449 1073 3517 καιροῖς
1120 3449 1262 3503 κατά
1318 3451 1497 3521 σάρκα
1544 3454 1608 3507 ὲκ
1658 3456 1919 3523 γυναικὸς

329 3535 633 3605 ὑπομείνας
660 3535 933 3616 γέννησιν.
971 3538 1097 3592 Ὅτι
1134 3537 1190 3592 δὲ
1214 3541 1313 3594 οὐκ
1346 3542 1638 3613 ἠλλοίωται
1676 3548 1917 3616 γεγονὼς

327 3626 611 3699 ἄνθρωπος
642 3627 765 3681 καθ’
793 3630 941 3699 ἡμᾶς
973 3632 1002 3683 ό
1038 3631 1230 3699 Λόγος,
1277 3633 1658 3705 διαμεμήνυκε
1686 3638 1861 3709 λέγων
1890 3644 1919 3696 6

329 3720 798 3789 ηνευματοφόροςο
836 3740 853 3771 ι
890 3720 1096 3790 Ἰησοῦς
1122 3722 1359 3793 Χριστὸς
1393 3724 1520 3796 χθὲς
1548 3727 1640 3781 καὶ
1674 3730 1918 3803 σήμερον

325 3811 355 3863 6
386 3810 568 3874 αὐτὸς,
598 3811 694 3863 καὶ
720 3812 800 3874 εἰς
825 3814 953 3875 τοὺς
986 3813 1212 3877 αἰῶνας.
1243 3834 1262 3867 ι
1304 3817 1412 3869 Καὶ
1444 3820 1778 3889 σημαντικὸν
1817 3823 1917 3894 μὲν

325 3902 421 3958 τοῦ
461 3904 857 3974 παρῳχηκότος
893 3904 1091 3973 χρόνον
1136 3908 1390 3973 meiut,
1429 3910 1488 3963 τὸ
1514 3912 1679 3980 χθές,
1716 3914 1811 3969 τοῦ
1852 3932 1916 3985 γε

330 3994 438 4066 μὴν
479 3995 795 4061 ἐνεστῶτος,
837 3996 900 4049 τὸ
937 3995 1225 4067 σήμερον,
1252 4000 1347 4055 τοῦ
1393 4002 1450 4055 δὲ
1496 4005 1791 4071 ἐνεστῶτος
1823 4010 1919 4064 κα)⁵

330 4084 636 4155 μέλλοντος,
664 4086 747 4149 τὸ,
781 4088 859 4150 είς
881 4087 1009 4152 τοὺς
1030 4088 1256 4154 αἰῶνας.
1287 4093 1347 4144 El
1377 4093 1434 4147 δὲ
1458 4095 1659 4149 οἴονταί
1683 4115 1735 4152 τι
1755 4101 1916 4171 σοφὸν

325 4179 721 4249 ὲννενοηκέναι,
750 4178 811 4232 τὸ
839 4180 981 4249 χθές
1024 4182 1118 4234 καὶ
1156 4184 1428 4253 σήμερον
1461 4188 1582 4242 ἀντὶ
1616 4190 1711 4244 τοῦ
1748 4210 1921 4263 προσ-

328 4272 500 4341 φάτου
525 4270 829 4340 δεχόμενοι,
870 4270 1271 4344 διατεινόμενοί
1300 4294 1359 4329 τε
1411 4280 1502 4331 καὶ
1543 4280 1813 4349 λέγοντες,
1854 4284 1919 4343 Ὀ

328 4362 453 4437 χθὲς
485 4362 577 4415 καὶ
618 4364 874 4434 σήμερον,
905 4364 1029 4427 ,πῶς
1073 4364 1140 4418 ἂν
1161 4369 1246 4437 εἴη
1290 4371 1381 4422 καὶ
1411 4373 1491 4435 είς
1526 4376 1653 4438 τοὺς
1681 4377 1914 4447 αίῶνας;

332 4455 744 4524 μεταστήσομεν
764 4455 856 4507 καὶ
883 4456 1043 4525 ἡμεῖς
1070 4456 1168 4529 τὴν
1191 4460 1286 4531 τῆς
1312 4463 1634 4535 ἐρωτήσεως
1662 4466 1914 4541 δύναμιν,

328 4547 407 4610 είς
458 4546 520 4599 τὸ
576 4545 700 4616 ἕχον
742 4548 1023 4612 ἐναντίως.
1070 4549 1127 4604 Ὀ
1166 4550 1275 4623 γάρ
1314 4557 1394 4619 είς
1432 4557 1558 4621 τοὺς
1599 4560 1802 4627 αἰῶνας
1840 4561 1915 4618 ὢν

2027 2090 2222 2144 saecula
2260 2090 2563 2145 exstitisse.

2097 2183 2160 2237 Β.
2202 2184 2275 2239 At
2328 2199 2438 2255 quo
2484 2193 2643 2253 pacto
2686 2184 3125 2256 sapientissimus
3152 2184 3353 2240 Paulus
3406 2184 3620 2255 inquit:

2038 2293 2056 2327 ι
2089 2273 2253 2330 Jesus
2304 2275 2555 2331 Christus
2599 2276 2715 2332 beri
2770 2286 2827 2331 et
2882 2276 3043 2331 hodie
3088 2294 3104 2331 :
3153 2276 3272 2347 ipse
3311 2286 3366 2333 et
3414 2278 3466 2332 in
3520 2290 3628 2333 sae-

2029 2369 2151 2426 cula
2178 2369 2223 2401 ³⁶
2248 2368 2272 2424 ?
2300 2388 2320 2422 ι
2369 2369 2425 2424 Si
2474 2383 2605 2441 ergo
2636 2369 2801 2424 etiam
2853 2368 2996 2425 alius
3030 2379 3113 2425 est
3140 2367 3320 2437 (Jesus
3346 2369 3514 2434 enim,
3541 2368 3626 2424 in.

2029 2464 2167 2533 quit,
2198 2474 2283 2519 est
2321 2463 2439 2517 heri
2471 2470 2526 2517 et
2555 2461 2760 2533 hodie),
2786 2462 2930 2517 idem
2978 2463 3084 2516 erit
3118 2461 3283 2517 etiam
3316 2462 3368 2517 in
3400 2461 3621 2529 secula,

2028 2567 2223 2607 recens
2272 2552 2559 2617 nimirum,
2606 2560 2661 2606 et
2718 2552 2883 2606 hodie
2932 2560 3100 2622 atque
3140 2551 3297 2607 heri:
3330 2552 3457 2608 licet
3488 2551 3623 2609 Ver-

2028 2642 2153 2696 bum
2186 2659 2309 2699 cum
2341 2641 2507 2699 Patre
2536 2644 2857 2700 coexsistat.

2100 2902 2168 2959 A.
2216 2904 2507 2973 Perperam
2550 2913 2701 2959 certe
2743 2904 2970 2971 faciunt,
3011 2907 3325 2963 derivantes
3354 2906 3517 2979 747
3556 2921 3623 2963 ac

2026 2997 2434 3066 distorquentes
2459 2996 2747 3051 veritatem
2792 2998 2860 3053 ad
2909 3014 3061 3054 suam
3102 3000 3408 3069 imperitam
3441 2998 3623 3054 libidi-

2026 3103 2185 3153 nem,
2238 3098 2293 3143 et
2336 3102 2619 3143 sacrarum
2672 3087 3001 3145 Litterarum
3059 3106 3243 3146 veram
3294 3091 3621 3147 sententiam

2025 3191 2465 3251 corrumpentes.
2504 3180 2561 3235 Si
2610 3196 2740 3237 vero
2785 3184 2911 3253 quis
2947 3182 3302 3240 aﬂirmaverit
3340 3184 3620 3240 Christum

2026 3268 2211 3326 Jesnm
2259 3281 2386 3326 ante
2435 3272 2636 3326 saecula
2690 3274 2991 3341 exstitisse,
3041 3291 3069 3329 a
3106 3291 3240 3331 vero
3277 3288 3621 3346 nequaquam

2027 3364 2382 3419 aberraverit.
2417 3364 2701 3436 Siquidem
2750 3376 2837 3422 est
2879 3382 3020 3421 unus
3049 3365 3220 3422 Filius
3252 3379 3305 3425 et
3334 3367 3620 3434 Dominus,

2026 3455 2265 3512 Verbum
2317 3468 2443 3514 ante
2488 3458 2709 3525 sxcula,
2761 3460 2905 3530 quod
2959 3460 3017 3515 in
3070 3460 3386 3518 novissimis
3433 3461 3621 3519 saeculi

2027 3550 2362 3617 temporibus
2397 3536 2733 3605 nativitatem
2783 3552 3081 3605 secundum
3137 3567 3358 3608 carnem
3404 3568 3470 3608 ex
3508 3570 3621 3610 mu-

2026 3642 2159 3697 liere
2188 3643 2375 3696 subiit.
2407 3640 2560 3709 Quod
2610 3650 2790 3699 autem
2831 3642 3070 3700 Verbum
3112 3644 3273 3700 homo
3323 3648 3492 3701 nostri
3527 3646 3621 3701 si-

2026 3734 2169 3788 milis
2198 3733 2396 3789 factum
2428 3736 2772 3790 immutatum
2806 3753 2911 3791 non
2935 3739 3025 3804 sit,
3055 3738 3392 3809 signiﬁcavit
3417 3739 3621 3813 Paulus

2029 3825 2233 3894 Spiritu
2284 3825 2495 3882 amatus
2541 3827 2773 3882 dicens:
2809 3848 2827 3880 ι
2858 3827 3021 3884 Jesus
3063 3828 3319 3890 Christus
3368 3833 3527 3897 hodie
3564 3843 3620 3890 et

2028 3918 2165 3983 heri,
2202 3918 2319 3989 ipse
2360 3919 2500 3973 etin
2539 3919 2777 3988 saecula;
2810 3939 2830 3973 ι
2869 3936 2934 3977 ac
2964 3936 3058 3992 per
3100 3922 3234 3987 lteri,
3280 3923 3618 3995 praeteritum

2027 4020 2237 4080 tempus
2284 4011 2521 4078 indicat;
2574 4027 2672 4082 per
2710 4012 2906 4078 hodie,
2958 4029 3240 4085 praesens;
3288 4031 3387 4086 per
3419 4017 3619 4074 uacula

2024 4118 2174 4169 vero,
2209 4117 2450 4174 praesens
2478 4114 2535 4159 et
2566 4103 2831 4161 futurum.
2873 4106 2942 4160 At
2962 4104 3006 4160 si
3048 4114 3240 4176 putant
3271 4121 3331 4161 se
3359 4122 3616 4178 magnum

2023 4199 2226 4268 aliquid
2259 4199 2624 4268 excogitasse,
2667 4202 2810 4268 quod
2856 4213 2953 4266 per
2983 4198 3096 4254 lteri
3128 4210 3183 4254 et
3216 4200 3393 4268 hodie,
3427 4214 3611 4257 recen-

2026 4302 2133 4347 tem
2167 4290 2494 4361 intelligant,
2521 4289 2591 4344 ita
2616 4293 3008 4348 contendentes
3039 4310 3054 4348 :
3086 4291 3189 4360 Qui
3227 4293 3346 4348 beri
3370 4303 3424 4348 et
3453 4293 3616 4351 hodie

2022 4397 2126 4451 est,
2160 4384 2436 4455 quomodo
2469 4384 2542 4439 sit
2567 4386 2732 4439 etiam
2776 4385 2828 4439 in
2860 4383 3097 4440 saecula?
3140 4383 3535 4442 transferemus
3561 4394 3615 4443 et

2026 4493 2124 4533 nos
2176 4477 2625 4547 interregationis
2678 4476 2788 4530 vim
2834 4478 2894 4531 in
2942 4478 3281 4533 contrarium
3320 4496 3333 4533 :
3376 4478 3614 4534 Verbum

2022 4570 2165 4624 enim
2197 4570 2469 4624 exsistens
2518 4569 2569 4623 in
2616 4568 2839 4631 smcula,
2874 4585 2983 4639 quo
3020 4578 3177 4639 pacto
3210 4571 3433 4640 recipiat
3468 4571 3522 4625 in
3555 4585 3614 4627 se

329 4638 524 4705 Λόγος,
562 4637 679 4699 πῶς
709 4636 776 4736 ἀν
797 4638 949 4692 λάϐοι
974 4640 1037 4693 τὸ
1067 4641 1193 4711 χθὲς
1214 4645 1306 4697 καὶ
1330 4646 1571 4721 σήμερον
1599 4652 1686 4722 ἐφ.
1715 4655 1911 4727 ἐαυτῷ,

2035 4664 2135 4716 lteri
2160 4671 2215 4717 et
2256 4661 2459 4715 hodie?
2500 4659 2778 4730 Siquidem
2818 4636 2908 4716 est
2935 4636 3076 4716 unus
3100 4636 3374 4728 Christus,
3407 4673 3464 4719 et
3502 4678 3613 4719 ncn

327 4728 484 4799 εἴπερ
508 4728 656 4781 ἐστὶν
688 4723 768 4793 εἷς
815 4732 844 4784 6
891 4733 1148 4803 Χριστὸς,
1182 4737 1278 4789 καὶ¹
1312 4741 1372 4791 οὐ
1407 4742 1739 4813 μεμέρισται
1771 4723 1909 4802 κατὰ

329 4820 425 4891 τὴν
454 4821 551 4874 τοῦ
586 4820 875 4879 θεσπεσίου
919 4826 1136 4881 Παύλου
1183 4834 1386 4902 φωνήν.
1432 4834 1555 4887 ’Ότι
1619 4837 1728 4909 γάρ
1768 4840 1912 4895 οὕτω

330 4912 466 4985 πρὸς
497 4914 657 4985 ήμῶν
690 4914 865 4969 ἐθέλει
897 4919 1284 4989 γνωρίζεσθαι,
1322 4924 1618 4979 κάντεῦθεν
1651 4929 1774 5003 εἴσῃ
1806 4947 1909 4986 τοι.

330 5006 523 5060 Καίτοι
563 5008 674 5076 γὰρ
705 5008 985 5078 ὁρώμενος
1011 5011 1068 5064 ὲν
1102 5013 1287 5081 σαρκὶ,
1317 5016 1411 5069 καὶ
1437 5019 1547 5083 τοῖς
1572 5019 1671 5090 τῆς
1700 5022 1913 5095 ἀνθρω-

328 5099 559 5169 πότητος
584 5101 803 5173 μέτροις
829 5102 1177 5175 ἐμϐεϐηκὼς,
1198 5106 1298 5178 τὴν
1325 5110 1653 5181 προαιώνιον
1678 5113 1911 5187 ὓπαρξιν

327 5190 505 5263 ἐαυτῷ
565 5193 1106 5266 προσμεμαρτύρηκε
1161 5197 1337 5266 λέγων
1370 5218 1383 5231 ·
1460 5220 1479 5253 ι
1523 5204 1715 5277 Ἀμὴν,
1761 5210 1910 5279 ἀμὴν

326 5280 469 5350 λέγω
499 5284 649 5353 ὑμῖν,
678 5285 811 5356 πρὶν
852 5287 1102 5360 Ἀϐραὰμ
1130 5291 1405 5359 γενέσθαι,
1444 5295 1555 5363 ἐγώ
1577 5300 1711 5369 εἰμι.
1742 5319 1760 5351 ι
1799 5303 1909 5357 Καὶ

328 5374 510 5429 πάλιν·
544 5393 562 5425 ι
592 5377 653 5429 Εἰ
684 5378 751 5431 τά
776 5377 994 5447 ἐπίγεια
1015 5376 1169 5436 εἶπεν
1201 5385 1350 5453 ὑμῖν,
1381 5388 1473 5441 καὶ
1504 5389 1564 5441 οὐ
1595 5394 1907 5464 πιστεύετε,

326 5463 466 5531 πῶς,
498 5466 593 5522 ἐὰν
660 5470 798 5523 εἴπω
842 5471 969 5540 ὑμῖν
1014 5472 1081 5525 τά
1133 5474 1455 5546 ἐπουράνια,
1499 5483 1855 5550 πιστεύσετες
1884 5506 1901 5537 ι

330 5556 455 5646 Καί·
495 5576 512 5608 ι
544 5558 736 5623 οὐδεὶς
756 5560 1098 5633 ἀναϐέϐηκεν
1122 5566 1202 5629 εἰς
1226 5566 1315 5618 τὸν
1340 5569 1590 5640 οὐρανὸν,
1610 5576 1657 5627 εί
1691 5574 1765 5646 μὴ
1794 5580 1820 5629 6
1846 5578 1911 5630 ἐκ

327 5645 418 5700 τοῦ
459 5648 692 5721 οὐρανοῦ
725 5651 989 5718 καταϐάς,
1033 5656 1061 5707 6
1112 5656 1237 5721 Υἱὸς
1282 5659 1378 5712 τοῦ
1409 5645 1761 5733 ἀνθρώπου.ι
1823 5670 1910 5732 Ὠς

332 5743 433 5811 γὰρ
474 5741 735 5813 ὑπάρχων
754 5745 843 5798 ἀεὶ
873 5746 962 5799 καὶ
991 5748 1316 5819 προαιώνιος
1353 5755 1545 5824 Λόγος,
1578 5758 1909 5832 καθιγμένος

399 5921 440 5951 ⁸³
472 5920 625 5979 Juan.
658 5942 707 5986 δ,
740 5925 827 5981 55.
906 5928 947 5958 ³⁸
980 5929 1140 5984 Hebr.
1172 5948 1287 5997 xm,
1324 5934 1373 5986 8.

2019 4766 2101 4810 est
2134 4753 2364 4819 divisus,
2407 4750 2561 4821 juxta
2598 4752 2766 4807 divini
2814 4753 2958 4808 illius
3000 4752 3152 4807 Pauli
3201 4770 3411 4810 vocem.
3458 4755 3614 4825 Quod

2018 4847 2162 4901 enim
2208 4846 2281 4898 ita
2324 4860 2355 4898 a
2401 4844 2556 4900 nobis
2601 4845 2861 4914 cognosci
2911 4845 3168 4911 voluerit,
3211 4848 3335 4903 imle
3382 4848 3611 4919 intelligi

2018 4946 2213 5007 potest.
2245 4936 2505 5005 Quamvis
2549 4937 2697 4993 enim
2728 4939 2784 4993 in
2826 4953 2993 4995 carne
3033 4943 3370 5011 apparuerit,
3408 4951 3465 4997 et
3508 4943 3611 4997 hu-

2018 5044 2190 5084 mana:
2223 5039 2431 5083 natura:
2460 5029 2827 5086 conditionem
2873 5033 3125 5099 subierit,
3169 5051 3228 5091 se
3270 5045 3450 5093 tamen
3488 5046 3614 5091 ante

2017 5119 2214 5174 saxcula
2273 5119 2552 5174 exstitisse
2598 5129 2847 5187 teSIatur,
2896 5123 3127 5181 dicens:
3160 5144 3179 5177 ι
3208 5124 3403 5192 Amen,
3449 5142 3610 5181 amen

2017 5211 2139 5266 dico
2168 5213 2343 5277 vobis,
2376 5222 2666 5281 antequam
2693 5212 2973 5270 Abraham
3016 5217 3174 5271 heret
3206 5233 3306 5289 ego
3336 5235 3454 5274 sum
3480 5218 3549 5276 ".
3584 5238 3606 5275 ι

2019 5304 2084 5358 Ει
2130 5319 2346 5359 rursum
2382 5325 2392 5359 :
2426 5322 2445 5356 ι
2476 5302 2532 5359 Si
2578 5314 2793 5361 terrena
2835 5307 2946 5362 dixi
2992 5310 3166 5377 vobis,
3213 5320 3269 5365 et
3303 5328 3406 5366 non
3435 5314 3607 5368 credi-

2010 5398 2103 5463 tis,
2134 5399 2427 5467 quomodo,
2455 5398 2499 5453 si
2528 5399 2779 5455 caelestia
2813 5400 3004 5457 dixero
3027 5403 3201 5471 vobis,
3224 5406 3463 5461 credetis
3481 5405 3564 5461 "‘i
3584 5428 3604 5460 ›

2012 5490 2117 5544 Et:
2160 5509 2177 5541 ι
2208 5489 2377 5545 Nemo
2420 5494 2665 5548 ascendit
2715 5494 2768 5548 in
2822 5494 3026 5549 cadum
3072 5496 3178 5550 nisi
3231 5499 3324 5568 qui
3357 5513 3423 5553 ex
3467 5501 3606 5554 coelo

2010 5582 2308 5649 descendit,
2356 5582 2526 5642 Filius
2571 5585 2806 5641 hominis
2835 5586 2899 5641 ”.
2934 5605 2954 5639 ι
3004 5586 3137 5641 Nam
3180 5597 3237 5643 ut
3289 5604 3503 5659 semper
3551 5601 3604 5646 et

2012 5687 2139 5729 ante
2178 5676 2375 5730 sarcula
2420 5677 2689 5732 exsistens
2738 5676 2972 5734 Verbum
3030 5680 3371 5737 descendite
3404 5684 3600 5738 caelis:

2012 5766 2206 5821 deinde
2240 5767 2379 5822 idem
2408 5770 2659 5838 apparuit
2687 5770 2850 5826 homo
2882 5772 3053 5827 nostri
3088 5771 3301 5838 similis,
3343 5783 3599 5844 tanquam

1454 5938 1494 5967 ‘7
1527 5935 1680 5993 Jnun.
1714 5957 1828 6007 vm,
1873 5941 1959 5997 58.
2037 5945 2078 5976 ³⁵
2106 5944 2260 6001 Juun.
2297 5964 2376 6013 nt,
2414 5950 2494 6003 l2.
2574 5950 2617 5981 3’
2652 5950 2781 6005 ibid-
2819 5950 2904 6005 ‘5-
