4006 6476
445 468 576 527 1511

1460 462 1518 519 S.
1557 459 1834 518 CYRILLI
1875 452 2344 513 ALEXANDRINI
2387 451 2709 510 ARCIIIEP.

3561 441 3697 500 ιω

447 602 585 644 unus
620 586 870 643 Christus
908 594 963 641 et
1015 583 1294 648 Dominus,
1338 589 1395 637 et
1442 581 1659 652 quando
1706 580 1881 635 factus
1931 584 2013 632 est

2132 575 2176 639 ιξ
2207 574 2475 646 οὐρανῶν,
2510 569 2629 627 εἷτα
2662 568 2919 642 πεφηνὼς
2958 568 2987 621 6
3024 566 3185 631 αὐτὸς
3246 563 3370 620 καθ’
3418 563 3593 652 ἡμᾶς.
3622 564 3698 628 ὡς

444 694 598 747 caro,
631 676 935 747 huiusmodi
971 676 1182 732 loculus
1207 684 1313 731 est.

516 851 578 906 Β.
631 852 805 906 Aliam
861 867 1076 922 quoque
1149 850 1411 906 rationem
1469 848 1873 918 excogitarunt.
1937 846 2016 899 Ita

446 945 613 1007 enim,
631 945 801 1008 aiunt,
817 944 1121 998 censendus
1136 953 1218 998 est
1244 942 1289 997 is
1308 943 1395 1012 qni
1422 952 1505 996 est
1522 956 1587 996 cx
1605 940 1811 995 semine
1830 937 2016 1002 David,

446 1048 565 1089 esse
598 1034 765 1091 Filius
791 1034 908 1100 Dei,
942 1034 1084 1088 sicut
1111 1043 1166 1088 et
1195 1032 1371 1102 ipsum
1419 1030 1647 1085 Verbum
1677 1044 1742 1084 ex
1777 1029 1886 1085 Deo
1918 1027 2020 1082 Pa-

450 1134 531 1179 tre
575 1126 775 1180 dicitur
825 1138 947 1180 esse
991 1123 1156 1178 Filius
1201 1121 1390 1177 David.
1448 1119 1651 1177 Natura
1706 1119 1871 1185 enim,
1912 1134 2017 1174 non

520 1307 589 1359 Δ.
629 1304 780 1360 Vera:
815 1306 997 1375 itaque
1020 1304 1198 1362 laudis
1218 1302 1362 1359 ratio
1394 1302 1685 1373 recipiatur
1712 1310 1770 1355 ut
1796 1300 1869 1355 ita
1899 1313 2021 1355 cre-

448 1397 607 1451 datur
644 1396 876 1451 Verbum
905 1412 1035 1451 caro
1076 1396 1301 1461 factum,
1338 1395 1439 1451 hoc
1478 1404 1561 1450 est
1614 1394 1777 1449 homo
1809 1411 1823 1447 :
1858 1402 2023 1463 atque

448 1486 651 1541 idcirco
682 1486 848 1543 Filius
886 1486 1052 1541 David
1100 1501 1205 1542 non
1250 1486 1490 1552 Ilctitius,
1527 1485 1623 1540 sed
1670 1495 1925 1554 tanquam
1953 1498 2020 1539 ex

451 1580 565 1647 ipso
612 1578 923 1649 apparuerit
972 1580 1270 1632 secundum
1301 1590 1543 1638 carnem,
1571 1583 1626 1629 ct
1672 1573 1930 1628 manserit
1970 1572 2022 1628 id

449 1670 591 1738 quod
628 1678 766 1731 erat,
796 1669 1049 1722 nimirum
1091 1668 1231 1721 Deus
1272 1680 1302 1719 a
1350 1664 1477 1719 Deo.
1516 1664 1722 1719 Idcirco
1753 1671 1813 1717 et
1848 1665 2020 1717 sancti

453 1760 799 1829 evangelista:
846 1760 1080 1815 scientes
1126 1759 1296 1827 ipsmn
1333 1756 1500 1811 Deum
1552 1755 1713 1809 simul
1755 1765 1808 1809 et
1844 1756 2021 1811 homi-

454 1866 575 1905 nem
626 1865 783 1915 esse,
838 1851 907 1903 ita
957 1849 1022 1903 ad
1076 1863 1173 1903 nos
1216 1848 1283 1902 de
1328 1849 1443 1914 ipso
1477 1845 1825 1918 7&8locuti
1873 1855 2020 1903 sunt.

454 1940 729 2010 Scriptum
770 1941 916 1997 enim
950 1950 1036 1995 est
1068 1942 1131 1995 de
1173 1939 1333 1995 beato
1370 1937 1632 2008 Baptista,
1662 1940 1805 2007 quod
1838 1958 1856 1992 ι
1900 1938 2024 1995 Ροε·

458 2030 622 2083 tridie
650 2030 792 2084 videt
818 2027 1005 2085 Jesum
1036 2029 1340 2083 venientem
1372 2030 1437 2082 ad
1460 2042 1539 2095 se,
1566 2038 1620 2082 et
1646 2029 1776 2084 dicit
1824 2049 1837 2084 :
1892 2030 2028 2086 Ecce

453 2119 794 2189 Agnus‘Dei,
836 2120 926 2189 qui
961 2120 1097 2173 tollit
1142 2130 1427 2188 peccatum
1474 2119 1679 2174 mundi.
1718 2119 1818 2175 Hic
1851 2131 1934 2175 est
1961 2121 2028 2177 de

453 2225 563 2281 quo
607 2212 720 2265 dixi
751 2230 764 2266 :
796 2210 923 2265 Post
965 2226 1050 2265 me
1096 2211 1243 2265 venit
1291 2211 1392 2275 vir,
1434 2211 1524 2279 qni
1570 2220 1695 2264 ante
1739 2226 1825 2265 me
1855 2212 2026 2267 factus

455 2310 561 2365 est,
605 2301 732 2370 quia
776 2302 924 2370 prior
973 2316 1058 2355 me
1109 2310 1246 2366 erat,
1297 2309 1351 2355 et
1398 2315 1498 2371 ego
1529 2300 1833 2355 nesciebam
1875 2315 2024 2368 eum,

455 2395 550 2450 sed
585 2403 645 2449 ut
691 2391 1072 2449 manifestetur
1119 2393 1172 2447 in
1219 2391 1407 2458 Israel,
1438 2403 1719 2462 propterea
1769 2393 1885 2447 veni
1926 2408 2026 2462 ego

456 2486 513 2540 in
560 2500 702 2554 aqua
752 2484 1038 2554 baptizans
1060 2483 1126 2539 “.
1166 2504 1185 2538 ι
1216 2482 1477 2554 Intelligis
1533 2484 1717 2555 itaque
1755 2485 2026 2554 quomodo

454 2578 630 2629 virum
702 2590 917 2637 vocans,
974 2590 1279 2645 agnumque
1338 2577 1513 2646 ipsum
1565 2574 1863 2647 appellans,
1918 2590 2026 2632 non

456 2665 619 2718 alium
658 2678 781 2719 esse
831 2662 959 2718 dicit
992 2663 1082 2730 qui
1134 2663 1271 2717 tollit
1302 2678 1524 2733 peccata
1572 2664 1776 2731 mundi,
1821 2674 1875 2719 et
1920 2679 2029 2719 ma-

452 2769 613 2825 gnam
652 2754 791 2808 hanc
832 2763 995 2823 atque
1041 2753 1359 2810 immensam
1405 2755 1756 2825 divinamque
1796 2755 2028 2827 dignita-

454 2854 561 2901 tem
589 2848 637 2901 ei
662 2845 871 2900 tribuit.
910 2848 1048 2901 Ante
1081 2860 1208 2901 vero
1247 2861 1310 2901 ac
1342 2846 1573 2914 priorem
1600 2861 1659 2902 se
1700 2846 1902 2902 factum
1930 2848 2026 2915 ait,

454 2938 581 2993 licet
623 2938 889 3009 posterior
950 2935 1149 3001 fuerit,
1200 2938 1409 2993 ratione
1460 2936 1714 2991 nimirum
1770 2939 2030 3008 temporis

455 3042 564 3097 quo
609 3028 903 3082 secundum
955 3041 1176 3081 carnem
1227 3036 1386 3082 natus
1431 3036 1533 3082 est.
1591 3027 1852 3095 Quamvis
1882 3029 2026 3085 enim

458 3120 776 3173 Emmanuel
820 3127 1087 3189 qnatenns
1134 3120 1293 3174 homo
1339 3128 1461 3189 post
1511 3120 1657 3175 illum
1704 3130 1863 3175 natus
1905 3120 2027 3187 luit,

2118 660 2199 729 εἷς
2241 664 2477 735 Χριστὸς
2520 665 2615 718 καὶ
2656 660 2884 733 Κύριος,
2931 659 3029 713 καὶ
3069 659 3158 712 ὅτε
3196 655 3389 726 γέγονε
3433 649 3597 723 σὰρξ.
3629 653 3700 706 τά

2116 757 2294 813 τοιάδε
2322 756 2509 827 φησίν.

2188 847 2250 902 Β.
2297 846 2617 919 Ἐξεύρηταί
2641 862 2726 909 τις
2761 845 2943 908 αὐτοῖς
2980 841 3073 896 καὶ
3108 842 3305 912 ἕτερος.
3323 837 3505 906 λόγος.
3542 836 3699 890 Ἔστι

2117 939 2177 994 δὲ
2230 933 2407 1003 οὗτος,
2471 937 2617 992 οὕτω
2659 937 2768 1009 γὰρ
2805 935 3000 1007 χρῆναί
3052 949 3215 1003 φασιν
3272 931 3401 984 Υίὸν
3457 926 3700 982 νοεῖσθαι

2118 1031 2255 1087 Θεοῦ
2292 1030 2386 1084 τόν
2421 1030 2488 1083 ἐκ
2528 1029 2843 1099 σπέρματος
2867 1025 2963 1080 τοῦ
2991 1024 3172 1088 Δασὶδ,
3212 1022 3288 1086 ὡς
3315 1022 3381 1075 ἂν
3409 1019 3508 1074 καὶ
3536 1019 3701 1082 αὐτὸς

2118 1126 2147 1179 6
2169 1126 2237 1178 ὲκ
2273 1123 2409 1178 Θεοῦ
2448 1122 2662 1191 Πατρὸς
2684 1120 2853 1188 Λόγος
2886 1119 3015 1183 Υἱὸς
3052 1112 3189 1171 εἶναι
3216 1114 3431 1183 λέγοιτο
3462 1110 3561 1165 τοῦ
3597 1113 3699 1164 Δα-

2121 1216 2225 1271 ϐίδ.
2251 1214 2415 1269 Φύσει
2443 1214 2575 1285 γάρ,
2609 1213 2721 1267 οὐδ’
2749 1212 2955 1283 ἕτερος.

2189 1307 2257 1359 Α.
2296 1302 2527 1369 Οὐκοῦν,
2560 1304 2589 1357 6
2626 1302 2727 1373 τῆς
2768 1299 3003 1372 ἀληθοῦς
3033 1297 3297 1359 αἰνέσεως
3338 1294 3529 1348 είσίτω
3572 1291 3702 1363 τρό-

2124 1414 2245 1461 πος,
2280 1395 2349 1449 ἶν’
2398 1393 2542 1448 οὕτω
2592 1390 2917 1463 πιστεύηται
2963 1388 3101 1459 σὰρξ
3142 1384 3383 1456 γεγονὼς
3424 1384 3455 1437 6
3502 1382 3704 1449 Λόγος,

2122 1487 2399 1543 τουτέστιν
2450 1483 2757 1556 ἄνθρωπος,
2783 1481 2882 1537 καὶ
2901 1480 3001 1535 ·διὰ
3032 1477 3212 1542 τοῦτο,
3243 1476 3371 1539 Υἱὸς
3407 1472 3504 1528 τοῦ
3537 1470 3703 1525 Δασιδ

2122 1581 2182 1635 οὐ
2208 1562 2674 1648 κατεψευσμένος.
2720 1573 2859 1628 Ἀλλ’
2887 1571 2962 1637 ὡς
2987 1570 3046 1637 ἐξ
3071 1556 3235 1623 αὐτοῦ
3266 1564 3526 1637 πεφηνὼς
3560 1562 3709 1618 κατὰ

2126 1671 2329 1741 σάρκα,
2360 1668 2456 1722 καὶ
2484 1664 2811 1738 μεμενηκὼς
2845 1665 2985 1734 ὅπερ
3027 1658 3116 1734 ἦν,
3149 1660 3307 1731 δῆλον
3337 1658 3394 1711 δὲ
3440 1658 3525 1711 ὅτι
3570 1653 3709 1718 Θεὸς

2126 1764 2191 1816 ἑκ
2224 1760 2379 1815 Θεοῦ.
2434 1760 2546 1814 Καὶ
2584 1757 2714 1827 γοῦν
2745 1757 2795 1810 oi
2832 1742 3206 1824 τῶνγενικῶν
3256 1749 3380 1823 [γρ.
3415 1746 3707 1817 εὐαγγελι-

2126 1851 2271 1924 κῶν]
2300 1849 2671 1921 κηρυγμάτων
2701 1846 2994 1919 ἱερουργοὶ,
3035 1844 3125 1898 τὸν
3154 1843 3317 1898 αὐτὸν
3342 1839 3709 1908 γινώσκοντες

2126 1944 2259 1998 Θιόν
2290 1960 2350 1996 τε
2392 1941 2529 2012 ὁμοῦ
2572 1940 2660 1995 καὶ
2692 1938 2997 2010 ἄνθρωπον,
3032 1936 3159 1999 τοὺς
3202 1932 3331 2005 περὶ
3366 1929 3536 1985 αὐτοῦ
3567 1928 3714 1999 πρὸς

2126 2035 2277 2105 ἡμᾶς
2309 2032 2631 2102 πεποίηνται
2664 2028 2878 2099 λόγους.
2921 2025 3237 2096 Γέγραπται
3276 2022 3407 2091 γοῦν
3450 2020 3584 2092 περὶ
3613 2016 3716 2072 τοῦ

2131 2124 2403 2196 μακαρίου
2436 2119 2765 2187 Βαπτιστοῦ,
2803 2120 2885 2173 ὅτι
2919 2136 2939 2171 ι
2966 2118 3046 2188 Τῇ
3073 2115 3333 2189 ιπαὸριον
3377 2111 3571 2183 βλέπει
3613 2109 3712 2163 τὸν

2140 2216 2344 2287 Ἰησοῦν
2398 2215 2693 2286 ἐρχόμενον
2752 2210 2891 2283 πρὸς
2937 2207 3119 2274 αὐτὸν,
3156 2206 3251 2260 καὶ
3305 2203 3475 2273 λέγει·
3526 2201 3638 2255 Ἴδε
3681 2200 3713 2254 6

2142 2308 2339 2379 ’Λμνὸς
2373 2305 2465 2362 τοῦ
2497 2304 2657 2368 Θεοῦ,
2696 2306 2726 2358 6
2770 2304 2941 2380 αίρων
2993 2298 3270 2371 ἁμαρτίαν
3314 2294 3410 2351 τοῦ
3467 2294 3712 2364 κόσμου,

2124 2394 2279 2464 οὗτός
2321 2403 2437 2453 ἔστι
2480 2398 2611 2468 περὶ
2652 2388 2714 2449 οὗ
2763 2393 2874 2463 ἐγὼ
2906 2387 3080 2446 εἷπονο
3117 2390 3322 2444 Ὀπίσω
3352 2404 3455 2458 μου
3488 2387 3711 2457 ἔρχεται

2127 2493 2289 2564 ἀνὴρ,
2340 2491 2399 2555 ὃς
2444 2487 2755 2561 ῑμπροσθέν
2792 2504 2894 2558 μου
2935 2484 3183 2553 γέγονεν,
3220 2482 3305 2537 ὅτι.
3346 2478 3565 2549 πρῶτός
3607 2476 3716 2548 μού

2128 2581 2453 2653 ὲστι,νκάγὼ
2478 2583 2583 2636 οὐκ
2625 2578 2764 2634 εἶδον
2810 2578 2995 2643 αὑτὸν,
3031 2576 3147 2631 ἀλλ’
3198 2576 3284 2629 ἵνα
3311 2571 3601 2644 φανερωθῇ
3632 2570 3712 2643 τῷ

2142 2673 2380 2746 Ἰσραὴλ,
2413 2673 2503 2727 διά
2534 2669 2691 2725 τοῦτο
2737 2664 2900 2743 ἦλθον
2932 2667 3042 2737 ἐγὼ
3075 2667 3135 2721 ἐν
3169 2664 3323 2720 ὕδατι
3357 2661 3660 2734 βαπτίζων.
3684 2679 3704 2712 ι

2129 2763 2296 2827 Σύνες
2323 2757 2415 2817 οὖν
2454 2762 2601 2824 ὅπως
2629 2759 2799 2830 ἄνδρα
2836 2758 3029 2826 λέγων,
3078 2756 3172 2810 καὶ
3217 2754 3388 2825 ἀμνὸν
3426 2750 3719 2822 ὀνομάζων

2128 2853 2313 2920 αὑτὸν,
2342 2853 2442 2923 οὐχ
2473 2850 2661 2922 ἕτερον
2691 2845 2830 2903 εἶναί
2860 2865 2993 2919 φησι
3019 2846 3111 2901 τὸν
3141 2846 3367 2917 αἴροντα
3392 2843 3491 2914 τὴν
3520 2843 3717 2912 άμαροα

2127 2947 2250 3000 τίαν
2265 2945 2383 2998 *τοῦ
2435 2943 2664 3013 κόσμου,
2706 2942 2802 2995 καὶ
2846 2941 2907 2994 τὸ
2952 2939 3096 3009 μέγα
3138 2936 3297 2991 τοῦτο
3348 2935 3442 2989 καὶ
3473 2934 3721 3002 ἐξαίσιον

2129 3036 2347 3109 άληθῶς
2414 3035 2508 3089 καὶ
2596 3032 2897 3104 θεοπρεπὲς
2970 3030 3187 3100 ἀξίωμα
3269 3026 3714 3098 προσνενέμηκιν

2131 3127 2298 3199 αὐτῷ.
2342 3125 2694 3196 Ἐμπροσθεν
2731 3124 2789 3177 δὲ
2833 3123 2927 3177 καὶ
2969 3121 3184 3194 πρῶτον
3231 3118 3487 3188 γενέσθαι
3545 3117 3716 3187 φησὶν

457 3220 573 3267 erat
603 3223 777 3266 tamen
823 3221 947 3266 ante
987 3212 1166 3266 omnia
1198 3211 1416 3280 saecula,
1462 3223 1520 3267 ut
1569 3212 1730 3267 Deus.
1770 3213 2023 3281 Ejusdem

2132 3218 2317 3283 αὐτοῦ,
2350 3217 2525 3271 καίτοι
2554 3203 2786 3269 κατόπιν
2822 3214 3133 3285 γενόμενον,
3167 3211 3309 3265 κατά
3338 3210 3404 3277 γέ
3444 3225 3590 3279 φημι
3620 3208 3719 3261 τὸν

458 3303 641 3372 itaque
684 3314 765 3356 est
807 3310 859 3355 et
906 3310 1179 3357 recentem
1229 3316 1351 3359 esse
1398 3302 1604 3357 ratione
1644 3302 1893 3359 humana
1932 3318 2027 3358 na-

460 3402 618 3456 turae,
653 3403 709 3446 et
733 3401 1018 3456 aeternum,
1051 3392 1262 3448 ratione
1298 3395 1511 3449 divinae.
1555 3392 1763 3451 Idcirco
1799 3404 1855 3451 et
1895 3410 2031 3464 prae-

460 3484 829 3539 stantissimus
885 3484 973 3539 ille
1028 3482 1258 3549 Petrus,
1307 3498 1415 3538 non
1471 3484 1672 3538 nudum
1720 3492 1776 3539 et
1829 3486 2031 3555 absque

461 3589 626 3630 carne
670 3575 970 3645 respiciens
1030 3574 1286 3640 Verbum,
1336 3573 1429 3630 sed
1479 3573 1621 3645 quod
1672 3574 1726 3629 in
1762 3589 1927 3630 carne
1976 3584 2032 3632 et

460 3667 723 3737 sanguine
761 3677 1125 3737 apparuerat,
1172 3666 1512 3722 manifestam
1571 3675 1626 3722 et
1670 3667 2030 3722 certissimam

460 3759 587 3816 fidei
623 3760 678 3815 in
722 3761 897 3830 ipsum
940 3758 1331 3831 professionem
1378 3758 1514 3823 edit,
1545 3758 1773 3815 dicens:
1806 3778 1826 3813 ι
1861 3757 1939 3813 Τιι
1970 3774 2031 3817 es

460 3851 719 3907 Christus
749 3850 918 3906 Filius
947 3850 1042 3906 Dei
1074 3850 1201 3905 vivi.
1232 3867 1253 3902 ι
1289 3848 1387 3906 Cui
1418 3848 1668 3927 Christus
1704 3852 1981 3921 respondit
2011 3867 2026 3905 :

469 3943 693 3998 «Beatus
714 3958 793 4008 es,
810 3943 1019 4007 Simon,
1043 3941 1116 3997 fili
1136 3941 1304 4007 lenae,
1320 3942 1445 4011 quia
1466 3957 1594 3998 caro
1614 3950 1668 3998 et
1682 3944 1903 4013 sanguis
1926 3957 2031 3998 non

463 4035 722 4092 revelavit
748 4035 867 4099 tibi,
899 4034 993 4089 sed
1026 4033 1185 4090 Pater
1214 4048 1368 4088 meus
1400 4033 1491 4102 qni
1524 4040 1609 4087 est
1644 4032 1697 4087 in
1729 4034 1884 4089 caelis
1905 4035 1974 4088 θ’.
2006 4051 2026 4086 ι

464 4124 528 4181 At
566 4126 668 4180 nisi
706 4126 873 4180 altum
924 4138 1108 4180 revera
1155 4133 1240 4179 est
1275 4124 1617 4195 mysterium,
1647 4133 1701 4180 et
1740 4123 1881 4179 Deus
1914 4135 2033 4180 erat

466 4220 522 4274 in
571 4232 736 4273 carne
766 4236 778 4271 :
812 4217 970 4271 homo
1005 4223 1206 4279 autem,
1259 4222 1318 4269 ut
1348 4213 1447 4284 ipsi
1482 4213 1685 4279 volunt,
1719 4214 2031 4270 liliationem

464 4322 563 4377 per
610 4307 836 4377 gratiam
894 4313 1246 4371 consecutus,
1288 4304 1558 4374 quomodo
1603 4304 1832 4375 indiguit
1885 4315 2034 4361 tanto

466 4399 707 4470 mysterii
751 4399 1000 4462 doctore,
1038 4398 1173 4452 adeo
1217 4406 1277 4451 ut
1329 4410 1489 4451 nemo
1520 4396 2026 4452 mortaliumdisci-

465 4493 589 4564 pulo
612 4492 882 4553 revelarit,
916 4492 1007 4547 sed
1039 4506 1069 4545 a
1097 4490 1257 4546 Patre
1286 4490 1402 4561 ipso
1423 4489 1475 4545 id
1498 4490 1723 4545 edoctus
1752 4491 1862 4546 sit?
1890 4490 2032 4559 Quin

464 4595 519 4642 et
548 4582 794 4653 discipuli
826 4598 947 4637 cum
986 4582 1135 4635 illum
1172 4580 1463 4651 aliquando
1492 4580 1545 4635 in
1588 4581 1723 4636 mari
1768 4583 2031 4637 obambu-
2063 4570 2108 4626 D

465 4677 666 4731 lantem
702 4672 999 4743 conspicati
1035 4682 1240 4737 essent,
1272 4672 1488 4727 attoniti
1532 4672 1794 4728 miracqu
1820 4672 2030 4744 profes-

466 4768 670 4822 sionem
706 4764 828 4819 fidei
863 4778 975 4819 sua:
998 4764 1307 4831 ediderunt,
1331 4763 1573 4819 dicentes
1604 4781 1616 4819 :
1653 4781 1672 4815 ι
1699 4763 1839 4819 Vere
1865 4762 2031 4820 Filius

465 4859 557 4914 Dei
587 4872 644 4914 es
665 4859 730 4913 δ’.
768 4876 786 4911 ι
828 4858 897 4912 At
931 4858 976 4913 si
1002 4858 1200 4913 nothus
1227 4866 1282 4912 et
1310 4856 1430 4911 falsi
1465 4857 1695 4912 nominis
1717 4867 1819 4922 est,
1845 4868 1901 4913 et
1921 4858 2033 4913 ad-

466 4946 750 5003 ventitium
799 4948 849 5003 ei
899 4956 983 5002 est
1030 4945 1175 5017 quod
1228 4946 1303 5003 sit
1354 4945 1546 5014 Filius,
1603 4948 1866 5003 mendacii
1916 4948 2035 5005 illos

467 5051 717 5109 arguant,
753 5039 894 5109 quod
919 5048 972 5094 et
990 5037 1349 5108 jurejurando
1374 5038 1781 5094 conﬁrmarunt.
1808 5041 2036 5109 Adjece-

470 5138 594 5182 runt
619 5130 784 5195 enim,
822 5148 842 5181 ι
873 5143 1019 5195 vere,
1050 5146 1068 5180 ι
1092 5137 1466 5185 asseverantes
1499 5128 1820 5198 ipsum-esse
1840 5130 2037 5185 Filium

470 5218 563 5275 Dei
592 5234 653 5273 ac
686 5220 882 5275 Patris.

2128 3314 2227 3383 τῆς
2270 3310 2413 3365 κατὰ
2466 3309 2645 3379 σάρκα
2679 3308 2985 3378 γεννήσεως
3031 3304 3242 3376 χρόνον.
3302 3303 3364 3356 Εἰ
3411 3301 3519 3373 γάρ
3563 3302 3720 3353 ἐστιν

2129 3400 2386 3472 όψιγενὴς
2416 3400 2554 3453 καθὸ
2582 3399 2866 3467 ἄνθρωπος
2890 3399 2919 3451 6
2961 3392 3328 3466 Ἐμμανουὴλ,
3364 3391 3479 3445 ἀλλ’
3508 3386 3576 3462 ἦν
3606 3389 3713 3461 πρὸ

2131 3493 2333 3555 παντὸς
2390 3490 2582 3554 αἰῶνος
2640 3490 2713 3554 ὡς
2761 3489 2913 3551 Θεός.
2949 3486 3124 3540 Αὑτοῦ
3174 3483 3462 3555 τοιγαροῦν
3509 3482 3606 3536 καὶ.
3651 3481 3714 3536 τὸ

2133 3584 2445 3656 πρόσφατον
2478 3580 2855 3652 ἀνθρωπίνως,
2887 3580 2981 3634 καὶ
3018 3578 3080 3632 τὸ
3117 3578 3289 3633 ἀΐδιον
3320 3576 3537 3638 θεῖκῶς,
3576 3572 3715 3628 ταύ-

2129 3694 2200 3751 τῃ
2230 3696 2311 3731 τοι
2339 3678 2433 3731 καὶ
2471 3678 2499 3729 6
2528 3675 2861 3747 πανάριστος
2913 3673 3150 3744 Πέτρος,
3202 3672 3262 3725 οὐ
3311 3670 3541 3741 γυμνὸν,
3586 3667 3713 3723 οὐδὲ

2131 3768 2371 3840 άσαρκον
2400 3764 2818 3835 καταθεώμενον
2842 3765 2931 3818 τὸν
2954 3764 3143 3833 Λόγον,
3180 3762 3294 3816 ἀλλ’
3322 3763 3383 3815 ὲν
3412 3760 3577 3833 σαρκὶ
3617 3759 3717 3815 καὶ

2130 3860 2324 3930 αἵματι
2381 3856 2680 3928 πεφηνότα,
2720 3856 2907 3925 σαφῶς
2944 3872 3006 3908 τε
3047 3855 3141 3909 καὶ
3188 3852 3441 3916 ἀπλανῶς
3485 3853 3587 3923 τῆς
3634 3852 3719 3916 είς

2133 3946 2296 4001 αὐτὸν
2338 3945 2577 4008 πίστεως
2620 3944 2721 4015 τὴν
2765 3942 3024 4000 ἀπόδοσιν
3072 3943 3329 4004 ἐποιεῖτο,
3360 3940 3723 4010 unum,th

2134 4034 2183 4091 εἶ
2208 4040 2237 4091 ό
2260 4037 2515 4108 Χριστὸς,
2551 4039 2579 4090 6
2607 4036 2737 4100 Υίὸς
2762 4035 2856 4089 τοῦ
2880 4033 3015 4089 Θεοῦ
3048 4032 3142 4087 τοῦ
3168 4033 3385 4098 ζῶντος.
3411 4050 3430 4084 ι
3478 4032 3713 4101 Ἀκήκοε

2132 4130 2189 4183 δὲ
2220 4128 2358 4200 πρὸς
2383 4126 2559 4181 τοῦτο·
2600 4126 2915 4197 «Μακάριος
2946 4121 3017 4192 εἴ,
3051 4126 3253 4197 Σίμων,
3282 4124 3397 4195 Βὰρ
3432 4124 3609 4189 Ἰωνᾶ,
3634 4123 3717 4177 ὅτι

2136 4219 2274 4291 σὰρξ
2305 4218 2399 4273 καὶ
2443 4212 2582 4289 αἷμα
2623 4218 2723 4272 οὐκ
2766 4216 3082 4286 ἀπεκάλυψέ
3127 4232 3232 4278 σοι,
3277 4215 3392 4269 ἀλλ’
3440 4216 3469 4268 6
3523 4214 3718 4285 Πατήρ

2136 4331 2263 4383 μου,
2321 4313 2349 4365 6
2395 4314 2453 4366 έν
2503 4313 2618 4374 τοῖς
2676 4311 2994 4381 οὐρανοῖς.»
3069 4309 3207 4363 Ἀλλ’
3246 4310 3296 4362 εί
3358 4306 3434 4379 μὴ
3480 4306 3618 4378 βαθὺ
3655 4304 3719 4360 τὸ

2137 4406 2461 4478 μυστήριον,
2490 4404 2583 4457 καὶ
2615 4402 2746 4467 Θεὸς
2776 4399 2844 4473 ἦν
2882 4403 2941 4455 ὲν
2970 4400 3157 4472 σαρκὶ,
3197 4400 3482 4469 ἄνθρωπος
3503 4397 3561 4451 δὲ
3596 4396 3718 4451 κατ’

2135 4501 2353 4565 αὐτοὺς,
2398 4499 2581 4570 χάριτι
2612 4496 2712 4567 τὴν
2750 4493 3021 4548 υἱοθεσίαν
3063 4493 3224 4563 ἔχων,
3267 4492 3383 4555 πῶς
3413 4490 3480 4545 ἂν
3522 4488 3717 4561 ἐδεήθη

2133 4590 2395 4647 τοσούτου
2421 4586 2804 4661 μυσταγωγοῦ,
2850 4586 2927 4650 ὡς
2961 4584 3165 4656 μηδένα
3198 4584 3297 4656 μὲν
3334 4582 3443 4635 τῶν
3485 4582 3580 4635 ἐπὶ
3618 4581 3720 4651 τῆς

2134 4684 2239 4755 γῆς
2298 4679 2647 4751 ἀποκαλύψαι
2702 4679 2781 4749 τῷ
2838 4677 3079 4749 μαθητῇ.
3130 4677 3422 4747 παιδευτὴν
3468 4674 3527 4728 δὲ
3582 4673 3719 4746 πρὸς

2134 4775 2295 4830 τοῦτο
2340 4774 2526 4845 λαχεῖν
2579 4772 2740 4826 αὑτὸν
2792 4771 2882 4825 τὸν
2927 4771 3178 4841 Πατέρα;
3217 4769 3326 4823 Καὶ
3370 4767 3478 4839 μὴν
3529 4769 3626 4821 καὶ
3671 4770 3720 4822 οί

2136 4865 2417 4923 θεσπέσιοι
2445 4863 2711 4937 μαθηταὶ,
2745 4861 3029 4917 διαθέοντα
3061 4860 3193 4914 ποτὲ
3216 4860 3312 4931 τῆς
3348 4858 3622 4930 θαλάττης
3650 4859 3719 4913 τά

2132 4958 2280 5013 νῶτα
2307 4956 2614 5029 βλέποντες,
2644 4955 3094 5030 κατατεθήπεσαν
3129 4952 3230 5025 μὲν
3264 4952 3361 5023 τὴν
3395 4951 3719 5023 θεοσημίαν,

2132 5050 2446 5122 ὡμολόγουν
2480 5049 2535 5103 δὲ
2562 5050 2661 5119 τὴν
2706 5034 2921 5112 πίστιν,
2945 5045 3214 5114 λέγοντες·
3257 5062 3277 5098 ι
3314 5043 3553 5115 ’ἀληθῶς
3581 5041 3720 5096 Θεοῦ

2139 5138 2265 5207 Υἱὸς
2310 5136 2378 5194 εἴ.
2406 5159 2427 5192 ι
2487 5139 2627 5193 Ἀλλ’
2669 5140 2719 5193 εί
2761 5138 2915 5203 νόθος
2949 5136 3066 5191 ἐστὶ
3097 5136 3189 5191 καὶ
3214 5135 3586 5206 ψευδώνυμος,
3626 5136 3721 5187 καὶ

2139 5232 2449 5303 εἰσποιητὸν
2495 5232 2607 5303 ἔχει
2648 5231 2710 5285 τὸ
2740 5226 2878 5286 εἶναι
2910 5230 3058 5295 Υίὸς,
3096 5228 3500 5298 ἐγκαλείτωσαν
3535 5229 3721 5288 αὐτοῖς

469 5312 564 5383 τὴν
591 5311 971 5383 ψευδηγορίαν,
1006 5312 1291 5366 καὶτοῦτο
1332 5311 1674 5385 ὀμωμοκόσι.
1722 5317 2151 5387 Προστεθείκασι
2219 5324 2327 5395 γὰρ
2372 5324 2453 5390 τὸ,
2484 5325 2720 5396 άληθῶς,
2786 5324 2913 5379 Υίὸν
2986 5324 3150 5378 αὑτὸν
3193 5320 3334 5377 εἶναι
3380 5322 3721 5377 διαϐεϐαιού-

473 5426 623 5481 μενοι
647 5410 741 5463 τοῦ
773 5408 908 5463 Θεοῦ
940 5411 1033 5463 καὶ
1062 5411 1295 5483 Πατρός.

542 5503 601 5556 Β.
645 5500 859 5572 Optime
893 5503 1098 5559 dixisti.

546 5596 611 5649 Δ.
646 5595 765 5662 Quo
791 5605 950 5666 pacto
989 5607 1168 5653 autem
1206 5598 1369 5653 etiam
1404 5599 1652 5671 proprios
1681 5602 1844 5658 habet
1880 5619 2043 5675 ange-

2218 5511 2280 5565 B.
2321 5510 2555 5581 Ἀριστα
2590 5511 2746 5583 ἔφης.

2220 5604 2287 5658 Α.
2316 5601 2441 5667 Πῶς
2469 5604 2527 5658 δὲ
2568 5605 2662 5657 καὶ
2703 5603 2866 5668 ίδίους
2898 5601 3011 5673 ἔχει
3054 5602 3180 5664 τοὺς
3222 5600 3484 5670 ἀγγέλους
3528 5603 3559 5655 6
3598 5601 3721 5665 Υίὸς

477 5687 559 5744 los
590 5687 760 5744 Filius
792 5689 1047 5755 hominis,
1095 5698 1150 5745 et
1193 5689 1438 5760 splendet
1470 5691 1523 5747 in
1558 5692 1726 5763 gloria
1757 5692 1933 5751 Patris
1961 5712 2029 5751 su

2151 5694 2245 5750 τοῦ
2293 5694 2609 5767 ἀνθρώπου,
2664 5694 2955 5768 διαπρέπει
3001 5694 3055 5748 δὲ
3108 5692 3198 5749 καὶ
3246 5694 3303 5747 έν
3343 5695 3410 5765 τῇ
3460 5693 3587 5769 δόξῃ
3629 5695 3724 5749 τοῦ

555 5869 597 5900 δ’
638 5867 788 5922 Joan.
820 5883 835 5922 ι
862 5908 877 5935 ,
910 5868 1101 5925 ‘29—5l.
1181 5870 1217 5901 "
1248 5869 1433 5928 Matth.
1478 5890 1589 5940 xvt,
1626 5875 1708 5939 16,
1746 5876 1827 5929 l7.

1912 5878 1954 5907 δ’
1982 5875 2170 5931 Matth.
2205 5890 2313 5943 ιιγ,
2359 5876 2447 5930 55.
