4006 6442
308 456 450 513 1513

1446 446 1637 517 QL'OD
1678 447 1718 505 U
1732 444 1869 503 NUS
1904 443 2011 501 SIT
2034 442 2419 500 CHRISTUS.

3472 433 3610 489 15M

309 571 529 642 Πατρὸς
551 568 718 626 αὐτοῦ
741 569 884 642 μετά
913 569 1022 623 τῶν
1049 568 1301 638 ἀγγέλων
1331 566 1499 621 αὑτοῦ
1523 584 1537 632 ;
1579 566 1687 619 Καὶ
1712 565 1897 618 πάλιν

2021 578 2145 617 cum
2198 562 2411 632 angelis
2451 560 2566 617 suis
2592 557 2678 611 “1'
2721 555 2788 610 Et
2838 566 3028 607 rursus
3064 568 3075 604 :
3130 569 3148 600 ι
3190 546 3256 602 Ει
3308 549 3489 605 mittet
3518 548 3606 604 Fi-

314 682 334 713 s
358 662 469 716 Καὶ
502 662 790 716 ἀποστελεῖ
826 664 855 715 6
882 661 1012 725 Υἱὸς
1039 660 1135 715 τοῦ
1167 660 1458 733 ἀνθρώπου
1490 660 1616 721 τοὺς
1639 657 1910 727 ἀγγέλους

309 753 499 808 αὐτοῦ.
527 772 546 806 ι
600 754 662 807 Ei
688 753 746 807 δὲ
775 754 869 808 καὶ
896 752 1221 809 ἀπιστοῦσιν
1243 752 1347 817 ἔτι,
1386 751 1482 805 καὶ
1526 750 1656 824 δόξῃ
1683 749 1912 821 θεοπρε-

311 846 409 897 πΞί
446 844 544 897 καὶ
587 846 699 909 τοῖς
738 842 885 899 οὕτω
922 844 1200 915 λαμπροῖς
1240 842 1335 895 καὶ
1384 842 1715 912 ὑπερτάτοις
1746 839 1912 907 ἀξιώ-

314 952 481 1005 μασιν
506 935 744 1006 δρῶντες
774 934 1242 1006 κατεστεμμένον,
1291 934 1621 989 ἀκούσονται
1659 932 1911 1002 λέγοντος

310 1026 501 1080 αὐτοῦ’
566 1047 585 1080 ι
613 1027 676 1081 Εἰ
726 1027 852 1099 ἐμοὶ
906 1027 969 1081 οὐ
1026 1026 1332 1091 πιστεύετε,
1392 1028 1506 1090 τοῖς
1560 1025 1744 1098 ἔργοις
1803 1041 1908 1095 μου

312 1118 621 1173 πιστεύετε.
648 1138 667 1172 ι
711 1120 821 1174 Καὶ
870 1118 1035 1173 πάλιν
1059 1134 1073 1150 ·
1110 1139 1129 1172 ι
1156 1119 1217 1174 El
1258 1120 1320 1173 οὐ
1366 1117 1505 1172 ποιῶ
1550 1118 1618 1171 τὰ
1648 1116 1787 1189 ἔργα
1810 1114 1907 1169 τοῦ

312 1208 528 1279 Πατρός
581 1226 705 1280 μου,
759 1207 835 1279 μὴ
880 1208 1169 1262 πιστεύετέ
1224 1226 1334 1280 μοι.
1378 1208 1442 1262 Εἰ
1488 1207 1546 1260 δὲ
1596 1206 1756 1271 ποιῶ,
1806 1203 1910 1259 κᾶν

311 1300 439 1370 ἐμοὶ
479 1301 553 1371 μὴ
589 1300 907 1373 πιστεύητε,
935 1304 1050 1365 τοῖς
1079 1300 1264 1372 ἔργοις
1292 1319 1394 1374 μου
1435 1299 1738 1354 πιστεύετε.
1770 1316 1789 1351 ι
1834 1296 1911 1350 Τὸ

312 1391 423 1464 γὰρ
455 1393 513 1445 ιν
552 1391 828 1466 ἀνθρώπῳ
874 1393 1095 1465 βλέπειν
1142 1394 1244 1465 τῆς
1278 1394 1560 1467 ἀφράστου
1603 1392 1764 1463 δόξης
1808 1390 1908 1463 τὴν

312 1484 612 1556 ὑπεροχὴν,
655 1486 756 1557 οὐχ
785 1487 861 1552 ὡς
889 1487 1179 1559 ἀλλοτρίαν
1221 1486 1423 1559 μᾶλλον
1450 1488 1621 1559 ἤγουν
1654 1489 1712 1539 ἐν
1742 1486 1906 1558 χάρι-

311 1591 408 1639 τος
437 1578 595 1647 μέρει
635 1578 1218 1651 προσπεπορισμένην,
1258 1578 1376 1633 ἀλλ’
1404 1580 1541 1634 ίδίαν
1569 1580 1753 1647 αὑτοῦ,
1788 1579 1909 1645 πιῖις

312 1664 418 1719 οὐκ
444 1667 751 1731 ἀναπείσει,
787 1668 869 1722 δτι
905 1668 1041 1733 Θεὸς
1069 1664 1139 1739 ἦν
1174 1672 1234 1724 ἐν
1270 1671 1401 1725 εῖδει
1445 1670 1525 1743 τῷ
1562 1671 1686 1725 καθ’
1732 1673 1904 1744 ἡμᾶς,

316 1758 414 1811 καὶ
436 1758 565 1822 Υἱὸς
601 1758 820 1829 ἀληθῶς
849 1759 946 1813 τοῦ
981 1761 1075 1814 ἐπὶ
1104 1761 1314 1827 πάντας
1336 1760 1475 1816 Θεοῦ
1500 1780 1515 1829 ;

387 1847 449 1902 Β.
502 1848 733 1903 Ἑαυτοῦ
753 1888 769 1914 ,
797 1850 925 1920 φησὶ
946 1892 961 1917 ,
1004 1852 1132 1915 τοὺς
1169 1851 1438 1922 ἀγγέλους
1468 1852 1609 1907 εἶναι
1639 1852 1907 1926 διῖσχυρί-

2015 655 2120 709 lius
2147 655 2384 709 hominis
2410 651 2633 723 angelos
2666 663 2795 706 suos
2814 648 2883 700 “.
2916 665 2935 698 ι
2974 644 3031 698 Si
3063 657 3194 698 vero
3224 641 3405 696 adhuc
3447 641 3610 697 tidem

2020 749 2283 820 derogant
2331 757 2386 803 et
2419 744 2683 801 increduli
2716 751 2867 807 sunt,
2898 756 3025 797 cum
3055 754 3180 794 eum
3217 738 3399 792 divina
3435 734 3609 807 gloria

2012 843 2257 910 adeoque
2288 838 2571 910 splendida
2620 846 2787 906 atque
2816 834 3016 890 eximia
3058 830 3327 902 dignitate
3354 838 3611 882 ornatum

2009 933 2250 996 videant,
2318 931 2540 986 audient
2588 929 2885 1000 ipsummet
2945 924 3266 980 dicentem:
3303 939 3322 973 ι
3363 918 3420 975 Si
3478 918 3611 975 mihi

2011 1022 2179 1097 759
2203 1038 2309 1079 non
2354 1022 2600 1089 creditis,
2652 1020 2914 1099 operibus
2961 1016 3100 1072 meis
3152 1014 3363 1070 credite
3383 1013 3451 1071 “.
3490 1031 3509 1065 ι
3547 1011 3609 1066 Et

2011 1128 2203 1169 rursus
2231 1128 2245 1166 :
2282 1129 2301 1164 ι
2336 1111 2396 1166 Si
2434 1126 2541 1166 non
2570 1109 2717 1165 facio
2752 1122 2919 1179 opera
2947 1105 3130 1162 Patris
3154 1103 3283 1166 mei,
3316 1117 3383 1158 ne
3414 1103 3608 1157 creda-

2011 1204 2082 1260 tis
2116 1204 2272 1258 mihi.
2307 1202 2416 1258 Sed
2453 1201 2498 1258 si
2536 1200 2703 1269 l'acio,
2733 1210 2788 1257 et
2813 1199 2860 1257 si
2896 1200 3030 1255 mihi
3058 1214 3168 1255 non
3195 1196 3446 1259 creditis,
3478 1208 3611 1265 one-

2008 1294 2160 1350 ribus
2191 1295 2326 1349 meis
2360 1293 2569 1349 credite
2591 1292 2659 1347 ⁶⁶.
2689 1309 2709 1344 ι
2742 1290 2877 1347 Cum
2917 1289 3064 1346 enim
3093 1286 3386 1347 ineﬂ'ahilis
3418 1283 3608 1356 gloriae

2007 1387 2329 1447 excellentia
2364 1387 2417 1443 in
2466 1386 2692 1442 homine
2737 1393 3021 1450 cernatur,
3066 1397 3171 1437 non
3218 1390 3277 1435 ut
3322 1380 3495 1435 aliena
3540 1377 3610 1432 ab

2010 1479 2130 1551 ipso
2178 1488 2272 1534 aut
2307 1492 2407 1547 per
2441 1477 2679 1549 gratiam
2723 1475 2945 1540 collata,
3000 1473 3097 1530 sed
3134 1472 3356 1544 propria
3408 1470 3608 1541 ipsius.

2006 1568 2282 1641 quamde
2320 1582 2429 1624 non
2469 1566 2799 1637 persuadeat
2848 1564 3007 1621 nobis
3034 1563 3180 1635 quod
3225 1562 3368 1617 Dens
3400 1568 3523 1616 erat
3551 1557 3607 1614 in

2008 1662 2184 1720 forma
2220 1670 2427 1718 nostra:
2460 1659 2626 1717 simili
2658 1668 2714 1717 et
2739 1657 2915 1715 Filius
2940 1671 3073 1715 vere
3100 1656 3339 1728 supremi
3370 1652 3503 1711 Dei?

2078 1841 2141 1897 Β.
2177 1840 2339 1908 Suos,
2368 1842 2639 1913 inquiunt,
2673 1839 2895 1913 angelos
2923 1852 3049 1895 esse
3078 1837 3237 1905 dixit,
3267 1843 3322 1892 et
3346 1833 3609 1890 miracula

318 1956 472 2007 σατο,
498 1941 595 1994 καὶ
618 1940 787 1994 τῶνδε
827 1940 937 1995 τῶν
968 1942 1212 2013 σημείων
1256 1944 1480 2013 γέγονεν
1508 1945 1897 2018 ἀποτελεστὴς,

2008 1934 2200 2000 edidit,
2234 1935 2305 1990 ob
2353 1934 2667 1990 inhabitans
2703 1934 2757 1989 in
2790 1947 2851 1989 se
2884 1927 3157 1995 Verbum,
3190 1929 3415 2001 gloriam
3450 1941 3607 1982 suam

313 2030 655 2097 ἐνοικοῦντος
701 2032 852 2105 αὐτῷ
894 2033 990 2088 τοῦ
1036 2035 1244 2103 Λόγου,
1290 2036 1450 2103 δόξαν
1498 2038 1556 2092 δὲ
1604 2038 1705 2111 τὴν
1765 2039 1903 2093 ἰδίαν

310 2121 464 2193 αὑτῷ
497 2123 591 2177 καὶ
618 2123 679 2175 τὸ
703 2125 927 2196 ἑνεργὶς
950 2126 1399 2199 ἱκνενεμηκότος.
1421 2130 1738 2202 Γέγραπται
1768 2132 1900 2206 γάρ,

315 2215 398 2268 ὅτι
431 2231 450 2265 ι
499 2213 709 2285 Ἰησοῦν
744 2214 839 2269 τὸν
870 2216 982 2270 ἀπὸ
1009 2217 1265 2291 Ναζαρὲτ
1312 2219 1388 2285 ὡς
1428 2220 1644 2293 ἔχρισεν
1674 2221 1841 2277 αὑτὸν
1872 2224 1902 2277 6

310 2305 446 2371 Θεὸς
477 2307 756 2380 Πνεῦματι
781 2311 924 2381 ἀγίῳ
953 2311 1046 2366 καὶ
1072 2312 1322 2385 δυνάμει,
1350 2314 1410 2379 ὃς
1439 2314 1652 2387 διῆλθεν
1678 2318 1901 2390 εὐεργε-

308 2396 443 2459 τῶν,
470 2399 567 2451 καὶ
597 2397 827 2472 ἰώμενος
854 2400 1068 2466 πάντας
1104 2405 1229 2467 τοὺς
1259 2406 1901 2480 καταδυναστευομένους

312 2488 418 2540 ὑπὸ
463 2488 559 2542 τοῦ
610 2490 882 2545 διαϐόλου.
920 2512 937 2543 ι
993 2494 1372 2567 Κεχρισμένος
1410 2493 1504 2552 οὖν
1545 2500 1640 2553 καὶ
1668 2498 1900 2572 δυνάμει

312 2580 407 2631 καὶ
438 2578 742 2648 Πνεῦματι,
772 2584 1140 2654 τερατουργὸς
1168 2580 1256 2656 ἦν.

380 2670 446 2723 Α.
491 2669 719 2736 Οὐκοῦν,
754 2672 1056 2745 ἐπειδήπερ
1081 2674 1213 2739 Θεὸς
1242 2675 1317 2730 ὢν
1350 2678 1379 2730 6
1410 2679 1583 2747 Λόγος
1604 2720 1619 2745 ,
1647 2678 1805 2749 ἅγιός
1838 2697 1899 2733 τε

311 2762 406 2815 καὶ
452 2762 593 2816 κατὰ
640 2762 820 2832 φύσιν,
877 2767 969 2817 καὶ
1001 2766 1259 2831 οὐσιῶδες
1306 2768 1446 2840 ἔχων
1482 2769 1543 2824 τὸ
1592 2771 1897 2835 παναλκὲς,

309 2854 473 2908 δέοιτ’
511 2854 578 2908 ἂν
619 2856 873 2926 οὐδαμῶς
899 2896 912 2919 ,
959 2858 991 2929 ἢ
1042 2859 1140 2929 τῆς
1180 2864 1312 2931 παρ’
1351 2863 1539 2933 ἑτέρου
1584 2864 1896 2934 δυνάμιος,

306 2946 483 3015 ἦγουν
509 2944 584 3008 ὡς
616 2946 1032 3017 είσκεκριμένου
1074 2948 1167 3003 τοῦ
1216 2951 1514 3023 ἀγιασμοῦ,
1549 2953 1635 3018 τίς
1676 2954 1741 3028 δὴ
1788 2955 1898 3025 ἀρα

308 3036 460 3090 ἐστὶν
483 3038 512 3090 6
545 3036 905 3107 κεχρισμένος
930 3038 1160 3111 δυνάμει
1188 3044 1281 3096 καὶ
1315 3043 1457 3115 ἁγίῳ
1496 3046 1810 3118 Πνεῦματι;

2004 2034 2059 2083 et
2095 2028 2203 2083 vim
2234 2036 2398 2097 atque
2425 2025 2723 2083 ellicaciam
2756 2024 2861 2096 ipsi
2895 2025 3165 2079 tribuens.
3218 2022 3497 2092 Scriptum
3525 2030 3609 2075 est

2002 2120 2195 2176 enim:
2253 2138 2273 2172 ι
2335 2118 2522 2176 Jesum
2581 2117 2956 2183 Nazarenum,
3016 2118 3174 2173 unxit
3237 2116 3414 2186 ipsum
3466 2113 3608 2167 Dens

2004 2211 2212 2283 Spiritu
2231 2222 2420 2267 sancto
2437 2220 2492 2266 et
2511 2212 2734 2275 virtute,
2758 2219 2813 2267 et
2836 2211 3090 2266 transivit
3103 2209 3301 2280 jnvans
3325 2216 3379 2264 et
3404 2222 3608 2263 sanans

2001 2318 2194 2361 omnes
2245 2306 2501 2360 obsessos
2532 2319 2563 2359 a
2599 2301 2814 2359 diabolo
2842 2302 2909 2358 ".
2946 2320 2965 2355 ι
3004 2301 3213 2359 chtus
3270 2301 3453 2371 itaque
3497 2299 3608 2353 vir-

2005 2406 2121 2453 tute
2151 2404 2207 2451 et
2235 2394 2463 2467 Spiritu,
2495 2393 2756 2451 miracula
2794 2393 3008 2451 edebat.

2072 2708 2139 2763 A.
2173 2706 2350 2777 Ergo,
2384 2720 2507 2762 cum
2557 2704 2701 2761 Deus
2754 2704 3028 2761 exsistens
3077 2701 3315 2759 Verbum
3356 2710 3605 2757 sanctum

2000 2800 2073 2857 sit
2097 2814 2161 2855 ex
2192 2814 2288 2855 sua
2311 2808 2526 2864 natura,
2561 2806 2724 2867 atque
2753 2797 3117 2854 essentialiter
3139 2795 3594 2864 omnipotentiam

2001 2892 2055 2946 in
2109 2905 2171 2945 se
2220 2889 2452 2952 habeat,
2507 2888 2764 2958 nullaque
2811 2888 3023 2943 ratione
3083 2886 3329 2957 indigere
3388 2885 3601 2939 censeri

1999 2984 2195 3041 debeat
2234 2994 2330 3039 aut
2384 2982 2585 3037 virtute
2629 2981 2845 3047 aliena,
2885 2989 2979 3035 aut
3016 2980 3251 3036 ascititia
3296 2977 3606 3035 sanctiﬁca-

2000 3077 2150 3133 tione
2198 3093 2214 3143 ;
2258 3076 2509 3146 quisnam
2563 3082 2648 3130 est
2709 3073 2755 3130 is
2798 3074 2890 3143 qui
2924 3082 3117 3130 unctus
3160 3083 3244 3129 est
3291 3072 3493 3127 virtute
3552 3079 3606 3125 et

2002 3166 2209 3238 Spiritu
2242 3176 2432 3223 sancto
2458 3168 2483 3221 ?

378 3233 442 3339 AB.
481 3233 645 3287 Φαῖεν
676 3232 743 3286 ἂν
785 3234 919 3299 ἴσως
963 3237 1054 3291 τὸν
1098 3239 1373 3312 ληφθέντα
1410 3246 1555 3301 κατά
1598 3249 1897 3321 συνάφειαν

2075 3259 2136 3313 Β.
2174 3259 2418 3315 Dixerint
2449 3259 2718 3327 fortasse,
2750 3274 2876 3315 eum
2919 3259 3196 3315 hominem
3230 3258 3320 3329 qui
3353 3271 3451 3327 per
3481 3271 3605 3311 cou-

306 3319 617 3393 ἄνθρωπον.

377 3417 443 3468 Δ.
483 3415 657 3480 Αὐτὸς
682 3412 775 3471 οὖν
801 3418 910 3490 ἀρα
936 3419 1083 3473 ἐστὶν
1120 3420 1329 3491 Ἰησοῦς
1354 3425 1592 3498 Χριστὸς
1625 3427 1810 3495 ίδικῶς
1833 3450 1893 3487 τε

306 3500 399 3554 καὶ
461 3505 820 3573 καταμόνας,
870 3507 964 3561 καὶ
1019 3509 1148 3580 περὶ
1200 3504 1260 3564 οὗ
1307 3531 1472 3585 φησιν
1532 3517 1561 3569 6
1618 3520 1896 3591 πάνσοφος

306 3593 556 3659 Παῦλος·
595 3616 614 3651 ι
658 3599 798 3653 Ἀλλ’
830 3603 962 3673 ἡμῖν
1000 3598 1081 3665 εἷς
1111 3602 1243 3669 Θεὸς
1284 3607 1314 3659 6
1357 3608 1580 3683 Πατὴρ,
1618 3613 1679 3678 ὲξ
1724 3610 1784 3669 οὗ
1822 3617 1894 3671 τὰ

305 3685 508 3777 πάντα,
532 3690 626 3742 καὶ
659 3691 820 3777 ἡμεῖς
844 3693 913 3745 δι’
941 3693 1131 3758 αὑτοῦ,
1182 3698 1276 3750 καὶ
1318 3692 1401 3762 εἷς
1444 3702 1648 3772 Κύριος
1685 3707 1892 3777 Ἰησοῦς

303 3774 579 3847 Χριστὸς,
624 3778 692 3832 δι’
739 3772 800 3831 οὗ
834 3781 903 3835 τὰ
933 3781 1133 3848 πάντα,
1167 3785 1261 3837 καὶ
1309 3786 1473 3857 ἡμεῖς
1517 3790 1587 3845 δι’
1634 3772 1822 3851 αὐτοῦ.

304 3866 434 3930 Πῶς
461 3863 575 3936 οῦν,
601 3870 723 3924 είπέ
758 3889 869 3941 μοι,
902 3872 970 3926 δι’
1000 3874 1289 3945 ἀνθρώπου
1319 3879 1389 3932 τὰ
1420 3880 1632 3953 nivea;
1664 3887 1889 3943 ἀνθότου

301 3961 361 4015 δὲ
396 3963 490 4015 καὶ
516 3964 741 4035 ἀμέσως
774 3963 850 4029 ὡς
880 3964 1009 4031 Υἱὸς
1048 3970 1225 4040 Πατρὶ
1254 3974 1629 4043 συντάττεται,
1659 3982 1893 4051 μεσολα-

302 4052 528 4118 εοῦντος
557 4056 802 4149 οὐδενός
826 4054 966 4149 ᾃΕῐτα
996 4060 1119 4114 ὅποι
1171 4064 1303 4117 ποτὲ
1336 4065 1427 4121 τὸν
1472 4070 1752 4147 Μονογενῆ
1793 4076 1892 4149 θή-

303 4158 472 4213 σομεν
525 4145 606 4209 εἰς
639 4144 731 4199 τὸν
777 4147 943 4202 αὐτοῦ
978 4149 1143 4205 τόπον
1181 4153 1606 4226 ἀνασιὸἀζοντες
1658 4144 1750 4219 τὸν
1794 4144 1892 4223 ἀν-

302 4232 557 4334 θρωττοι),
594 4238 688 4334 arui.
714 4239 891 4334 τοῦτο,
927 4242 1073 4297 καθά
1114 4262 1301 4316 φησιν,
1331 4250 1727 4325 ἑνεργούμενον
1756 4264 1893 4334 παρ’

301 4325 513 4425 αἱίιτοῦ,⁵
543 4329 637 4425 καὶ
758 4332 922 4425 αὐτὸν
947 4334 1289 4407 τιμώμενον;
1322 4335 1449 4414 Ἆρ’
1477 4346 1579 4401 οὐκ
1618 4325 1890 4425 ὲκδέὸηιιε

299 4417 383 4513 τὸ-
409 4416 620 4513 εικὺςᾲό
658 4418 815 4513 λόγος
864 4421 1079 4490 αὑτοῖς;
1111 4426 1231 4480 οὐχ’
1260 4428 1365 4493 ἔξω
1400 4432 1626 4505 φέρεται
1660 4416 1887 4513 σκοποῦ,

300 4508 507 4607 ἶιαὶ-ιτις
534 4510 633 4581 τῆς
665 4511 927 4585 ἀληθείας
955 4517 1265 4589 ὀλοτρόπως
1293 4523 1655 4597 ἡμαρτηκὼς,
1681 4508 1889 4607 γελῴτο

300 4601 367 4655 ἂν
399 4602 623 4669 ἐνδίκως
644 4622 658 4671 ;

296 4785 442 4881 aea-td
471 4787 680 4881 ,τοιόνδε
712 4790 835 4844 τινὰ
867 4793 1091 4863 τρόπον.
1122 4798 1333 4871 Ὥσπερ
1362 4804 1472 4877 γὰρ
1500 4809 1528 4859 6
1560 4785 1695 4881 παρζ
1720 4814 1885 4869 αὑτοῦ
1984 4839 2047 4880 ce

190 4934 209 4959 ἦ
293 4877 526 4947 ληφθεὶς
553 4879 845 4953 ἄνθρωπος
867 4925 882 4949 ,

305 4971 588 5037 Ἰουδαίας,
638 4974 852 5046 εἴρηται
884 4977 940 5031 δὲ
969 4978 1310 5053 Ναζωραῖος,
1334 4988 1421 5042 διὰ
1446 4990 1505 5043 τὸ
1531 4971 1753 5063 οἰκῆσαι
1784 4971 1885 5069 τήν

290 5064 575 5160 Ιξαζαρετ,
609 5067 752 5160 οῦτω
780 5070 875 5123 καὶ
904 5072 933 5124 6
956 5071 1089 5136 Θεὸς
1130 5075 1319 5145 Λόγος,
1366 5081 1652 5153 ἄνθρωπος
1680 5064 1881 5160 ὁνομά-

290 5155 469 5219 ςεται.
499 5155 589 5209 διὰ
623 5158 686 5211 τὸ
708 5160 1033 5231 κατοικῆσαι
1065 5165 1125 5217 ὲν
1153 5168 1447 5242 ἀνθρώπῳ.

363 5249 428 5342 Α,
468 5249 531 5301 Ὢ
578 5251 779 5320 φρενὸς
806 5256 1230 5323 γραοπρεποῦς,
1267 5263 1361 5315 καὶ
1386 5264 1479 5318 νοῦ
1518 5271 1879 5342 παρειμένου,

292 5342 389 5435 καὶ
404 5341 752 5435 βατταρίζειν
774 5345 997 5412 εἰδότος,
1016 5350 1110 5402 καὶ
1126 5349 1313 5422 ἕτερον
1338 5355 1515 5411 οὐδέν.
1541 5360 1873 5435 Ἐκνήψατε,

290 5434 341 5488 οι
394 5434 705 5505 μεθύοντες,
746 5435 806 5503 ἐξ
832 5437 976 5493 οἴνου
1010 5442 1189 5495 αὐτῶν
1211 5486 1224 5509 ,
1259 5446 1603 5517 ἐπιφωνείτω
1644 5434 1731 5521 τις
1765 5463 1880 5525 τοῖς

161 5590 173 5598 ,
272 5527 615 5593 διεναντίας,
648 5528 700 5582 τί
736 5531 1147 5602 παραϐιάζεσθε
1176 5538 1429 5609 τάληθὲς,
1456 5545 1552 5597 καὶ
1582 5550 1690 5602 τῶν
1718 5551 1877 5609 θείων

292 5619 576 5691 δογμάτων
612 5621 708 5695 τὴν
739 5623 971 5694 δύναμιν
1015 5630 1463 5703 παρευθύνοντες,
1498 5638 1602 5705 ἔξω
1643 5644 1877 5718 φέρεσθε

366 5820 768 5917 ‘Lbl‘atthlxxt,
926 5916 945 5917 ﬂ
967 5827 1013 5917 ’ξδ
1044 5827 1230 5917 Matth.
1269 5852 1386 5905 xm,
1418 5842 1504 5897 41.
1581 5846 1624 5877 ⁸³
1649 5846 1805 5905 Juan.
1834 5867 1888 5917 κ,
1925 5852 2016 5908 58.

294 5892 341 5924 δ’
381 5891 570 5952 Matth.
601 5912 658 5963 ιι,
690 5891 763 5951 ὕ(
797 5900 843 5931 ³ο
878 5898 1007 5955 Luc.
1046 5916 1103 5966 ιι,
1141 5903 1227 5958 51.

1991 3351 2329 3422 iunctionem
2370 3361 2685 3422 assumptus
2711 3360 2812 3406 est.

2068 3443 2133 3497 A.
2187 3442 2307 3511 Ipse
2342 3443 2506 3513 igitur
2536 3453 2619 3497 est
2668 3442 2826 3498 Jcsns
2851 3442 3104 3497 Christus
3145 3443 3495 3514 singulariter
3538 3464 3604 3503 ac.

1994 3534 2162 3600 solus,
2189 3534 2332 3590 etde
2352 3549 2460 3605 quo
2488 3534 2663 3605 inquit
2691 3534 3127 3607 sapientissimus
3160 3535 3357 3594 Paulus
3389 3558 3403 3594 :
3435 3559 3452 3593 ι
3494 3542 3601 3596 Sed

1997 3630 2152 3686 nobis
2184 3644 2323 3684 unus
2367 3629 2509 3685 Deus
2559 3626 2760 3696 Pater,
2790 3644 2855 3685 ex
2899 3645 3008 3700 quo
3060 3632 3243 3686 omnia
3264 3673 3280 3697 ,
3316 3645 3370 3688 et
3400 3649 3501 3690 nos
3531 3649 3597 3689 ex

1995 3723 2115 3792 ipso
2163 3740 2177 3776 :
2219 3732 2274 3776 et
2304 3737 2443 3779 unus
2495 3721 2757 3778 Dominus
2790 3721 2948 3779 Jesus
2982 3722 3254 3795 Christus,
3289 3744 3386 3796 per
3436 3745 3597 3799 quem

1994 3813 2216 3877 omnia,
2257 3821 2312 3867 et
2350 3827 2448 3868 nos
2501 3826 2596 3882 per
2659 3812 2832 3883 ipsum
2876 3812 2941 3867 ⁸⁸.
2995 3832 3014 3869 ι
3070 3815 3353 3883 Quomodo
3409 3819 3596 3894 igitur.

1992 3906 2253 3971 obsecro,
2290 3920 2385 3976 per
2433 3905 2708 3961 hominem
2745 3916 2869 3961 sunt
2904 3907 3083 3962 omnia
3125 3908 3338 3979 ?quam
3375 3928 3501 3968 veru
3528 3915 3599 3968 ob

1994 4013 2218 4053 causam
2265 3997 2579 4054 immediate
2612 4008 2671 4054 ut
2697 3998 2869 4055 Filius
2918 4000 3064 4055 Patri
3126 4003 3474 4073 adjnngitur,
3504 4023 3600 4062 ue-

1995 4091 2142 4145 tnine
2179 4090 2618 4145 interveniente?
2647 4092 2841 4147 deinde
2871 4094 3090 4149 ubinam
3126 4099 3341 4151 tandem
3392 4097 3597 4169 linige-

1995 4180 2167 4234 nitum
2219 4178 2641 4250 eollocabimus,
2678 4183 2723 4237 si
2776 4180 3051 4240 hominem
3110 4186 3161 4240 iu
3199 4188 3371 4257 ipsius
3420 4191 3595 4253 locum

1995 4272 2277 4327 evehimus
2312 4288 2327 4339 ;
2363 4282 2417 4327 et
2443 4274 2700 4344 quidem,
2738 4284 2795 4329 ut
2827 4276 2925 4346 ipsi
2956 4277 3180 4344 volunt,
3214 4280 3265 4335 vi
3306 4296 3369 4336 ac
3395 4284 3596 4339 virtute

1992 4366 2062 4420 ab
2088 4365 2206 4436 ipso
2235 4365 2584 4436 insignitum,
2611 4367 2892 4438 gloriaque
2944 4385 3033 4439 per
3089 4372 3261 4442 ipsum
3293 4372 3544 4431 allectum
3573 4380 3596 4433 τ

1994 4456 2150 4513 Anne
2177 4456 2270 4511 tibi
2302 4456 2514 4513 illorum
2545 4460 2784 4515 rationes
2818 4461 3067 4518 absurda:
3094 4473 3147 4519 et
3174 4482 3202 4518 a
3232 4481 3398 4537 scopo
3432 4473 3593 4526 aluer-

1993 4555 2207 4611 rantes,
2246 4557 2410 4617 atque
2447 4550 2584 4604 adeo
2621 4566 2649 4603 a
2687 4551 2921 4607 veritate
2966 4569 3192 4625 prorsus
3232 4560 3450 4627 aliena),
3481 4563 3589 4619 risu

1919 4638 1965 4696 D
1996 4641 2191 4695 merito
2229 4641 2565 4712 excipiendas
2602 4642 2891 4698 videntur?

2057 4732 2119 4789 Β.
2152 4732 2388 4788 Verbum
2421 4734 2551 4799 Dei,
2586 4735 2872 4806 inquiunt,
2910 4749 3137 4797 vocatur
3173 4743 3369 4810 homo,
3404 4746 3589 4817 hujus-

2052 4826 2191 4879 modi
2215 4826 2451 4895 quadam
2481 4826 2710 4882 ratione.
2743 4826 3214 4894 Quemadmodum
3241 4837 3387 4890 enim
3424 4839 3586 4893 humo

931 4888 1191 4998 ἐγεννήθη
1247 4894 1344 4962 μὲν
1392 4899 1450 4949 ὲν
1501 4898 1750 4973 Βηθλεὲμ
1786 4907 1887 4977 τῆς

2008 4917 2073 4986 ιιιί
2135 4916 2203 4971 ab
2268 4919 2383 4987 ipso
2421 4931 2733 4991 assumptus
2775 4932 2861 4979 est
2903 4935 3064 4982 natus
3127 4931 3345 4998 quidem
3391 4943 3473 4986 est
3534 4934 3586 4988 in

1984 5009 2300 5066 Bethlehem
2330 5010 2529 5067 Judagaa
2570 5013 2616 5046 ⁸³
2655 5034 2669 5069 :
2718 5016 2897 5074 dictus
2927 5030 3107 5094 autem
3153 5033 3238 5077 est
3272 5022 3583 5090 anurtens,

1987 5104 2129 5172 quod
2159 5102 2212 5157 iu
2252 5102 2523 5161 Nazareth
2568 5106 2840 5166 habitaret
2866 5112 2912 5144 '°
2944 5102 2960 5178 ξ
3000 5114 3073 5168 ita
3100 5125 3155 5170 et
3184 5116 3324 5172 Deus
3348 5116 3586 5175 Verbum

1988 5202 2213 5249 vocatur
2242 5195 2425 5263 homo,
2458 5199 2586 5269 quia
2623 5200 2892 5257 inhabitat
2918 5206 2970 5259 in
3002 5206 3241 5263 homine.

2041 5285 2159 5344 A.O
2174 5289 2336 5344 anilia
2351 5303 2682 5361 commenta,
2699 5311 2989 5367 mersaque
3003 5315 3197 5370 nugas,
3216 5302 3404 5368 verba,
3423 5320 3586 5360 voces

1990 5391 2365 5453 praetereaque
2393 5384 2559 5440 nihili
2591 5385 2877 5460 Evigilate,
2907 5397 3210 5459 temulenti,
3240 5414 3303 5450 ex
3337 5400 3459 5451 riuo
3488 5416 3584 5453 ve-

1991 5481 2127 5537 stro,
2150 5474 2345 5530 merito
2358 5477 2481 5547 quis
2504 5476 2775 5536 haereticis
2787 5482 3069 5542 occlamet.
3090 5486 3227 5554 Quid
3248 5489 3412 5561 750
3436 5493 3582 5545 veri-

1992 5564 2087 5618 tati
2117 5565 2228 5620 vim
2260 5565 2519 5624 inlertis?
2560 5581 2616 5626 et
2647 5572 2953 5630 divinorum
2979 5578 3291 5649 dogmattnn
3325 5582 3581 5638 virtutem

1987 5655 2384 5724 subvertentes,
2416 5673 2447 5713 a
2470 5660 2554 5715 via
2584 5663 2731 5732 regia
2750 5663 3036 5724 deﬂectitis
3062 5668 3289 5739 ?Ncque
3329 5674 3499 5737 enim.
3528 5687 3585 5731 ut

2124 5856 2170 5888 “
2204 5858 2330 5913 ibid.
2367 5858 2457 5915 37.
2556 5863 2601 5895 ⁸⁷
2625 5864 2749 5923 Act.
2785 5880 2841 5931 ς,
2876 5866 2966 5922 Ξ8.
3077 5870 3122 5901 ⁸⁸
3158 5872 3173 5927 Ι
3205 5870 3331 5930 Cor.
3361 5891 3478 5943 νιιι,
3521 5878 3575 5937 6.
