4006 6448
457 426 593 481 1319

452 642 613 699 quem
644 624 881 694 Spiritus
901 620 1184 677 manifeste
1216 622 1516 688 descendit,
1574 624 1627 677 in
1674 633 1866 679 sancto
1912 620 2035 692 Spi-

457 720 561 775 ritu
594 715 830 785 baptiaat
858 753 878 780 ,
917 726 1092 782 eaque
1145 721 1373 783 praestat
1419 728 1539 783 qua:
1570 712 1668 769 soli
1699 714 1896 769 divinae
1933 730 2033 769 na-

458 820 594 863 tura:
616 813 748 860 sunt
775 803 994 875 propria
1020 801 1563 864 ?Sanctitlcationem
1614 804 1761 859 enim
1810 804 2038 876 largitur

455 907 618 967 atque
633 895 961 967 suppeditat.
983 892 1134 962 Quod
1159 894 1375 964 quidem
1394 894 1781 951 demonstrans
1799 894 2035 951 Verbum

455 989 734 1060 proprium
803 1003 958 1043 suum
1034 986 1237 1042 bonum
1296 1001 1439 1053 esse,
1499 986 1781 1056 inspiravit
1834 987 2039 1043 sanctis

456 1081 739 1151 apostolis,
793 1079 982 1136 dicens
1027 1094 1042 1132 :
1088 1077 1391 1149 «-Accipite
1431 1077 1693 1148 Spiritum
1743 1088 2034 1135 sanctum:

456 1184 901 1243 quorumcunque
954 1170 1275 1225 remiserltis
1334 1179 1554 1240 peccata
1575 1210 1592 1237 ,
1624 1170 1986 1226 remittuntur
2017 1189 2033 1228 :

456 1276 900 1336 quorumcunque
919 1261 1279 1326 retinuerltis,
1328 1269 1538 1316 retenta
1600 1270 1726 1317 sunt
1765 1262 1831 1317 '°.
1865 1281 1884 1315 ι
1923 1263 2041 1329 Quo

458 1363 614 1425 pacto
636 1364 822 1409 autem
859 1352 1255 1409 sanctiﬁcatum
1283 1350 1723 1408 manifestissime
1751 1356 2042 1413 ostendens

458 1448 669 1501 divinus
726 1446 989 1515 Baptista,
1054 1450 1283 1497 testatus
1337 1451 1441 1507 est,
1473 1443 1615 1512 quod
1644 1443 1736 1498 hic
1779 1446 1849 1499 sit
1874 1442 2041 1500 Filius

459 1538 574 1603 Dei,
628 1536 976 1608 singulariter
1007 1549 1072 1589 ac
1106 1533 1254 1588 solus
1284 1533 1308 1587 ?
1341 1532 1645 1604 Oportebat
1706 1537 1848 1589 enim
1899 1536 2043 1591 hunc

457 1626 610 1682 orbis
665 1636 933 1680 terrarum
997 1625 1293 1685 doctorem,
1324 1622 1369 1677 si
1422 1624 1581 1677 modo
1612 1624 1777 1677 alium
1834 1639 1863 1677 a
1913 1639 2041 1678 vero

458 1718 595 1773 Filio
616 1716 995 1787 cognoscebat,
1028 1714 1103 1768 rei
1140 1716 1423 1768 veritatem
1465 1715 1760 1781 explicare,
1815 1722 2037 1783 aperte—

459 1824 565 1877 que
590 1808 810 1862 dicere:
842 1804 941 1860 Hic
966 1814 1053 1860 est
1097 1805 1189 1874 qui
1225 1804 1433 1859 ratione
1478 1804 1876 1873 coniunctionis
1913 1822 2035 1861 cum

1442 420 1500 474 S.
1540 414 1815 473 CYRIILI
1854 412 2323 470 ALEXANDRINI
2364 412 2680 470 AllCHlEP.

524 542 593 591 Α.
618 530 780 602 Atqui
820 530 1089 599 quomodo
1139 530 1183 584 is
1246 530 1337 599 qui
1396 531 1701 599 baptizatus
1735 541 1842 595 est,
1872 540 1929 586 et
1972 532 2023 585 in

2200 534 2263 588 Α.
2311 528 2442 585 Εἶτα
2476 532 2593 596 πῶς
2624 534 2652 585 ὁ
2701 530 3137 602 βεῦαπτισμένος
3171 572 3182 594 ,

3581 414 3715 471 1⁸520

3232 530 3326 581 καὶ
3366 531 3468 599 τὴν
3501 530 3721 600 ἐμφανῆ

2138 621 2235 674 τοῦ
2270 621 2587 691 Πνεύματος
2610 620 2789 675 λαῦὼν
2814 621 3225 691 καταφοίτησιν,
3250 621 3308 672 ὲν
3338 619 3485 689 ἁγιῳ
3520 618 3718 688 βαπτί-

2138 712 2222 776 ζει
2259 713 2559 784 Πνεύματι,
2592 714 2774 768 καὶτὰ
2801 713 2935 783 μόνῃ
2969 710 3249 782 πρέποντα
3279 713 3375 764 καὶ
3406 711 3629 763 ἐοικότα
3653 713 3721 781 τῇ

2137 803 2257 874 θείᾳ
2293 806 2453 873 φύσει
2500 806 2725 876 πληροῖ;
2773 805 3024 875 Χορηγδς
3054 806 3163 876 γάρ
3211 805 3359 872 ἐστιν
3402 800 3721 876 άγιασμοῦ.

2137 894 2230 948 καὶ
2259 896 2417 950 τοῦτο
2445 897 2679 961 δεικνὺς,
2710 896 2785 960 ὡς
2816 895 2947 949 ἴδιον
2998 895 3203 965 ἀγαθὸν
3227 896 3257 947 ό
3287 893 3723 965 ὲνανθρωπήσας

2136 986 2329 1055 Λόγος,
2358 988 2711 1059 σωματικῶς,
2739 990 3044 1059 ἐνεφύσησε
3062 991 3174 1052 τοῖς
3204 987 3380 1056 ἁγίοις
3398 985 3723 1048 ἀποστόλοις

2137 1078 2332 1148 λέγων’
2366 1100 2383 1131 ι
2404 1079 2613 1135 Λάϐετε
2648 1079 2868 1151 Πνεῦμα
2902 1080 3085 1149 ἅγιον⁶
3124 1083 3192 1135 ἄν
3221 1098 3387 1134 τινων
3412 1078 3595 1149 ἀφῆτε
3625 1078 3723 1140 τὰς

2139 1169 2434 1242 ἁμαρτίας,
2454 1170 2724 1240 ἀφίενται·
2744 1172 2809 1225 ἄν
2832 1189 2995 1225 τινων
3018 1172 3274 1241 κρατῆτε,
3290 1172 3687 1242 κεκράτηνται.
3702 1187 3720 1218 ι

2140 1261 2265 1324 Πῶς
2292 1261 2349 1314 δὲ
2374 1260 2466 1316 τὸν
2514 1264 2847 1334 ἡγιασμένον
2875 1264 3247 1335 ἐναργέστατα
3293 1261 3658 1324 καταδεικνὺς
3698 1262 3726 1311 ὁ

2140 1351 2425 1415 θεσπέσιος
2450 1353 2779 1425 Βαπτιστὴς,
2807 1354 3254 1425 μεμαρτύρηκεν,
3274 1356 3357 1408 ὅτι
3376 1349 3551 1415 Οὗτός
3574 1355 3723 1404 ἐστιν

2139 1443 2167 1494 ὁ
2203 1442 2328 1505 Υἱὸς
2371 1442 2466 1496 τοῦ
2505 1442 2678 1509 Θεοῦ,
2716 1445 3019 1515 μοναδικῶς
3054 1446 3149 1499 καὶ
3199 1445 3520 1517 ὲνάρθρωςς
3573 1444 3721 1496 Ἔδει

2145 1530 2248 1602 γὰρ
2278 1530 2406 1585 ὄντα
2438 1532 2538 1603 τῆς
2578 1533 2667 1602 ὑφ’
2713 1534 2847 1606 ἡλίῳ
2894 1536 3274 1604 μυσταγωγὸν,
3322 1537 3376 1589 εἴ
3414 1552 3505 1588 πω
3534 1535 3723 1604 ἕτερον

2139 1622 2269 1675 ὄντα
2326 1624 2477 1694 παρά
2520 1642 2583 1692 γε
2636 1625 2728 1679 τὸν
2774 1624 2989 1697 άληθῶς
3035 1627 3163 1680 Υιὺν
3208 1626 3497 1697 ἠπίστατο,
3548 1642 3722 1678 κατα-

2142 1715 2378 1782 σημᾰναι
2404 1716 2465 1767 τὸ
2490 1716 2709 1787 ἀληθὲς,
2744 1717 2971 1786 λέγοντα
3000 1720 3186 1788 σαφῶς
3208 1758 3222 1780 ,
3258 1713 3428 1783 Οὗτός
3474 1721 3649 1775 ἐστιν.
3694 1719 3724 1771 ὁ

2140 1804 2283 1857 κατά
2336 1804 2634 1873 συνάφειαν
2676 1807 2776 1877 τὴν
2838 1808 2975 1878 πρὸς
3016 1808 3108 1861 τὸν
3151 1810 3309 1878 φύσει
3358 1810 3455 1861 καὶ
3501 1808 3721 1876 ἀληθῶς

458 1915 526 1954 eo
555 1900 646 1968 qui
688 1907 878 1952 natura
903 1912 967 1951 ac
1007 1910 1136 1951 vere
1162 1896 1333 1951 Filius
1362 1906 1467 1961 est,
1525 1897 1786 1952 beneﬁcio
1824 1908 1877 1952 et
1917 1914 2031 1969 gra-

2145 1895 2290 1958 Υἱον,
2317 1895 2459 1950 δόσει
2498 1914 2559 1949 τε
2590 1899 2683 1951 καὶ
2711 1897 2894 1969 χάριτι
2928 1900 3167 1967 γεγονὼς
3201 1900 3329 1963 Υἱός
3354 1918 3369 1932 ·
3402 1899 3520 1952 ἀλλ’
3567 1899 3721 1952 οὐδὲν

461 1988 535 2041 tia
598 1988 771 2040 factus
830 1994 917 2041 est
976 1984 1166 2039 Filius.
1234 1983 1506 2039 Cancrum
1556 1986 1686 2040 nihil
1732 1987 2038 2055 huiusmodi

461 2080 599 2132 dixit
636 2078 772 2132 :sed
814 2092 979 2131 unum
1016 2086 1177 2147 atque
1208 2079 1459 2132 eumdem
1490 2093 1612 2133 esse
1646 2078 1845 2142 sciens,
1892 2087 1947 2133 et
1972 2094 2039 2134 ex

463 2174 574 2228 Deo
608 2172 767 2228 Patre
820 2170 1076 2237 Verbum,
1125 2181 1180 2227 et
1210 2186 1275 2227 ex
1306 2174 1512 2227 semine
1544 2171 1712 2225 David
1742 2173 2038 2227 secundum

460 2279 706 2329 carnem,
760 2262 1158 2318 sanctiﬁcatum
1189 2263 1402 2331 quidem
1432 2263 1527 2328 ait,
1582 2272 1850 2331 quatenus
1878 2263 2038 2316 homo

458 2360 544 2407 est
568 2369 583 2417 ;
609 2367 671 2406 ac
696 2365 884 2405 rursus
905 2350 1268 2418 sanctiﬁcare,
1291 2362 1554 2422 quatenus
1584 2362 1667 2406 est
1701 2350 1862 2406 Deus.
1911 2351 2031 2405 Erat

462 2440 631 2504 enim,
680 2448 739 2493 ut
792 2439 928 2501 dixi,
989 2440 1177 2495 ethoc
1222 2449 1277 2493 et
1327 2439 1478 2493 illud.
1517 2439 1574 2493 Si
1631 2454 1759 2507 ergo
1802 2455 1907 2495 non
1953 2449 2039 2495 est

462 2530 635 2585 factus
666 2532 847 2593 homo,
876 2530 919 2584 si
957 2545 1061 2584 non
1091 2541 1249 2585 natus
1284 2540 1366 2585 est
1386 2545 1451 2585 ex
1483 2530 1707 2585 muliere
1738 2530 2035 2585 secundum

461 2638 702 2687 carnem,
738 2621 900 2692 753
933 2622 1214 2677 avellimus
1247 2623 1316 2676 ab
1358 2623 1476 2691 ipso
1530 2623 1776 2677 humanm
1831 2632 2038 2678 natum

465 2715 849 2786 proprietates.
882 2716 950 2769 At
981 2716 1025 2769 si
1053 2729 1238 2768 verum
1274 2722 1356 2768 est
1382 2714 1523 2783 quod
1564 2729 1623 2769 se
1653 2715 1932 2769 demiserit
1971 2717 2036 2769 ad

461 2806 909 2870 exinanitionem,
944 2816 997 2859 et
1046 2804 1221 2860 factus
1258 2806 1328 2860 sit
1382 2805 1549 2859 nostri
1591 2806 1804 2871 similis,
1850 2820 2036 2875 quam-

463 2897 647 2950 obrem
674 2912 737 2951 ea
771 2911 865 2965 per
901 2911 1020 2964 qua:
1054 2896 1475 2951 exinanitionem
1516 2898 1703 2961 subiit,
1733 2898 1832 2967 ipsi
1860 2899 2039 2952 detra-

464 2988 599 3041 iiunt
633 2986 1124 3042 administrationis
1171 2987 1221 3041 in
1252 3001 1419 3042 carne
1476 2986 1765 3043 artiﬁcium
1821 2988 2039 3059 imperi-

466 3077 675 3134 tissime
719 3077 1085 3133 convcllentes
1108 3078 1131 3131 i

530 3191 590 3246 Β.
622 3189 677 3246 Si
717 3206 847 3259 ergo
892 3191 1103 3247 dicatur
1148 3192 1315 3247 etiam
1374 3192 1598 3264 gloriam
1654 3196 1948 3266 accepisse,
1978 3205 2033 3251 et

458 3281 627 3337 factus
653 3290 737 3336 est
765 3279 1044 3346 Dominus,
1101 3291 1265 3351 atque
1316 3282 1580 3338 exaltatus
1627 3300 1749 3339 esse
1783 3300 1812 3337 a
1846 3284 2025 3352 Patre,

458 3370 867 3441 declaratusque
900 3385 1019 3426 esse
1048 3386 1165 3435 rex,
1201 3372 1513 3427 ascribesne
1565 3377 1728 3427 etiam
1776 3376 1888 3430 haec
1923 3374 2032 3429 Deo

459 3461 640 3519 Verbo
664 3464 797 3517 citra
832 3462 992 3515 ullam
1023 3462 1205 3533 gloria:
1237 3462 1404 3533 ipsius
1438 3464 1869 3520 imminutionem
1903 3467 1926 3518 ?

525 3643 590 3696 Α.
621 3640 771 3708 Quod
798 3640 1015 3711 quidem
1042 3638 1138 3696 Dei
1168 3639 1326 3694 Verbi
1364 3649 1555 3695 natura
1586 3641 1733 3695 omni
1766 3641 1935 3711 gloria
1975 3652 2030 3699 et

457 3749 623 3805 regno
657 3742 821 3802 atque
846 3731 1215 3786 dominatione
1238 3744 1363 3789 vera
1405 3731 1603 3786 referta
1659 3733 1750 3797 sit,
1795 3749 2026 3803 quonam

456 3834 615 3895 pacto
653 3824 885 3893 cuipiam
926 3823 1145 3878 dubium
1178 3836 1299 3879 esse
1349 3834 1532 3892 queat,
1560 3827 1813 3896 quodque
1844 3826 2024 3882 divina

457 3916 689 3986 dignitas
714 3916 1098 3969 convenienter
1124 3915 1171 3968 ei
1204 3915 1511 3969 tribuatur?
1549 3915 1682 3971 Cum
1708 3932 1835 3971 veru
1858 3918 2031 3974 factus

454 4017 538 4061 est
567 4008 747 4070 homo,
795 4007 879 4061 cui
903 4007 1083 4060 omnia
1112 4018 1237 4061 sunt
1276 4006 1401 4061 data
1452 4018 1613 4077 atque
1660 4010 1919 4074 ascititia,
1965 4026 2030 4065 ea

456 4100 667 4154 ratione
715 4099 927 4153 tametsi
984 4099 1235 4154 omnibus
1283 4101 1540 4165 auundet,
1576 4111 1633 4155 et
1679 4117 1745 4156 ex
1783 4118 1879 4158 sua
1913 4104 2025 4173 ple-

457 4190 698 4243 nitudine
731 4187 982 4244 omnibus
1009 4188 1374 4257 impartiatur,
1414 4190 1649 4245 humano
1685 4207 1833 4247 more
1880 4195 2027 4250 acci-

455 4280 550 4349 pit,
602 4294 907 4349 novumque
934 4288 1019 4335 est
1065 4288 1121 4334 et
1156 4280 1454 4335 inauditum
1514 4282 1564 4335 in
1612 4281 1831 4338 Christo
1860 4286 2027 4340 mira-

454 4370 656 4434 culum,
706 4370 758 4423 in
830 4370 1008 4424 servili
1061 4370 1258 4437 forma,
1312 4370 1736 4433 dominatio;in
1797 4375 2027 4429 humana

455 4458 737 4520 tenuitate,
772 4457 940 4528 gloria
976 4457 1176 4523 divina,
1220 4469 1272 4513 et
1315 4460 1461 4527 regia
1502 4461 1736 4529 dignitas
1764 4463 1816 4516 iu
1859 4466 2027 4517 servi-

2128 1987 2242 2056 ,μὲν
2287 1988 2391 2058 ἔφη
2434 1988 2695 2048 τοιοῦτον,
2749 1990 2845 2043 ’ἐνα
2874 1989 2932 2041 δὲ
2966 1992 3058 2043 καὶ
3082 1990 3175 2044 τὸν
3204 1991 3364 2044 αὐτὸν
3392 1992 3523 2044 ὅντα
3557 1990 3721 2058 γινώ-

2143 2094 2309 2141 σκων,
2340 2079 2432 2131 καὶ
2461 2080 2526 2130 ὲκ
2547 2078 2682 2131 Θεοῦ
2724 2080 2938 2151 Πατρὺς
2962 2080 3155 2149 Λόγον,
3187 2082 3279 2133 καὶ
3311 2082 3374 2133 ὲκ
3401 2080 3723 2151 σπέρματπ

2140 2166 2232 2220 τοῦ
2263 2167 2426 2222 Δαῦὶδ
2473 2169 2614 2221 κατὰ
2648 2168 2847 2239 σάρκα,
2877 2170 3205 2241 άγιασθῆναι
3244 2170 3343 2241 μέν
3374 2186 3534 2241 φησι,
3587 2169 3725 2221 καθὸ

2139 2258 2445 2328 ἄνθρωπος,
2480 2259 2729 2327 άγιάζειν
2772 2260 2827 2313 δὲ
2865 2257 2956 2326 αὖ,
3003 2260 3139 2314 καθὸ
3186 2262 3387 2314 νοεῖται
3417 2260 3573 2323 Θεός.
3610 2255 3723 2311 Ἦν

2138 2350 2267 2419 γὰρ,
2300 2349 2375 2412 ὡς
2407 2350 2564 2419 ἔφην,
2592 2352 2651 2402 ἐν
2679 2351 2827 2421 αύτῷ
2854 2353 3009 2405 τοῦτο
3036 2354 3277 2407 κάκεῖνο.
3306 2353 3369 2406 Εἰ
3402 2352 3504 2422 μὲν
3533 2347 3629 2405 οὖν
3658 2351 3725 2404 οὐ

2139 2440 2363 2506 γέγονεν
2394 2438 2701 2509 ἄνθρωπος,
2730 2440 2778 2492 εἰ
2808 2443 2884 2511 μὴ
2919 2440 3242 2512 γεγέννηται
3270 2441 3412 2495 κατὰ
3440 2442 3627 2512 σάρκα
3655 2444 3721 2495 ὲκ

2140 2531 2397 2598 γυναικὸς
2424 2570 2440 2594 ,
2474 2530 2853 2601 ἁποσοδοῦμεν
2892 2532 3056 2585 αὐτοῦ
3090 2538 3159 2587 τὰ
3188 2532 3528 2604 ἀνθρώπινα.
3571 2536 3637 2587 Εἰ
3665 2534 3723 2586 δι

2139 2621 2355 2692 ἀληθὲς,
2396 2622 2478 2673 ὁτι
2506 2620 2693 2683 καθεὶς
2730 2621 2922 2674 ἑαυτὸν
2955 2625 3033 2685 εἱς
3081 2623 3312 2676 κένωσιν
3355 2624 3548 2692 γέγονε
3597 2624 3718 2677 καθ’

2140 2716 2306 2783 ἡμᾶς,
2352 2714 2577 2767 ἁνθότου
2626 2714 2693 2767 τὰ
2738 2714 2805 2766 δι’
2854 2708 2929 2768 ὧν
2976 2714 3041 2767 ἂν
3087 2718 3257 2769 νοοῖτο
3308 2717 3718 2786 κεκενωμένος,

2139 2804 2431 2873 ἀφιστᾶσιν
2474 2805 2637 2856 αὑτοῦ
2664 2846 2678 2869 ,
2710 2805 2808 2875 τῆς
2855 2804 2993 2875 μετὰ
3044 2806 3249 2876 σαρκὸς
3291 2808 3605 2878 οἰκονομίας
3660 2808 3720 2860 τὸ

2140 2894 2389 2962 εὖτεχνὲς
2417 2894 2753 2948 ἀϐουλότατα
2788 2896 3190 2966 παραλύοντες;

2211 3173 2268 3224 Β,
2320 3174 2441 3225 Ἐὰν
2474 3168 2564 3225 οὖν
2595 3173 2847 3244 λέγηται,
2880 3176 2972 3229 καὶ
3003 3176 3161 3245 δόξαν
3191 3178 3396 3246 λαϐεῖν,
3432 3184 3528 3235 καὶ
3564 3186 3717 3253 γενέ-

2135 3265 2257 3318 σθαι
2298 3266 2518 3336 Κύριος,
2548 3267 2825 3337 ύψωθῆναί
2860 3286 2919 3320 τε
2960 3272 3111 3340 παρὰ
3146 3272 3239 3325 τοῦ
3281 3275 3515 3345 Πατρὸς,
3545 3294 3717 3331 κατα-

2136 3358 2324 3425 στῆναι
2351 3357 2407 3410 δὲ
2443 3358 2535 3410 καὶ
2569 3358 2820 3427 βασιλεὺς
2840 3398 2853 3423 ,
2895 3361 3122 3431 ἀνάψεις
3152 3363 3260 3435 ἄρα
3306 3366 3402 3418 καὶ
3433 3368 3608 3421 ταῦτα
3642 3369 3717 3440 τῷ

2132 3448 2251 3518 Θεῷ
2289 3450 2465 3519 Λόγῳ,
2514 3452 2607 3503 καὶ
2635 3451 2693 3503 ού
2743 3451 2919 3521 πάντη
2954 3470 3011 3505 τε
3055 3458 3148 3509 καὶ
3190 3456 3409 3520 πάντως
3437 3458 3715 3531 ἀδικήσεις

2134 3536 2298 3589 αὐτοῦ
2327 3539 2425 3607 τὴν
2462 3538 2618 3603 δόξαν
2635 3557 2649 3605 ;

2206 3631 2270 3681 Δ.
2305 3630 2422 3681 Ὅτι
2469 3629 2568 3698 μὲν
2612 3626 2725 3694 οὖν,
2754 3633 2912 3705 δόξης
2944 3651 3001 3688 τε
3036 3635 3129 3688 καὶ
3171 3635 3447 3705 βασιλείας
3496 3643 3590 3695 καὶ
3620 3661 3716 3697 κυ-

2136 3718 2378 3789 ριότητος
2404 3720 2658 3790 ἀληθοῦς,
2683 3724 2716 3791 ή
2749 3723 2843 3777 τοῦ
2871 3724 3007 3778 Θεοῦ
3034 3728 3208 3797 Λόγον
3243 3732 3591 3802 μεμέστωται
3616 3736 3715 3804 φύ-

2132 3828 2243 3874 σις,
2294 3810 2409 3874 πῶς
2441 3810 2506 3864 ἂν
2537 3813 2826 3868 ἐνδοιάσειέ
2857 3833 2972 3883 τις;
3008 3819 3292 3890 ἀραρότως
3323 3822 3380 3875 δὲ
3409 3824 3492 3878 ὅτι
3525 3827 3623 3882 καὶ
3655 3833 3716 3883 ἐν

2133 3900 2387 3971 ύψώμασι
2429 3904 2627 3955 νοεῖται
2683 3906 2798 3967 τοῖς
2852 3904 3379 3978 θεοπρεπεστάτοιςς
3416 3915 3603 3987 ἐπειδὴ
3657 3918 3715 3973 δὲ

2132 3995 2368 4065 πέφηνεν
2403 3995 2708 4065 ἄνθρωπος,
2736 3990 2779 4064 ᾧ
2808 3998 2986 4051 πάντα
3015 4000 3133 4053 ἐστὶ
3162 4000 3293 4055 δοτὰ
3320 4007 3412 4057 καὶ
3437 4009 3713 4079 εἰσκεκρι-

2133 4087 2299 4156 μένα,
2331 4086 2504 4158 ταύτῃ
2529 4105 2608 4139 τοι
2648 4088 2862 4160 πλήρης
2894 4090 3154 4163 ὑπάρχων
3186 4095 3279 4146 καὶ
3315 4095 3374 4161 ἐξ
3398 4098 3531 4153 ἰδίου
3573 4102 3713 4173 πλη-

2133 4177 2382 4247 ρώματος
2408 4179 2542 4230 πᾶσι
2563 4178 2759 4243 διδοὺς,
2782 4181 3141 4251 ἀνθρωπίνως
3166 4184 3402 4256 δέχεται,
3429 4191 3529 4261 τὴν
3555 4194 3715 4263 ἡμῶν

2132 4269 2404 4339 πτωχείαν
2433 4269 2818 4339 οἰκειούμενος,
2841 4272 2932 4324 καὶ
2962 4268 3030 4343 ἦν
3054 4274 3221 4345 ἄηθες
3252 4294 3309 4330 τε
3346 4282 3439 4333 καὶ
3474 4282 3625 4349 ξένον
3655 4289 3715 4341 ὲν

2128 4361 2347 4433 Χριστῷ
2376 4362 2437 4414 τὸ
2465 4363 2785 4433 παράδοξον,
2814 4366 2869 4416 ὲν
2894 4368 3135 4437 οἰκετικῇ
3185 4375 3389 4442 μορφῇ,
3430 4378 3710 4448 κνριότης,

2130 4453 2187 4504 ἐν
2221 4453 2535 4525 ἀνθρωπίνῃ
2577 4457 3047 4527 σμικροπρεπείᾳ,
3083 4459 3211 4523 δόξα
3251 4461 3588 4537 θεοπρεπὴς,
3620 4473 3713 4524 καὶ

455 4558 587 4610 tute,
648 4556 907 4615 quantum
962 4549 1027 4601 ad
1080 4548 1327 4602 humanae
1390 4561 1595 4606 natura?
1661 4552 2021 4608 conditionem

2137 4543 2398 4614 βασιλείας
2442 4546 2754 4616 αὐχήμασιν
2786 4550 3249 4620 ἐστεφανωμένον,
3294 4555 3355 4607 τὸ
3388 4558 3492 4610 ὑπὸ
3524 4559 3711 4629 ζυγὸν.

453 4639 774 4702 :itt‘inet;ct
836 4636 1108 4692 humilitas
1170 4654 1378 4693 summa
1434 4641 1727 4695 eminentia
1778 4644 2020 4711 przedita.

455 4727 648 4781 Factus
674 4737 756 4781 est
788 4728 932 4782 enim
970 4728 1130 4783 homo
1164 4727 1509 4799 Unigenitus,
1537 4747 1643 4785 non
1677 4743 1734 4786 ut
1765 4734 1815 4786 in
1836 4734 2023 4788 exina-

454 4820 658 4873 nitione
710 4828 1042 4888 permaneat,
1105 4821 1202 4875 sed
1242 4830 1301 4875 ut
1342 4822 1613 4891 accipiens
1665 4839 1786 4877 cum
1819 4838 1880 4877 ea
1909 4824 2027 4893 ejus

455 4910 859 4980 proprietates;
896 4911 1036 4966 Deus
1092 4922 1270 4968 tamen
1331 4915 1650 4970 naturaliter
1688 4931 1807 4972 esse
1862 4920 2023 4973 etiam

452 5004 555 5057 hoc
574 5009 728 5071 pacto
747 5003 1098 5073 intelligatur,
1124 5006 1464 5075 hominisque
1488 5015 1728 5061 naturam
1760 5008 1813 5061 in
1846 5010 2027 5079 seipse

453 5095 705 5161 illustret,
736 5110 1015 5150 sacrarum
1052 5113 1111 5152 ac
1140 5098 1441 5152 divinarum
1487 5100 1812 5170 dignitatum
1852 5101 2023 5170 parti—

453 5187 623 5257 cipem
685 5188 853 5257 ipsam
904 5188 1209 5245 declarans.
1278 5191 1411 5245 Nam
1468 5203 1525 5247 et
1586 5195 1757 5247 sancti
1806 5193 2023 5257 Filium,

453 5282 615 5331 etiam
668 5289 949 5348 postquam
998 5280 1174 5335 factus
1227 5292 1312 5336 est
1351 5284 1531 5348 homo,
1570 5285 1791 5355 gloriam
1827 5286 1916 5341 Dei
1958 5303 2021 5341 ac

455 5369 653 5433 Patris,
716 5380 769 5427 et
826 5388 1006 5443 regem
1069 5390 1132 5429 ac
1182 5374 1466 5429 Dominum
1518 5378 1814 5447 appellant.
1858 5378 2025 5434 lsaias

456 5465 598 5514 enim
632 5463 702 5514 ita
740 5464 851 5517 ait:
891 5484 909 5516 ι
962 5464 1114 5519 Sicut
1170 5467 1326 5521 homo
1375 5468 1667 5523 vindemiat
1704 5471 1900 5535 oleam,
1952 5473 2023 5525 ita

456 5551 860 5605 Vindemiabunt
890 5568 1001 5619 eos,
1031 5565 1085 5608 et
1117 5558 1328 5624 quando
1379 5562 1674 5614 cessaverit
1734 5562 2021 5626 vindemia,

462 5644 545 5695 isti
576 5658 703 5697 voce
740 5644 1067 5699 clamabunt.
1117 5647 1215 5715 Qui
1248 5666 1371 5706 vero
1402 5652 1574 5707 relicti
1609 5652 1811 5708 fuerint
1860 5668 2022 5723 super

525 5818 567 5845 ⁸ο
594 5814 752 5871 Junii.
781 5833 871 5885 xx,
909 5819 1100 5878 22-23.

2128 4637 2188 4688 τό
2220 4654 2282 4704 γε
2308 4632 2437 4707 ἧκον
2466 4639 2545 4699 εἰς
2571 4639 2989 4707 ἁνθρωπότητος
3020 4641 3239 4712 μέτρον,
3272 4646 3364 4697 καὶ
3390 4649 3445 4699 ἐν
3479 4650 3718 4721 ὑπερτά.

2130 4746 2248 4792 ταις
2280 4729 2607 4799 ὑπεροχαῖς,
2642 4730 2702 4781 τὸ
2726 4732 2996 4784 ταπεινόν.
3026 4732 3216 4800 Γέγονε
3247 4736 3355 4805 γὰρ
3376 4737 3659 4811 ἄνθρωπος
3682 4746 3711 4797 ἐ

2132 4821 2459 4891 Μονογενὴς,
2503 4822 2599 4890 οὐχ
2631 4822 2715 4874 ῖνα
2746 4824 2856 4886 τοῖς
2904 4825 3001 4893 τῆς
3050 4825 3328 4890 κενώσεως
3377 4830 3712 4906 ὲναπομείνῃ

2136 4912 2373 4982 μέτροις,
2400 4912 2514 4963 ἀλλ’
2540 4912 2625 4964 ἵνα
2650 4912 2830 4967 λαϐὼν
2859 4914 2953 4966 σὺν
2984 4916 3119 4988 αὐτῇ
3149 4918 3215 4971 τά
3250 4920 3440 4990 αὐτῆς,
3472 4922 3608 4988 Θεὸς
3636 4926 3711 4978 ὢν

2132 5006 2310 5072 φύσει,
2344 5005 2438 5057 καὶ
2473 5004 2611 5057 οὕτω
2646 5006 2999 5077 γνωρίζηται,
3038 5012 3130 5061 καὶ
3159 5012 3256 5081 τὴν
3295 5012 3388 5065 τοῦ
3420 5014 3708 5086 ἀνθρώπου

2130 5095 2509 5166 κατασεμνύνῃ
2557 5096 2720 5165 φύσιν
2763 5098 2849 5165 ἐφ’
2890 5100 3084 5170 ἐαυτῷ,
3122 5102 3344 5171 μέτοχον
3369 5107 3541 5177 αὐτὴν
3573 5110 3708 5162 ἁπο-

2130 5191 2294 5258 φήνας
2355 5186 2516 5258 ἱερῶν
2560 5189 2653 5242 καὶ
2703 5188 2864 5243 θείων
2908 5189 3267 5261 ἀξιωμάτων
3310 5196 3617 5269 εὑρήσομεν
3653 5203 3708 5256 δὲ

2126 5283 2221 5334 καὶ
2244 5282 2439 5343 αὐτοὺς
2467 5282 2591 5344 τοὺς
2621 5281 2830 5350 ἁγίους,
2863 5282 3020 5346 δόξαν
3048 5285 3407 5352 ὀνομάζοντας
3447 5292 3541 5343 τοῦ
3574 5294 3707 5347 Θεοῦ

2127 5374 2218 5426 καὶ
2268 5374 2510 5446 Πατρὸς,
2558 5374 2648 5427 xa‘t
2688 5376 2867 5442 μέντοι
2916 5377 3011 5429 καὶ
3059 5376 3299 5444 βασιλέα,
3345 5383 3437 5435 καὶ
3485 5387 3707 5453 προσέτι

2127 5467 2350 5538 Κύριον,
2380 5466 2469 5518 τὸν
2499 5467 2641 5530 Υἱὺν,
2669 5467 2759 5519 καὶ
2778 5467 2866 5520 ὅτε
2891 5469 3110 5535 γέγονεν
3150 5468 3451 5542 ἄνθρωπος.
3485 5476 3706 5540 Ἡσαῖας

2129 5560 2225 5628 μὲν
2259 5561 2366 5630 γὰρ
2412 5550 2513 5612 ὧδέ
2546 5577 2619 5628 πη
2667 5558 2851 5627 φησίν·
2890 5579 2906 5610 ι
2946 5562 3043 5612 Ὃν
3062 5562 3262 5632 τρόπον
3294 5564 3387 5615 ἐὰν
3424 5566 3704 5637 ἄνθρωπος

2128 5653 2437 5723 καλαμᾶται
2485 5651 2689 5719 ἐλαίαν,
2718 5649 2860 5704 οὕτω
2912 5651 3321 5722 καλαμήσονται
3355 5656 3584 5721 αὐτοὺς,
3618 5662 3705 5715 καὶ
