  <div class='ocr_page' id='page_1' title='image "/cluster/home/n/w/nwhite01/storage/ocr_20150623/75/ien.35556001661032/672.png"; bbox 0 0 4006 6444; ppageno 0'>
   <div class='ocr_carea' id='block_1_1' title="bbox 239 457 378 518">
    <p class='ocr_par' dir='ltr' id='par_1_1' title="bbox 239 457 378 518">
     <span class='ocr_line' id='line_1_1' title="bbox 239 457 378 518; baseline -0.029 0"><span class='ocrx_word' id='word_1_1' title='bbox 239 457 378 518; x_wconf 70' lang='lat' dir='ltr'><strong>tsai</strong></span> 
     </span>
    </p>
   </div>
   <div class='ocr_carea' id='block_1_2' title="bbox 1382 457 2364 530">
    <p class='ocr_par' dir='ltr' id='par_1_2' title="bbox 1382 457 2364 530">
     <span class='ocr_line' id='line_1_2' title="bbox 1382 457 2364 530; baseline -0.002 -10"><span class='ocrx_word' id='word_1_2' title='bbox 1382 461 1577 530; x_wconf 79' lang='lat' dir='ltr'><strong>QL‘OD</strong></span> <span class='ocrx_word' id='word_1_3' title='bbox 1618 457 1808 519; x_wconf 81' lang='lat' dir='ltr'><strong>UNUS</strong></span> <span class='ocrx_word' id='word_1_4' title='bbox 1847 459 1956 517; x_wconf 84' lang='lat' dir='ltr'><strong>SIT</strong></span> <span class='ocrx_word' id='word_1_5' title='bbox 1993 458 2364 521; x_wconf 78' lang='lat' dir='ltr'><strong>CHRISTUS.</strong></span> 
     </span>
    </p>
   </div>
   <div class='ocr_carea' id='block_1_3' title="bbox 3416 467 3558 522">
    <p class='ocr_par' dir='ltr' id='par_1_3' title="bbox 3416 467 3558 522">
     <span class='ocr_line' id='line_1_3' title="bbox 3416 467 3558 522; baseline 0.021 -2"><span class='ocrx_word' id='word_1_6' title='bbox 3416 467 3439 520; x_wconf 72' lang='grc'><strong>1</strong></span> <span class='ocrx_word' id='word_1_7' title='bbox 3451 469 3558 522; x_wconf 71' lang='lat'><strong>52!</strong></span> 
     </span>
    </p>
   </div>
   <div class='ocr_carea' id='block_1_4' title="bbox 238 575 1819 657">
    <p class='ocr_par' dir='ltr' id='par_1_4' title="bbox 238 575 1816 657">
     <span class='ocr_line' id='line_1_4' title="bbox 238 575 1816 657; baseline 0.004 -25"><span class='ocrx_word' id='word_1_8' title='bbox 238 579 338 633; x_wconf 72' lang='grc' dir='ltr'>ιὰν</span> <span class='ocrx_word' id='word_1_9' title='bbox 380 579 658 652; x_wconf 75' lang='grc' dir='ltr'>παύσηται</span> <span class='ocrx_word' id='word_1_10' title='bbox 696 581 725 634; x_wconf 86' lang='grc' dir='ltr'><strong>ό</strong></span> <span class='ocrx_word' id='word_1_11' title='bbox 754 584 1046 655; x_wconf 80' lang='grc' dir='ltr'>τρυγητδς,</span> <span class='ocrx_word' id='word_1_12' title='bbox 1075 575 1221 638; x_wconf 74' lang='grc' dir='ltr'>οὗτοι</span> <span class='ocrx_word' id='word_1_13' title='bbox 1251 588 1401 657; x_wconf 80' lang='grc' dir='ltr'>φωνῇ</span> <span class='ocrx_word' id='word_1_14' title='bbox 1444 585 1752 657; x_wconf 65' lang='grc' dir='ltr'>βοήσονταιε</span> <span class='ocrx_word' id='word_1_15' title='bbox 1787 602 1816 639; x_wconf 92' lang='grc' dir='ltr'><strong>ο</strong></span> 
     </span>
    </p>
   </div>
   <div class='ocr_carea' id='block_1_5' title="bbox 1928 575 3556 657">
    <p class='ocr_par' dir='ltr' id='par_1_5' title="bbox 1948 581 3556 655">
     <span class='ocr_line' id='line_1_5' title="bbox 1948 581 3556 655; baseline -0.001 -16"><span class='ocrx_word' id='word_1_16' title='bbox 1948 593 2173 650; x_wconf 90' lang='lat' dir='ltr'><strong>terram,</strong></span> <span class='ocrx_word' id='word_1_17' title='bbox 2232 581 2588 641; x_wconf 72' lang='lat' dir='ltr'><strong>exsultabant</strong></span> <span class='ocrx_word' id='word_1_18' title='bbox 2639 595 2764 641; x_wconf 88' lang='lat' dir='ltr'><strong>cum</strong></span> <span class='ocrx_word' id='word_1_19' title='bbox 2814 583 2986 655; x_wconf 85' lang='lat' dir='ltr'><strong>gloria</strong></span> <span class='ocrx_word' id='word_1_20' title='bbox 3040 583 3254 640; x_wconf 89' lang='lat' dir='ltr'><strong>Domini</strong></span> <span class='ocrx_word' id='word_1_21' title='bbox 3282 583 3348 638; x_wconf 84' lang='grc'><strong>⁸³.</strong></span> <span class='ocrx_word' id='word_1_22' title='bbox 3404 602 3426 639; x_wconf 76' lang='grc' dir='ltr'><strong>ι</strong></span> <span class='ocrx_word' id='word_1_23' title='bbox 3488 583 3556 640; x_wconf 82' lang='lat' dir='ltr'><strong>Et</strong></span> 
     </span>
    </p>
   </div>
   <div class='ocr_carea' id='block_1_6' title="bbox 236 673 1837 751">
    <p class='ocr_par' dir='ltr' id='par_1_6' title="bbox 236 673 1837 751">
     <span class='ocr_line' id='line_1_6' title="bbox 236 673 1837 751; baseline 0.005 -26"><span class='ocrx_word' id='word_1_24' title='bbox 236 673 295 726; x_wconf 77' lang='grc' dir='ltr'>δὲ</span> <span class='ocrx_word' id='word_1_25' title='bbox 327 674 778 744; x_wconf 70' lang='grc' dir='ltr'><strong>καταλειφθέντες</strong></span> <span class='ocrx_word' id='word_1_26' title='bbox 805 677 899 730; x_wconf 71' lang='grc' dir='ltr'><strong>ἐπὶ</strong></span> <span class='ocrx_word' id='word_1_27' title='bbox 929 681 1027 750; x_wconf 81' lang='grc' dir='ltr'>τῆς</span> <span class='ocrx_word' id='word_1_28' title='bbox 1052 678 1174 749; x_wconf 83' lang='grc' dir='ltr'>γῆς,</span> <span class='ocrx_word' id='word_1_29' title='bbox 1207 676 1680 751; x_wconf 70' lang='grc' dir='ltr'>εὐφρανθήσονται</span> <span class='ocrx_word' id='word_1_30' title='bbox 1719 680 1837 750; x_wconf 70' lang='grc' dir='ltr'>ἃμα</span> 
     </span>
    </p>
   </div>
   <div class='ocr_carea' id='block_1_7' title="bbox 238 767 1842 845">
    <p class='ocr_par' dir='ltr' id='par_1_7' title="bbox 238 767 1842 845">
     <span class='ocr_line' id='line_1_7' title="bbox 238 767 1842 845; baseline 0.005 -26"><span class='ocrx_word' id='word_1_31' title='bbox 238 768 305 836; x_wconf 81' lang='grc' dir='ltr'><strong>τῇ</strong></span> <span class='ocrx_word' id='word_1_32' title='bbox 355 767 480 839; x_wconf 79' lang='grc' dir='ltr'>δόξῃ</span> <span class='ocrx_word' id='word_1_33' title='bbox 534 769 813 839; x_wconf 74' lang='grc' dir='ltr'>Κυρίου.»</span> <span class='ocrx_word' id='word_1_34' title='bbox 871 772 982 825; x_wconf 78' lang='grc' dir='ltr'>Καὶ</span> <span class='ocrx_word' id='word_1_35' title='bbox 1047 772 1211 826; x_wconf 79' lang='grc' dir='ltr'>πάλιν</span> <span class='ocrx_word' id='word_1_36' title='bbox 1248 772 1438 845; x_wconf 73' lang='grc' dir='ltr'>ἕτερος</span> <span class='ocrx_word' id='word_1_37' title='bbox 1484 771 1595 826; x_wconf 84' lang='grc' dir='ltr'><strong>τῶν</strong></span> <span class='ocrx_word' id='word_1_38' title='bbox 1645 772 1842 842; x_wconf 79' lang='grc' dir='ltr'>ἁγίων,</span> 
     </span>
    </p>
   </div>
   <div class='ocr_carea' id='block_1_8' title="bbox 245 859 1834 938">
    <p class='ocr_par' dir='ltr' id='par_1_8' title="bbox 245 859 1834 938">
     <span class='ocr_line' id='line_1_8' title="bbox 245 859 1834 938; baseline 0.007 -30"><span class='ocrx_word' id='word_1_39' title='bbox 245 873 264 908; x_wconf 83' lang='grc' dir='ltr'><strong>ι</strong></span> <span class='ocrx_word' id='word_1_40' title='bbox 289 859 549 923; x_wconf 73' lang='grc' dir='ltr'>Φωτίζου,</span> <span class='ocrx_word' id='word_1_41' title='bbox 576 863 765 930; x_wconf 77' lang='grc' dir='ltr'>φησὶν,</span> <span class='ocrx_word' id='word_1_42' title='bbox 798 862 1176 934; x_wconf 84' lang='grc' dir='ltr'>Ἰερουσαλήμ·</span> <span class='ocrx_word' id='word_1_43' title='bbox 1204 865 1327 936; x_wconf 72' lang='grc' dir='ltr'>ἥκει</span> <span class='ocrx_word' id='word_1_44' title='bbox 1356 866 1464 938; x_wconf 82' lang='grc' dir='ltr'>γάρ</span> <span class='ocrx_word' id='word_1_45' title='bbox 1493 883 1587 920; x_wconf 89' lang='grc' dir='ltr'><strong>σου</strong></span> <span class='ocrx_word' id='word_1_46' title='bbox 1609 866 1668 919; x_wconf 82' lang='grc' dir='ltr'>τὸ</span> <span class='ocrx_word' id='word_1_47' title='bbox 1698 865 1834 935; x_wconf 80' lang='grc' dir='ltr'>φῶς,</span> 
     </span>
    </p>
   </div>
   <div class='ocr_carea' id='block_1_9' title="bbox 235 951 1838 1024">
    <p class='ocr_par' dir='ltr' id='par_1_9' title="bbox 235 951 1838 1024">
     <span class='ocr_line' id='line_1_9' title="bbox 235 951 1838 1024; baseline 0.007 -22"><span class='ocrx_word' id='word_1_48' title='bbox 235 953 331 1006; x_wconf 70' lang='grc' dir='ltr'>καὶ</span> <span class='ocrx_word' id='word_1_49' title='bbox 358 954 390 1022; x_wconf 75' lang='grc' dir='ltr'>ἡ</span> <span class='ocrx_word' id='word_1_50' title='bbox 423 951 551 1016; x_wconf 80' lang='grc' dir='ltr'>δόξα</span> <span class='ocrx_word' id='word_1_51' title='bbox 590 954 800 1024; x_wconf 87' lang='grc' dir='ltr'>Κυρίου</span> <span class='ocrx_word' id='word_1_52' title='bbox 841 956 934 1009; x_wconf 74' lang='grc' dir='ltr'><strong>ἐπὶ</strong></span> <span class='ocrx_word' id='word_1_53' title='bbox 965 956 1025 1009; x_wconf 82' lang='grc' dir='ltr'>σὲ</span> <span class='ocrx_word' id='word_1_54' title='bbox 1056 956 1445 1011; x_wconf 77' lang='grc' dir='ltr'><strong>ἀνατέταλκεν.</strong></span> <span class='ocrx_word' id='word_1_55' title='bbox 1481 958 1612 1013; x_wconf 82' lang='grc' dir='ltr'>Ἰδοὺ</span> <span class='ocrx_word' id='word_1_56' title='bbox 1647 959 1838 1024; x_wconf 82' lang='grc' dir='ltr'><strong>σκότος</strong></span> 
     </span>
    </p>
   </div>
   <div class='ocr_carea' id='block_1_10' title="bbox 235 1042 1831 1123">
    <p class='ocr_par' dir='ltr' id='par_1_10' title="bbox 235 1042 1831 1123">
     <span class='ocr_line' id='line_1_10' title="bbox 235 1042 1831 1123; baseline 0.009 -31"><span class='ocrx_word' id='word_1_57' title='bbox 235 1042 332 1093; x_wconf 73' lang='grc' dir='ltr'>καὶ</span> <span class='ocrx_word' id='word_1_58' title='bbox 358 1042 555 1110; x_wconf 78' lang='grc' dir='ltr'>γνόφος</span> <span class='ocrx_word' id='word_1_59' title='bbox 578 1043 814 1113; x_wconf 76' lang='grc' dir='ltr'><strong>καλύψει</strong></span> <span class='ocrx_word' id='word_1_60' title='bbox 843 1046 965 1117; x_wconf 85' lang='grc' dir='ltr'>γῆν,</span> <span class='ocrx_word' id='word_1_61' title='bbox 1003 1049 1098 1101; x_wconf 69' lang='grc' dir='ltr'><strong>ἐπὶ</strong></span> <span class='ocrx_word' id='word_1_62' title='bbox 1118 1048 1174 1102; x_wconf 73' lang='grc' dir='ltr'>δὲ</span> <span class='ocrx_word' id='word_1_63' title='bbox 1197 1048 1254 1102; x_wconf 81' lang='grc' dir='ltr'>σὲ</span> <span class='ocrx_word' id='word_1_64' title='bbox 1279 1050 1579 1122; x_wconf 78' lang='grc' dir='ltr'>φανήσεται</span> <span class='ocrx_word' id='word_1_65' title='bbox 1609 1051 1831 1123; x_wconf 82' lang='grc' dir='ltr'>Κύριος,</span> 
     </span>
    </p>
   </div>
   <div class='ocr_carea' id='block_1_11' title="bbox 235 1132 1833 1211">
    <p class='ocr_par' dir='ltr' id='par_1_11' title="bbox 235 1132 1833 1211">
     <span class='ocr_line' id='line_1_11' title="bbox 235 1132 1833 1211; baseline 0.007 -27"><span class='ocrx_word' id='word_1_66' title='bbox 235 1134 331 1184; x_wconf 73' lang='grc' dir='ltr'>καὶ</span> <span class='ocrx_word' id='word_1_67' title='bbox 373 1132 500 1199; x_wconf 78' lang='grc' dir='ltr'>δόξα</span> <span class='ocrx_word' id='word_1_68' title='bbox 564 1135 775 1207; x_wconf 81' lang='grc' dir='ltr'>Κυρίου</span> <span class='ocrx_word' id='word_1_69' title='bbox 823 1138 914 1192; x_wconf 72' lang='grc' dir='ltr'><strong>ἐπὶ</strong></span> <span class='ocrx_word' id='word_1_70' title='bbox 965 1138 1025 1190; x_wconf 79' lang='grc' dir='ltr'>σὲ</span> <span class='ocrx_word' id='word_1_71' title='bbox 1070 1138 1390 1211; x_wconf 67' lang='grc' dir='ltr'>ὀφθήσεται.</span> <span class='ocrx_word' id='word_1_72' title='bbox 1417 1161 1436 1193; x_wconf 83' lang='grc' dir='ltr'><strong>ι</strong></span> <span class='ocrx_word' id='word_1_73' title='bbox 1475 1141 1734 1206; x_wconf 82' lang='grc' dir='ltr'>Ἰάκωσός</span> <span class='ocrx_word' id='word_1_74' title='bbox 1770 1158 1833 1211; x_wconf 90' lang='grc' dir='ltr'><strong>γε</strong></span> 
     </span>
    </p>
   </div>
   <div class='ocr_carea' id='block_1_12' title="bbox 234 1221 1834 1306">
    <p class='ocr_par' dir='ltr' id='par_1_12' title="bbox 234 1221 1834 1306">
     <span class='ocr_line' id='line_1_12' title="bbox 234 1221 1834 1306; baseline 0.009 -34"><span class='ocrx_word' id='word_1_75' title='bbox 234 1221 345 1292; x_wconf 75' lang='grc' dir='ltr'>μὴν</span> <span class='ocrx_word' id='word_1_76' title='bbox 376 1224 403 1276; x_wconf 86' lang='grc' dir='ltr'>ὁ</span> <span class='ocrx_word' id='word_1_77' title='bbox 432 1223 597 1279; x_wconf 88' lang='grc' dir='ltr'>αὑτοῦ</span> <span class='ocrx_word' id='word_1_78' title='bbox 637 1226 905 1298; x_wconf 77' lang='grc' dir='ltr'>μαθητὴς,</span> <span class='ocrx_word' id='word_1_79' title='bbox 935 1247 953 1279; x_wconf 78' lang='grc' dir='ltr'><strong>ι</strong></span> <span class='ocrx_word' id='word_1_80' title='bbox 986 1229 1252 1299; x_wconf 64' lang='grc' dir='ltr'>Ἀδελφοί,</span> <span class='ocrx_word' id='word_1_81' title='bbox 1284 1231 1437 1302; x_wconf 70' lang='grc' dir='ltr'>φησὶ,</span> <span class='ocrx_word' id='word_1_82' title='bbox 1473 1232 1544 1304; x_wconf 82' lang='grc' dir='ltr'>μὴ</span> <span class='ocrx_word' id='word_1_83' title='bbox 1571 1235 1629 1286; x_wconf 72' lang='grc' dir='ltr'>ὲν</span> <span class='ocrx_word' id='word_1_84' title='bbox 1668 1251 1834 1306; x_wconf 82' lang='grc' dir='ltr'>προσ-</span> 
     </span>
    </p>
   </div>
   <div class='ocr_carea' id='block_1_13' title="bbox 229 1313 1832 1396">
    <p class='ocr_par' dir='ltr' id='par_1_13' title="bbox 229 1313 1832 1396">
     <span class='ocr_line' id='line_1_13' title="bbox 229 1313 1832 1396; baseline 0.007 -29"><span class='ocrx_word' id='word_1_85' title='bbox 229 1313 574 1385; x_wconf 72' lang='grc' dir='ltr'>ωποληψίαις</span> <span class='ocrx_word' id='word_1_86' title='bbox 609 1318 762 1389; x_wconf 79' lang='grc' dir='ltr'>ἔχετε</span> <span class='ocrx_word' id='word_1_87' title='bbox 803 1319 902 1391; x_wconf 82' lang='grc' dir='ltr'>τὴν</span> <span class='ocrx_word' id='word_1_88' title='bbox 944 1322 1130 1375; x_wconf 88' lang='grc' dir='ltr'>πίστιν</span> <span class='ocrx_word' id='word_1_89' title='bbox 1174 1323 1270 1375; x_wconf 87' lang='grc' dir='ltr'><strong>τοῦ</strong></span> <span class='ocrx_word' id='word_1_90' title='bbox 1304 1324 1512 1394; x_wconf 83' lang='grc' dir='ltr'>Κυρίου</span> <span class='ocrx_word' id='word_1_91' title='bbox 1540 1324 1693 1396; x_wconf 78' lang='grc' dir='ltr'>ἡμῶν</span> <span class='ocrx_word' id='word_1_92' title='bbox 1729 1327 1832 1396; x_wconf 80' lang='grc' dir='ltr'><strong>’1η-</strong></span> 
     </span>
    </p>
   </div>
   <div class='ocr_carea' id='block_1_14' title="bbox 230 1408 1826 1488">
    <p class='ocr_par' dir='ltr' id='par_1_14' title="bbox 230 1408 1826 1488">
     <span class='ocr_line' id='line_1_14' title="bbox 230 1408 1826 1488; baseline 0.009 -28"><span class='ocrx_word' id='word_1_93' title='bbox 230 1408 328 1461; x_wconf 83' lang='grc' dir='ltr'><strong>σοῦ</strong></span> <span class='ocrx_word' id='word_1_94' title='bbox 364 1410 602 1481; x_wconf 77' lang='grc' dir='ltr'>Χριστοῦ</span> <span class='ocrx_word' id='word_1_95' title='bbox 631 1413 729 1482; x_wconf 82' lang='grc' dir='ltr'>τῆς</span> <span class='ocrx_word' id='word_1_96' title='bbox 754 1413 930 1486; x_wconf 79' lang='grc' dir='ltr'>δόξης.</span> <span class='ocrx_word' id='word_1_97' title='bbox 961 1435 979 1467; x_wconf 76' lang='grc' dir='ltr'><strong>ι</strong></span> <span class='ocrx_word' id='word_1_98' title='bbox 1021 1416 1230 1488; x_wconf 80' lang='grc' dir='ltr'>Πέτρος</span> <span class='ocrx_word' id='word_1_99' title='bbox 1275 1418 1332 1471; x_wconf 74' lang='grc' dir='ltr'>δὲ</span> <span class='ocrx_word' id='word_1_100' title='bbox 1360 1413 1426 1472; x_wconf 84' lang='grc' dir='ltr'>αὖ</span> <span class='ocrx_word' id='word_1_101' title='bbox 1452 1421 1480 1472; x_wconf 85' lang='grc' dir='ltr'>ὁ</span> <span class='ocrx_word' id='word_1_102' title='bbox 1519 1419 1826 1486; x_wconf 76' lang='grc' dir='ltr'><strong>θεσπέσιος,</strong></span> 
     </span>
    </p>
   </div>
   <div class='ocr_carea' id='block_1_15' title="bbox 235 1503 1826 1585">
    <p class='ocr_par' dir='ltr' id='par_1_15' title="bbox 235 1503 1826 1585">
     <span class='ocr_line' id='line_1_15' title="bbox 235 1503 1826 1585; baseline 0.011 -32"><span class='ocrx_word' id='word_1_103' title='bbox 235 1521 254 1552; x_wconf 73' lang='grc' dir='ltr'><strong>ι</strong></span> <span class='ocrx_word' id='word_1_104' title='bbox 290 1503 354 1557; x_wconf 82' lang='lat' dir='ltr'><strong>Ei</strong></span> <span class='ocrx_word' id='word_1_105' title='bbox 387 1503 709 1570; x_wconf 71' lang='grc' dir='ltr'><strong>ὀνειδίζεσθε</strong></span> <span class='ocrx_word' id='word_1_106' title='bbox 751 1509 808 1561; x_wconf 83' lang='grc' dir='ltr'>ὲν</span> <span class='ocrx_word' id='word_1_107' title='bbox 857 1508 1101 1581; x_wconf 79' lang='grc' dir='ltr'>Χριστῷ,</span> <span class='ocrx_word' id='word_1_108' title='bbox 1143 1512 1406 1584; x_wconf 75' lang='grc' dir='ltr'>μακάριοί</span> <span class='ocrx_word' id='word_1_109' title='bbox 1449 1515 1572 1567; x_wconf 79' lang='grc' dir='ltr'>ἐστε</span> <span class='ocrx_word' id='word_1_110' title='bbox 1607 1515 1705 1585; x_wconf 81' lang='grc' dir='ltr'>τῆς</span> <span class='ocrx_word' id='word_1_111' title='bbox 1739 1516 1826 1570; x_wconf 77' lang='grc' dir='ltr'>δόο</span> 
     </span>
    </p>
   </div>
   <div class='ocr_carea' id='block_1_16' title="bbox 227 1591 1828 1676">
    <p class='ocr_par' dir='ltr' id='par_1_16' title="bbox 227 1591 1828 1676">
     <span class='ocr_line' id='line_1_16' title="bbox 227 1591 1828 1676; baseline 0.002 -18"><span class='ocrx_word' id='word_1_112' title='bbox 227 1591 351 1664; x_wconf 72' lang='grc' dir='ltr'><strong>ξης.</strong></span> <span class='ocrx_word' id='word_1_113' title='bbox 395 1597 489 1648; x_wconf 75' lang='grc' dir='ltr'>καὶ</span> <span class='ocrx_word' id='word_1_114' title='bbox 519 1597 581 1649; x_wconf 79' lang='grc' dir='ltr'>τὸ</span> <span class='ocrx_word' id='word_1_115' title='bbox 613 1594 706 1652; x_wconf 85' lang='grc' dir='ltr'><strong>τοῦ</strong></span> <span class='ocrx_word' id='word_1_116' title='bbox 747 1597 882 1654; x_wconf 85' lang='grc' dir='ltr'>Θεοῦ</span> <span class='ocrx_word' id='word_1_117' title='bbox 915 1601 1142 1674; x_wconf 81' lang='grc' dir='ltr'>Πνεῦμα</span> <span class='ocrx_word' id='word_1_118' title='bbox 1173 1605 1258 1674; x_wconf 78' lang='grc' dir='ltr'><strong>ἐφ’</strong></span> <span class='ocrx_word' id='word_1_119' title='bbox 1305 1605 1451 1676; x_wconf 76' lang='grc' dir='ltr'>ὑμᾶς</span> <span class='ocrx_word' id='word_1_120' title='bbox 1503 1605 1828 1662; x_wconf 79' lang='grc' dir='ltr'>ἀναπέπαυ-</span> 
     </span>
    </p>
   </div>
   <div class='ocr_carea' id='block_1_17' title="bbox 224 1699 386 1739">
    <p class='ocr_par' dir='ltr' id='par_1_17' title="bbox 224 1699 386 1739">
     <span class='ocr_line' id='line_1_17' title="bbox 224 1699 386 1739; baseline -0.006 -1"><span class='ocrx_word' id='word_1_121' title='bbox 224 1699 339 1739; x_wconf 82' lang='grc' dir='ltr'>ται.</span> <span class='ocrx_word' id='word_1_122' title='bbox 366 1705 386 1737; x_wconf 75' lang='grc' dir='ltr'><strong>ι</strong></span> 
     </span>
    </p>
   </div>
   <div class='ocr_carea' id='block_1_18' title="bbox 302 1775 1830 1861">
    <p class='ocr_par' dir='ltr' id='par_1_18' title="bbox 302 1775 1830 1861">
     <span class='ocr_line' id='line_1_18' title="bbox 302 1775 1830 1861; baseline 0.01 -32"><span class='ocrx_word' id='word_1_123' title='bbox 302 1775 362 1830; x_wconf 87' lang='grc' dir='ltr'><strong>Β.</strong></span> <span class='ocrx_word' id='word_1_124' title='bbox 396 1777 575 1847; x_wconf 76' lang='grc' dir='ltr'><strong>Φράζε</strong></span> <span class='ocrx_word' id='word_1_125' title='bbox 605 1780 663 1833; x_wconf 82' lang='grc' dir='ltr'>δὲ</span> <span class='ocrx_word' id='word_1_126' title='bbox 693 1781 840 1846; x_wconf 80' lang='grc' dir='ltr'>ὅπως</span> <span class='ocrx_word' id='word_1_127' title='bbox 872 1785 1009 1856; x_wconf 78' lang='grc' dir='ltr'>πρὸς</span> <span class='ocrx_word' id='word_1_128' title='bbox 1049 1785 1208 1856; x_wconf 78' lang='grc' dir='ltr'>ἡμῶν</span> <span class='ocrx_word' id='word_1_129' title='bbox 1247 1787 1484 1842; x_wconf 77' lang='grc' dir='ltr'>νοεῖσθαι</span> <span class='ocrx_word' id='word_1_130' title='bbox 1519 1790 1722 1861; x_wconf 78' lang='grc' dir='ltr'>πρέπει</span> <span class='ocrx_word' id='word_1_131' title='bbox 1767 1791 1830 1846; x_wconf 83' lang='grc' dir='ltr'><strong>τὸ</strong></span> 
     </span>
    </p>
   </div>
   <div class='ocr_carea' id='block_1_19' title="bbox 222 1869 1828 1957">
    <p class='ocr_par' dir='ltr' id='par_1_19' title="bbox 222 1869 1828 1957">
     <span class='ocr_line' id='line_1_19' title="bbox 222 1869 1828 1957; baseline 0.013 -38"><span class='ocrx_word' id='word_1_132' title='bbox 222 1869 358 1940; x_wconf 81' lang='grc' dir='ltr'>περὶ</span> <span class='ocrx_word' id='word_1_133' title='bbox 390 1870 630 1940; x_wconf 77' lang='grc' dir='ltr'>Χριστοῦ</span> <span class='ocrx_word' id='word_1_134' title='bbox 665 1877 1072 1948; x_wconf 77' lang='grc' dir='ltr'>γεγραμμένον,</span> <span class='ocrx_word' id='word_1_135' title='bbox 1117 1899 1136 1931; x_wconf 75' lang='grc' dir='ltr'><strong>ι</strong></span> <span class='ocrx_word' id='word_1_136' title='bbox 1174 1881 1270 1946; x_wconf 90' lang='grc' dir='ltr'>Ὃς</span> <span class='ocrx_word' id='word_1_137' title='bbox 1313 1882 1372 1934; x_wconf 75' lang='grc' dir='ltr'>ἐν</span> <span class='ocrx_word' id='word_1_138' title='bbox 1422 1886 1544 1947; x_wconf 82' lang='grc' dir='ltr'>ταῖς</span> <span class='ocrx_word' id='word_1_139' title='bbox 1590 1886 1828 1957; x_wconf 75' lang='grc' dir='ltr'>ἡμέραις</span> 
     </span>
    </p>
   </div>
   <div class='ocr_carea' id='block_1_20' title="bbox 221 1957 1819 2049">
    <p class='ocr_par' dir='ltr' id='par_1_20' title="bbox 221 1957 1819 2049">
     <span class='ocr_line' id='line_1_20' title="bbox 221 1957 1819 2049; baseline 0.012 -38"><span class='ocrx_word' id='word_1_140' title='bbox 221 1957 327 2027; x_wconf 79' lang='grc' dir='ltr'>τῆς</span> <span class='ocrx_word' id='word_1_141' title='bbox 363 1963 566 2032; x_wconf 79' lang='grc' dir='ltr'>σαρκὸς</span> <span class='ocrx_word' id='word_1_142' title='bbox 614 1965 819 2032; x_wconf 83' lang='grc' dir='ltr'>αὑτοῦ,</span> <span class='ocrx_word' id='word_1_143' title='bbox 867 1967 1082 2039; x_wconf 77' lang='grc' dir='ltr'>δεήσεις</span> <span class='ocrx_word' id='word_1_144' title='bbox 1121 1988 1178 2026; x_wconf 78' lang='grc' dir='ltr'><strong>τε</strong></span> <span class='ocrx_word' id='word_1_145' title='bbox 1221 1973 1313 2026; x_wconf 80' lang='grc' dir='ltr'>καὶ</span> <span class='ocrx_word' id='word_1_146' title='bbox 1355 1975 1639 2046; x_wconf 80' lang='grc' dir='ltr'>ἱκετηρίας</span> <span class='ocrx_word' id='word_1_147' title='bbox 1688 1977 1819 2049; x_wconf 81' lang='grc' dir='ltr'>πρὸς</span> 
     </span>
    </p>
   </div>
   <div class='ocr_carea' id='block_1_21' title="bbox 1928 1957 2545 2049">
    <p class='ocr_par' dir='ltr' id='par_1_21' title="bbox 1931 1957 2545 2046">
     <span class='ocr_line' id='line_1_21' title="bbox 1931 1957 2545 2046; baseline 0.005 -17"><span class='ocrx_word' id='word_1_148' title='bbox 1931 1972 2149 2031; x_wconf 79' lang='lat' dir='ltr'><strong>Christo</strong></span> <span class='ocrx_word' id='word_1_149' title='bbox 2208 1957 2476 2046; x_wconf 83' lang='lat' dir='ltr'><strong>scriptum</strong></span> <span class='ocrx_word' id='word_1_150' title='bbox 2529 1992 2545 2032; x_wconf 91' lang='lat'><strong>:</strong></span> 
     </span>
    </p>
   </div>
   <div class='ocr_carea' id='block_1_22' title="bbox 219 2050 1830 2140">
    <p class='ocr_par' dir='ltr' id='par_1_22' title="bbox 219 2050 1830 2140">
     <span class='ocr_line' id='line_1_22' title="bbox 219 2050 1830 2140; baseline 0.014 -37"><span class='ocrx_word' id='word_1_151' title='bbox 219 2050 317 2104; x_wconf 86' lang='grc' dir='ltr'>τὸν</span> <span class='ocrx_word' id='word_1_152' title='bbox 345 2052 645 2125; x_wconf 77' lang='grc' dir='ltr'>δυνάμενον</span> <span class='ocrx_word' id='word_1_153' title='bbox 676 2058 871 2123; x_wconf 79' lang='grc' dir='ltr'>σώζειν</span> <span class='ocrx_word' id='word_1_154' title='bbox 907 2061 1069 2115; x_wconf 80' lang='grc' dir='ltr'>αὑτὸν</span> <span class='ocrx_word' id='word_1_155' title='bbox 1101 2063 1166 2117; x_wconf 85' lang='grc' dir='ltr'>ὲκ</span> <span class='ocrx_word' id='word_1_156' title='bbox 1199 2063 1454 2130; x_wconf 82' lang='grc' dir='ltr'>θανάτου,</span> <span class='ocrx_word' id='word_1_157' title='bbox 1491 2068 1630 2137; x_wconf 75' lang='grc' dir='ltr'>μετὰ</span> <span class='ocrx_word' id='word_1_158' title='bbox 1658 2085 1830 2140; x_wconf 75' lang='grc' dir='ltr'>κραυ-</span> 
     </span>
    </p>
   </div>
   <div class='ocr_carea' id='block_1_23' title="bbox 219 2142 1830 2225">
    <p class='ocr_par' dir='ltr' id='par_1_23' title="bbox 219 2142 1830 2225">
     <span class='ocr_line' id='line_1_23' title="bbox 219 2142 1830 2225; baseline 0.014 -33"><span class='ocrx_word' id='word_1_159' title='bbox 219 2142 331 2210; x_wconf 83' lang='grc' dir='ltr'>γῆς</span> <span class='ocrx_word' id='word_1_160' title='bbox 363 2143 592 2214; x_wconf 78' lang='grc' dir='ltr'>ίσχυρᾶς</span> <span class='ocrx_word' id='word_1_161' title='bbox 617 2149 712 2200; x_wconf 78' lang='grc' dir='ltr'>καὶ</span> <span class='ocrx_word' id='word_1_162' title='bbox 736 2147 993 2221; x_wconf 84' lang='grc' dir='ltr'>δακρύων</span> <span class='ocrx_word' id='word_1_163' title='bbox 1023 2156 1420 2225; x_wconf 83' lang='grc' dir='ltr'>προσενέγκας,</span> <span class='ocrx_word' id='word_1_164' title='bbox 1457 2158 1550 2211; x_wconf 75' lang='grc' dir='ltr'>καὶ</span> <span class='ocrx_word' id='word_1_165' title='bbox 1575 2160 1830 2214; x_wconf 83' lang='grc' dir='ltr'>εἰσακου-</span> 
     </span>
    </p>
   </div>
   <div class='ocr_carea' id='block_1_24' title="bbox 113 2228 1822 2322">
    <p class='ocr_par' dir='ltr' id='par_1_24' title="bbox 113 2228 1822 2322">
     <span class='ocr_line' id='line_1_24' title="bbox 113 2228 1822 2322; baseline 0.011 -37"><span class='ocrx_word' id='word_1_166' title='bbox 113 2228 172 2250; x_wconf 53' lang='grc'><strong>’·’“</strong></span> <span class='ocrx_word' id='word_1_167' title='bbox 222 2232 376 2298; x_wconf 76' lang='grc' dir='ltr'>σθεὶς</span> <span class='ocrx_word' id='word_1_168' title='bbox 421 2237 530 2290; x_wconf 78' lang='grc' dir='ltr'><strong>ἀπὸ</strong></span> <span class='ocrx_word' id='word_1_169' title='bbox 572 2238 674 2310; x_wconf 83' lang='grc' dir='ltr'><strong>τῆς</strong></span> <span class='ocrx_word' id='word_1_170' title='bbox 704 2241 1029 2311; x_wconf 79' lang='grc' dir='ltr'>εὐλαϐείας,</span> <span class='ocrx_word' id='word_1_171' title='bbox 1057 2245 1258 2318; x_wconf 86' lang='grc' dir='ltr'>καίπερ</span> <span class='ocrx_word' id='word_1_172' title='bbox 1298 2246 1375 2302; x_wconf 84' lang='grc' dir='ltr'>ὢν</span> <span class='ocrx_word' id='word_1_173' title='bbox 1407 2249 1556 2314; x_wconf 80' lang='grc' dir='ltr'>Υἱὸς,</span> <span class='ocrx_word' id='word_1_174' title='bbox 1599 2248 1822 2322; x_wconf 77' lang='grc' dir='ltr'>ἔμαθεν,</span> 
     </span>
    </p>
   </div>
   <div class='ocr_carea' id='block_1_25' title="bbox 219 2321 1829 2412">
    <p class='ocr_par' dir='ltr' id='par_1_25' title="bbox 219 2321 1829 2412">
     <span class='ocr_line' id='line_1_25' title="bbox 219 2321 1829 2412; baseline 0.012 -34"><span class='ocrx_word' id='word_1_175' title='bbox 219 2325 316 2396; x_wconf 79' lang='grc' dir='ltr'><strong>ἀφ’</strong></span> <span class='ocrx_word' id='word_1_176' title='bbox 343 2321 419 2381; x_wconf 83' lang='grc' dir='ltr'>ὧν</span> <span class='ocrx_word' id='word_1_177' title='bbox 459 2329 648 2396; x_wconf 75' lang='grc' dir='ltr'>ἔπαθε,</span> <span class='ocrx_word' id='word_1_178' title='bbox 684 2332 784 2405; x_wconf 80' lang='grc' dir='ltr'>τὴν</span> <span class='ocrx_word' id='word_1_179' title='bbox 817 2335 1087 2409; x_wconf 75' lang='grc' dir='ltr'>ὑπακοὴν,</span> <span class='ocrx_word' id='word_1_180' title='bbox 1121 2341 1216 2392; x_wconf 78' lang='grc' dir='ltr'>καὶ</span> <span class='ocrx_word' id='word_1_181' title='bbox 1241 2338 1571 2406; x_wconf 77' lang='grc' dir='ltr'>τελειωθεὶς,</span> <span class='ocrx_word' id='word_1_182' title='bbox 1608 2321 1829 2412; x_wconf 72' lang='grc' dir='ltr'>ἐγένετο</span> 
     </span>
    </p>
   </div>
   <div class='ocr_carea' id='block_1_26' title="bbox 217 2421 1829 2505">
    <p class='ocr_par' dir='ltr' id='par_1_26' title="bbox 217 2421 1829 2505">
     <span class='ocr_line' id='line_1_26' title="bbox 217 2421 1829 2505; baseline 0.012 -33"><span class='ocrx_word' id='word_1_183' title='bbox 217 2422 337 2484; x_wconf 77' lang='grc' dir='ltr'>τοῖς</span> <span class='ocrx_word' id='word_1_184' title='bbox 393 2421 760 2479; x_wconf 76' lang='grc' dir='ltr'>ὑπακούουσιν</span> <span class='ocrx_word' id='word_1_185' title='bbox 807 2427 958 2500; x_wconf 86' lang='grc' dir='ltr'><strong>αὑτῷ</strong></span> <span class='ocrx_word' id='word_1_186' title='bbox 998 2428 1174 2495; x_wconf 82' lang='grc' dir='ltr'>αίτιος</span> <span class='ocrx_word' id='word_1_187' title='bbox 1229 2434 1506 2505; x_wconf 81' lang='grc' dir='ltr'>σωτηρίας</span> <span class='ocrx_word' id='word_1_188' title='bbox 1554 2437 1829 2490; x_wconf 83' lang='grc' dir='ltr'>ἀκαταλύ-</span> 
     </span>
    </p>
   </div>
   <div class='ocr_carea' id='block_1_27' title="bbox 215 2517 1826 2598">
    <p class='ocr_par' dir='ltr' id='par_1_27' title="bbox 215 2517 1826 2598">
     <span class='ocr_line' id='line_1_27' title="bbox 215 2517 1826 2598; baseline 0.012 -34"><span class='ocrx_word' id='word_1_189' title='bbox 215 2528 351 2565; x_wconf 87' lang='grc' dir='ltr'>του·</span> <span class='ocrx_word' id='word_1_190' title='bbox 380 2532 398 2564; x_wconf 78' lang='grc' dir='ltr'><strong>ι</strong></span> <span class='ocrx_word' id='word_1_191' title='bbox 440 2517 788 2587; x_wconf 79' lang='grc' dir='ltr'>προσεποίσω</span> <span class='ocrx_word' id='word_1_192' title='bbox 829 2520 887 2574; x_wconf 73' lang='grc' dir='ltr'>δὲ</span> <span class='ocrx_word' id='word_1_193' title='bbox 943 2522 1167 2576; x_wconf 81' lang='grc' dir='ltr'>κάκεῖνο</span> <span class='ocrx_word' id='word_1_194' title='bbox 1207 2519 1290 2588; x_wconf 73' lang='grc' dir='ltr'><strong>οἷς</strong></span> <span class='ocrx_word' id='word_1_195' title='bbox 1337 2527 1497 2598; x_wconf 75' lang='grc' dir='ltr'>ἔφην,</span> <span class='ocrx_word' id='word_1_196' title='bbox 1535 2529 1625 2594; x_wconf 83' lang='grc' dir='ltr'>τὸ,</span> <span class='ocrx_word' id='word_1_197' title='bbox 1669 2549 1687 2581; x_wconf 80' lang='grc' dir='ltr'><strong>ι</strong></span> <span class='ocrx_word' id='word_1_198' title='bbox 1724 2530 1826 2584; x_wconf 79' lang='grc' dir='ltr'><strong>Θεέ</strong></span> 
     </span>
    </p>
   </div>
   <div class='ocr_carea' id='block_1_28' title="bbox 220 2604 1826 2683">
    <p class='ocr_par' dir='ltr' id='par_1_28' title="bbox 220 2604 1826 2683">
     <span class='ocr_line' id='line_1_28' title="bbox 220 2604 1826 2683; baseline 0.011 -27"><span class='ocrx_word' id='word_1_199' title='bbox 220 2620 348 2674; x_wconf 88' lang='grc' dir='ltr'>μου,</span> <span class='ocrx_word' id='word_1_200' title='bbox 390 2604 490 2658; x_wconf 88' lang='grc' dir='ltr'><strong>Θεέ</strong></span> <span class='ocrx_word' id='word_1_201' title='bbox 536 2624 659 2678; x_wconf 87' lang='grc' dir='ltr'>μου,</span> <span class='ocrx_word' id='word_1_202' title='bbox 693 2609 780 2664; x_wconf 81' lang='grc' dir='ltr'>ἵνα</span> <span class='ocrx_word' id='word_1_203' title='bbox 813 2611 868 2664; x_wconf 87' lang='grc' dir='ltr'><strong>τί</strong></span> <span class='ocrx_word' id='word_1_204' title='bbox 903 2628 970 2682; x_wconf 86' lang='grc' dir='ltr'><strong>με</strong></span> <span class='ocrx_word' id='word_1_205' title='bbox 1012 2614 1407 2683; x_wconf 76' lang='grc' dir='ltr'>ὲγκατέλιπεςς</span> <span class='ocrx_word' id='word_1_206' title='bbox 1438 2636 1455 2668; x_wconf 81' lang='grc' dir='ltr'><strong>ι</strong></span> <span class='ocrx_word' id='word_1_207' title='bbox 1502 2619 1826 2674; x_wconf 75' lang='grc' dir='ltr'>’Λπεοικότα</span> 
     </span>
    </p>
   </div>
   <div class='ocr_carea' id='block_1_29' title="bbox 215 2691 1824 2784">
    <p class='ocr_par' dir='ltr' id='par_1_29' title="bbox 215 2691 1824 2784">
     <span class='ocr_line' id='line_1_29' title="bbox 215 2691 1824 2784; baseline 0.011 -35"><span class='ocrx_word' id='word_1_208' title='bbox 215 2697 332 2769; x_wconf 82' lang='grc' dir='ltr'>γὰρ</span> <span class='ocrx_word' id='word_1_209' title='bbox 371 2691 511 2752; x_wconf 83' lang='grc' dir='ltr'>εἷναί</span> <span class='ocrx_word' id='word_1_210' title='bbox 547 2717 682 2769; x_wconf 78' lang='grc' dir='ltr'>φασι</span> <span class='ocrx_word' id='word_1_211' title='bbox 715 2703 784 2757; x_wconf 83' lang='grc' dir='ltr'>τὰ</span> <span class='ocrx_word' id='word_1_212' title='bbox 817 2705 997 2759; x_wconf 82' lang='grc' dir='ltr'>τοιάδε</span> <span class='ocrx_word' id='word_1_213' title='bbox 1047 2706 1126 2778; x_wconf 83' lang='grc' dir='ltr'>τῷ</span> <span class='ocrx_word' id='word_1_214' title='bbox 1159 2707 1280 2780; x_wconf 84' lang='grc' dir='ltr'>Θεῷ</span> <span class='ocrx_word' id='word_1_215' title='bbox 1321 2709 1501 2780; x_wconf 86' lang='grc' dir='ltr'>Λόγῳ,</span> <span class='ocrx_word' id='word_1_216' title='bbox 1535 2711 1628 2764; x_wconf 76' lang='grc' dir='ltr'>καὶ</span> <span class='ocrx_word' id='word_1_217' title='bbox 1663 2714 1824 2784; x_wconf 70' lang='grc' dir='ltr'>ἡττῆ-</span> 
     </span>
    </p>
   </div>
   <div class='ocr_carea' id='block_1_30' title="bbox 217 2784 1690 2872">
    <p class='ocr_par' dir='ltr' id='par_1_30' title="bbox 217 2784 1690 2872">
     <span class='ocr_line' id='line_1_30' title="bbox 217 2784 1690 2872; baseline 0.009 -30"><span class='ocrx_word' id='word_1_218' title='bbox 217 2784 346 2842; x_wconf 81' lang='grc' dir='ltr'>σθαι</span> <span class='ocrx_word' id='word_1_219' title='bbox 372 2787 509 2841; x_wconf 79' lang='grc' dir='ltr'>πολὺ</span> <span class='ocrx_word' id='word_1_220' title='bbox 536 2788 639 2860; x_wconf 81' lang='grc' dir='ltr'>τῆς</span> <span class='ocrx_word' id='word_1_221' title='bbox 668 2792 896 2865; x_wconf 71' lang='grc' dir='ltr'>ἐνούσης</span> <span class='ocrx_word' id='word_1_222' title='bbox 921 2794 1202 2868; x_wconf 81' lang='grc' dir='ltr'>ὑπεροχῆς</span> <span class='ocrx_word' id='word_1_223' title='bbox 1231 2799 1380 2870; x_wconf 83' lang='grc' dir='ltr'>αὑτῷ</span> <span class='ocrx_word' id='word_1_224' title='bbox 1406 2801 1574 2872; x_wconf 74' lang='grc' dir='ltr'>φαίην</span> <span class='ocrx_word' id='word_1_225' title='bbox 1603 2801 1690 2854; x_wconf 81' lang='grc' dir='ltr'><strong>ἄν.</strong></span> 
     </span>
    </p>
   </div>
   <div class='ocr_carea' id='block_1_31' title="bbox 286 3053 1824 3138">
    <p class='ocr_par' dir='ltr' id='par_1_31' title="bbox 286 3053 1824 3138">
     <span class='ocr_line' id='line_1_31' title="bbox 286 3053 1824 3138; baseline 0.013 -32"><span class='ocrx_word' id='word_1_226' title='bbox 286 3053 353 3107; x_wconf 75' lang='grc' dir='ltr'><strong>Α.</strong></span> <span class='ocrx_word' id='word_1_227' title='bbox 397 3053 588 3126; x_wconf 85' lang='grc' dir='ltr'>Ἴσημι</span> <span class='ocrx_word' id='word_1_228' title='bbox 635 3057 730 3112; x_wconf 71' lang='grc' dir='ltr'>καὶ</span> <span class='ocrx_word' id='word_1_229' title='bbox 761 3059 924 3125; x_wconf 82' lang='grc' dir='ltr'>αὑτὸς</span> <span class='ocrx_word' id='word_1_230' title='bbox 969 3061 1102 3131; x_wconf 73' lang='grc' dir='ltr'>ἐγὼ,</span> <span class='ocrx_word' id='word_1_231' title='bbox 1169 3065 1244 3136; x_wconf 80' lang='grc' dir='ltr'>μὴ</span> <span class='ocrx_word' id='word_1_232' title='bbox 1283 3065 1347 3119; x_wconf 78' lang='grc' dir='ltr'>ἂν</span> <span class='ocrx_word' id='word_1_233' title='bbox 1381 3068 1628 3138; x_wconf 77' lang='grc' dir='ltr'>ἁρμόσαι</span> <span class='ocrx_word' id='word_1_234' title='bbox 1662 3072 1824 3128; x_wconf 76' lang='grc' dir='ltr'>ταυτὶ</span> 
     </span>
    </p>
   </div>
   <div class='ocr_carea' id='block_1_32' title="bbox 212 3143 1820 3229">
    <p class='ocr_par' dir='ltr' id='par_1_32' title="bbox 212 3143 1820 3229">
     <span class='ocr_line' id='line_1_32' title="bbox 212 3143 1820 3229; baseline 0.014 -33"><span class='ocrx_word' id='word_1_235' title='bbox 212 3143 293 3216; x_wconf 78' lang='grc' dir='ltr'>τῷ</span> <span class='ocrx_word' id='word_1_236' title='bbox 338 3146 404 3199; x_wconf 75' lang='grc' dir='ltr'>ἐκ</span> <span class='ocrx_word' id='word_1_237' title='bbox 436 3146 572 3201; x_wconf 88' lang='grc' dir='ltr'>Θεοῦ</span> <span class='ocrx_word' id='word_1_238' title='bbox 619 3149 868 3222; x_wconf 77' lang='grc' dir='ltr'>Πατρδς.</span> <span class='ocrx_word' id='word_1_239' title='bbox 915 3193 929 3207; x_wconf 93' lang='grc'><strong>.</strong></span> <span class='ocrx_word' id='word_1_240' title='bbox 973 3196 986 3208; x_wconf 93' lang='grc'><strong>.</strong></span> <span class='ocrx_word' id='word_1_241' title='bbox 1032 3195 1048 3210; x_wconf 93' lang='grc'><strong>.</strong></span> <span class='ocrx_word' id='word_1_242' title='bbox 1091 3196 1104 3209; x_wconf 95' lang='grc'><em>.</em></span> <span class='ocrx_word' id='word_1_243' title='bbox 1148 3157 1331 3229; x_wconf 79' lang='grc' dir='ltr'>Λόγῳ,</span> <span class='ocrx_word' id='word_1_244' title='bbox 1364 3159 1692 3226; x_wconf 79' lang='grc' dir='ltr'>ὲξωσθέντος</span> <span class='ocrx_word' id='word_1_245' title='bbox 1723 3163 1820 3218; x_wconf 83' lang='grc' dir='ltr'><strong>τοῦ</strong></span> 
     </span>
    </p>
   </div>
   <div class='ocr_carea' id='block_1_33' title="bbox 212 3236 1819 3326">
    <p class='ocr_par' dir='ltr' id='par_1_33' title="bbox 212 3236 1819 3326">
     <span class='ocr_line' id='line_1_33' title="bbox 212 3236 1819 3326; baseline 0.013 -39"><span class='ocrx_word' id='word_1_246' title='bbox 212 3236 422 3304; x_wconf 83' lang='grc' dir='ltr'>τρόπου</span> <span class='ocrx_word' id='word_1_247' title='bbox 459 3238 560 3307; x_wconf 79' lang='grc' dir='ltr'>τῆς</span> <span class='ocrx_word' id='word_1_248' title='bbox 593 3240 938 3314; x_wconf 87' lang='grc' dir='ltr'>οίκονομίας,</span> <span class='ocrx_word' id='word_1_249' title='bbox 987 3245 1084 3298; x_wconf 72' lang='grc' dir='ltr'>καὶ</span> <span class='ocrx_word' id='word_1_250' title='bbox 1135 3247 1235 3300; x_wconf 87' lang='grc' dir='ltr'><strong>οὑκ</strong></span> <span class='ocrx_word' id='word_1_251' title='bbox 1278 3249 1649 3320; x_wconf 85' lang='grc' dir='ltr'>είσδεχθέντος</span> <span class='ocrx_word' id='word_1_252' title='bbox 1682 3255 1819 3326; x_wconf 81' lang='grc' dir='ltr'>πρὸς</span> 
     </span>
    </p>
   </div>
   <div class='ocr_carea' id='block_1_34' title="bbox 213 3323 1890 3417">
    <p class='ocr_par' dir='ltr' id='par_1_34' title="bbox 213 3323 1890 3417">
     <span class='ocr_line' id='line_1_34' title="bbox 213 3323 1890 3417; baseline 0.014 -36"><span class='ocrx_word' id='word_1_253' title='bbox 213 3328 376 3401; x_wconf 69' lang='grc' dir='ltr'>ἡμῶν</span> <span class='ocrx_word' id='word_1_254' title='bbox 444 3330 570 3399; x_wconf 83' lang='grc' dir='ltr'>τοῦ,</span> <span class='ocrx_word' id='word_1_255' title='bbox 624 3334 706 3387; x_wconf 78' lang='grc' dir='ltr'>ὅτι</span> <span class='ocrx_word' id='word_1_256' title='bbox 757 3335 952 3404; x_wconf 86' lang='grc' dir='ltr'>γέγονε</span> <span class='ocrx_word' id='word_1_257' title='bbox 1012 3337 1152 3412; x_wconf 77' lang='grc' dir='ltr'>σὰρξ</span> <span class='ocrx_word' id='word_1_258' title='bbox 1202 3341 1346 3395; x_wconf 75' lang='grc' dir='ltr'>κατὰ</span> <span class='ocrx_word' id='word_1_259' title='bbox 1409 3344 1510 3407; x_wconf 70' lang='grc' dir='ltr'>τὰς</span> <span class='ocrx_word' id='word_1_260' title='bbox 1569 3323 1813 3417; x_wconf 69' lang='grc' dir='ltr'>Γραφᾶς.</span> <span class='ocrx_word' id='word_1_261' title='bbox 1847 3323 1890 3382; x_wconf 73' lang='lat' dir='ltr'>c</span> 
     </span>
    </p>
   </div>
   <div class='ocr_carea' id='block_1_35' title="bbox 227 3425 1821 3505">
    <p class='ocr_par' dir='ltr' id='par_1_35' title="bbox 227 3425 1821 3505">
     <span class='ocr_line' id='line_1_35' title="bbox 227 3425 1821 3505; baseline 0.012 -29"><span class='ocrx_word' id='word_1_262' title='bbox 227 3425 450 3497; x_wconf 79' lang='grc' dir='ltr'>Ἐπειδὴ</span> <span class='ocrx_word' id='word_1_263' title='bbox 480 3425 538 3479; x_wconf 78' lang='grc' dir='ltr'>δὲ</span> <span class='ocrx_word' id='word_1_264' title='bbox 574 3427 711 3499; x_wconf 85' lang='grc' dir='ltr'>πρὸς</span> <span class='ocrx_word' id='word_1_265' title='bbox 738 3429 898 3484; x_wconf 85' lang='grc' dir='ltr'>τοῦτο</span> <span class='ocrx_word' id='word_1_266' title='bbox 928 3431 1376 3505; x_wconf 85' lang='grc' dir='ltr'>διερηρείσμεθα,</span> <span class='ocrx_word' id='word_1_267' title='bbox 1408 3438 1504 3491; x_wconf 72' lang='grc' dir='ltr'>καὶ</span> <span class='ocrx_word' id='word_1_268' title='bbox 1532 3437 1593 3492; x_wconf 81' lang='grc' dir='ltr'>τὸ</span> <span class='ocrx_word' id='word_1_269' title='bbox 1619 3439 1821 3494; x_wconf 74' lang='grc' dir='ltr'>ἐνδοιά-</span> 
     </span>
    </p>
   </div>
   <div class='ocr_carea' id='block_1_36' title="bbox 211 3517 1821 3603">
    <p class='ocr_par' dir='ltr' id='par_1_36' title="bbox 211 3517 1821 3603">
     <span class='ocr_line' id='line_1_36' title="bbox 211 3517 1821 3603; baseline 0.01 -32"><span class='ocrx_word' id='word_1_270' title='bbox 211 3517 330 3584; x_wconf 82' lang='grc' dir='ltr'>ζειν</span> <span class='ocrx_word' id='word_1_271' title='bbox 362 3518 502 3582; x_wconf 85' lang='grc' dir='ltr'>ὅλως</span> <span class='ocrx_word' id='word_1_272' title='bbox 526 3521 850 3589; x_wconf 80' lang='grc' dir='ltr'>δυσσεδείας</span> <span class='ocrx_word' id='word_1_273' title='bbox 913 3525 1029 3596; x_wconf 83' lang='grc' dir='ltr'>εχει</span> <span class='ocrx_word' id='word_1_274' title='bbox 1081 3526 1325 3599; x_wconf 72' lang='grc' dir='ltr'>γραφὴν,</span> <span class='ocrx_word' id='word_1_275' title='bbox 1368 3531 1502 3602; x_wconf 78' lang='grc' dir='ltr'>φέρε</span> <span class='ocrx_word' id='word_1_276' title='bbox 1541 3532 1642 3603; x_wconf 80' lang='grc' dir='ltr'>τῆς</span> <span class='ocrx_word' id='word_1_277' title='bbox 1677 3535 1821 3587; x_wconf 81' lang='grc' dir='ltr'>οίκο-</span> 
     </span>
    </p>
   </div>
   <div class='ocr_carea' id='block_1_37' title="bbox 211 3613 1818 3696">
    <p class='ocr_par' dir='ltr' id='par_1_37' title="bbox 211 3613 1818 3696">
     <span class='ocr_line' id='line_1_37' title="bbox 211 3613 1818 3696; baseline 0.01 -31"><span class='ocrx_word' id='word_1_278' title='bbox 211 3613 410 3682; x_wconf 85' lang='grc' dir='ltr'>νομίας</span> <span class='ocrx_word' id='word_1_279' title='bbox 432 3614 494 3667; x_wconf 78' lang='grc' dir='ltr'>τὸ</span> <span class='ocrx_word' id='word_1_280' title='bbox 527 3614 712 3686; x_wconf 78' lang='grc' dir='ltr'>βάθος,</span> <span class='ocrx_word' id='word_1_281' title='bbox 735 3617 812 3681; x_wconf 85' lang='grc' dir='ltr'><strong>ὡς</strong></span> <span class='ocrx_word' id='word_1_282' title='bbox 837 3618 937 3684; x_wconf 81' lang='grc' dir='ltr'>ἔνι,</span> <span class='ocrx_word' id='word_1_283' title='bbox 971 3622 1506 3694; x_wconf 81' lang='grc' dir='ltr'>κατασκεπτὼμεθα.</span> <span class='ocrx_word' id='word_1_284' title='bbox 1547 3624 1818 3696; x_wconf 78' lang='grc' dir='ltr'>Ἐπὲφανε</span> 
     </span>
    </p>
   </div>
   <div class='ocr_carea' id='block_1_38' title="bbox 209 3700 1816 3788">
    <p class='ocr_par' dir='ltr' id='par_1_38' title="bbox 209 3700 1816 3788">
     <span class='ocr_line' id='line_1_38' title="bbox 209 3700 1816 3788; baseline 0.01 -33"><span class='ocrx_word' id='word_1_285' title='bbox 209 3700 396 3756; x_wconf 83' lang='grc' dir='ltr'>τοίνυν</span> <span class='ocrx_word' id='word_1_286' title='bbox 450 3705 584 3774; x_wconf 78' lang='grc' dir='ltr'>ἡμῖν</span> <span class='ocrx_word' id='word_1_287' title='bbox 638 3706 695 3758; x_wconf 80' lang='grc' dir='ltr'>ὲν</span> <span class='ocrx_word' id='word_1_288' title='bbox 734 3707 866 3760; x_wconf 77' lang='grc' dir='ltr'>εἴδει</span> <span class='ocrx_word' id='word_1_289' title='bbox 919 3707 998 3780; x_wconf 81' lang='grc' dir='ltr'>τῷ</span> <span class='ocrx_word' id='word_1_290' title='bbox 1051 3711 1174 3764; x_wconf 80' lang='grc' dir='ltr'>καθ’</span> <span class='ocrx_word' id='word_1_291' title='bbox 1221 3714 1369 3784; x_wconf 73' lang='grc' dir='ltr'>ἡμᾶς</span> <span class='ocrx_word' id='word_1_292' title='bbox 1423 3716 1451 3768; x_wconf 87' lang='grc' dir='ltr'>ὁ</span> <span class='ocrx_word' id='word_1_293' title='bbox 1483 3715 1548 3768; x_wconf 82' lang='grc' dir='ltr'>ἐκ</span> <span class='ocrx_word' id='word_1_294' title='bbox 1607 3717 1816 3788; x_wconf 87' lang='grc' dir='ltr'>Κυρίου</span> 
     </span>
    </p>
   </div>
   <div class='ocr_carea' id='block_1_39' title="bbox 212 3794 1821 3881">
    <p class='ocr_par' dir='ltr' id='par_1_39' title="bbox 212 3794 1821 3881">
     <span class='ocr_line' id='line_1_39' title="bbox 212 3794 1821 3881; baseline 0.01 -34"><span class='ocrx_word' id='word_1_295' title='bbox 212 3794 429 3866; x_wconf 82' lang='grc' dir='ltr'>Πατρὸς</span> <span class='ocrx_word' id='word_1_296' title='bbox 489 3795 699 3867; x_wconf 84' lang='grc' dir='ltr'>Λόγος,</span> <span class='ocrx_word' id='word_1_297' title='bbox 746 3800 888 3855; x_wconf 71' lang='grc' dir='ltr'>κατὰ</span> <span class='ocrx_word' id='word_1_298' title='bbox 946 3801 1176 3874; x_wconf 80' lang='grc' dir='ltr'>μυρίους</span> <span class='ocrx_word' id='word_1_299' title='bbox 1224 3805 1384 3870; x_wconf 82' lang='grc' dir='ltr'>ὅσους</span> <span class='ocrx_word' id='word_1_300' title='bbox 1440 3807 1652 3878; x_wconf 84' lang='grc' dir='ltr'>ὀνήσων</span> <span class='ocrx_word' id='word_1_301' title='bbox 1700 3811 1821 3881; x_wconf 80' lang='grc' dir='ltr'>τρόο</span> 
     </span>
    </p>
   </div>
   <div class='ocr_carea' id='block_1_40' title="bbox 211 3887 1817 3977">
    <p class='ocr_par' dir='ltr' id='par_1_40' title="bbox 211 3887 1817 3977">
     <span class='ocr_line' id='line_1_40' title="bbox 211 3887 1817 3977; baseline 0.012 -37"><span class='ocrx_word' id='word_1_302' title='bbox 211 3904 352 3952; x_wconf 77' lang='grc' dir='ltr'>πςυς</span> <span class='ocrx_word' id='word_1_303' title='bbox 390 3887 460 3942; x_wconf 82' lang='grc' dir='ltr'>τὰ</span> <span class='ocrx_word' id='word_1_304' title='bbox 491 3890 834 3962; x_wconf 74' lang='grc' dir='ltr'>ἀνθρώπινα,</span> <span class='ocrx_word' id='word_1_305' title='bbox 890 3896 986 3948; x_wconf 77' lang='grc' dir='ltr'>καὶ</span> <span class='ocrx_word' id='word_1_306' title='bbox 1029 3897 1366 3966; x_wconf 79' lang='grc' dir='ltr'>καταδείξων</span> <span class='ocrx_word' id='word_1_307' title='bbox 1424 3896 1485 3955; x_wconf 80' lang='grc' dir='ltr'>εὖ</span> <span class='ocrx_word' id='word_1_308' title='bbox 1529 3902 1676 3973; x_wconf 86' lang='grc' dir='ltr'>μάλα</span> <span class='ocrx_word' id='word_1_309' title='bbox 1715 3905 1817 3977; x_wconf 81' lang='grc' dir='ltr'><strong>τὴν</strong></span> 
     </span>
    </p>
   </div>
   <div class='ocr_carea' id='block_1_41' title="bbox 210 3981 1817 4064">
    <p class='ocr_par' dir='ltr' id='par_1_41' title="bbox 210 3981 1817 4064">
     <span class='ocr_line' id='line_1_41' title="bbox 210 3981 1817 4064; baseline 0.011 -32"><span class='ocrx_word' id='word_1_310' title='bbox 210 3981 292 4044; x_wconf 84' lang='grc' dir='ltr'><strong>είς</strong></span> <span class='ocrx_word' id='word_1_311' title='bbox 342 3982 453 4035; x_wconf 78' lang='grc' dir='ltr'>πᾶν</span> <span class='ocrx_word' id='word_1_312' title='bbox 482 3983 662 4035; x_wconf 75' lang='grc' dir='ltr'>ὁτιοῦν</span> <span class='ocrx_word' id='word_1_313' title='bbox 697 3983 807 4038; x_wconf 85' lang='grc' dir='ltr'>τῶν</span> <span class='ocrx_word' id='word_1_314' title='bbox 847 3985 1324 4060; x_wconf 84' lang='grc' dir='ltr'>τεθαυμασμένων</span> <span class='ocrx_word' id='word_1_315' title='bbox 1367 3993 1817 4064; x_wconf 78' lang='grc' dir='ltr'>ἀποκομίζουσαν</span> 
     </span>
    </p>
   </div>
   <div class='ocr_carea' id='block_1_42' title="bbox 208 4071 1816 4162">
    <p class='ocr_par' dir='ltr' id='par_1_42' title="bbox 208 4071 1816 4162">
     <span class='ocr_line' id='line_1_42' title="bbox 208 4071 1816 4162; baseline 0.013 -38"><span class='ocrx_word' id='word_1_316' title='bbox 208 4073 421 4144; x_wconf 81' lang='grc' dir='ltr'>τρίσον.</span> <span class='ocrx_word' id='word_1_317' title='bbox 468 4071 578 4128; x_wconf 86' lang='grc' dir='ltr'>Ἦν</span> <span class='ocrx_word' id='word_1_318' title='bbox 628 4072 722 4130; x_wconf 85' lang='grc' dir='ltr'>οὖν</span> <span class='ocrx_word' id='word_1_319' title='bbox 769 4077 1070 4148; x_wconf 79' lang='grc' dir='ltr'>ἀναγκαῖον</span> <span class='ocrx_word' id='word_1_320' title='bbox 1115 4082 1444 4154; x_wconf 80' lang='grc' dir='ltr'>ἀναμαθεῖν,</span> <span class='ocrx_word' id='word_1_321' title='bbox 1504 4091 1816 4162; x_wconf 80' lang='grc' dir='ltr'>πειρασμοῦ</span> 
     </span>
    </p>
   </div>
   <div class='ocr_carea' id='block_1_43' title="bbox 209 4165 1809 4248">
    <p class='ocr_par' dir='ltr' id='par_1_43' title="bbox 209 4165 1809 4248">
     <span class='ocr_line' id='line_1_43' title="bbox 209 4165 1809 4248; baseline 0.011 -28"><span class='ocrx_word' id='word_1_322' title='bbox 209 4165 573 4231; x_wconf 84' lang='grc' dir='ltr'>καταθέοντος</span> <span class='ocrx_word' id='word_1_323' title='bbox 611 4168 740 4232; x_wconf 79' lang='grc' dir='ltr'>τοὺς</span> <span class='ocrx_word' id='word_1_324' title='bbox 769 4169 872 4240; x_wconf 82' lang='grc' dir='ltr'>τῆς</span> <span class='ocrx_word' id='word_1_325' title='bbox 910 4172 991 4235; x_wconf 79' lang='grc' dir='ltr'><strong>είς</strong></span> <span class='ocrx_word' id='word_1_326' title='bbox 1020 4170 1154 4226; x_wconf 84' lang='grc' dir='ltr'>Θεὸν</span> <span class='ocrx_word' id='word_1_327' title='bbox 1185 4176 1408 4248; x_wconf 77' lang='grc' dir='ltr'>ἀγάπης</span> <span class='ocrx_word' id='word_1_328' title='bbox 1441 4179 1605 4235; x_wconf 72' lang='grc' dir='ltr'>ἕνεκα</span> <span class='ocrx_word' id='word_1_329' title='bbox 1638 4183 1809 4236; x_wconf 80' lang='grc' dir='ltr'>κινδυ-</span> 
     </span>
    </p>
   </div>
   <div class='ocr_carea' id='block_1_44' title="bbox 208 4258 1816 4347">
    <p class='ocr_par' dir='ltr' id='par_1_44' title="bbox 208 4258 1816 4347">
     <span class='ocr_line' id='line_1_44' title="bbox 208 4258 1816 4347; baseline 0.015 -37"><span class='ocrx_word' id='word_1_330' title='bbox 208 4258 494 4322; x_wconf 83' lang='grc' dir='ltr'>νεύοντας,</span> <span class='ocrx_word' id='word_1_331' title='bbox 526 4261 745 4327; x_wconf 83' lang='grc' dir='ltr'>ὁποίους</span> <span class='ocrx_word' id='word_1_332' title='bbox 789 4266 941 4330; x_wconf 81' lang='grc' dir='ltr'>τινὰς</span> <span class='ocrx_word' id='word_1_333' title='bbox 969 4263 1111 4322; x_wconf 80' lang='grc' dir='ltr'>εἶναι</span> <span class='ocrx_word' id='word_1_334' title='bbox 1144 4271 1250 4342; x_wconf 78' lang='grc' dir='ltr'>χρὴ</span> <span class='ocrx_word' id='word_1_335' title='bbox 1302 4274 1429 4337; x_wconf 82' lang='grc' dir='ltr'>τοὺς</span> <span class='ocrx_word' id='word_1_336' title='bbox 1476 4275 1575 4347; x_wconf 76' lang='grc' dir='ltr'>τὴν</span> <span class='ocrx_word' id='word_1_337' title='bbox 1615 4279 1816 4334; x_wconf 76' lang='grc' dir='ltr'>εὑκλεᾶ</span> 
     </span>
    </p>
   </div>
   <div class='ocr_carea' id='block_1_45' title="bbox 210 4345 1812 4439">
    <p class='ocr_par' dir='ltr' id='par_1_45' title="bbox 210 4345 1812 4439">
     <span class='ocr_line' id='line_1_45' title="bbox 210 4345 1812 4439; baseline 0.015 -40"><span class='ocrx_word' id='word_1_338' title='bbox 210 4345 306 4399; x_wconf 80' lang='grc' dir='ltr'>καὶ</span> <span class='ocrx_word' id='word_1_339' title='bbox 335 4345 614 4417; x_wconf 66' lang='grc' dir='ltr'>ἐξαίρετον</span> <span class='ocrx_word' id='word_1_340' title='bbox 647 4350 925 4407; x_wconf 85' lang='grc' dir='ltr'>πολιτείαν</span> <span class='ocrx_word' id='word_1_341' title='bbox 960 4356 1054 4409; x_wconf 76' lang='grc' dir='ltr'>καὶ</span> <span class='ocrx_word' id='word_1_342' title='bbox 1086 4355 1233 4428; x_wconf 79' lang='grc' dir='ltr'>ζωὴν</span> <span class='ocrx_word' id='word_1_343' title='bbox 1267 4345 1568 4433; x_wconf 87' lang='grc' dir='ltr'>κατορθοῦν</span> <span class='ocrx_word' id='word_1_344' title='bbox 1596 4368 1812 4439; x_wconf 75' lang='grc' dir='ltr'>ᾑρημέ-</span> 
     </span>
    </p>
   </div>
   <div class='ocr_carea' id='block_1_46' title="bbox 207 4438 1813 4524">
    <p class='ocr_par' dir='ltr' id='par_1_46' title="bbox 207 4438 1813 4524">
     <span class='ocr_line' id='line_1_46' title="bbox 207 4438 1813 4524; baseline 0.017 -35"><span class='ocrx_word' id='word_1_345' title='bbox 207 4453 368 4502; x_wconf 86' lang='grc' dir='ltr'>νους,</span> <span class='ocrx_word' id='word_1_346' title='bbox 417 4438 623 4510; x_wconf 85' lang='grc' dir='ltr'>πότερα</span> <span class='ocrx_word' id='word_1_347' title='bbox 658 4443 1015 4513; x_wconf 85' lang='grc' dir='ltr'>μεθιεμένους</span> <span class='ocrx_word' id='word_1_348' title='bbox 1044 4449 1142 4501; x_wconf 73' lang='grc' dir='ltr'><strong>καὶ</strong></span> <span class='ocrx_word' id='word_1_349' title='bbox 1191 4452 1599 4522; x_wconf 83' lang='grc' dir='ltr'>ἁναπίπτοντας</span> <span class='ocrx_word' id='word_1_350' title='bbox 1639 4438 1722 4524; x_wconf 79' lang='grc' dir='ltr'><strong>εἰς</strong></span> <span class='ocrx_word' id='word_1_351' title='bbox 1753 4463 1813 4516; x_wconf 81' lang='grc' dir='ltr'>τὸ</span> 
     </span>
    </p>
   </div>
   <div class='ocr_carea' id='block_1_47' title="bbox 208 4527 1810 4624">
    <p class='ocr_par' dir='ltr' id='par_1_47' title="bbox 208 4527 1810 4624">
     <span class='ocr_line' id='line_1_47' title="bbox 208 4527 1810 4624; baseline 0.02 -46"><span class='ocrx_word' id='word_1_352' title='bbox 208 4527 476 4598; x_wconf 73' lang='grc' dir='ltr'>ῥᾴθυμον,</span> <span class='ocrx_word' id='word_1_353' title='bbox 513 4533 607 4584; x_wconf 81' lang='grc' dir='ltr'>καὶ</span> <span class='ocrx_word' id='word_1_354' title='bbox 641 4534 740 4588; x_wconf 88' lang='grc' dir='ltr'><strong>οὑκ</strong></span> <span class='ocrx_word' id='word_1_355' title='bbox 774 4535 832 4588; x_wconf 81' lang='grc' dir='ltr'>ὲν</span> <span class='ocrx_word' id='word_1_356' title='bbox 868 4538 1047 4610; x_wconf 84' lang='grc' dir='ltr'>καιρῷ</span> <span class='ocrx_word' id='word_1_357' title='bbox 1076 4545 1401 4614; x_wconf 78' lang='grc' dir='ltr'>τρυφῶντας</span> <span class='ocrx_word' id='word_1_358' title='bbox 1444 4552 1540 4604; x_wconf 72' lang='grc' dir='ltr'>καὶ</span> <span class='ocrx_word' id='word_1_359' title='bbox 1583 4553 1810 4624; x_wconf 69' lang='grc' dir='ltr'>εὐρυνο-</span> 
     </span>
    </p>
   </div>
   <div class='ocr_carea' id='block_1_48' title="bbox 208 4619 1812 4712">
    <p class='ocr_par' dir='ltr' id='par_1_48' title="bbox 208 4619 1812 4712">
     <span class='ocr_line' id='line_1_48' title="bbox 208 4619 1812 4712; baseline 0.021 -42"><span class='ocrx_word' id='word_1_360' title='bbox 208 4619 410 4690; x_wconf 87' lang='grc' dir='ltr'>μένους</span> <span class='ocrx_word' id='word_1_361' title='bbox 437 4624 513 4686; x_wconf 84' lang='grc' dir='ltr'><strong>είς</strong></span> <span class='ocrx_word' id='word_1_362' title='bbox 541 4624 828 4712; x_wconf 84' lang='grc' dir='ltr'>εὐθυμίαν,</span> <span class='ocrx_word' id='word_1_363' title='bbox 856 4631 889 4701; x_wconf 81' lang='grc' dir='ltr'>ἢ</span> <span class='ocrx_word' id='word_1_364' title='bbox 927 4638 1377 4708; x_wconf 85' lang='grc' dir='ltr'>συντεινομένους</span> <span class='ocrx_word' id='word_1_365' title='bbox 1403 4644 1482 4706; x_wconf 84' lang='grc' dir='ltr'><strong>είς</strong></span> <span class='ocrx_word' id='word_1_366' title='bbox 1510 4619 1682 4712; x_wconf 64' lang='grc' dir='ltr'>λιτὰς,</span> <span class='ocrx_word' id='word_1_367' title='bbox 1717 4652 1812 4704; x_wconf 72' lang='grc' dir='ltr'>καὶ</span> 
     </span>
    </p>
   </div>
   <div class='ocr_carea' id='block_1_49' title="bbox 204 4709 1808 4814">
    <p class='ocr_par' dir='ltr' id='par_1_49' title="bbox 204 4709 1808 4814">
     <span class='ocr_line' id='line_1_49' title="bbox 204 4709 1808 4814; baseline 0.021 -51"><span class='ocrx_word' id='word_1_368' title='bbox 204 4709 648 4784; x_wconf 84' lang='grc' dir='ltr'>δεδακρυμένους</span> <span class='ocrx_word' id='word_1_369' title='bbox 685 4709 917 4790; x_wconf 66' lang='grc' dir='ltr'>δρᾶσθαι</span> <span class='ocrx_word' id='word_1_370' title='bbox 955 4723 1035 4796; x_wconf 82' lang='grc' dir='ltr'>τῷ</span> <span class='ocrx_word' id='word_1_371' title='bbox 1070 4729 1333 4796; x_wconf 69' lang='grc' dir='ltr'>σῴζοντι,</span> <span class='ocrx_word' id='word_1_372' title='bbox 1388 4736 1482 4789; x_wconf 75' lang='grc' dir='ltr'>καὶ</span> <span class='ocrx_word' id='word_1_373' title='bbox 1530 4709 1808 4814; x_wconf 28' lang='grc' dir='ltr'>τὴν-παρ’</span> 
     </span>
    </p>
   </div>
   <div class='ocr_carea' id='block_1_50' title="bbox 205 4803 1806 4895">
    <p class='ocr_par' dir='ltr' id='par_1_50' title="bbox 205 4803 1806 4895">
     <span class='ocr_line' id='line_1_50' title="bbox 205 4803 1806 4895; baseline 0.019 -37"><span class='ocrx_word' id='word_1_374' title='bbox 205 4803 378 4858; x_wconf 82' lang='grc' dir='ltr'>αὑτοῦ</span> <span class='ocrx_word' id='word_1_375' title='bbox 423 4805 694 4878; x_wconf 73' lang='grc' dir='ltr'>διψῶντας</span> <span class='ocrx_word' id='word_1_376' title='bbox 744 4813 1089 4888; x_wconf 77' lang='grc' dir='ltr'>ἐπικουρίαν,</span> <span class='ocrx_word' id='word_1_377' title='bbox 1139 4825 1232 4876; x_wconf 73' lang='grc' dir='ltr'>καὶ</span> <span class='ocrx_word' id='word_1_378' title='bbox 1269 4825 1456 4895; x_wconf 82' lang='grc' dir='ltr'>μέντοι</span> <span class='ocrx_word' id='word_1_379' title='bbox 1504 4832 1596 4885; x_wconf 75' lang='grc' dir='ltr'>καὶ</span> <span class='ocrx_word' id='word_1_380' title='bbox 1646 4834 1806 4889; x_wconf 85' lang='grc' dir='ltr'>εὐαν-</span> 
     </span>
    </p>
   </div>
   <div class='ocr_carea' id='block_1_51' title="bbox 203 4893 1805 4999">
    <p class='ocr_par' dir='ltr' id='par_1_51' title="bbox 203 4893 1805 4999">
     <span class='ocr_line' id='line_1_51' title="bbox 203 4893 1805 4999; baseline 0.024 -54"><span class='ocrx_word' id='word_1_381' title='bbox 203 4893 381 4968; x_wconf 83' lang='grc' dir='ltr'>δρίαν,</span> <span class='ocrx_word' id='word_1_382' title='bbox 414 4896 574 4970; x_wconf 80' lang='grc' dir='ltr'>είπερ</span> <span class='ocrx_word' id='word_1_383' title='bbox 615 4899 788 4958; x_wconf 75' lang='grc' dir='ltr'>ἕλοιτο</span> <span class='ocrx_word' id='word_1_384' title='bbox 835 4907 929 4961; x_wconf 72' lang='grc' dir='ltr'>καὶ</span> <span class='ocrx_word' id='word_1_385' title='bbox 959 4912 1154 4967; x_wconf 78' lang='grc' dir='ltr'>παθεῖν</span> <span class='ocrx_word' id='word_1_386' title='bbox 1184 4893 1350 4987; x_wconf 68' lang='grc' dir='ltr'>ἡμᾶς.</span> <span class='ocrx_word' id='word_1_387' title='bbox 1388 4921 1536 4976; x_wconf 84' lang='grc' dir='ltr'>Ἔδει</span> <span class='ocrx_word' id='word_1_388' title='bbox 1580 4943 1638 4978; x_wconf 89' lang='grc' dir='ltr'><strong>τε</strong></span> <span class='ocrx_word' id='word_1_389' title='bbox 1672 4929 1805 4999; x_wconf 80' lang='grc' dir='ltr'>πρὸς</span> 
     </span>
    </p>
   </div>
   <div class='ocr_carea' id='block_1_52' title="bbox 203 4985 1808 5093">
    <p class='ocr_par' dir='ltr' id='par_1_52' title="bbox 203 4985 1808 5093">
     <span class='ocr_line' id='line_1_52' title="bbox 203 4985 1808 5093; baseline 0.022 -55"><span class='ocrx_word' id='word_1_390' title='bbox 203 4985 422 5052; x_wconf 80' lang='grc' dir='ltr'>τούτοις</span> <span class='ocrx_word' id='word_1_391' title='bbox 471 4991 666 5047; x_wconf 79' lang='grc' dir='ltr'>εἰδέναι</span> <span class='ocrx_word' id='word_1_392' title='bbox 721 5000 1038 5070; x_wconf 84' lang='grc' dir='ltr'>χρησίμως,</span> <span class='ocrx_word' id='word_1_393' title='bbox 1090 5006 1213 5060; x_wconf 82' lang='grc' dir='ltr'>ὅποι</span> <span class='ocrx_word' id='word_1_394' title='bbox 1255 5011 1385 5066; x_wconf 80' lang='grc' dir='ltr'>ποτὲ</span> <span class='ocrx_word' id='word_1_395' title='bbox 1434 5015 1545 5085; x_wconf 81' lang='grc' dir='ltr'>ἄρα</span> <span class='ocrx_word' id='word_1_396' title='bbox 1595 5018 1656 5071; x_wconf 85' lang='grc' dir='ltr'>τὸ</span> <span class='ocrx_word' id='word_1_397' title='bbox 1705 5021 1808 5093; x_wconf 78' lang='grc' dir='ltr'>τῆς</span> 
     </span>
    </p>
   </div>
   <div class='ocr_carea' id='block_1_53' title="bbox 204 5079 1807 5182">
    <p class='ocr_par' dir='ltr' id='par_1_53' title="bbox 204 5079 1807 5182">
     <span class='ocr_line' id='line_1_53' title="bbox 204 5079 1807 5182; baseline 0.024 -52"><span class='ocrx_word' id='word_1_398' title='bbox 204 5079 455 5150; x_wconf 77' lang='grc' dir='ltr'>ὑπακοῆς</span> <span class='ocrx_word' id='word_1_399' title='bbox 495 5082 716 5150; x_wconf 81' lang='grc' dir='ltr'>διέξεισι</span> <span class='ocrx_word' id='word_1_400' title='bbox 751 5089 962 5161; x_wconf 86' lang='grc' dir='ltr'>πέρας,</span> <span class='ocrx_word' id='word_1_401' title='bbox 1001 5096 1098 5149; x_wconf 80' lang='grc' dir='ltr'>καὶ</span> <span class='ocrx_word' id='word_1_402' title='bbox 1140 5098 1229 5153; x_wconf 86' lang='grc' dir='ltr'>διὰ</span> <span class='ocrx_word' id='word_1_403' title='bbox 1261 5103 1430 5160; x_wconf 85' lang='grc' dir='ltr'>ποίων</span> <span class='ocrx_word' id='word_1_404' title='bbox 1459 5079 1680 5179; x_wconf 60' lang='grc' dir='ltr'>ἔρχεται</span> 
     </span>
    </p>
   </div>
   <div class='ocr_carea' id='block_1_54' title="bbox 204 5172 1803 5275">
    <p class='ocr_par' dir='ltr' id='par_1_54' title="bbox 204 5172 1803 5275">
     <span class='ocr_line' id='line_1_54' title="bbox 204 5172 1803 5275; baseline 0.024 -51"><span class='ocrx_word' id='word_1_405' title='bbox 204 5172 339 5244; x_wconf 83' lang='grc' dir='ltr'>ρῶν,</span> <span class='ocrx_word' id='word_1_406' title='bbox 369 5175 492 5239; x_wconf 81' lang='grc' dir='ltr'>ὅσος</span> <span class='ocrx_word' id='word_1_407' title='bbox 514 5194 574 5230; x_wconf 89' lang='grc' dir='ltr'><strong>τε</strong></span> <span class='ocrx_word' id='word_1_408' title='bbox 603 5181 696 5232; x_wconf 74' lang='grc' dir='ltr'>καὶ</span> <span class='ocrx_word' id='word_1_409' title='bbox 721 5178 833 5247; x_wconf 76' lang='grc' dir='ltr'>οἷος</span> <span class='ocrx_word' id='word_1_410' title='bbox 878 5185 981 5256; x_wconf 81' lang='grc' dir='ltr'>τῆς</span> <span class='ocrx_word' id='word_1_411' title='bbox 1007 5187 1287 5265; x_wconf 82' lang='grc' dir='ltr'>ὑπομονῆς</span> <span class='ocrx_word' id='word_1_412' title='bbox 1309 5199 1338 5250; x_wconf 89' lang='grc' dir='ltr'><strong>ό</strong></span> <span class='ocrx_word' id='word_1_413' title='bbox 1367 5200 1578 5268; x_wconf 76' lang='grc' dir='ltr'>μισθός.</span> <span class='ocrx_word' id='word_1_414' title='bbox 1606 5205 1803 5275; x_wconf 84' lang='grc' dir='ltr'>Γέγονε</span> 
     </span>
    </p>
   </div>
   <div class='ocr_carea' id='block_1_55' title="bbox 202 5266 1805 5366">
    <p class='ocr_par' dir='ltr' id='par_1_55' title="bbox 202 5266 1805 5366">
     <span class='ocr_line' id='line_1_55' title="bbox 202 5266 1805 5366; baseline 0.025 -49"><span class='ocrx_word' id='word_1_415' title='bbox 202 5266 383 5320; x_wconf 86' lang='grc' dir='ltr'>τοίνυν</span> <span class='ocrx_word' id='word_1_416' title='bbox 405 5268 757 5339; x_wconf 87' lang='grc' dir='ltr'>ὑποτύπωσις</span> <span class='ocrx_word' id='word_1_417' title='bbox 781 5277 890 5332; x_wconf 83' lang='grc' dir='ltr'>τῶν</span> <span class='ocrx_word' id='word_1_418' title='bbox 920 5281 1179 5338; x_wconf 83' lang='grc' dir='ltr'>τοιούτων</span> <span class='ocrx_word' id='word_1_419' title='bbox 1205 5290 1338 5360; x_wconf 79' lang='grc' dir='ltr'>ἡμῖν</span> <span class='ocrx_word' id='word_1_420' title='bbox 1373 5293 1402 5344; x_wconf 85' lang='grc' dir='ltr'>ὁ</span> <span class='ocrx_word' id='word_1_421' title='bbox 1424 5295 1681 5366; x_wconf 82' lang='grc' dir='ltr'>Χριστὸς,</span> <span class='ocrx_word' id='word_1_422' title='bbox 1705 5305 1805 5356; x_wconf 79' lang='grc' dir='ltr'>καὶ</span> 
     </span>
    </p>
   </div>
   <div class='ocr_carea' id='block_1_56' title="bbox 203 5357 1805 5455">
    <p class='ocr_par' dir='ltr' id='par_1_56' title="bbox 203 5357 1805 5455">
     <span class='ocr_line' id='line_1_56' title="bbox 203 5357 1805 5455; baseline 0.026 -48"><span class='ocrx_word' id='word_1_423' title='bbox 203 5357 343 5427; x_wconf 82' lang='grc' dir='ltr'>πρὸς</span> <span class='ocrx_word' id='word_1_424' title='bbox 377 5362 632 5455; x_wconf 42' lang='grc' dir='ltr'>γε-τοῦτο</span> <span class='ocrx_word' id='word_1_425' title='bbox 663 5367 815 5437; x_wconf 81' lang='grc' dir='ltr'>ἡμᾶς</span> <span class='ocrx_word' id='word_1_426' title='bbox 841 5370 1070 5442; x_wconf 72' lang='grc' dir='ltr'>ἔμπεδοί</span> <span class='ocrx_word' id='word_1_427' title='bbox 1096 5357 1272 5446; x_wconf 86' lang='grc' dir='ltr'>λέγων</span> <span class='ocrx_word' id='word_1_428' title='bbox 1312 5383 1341 5435; x_wconf 89' lang='grc' dir='ltr'><strong>ό</strong></span> <span class='ocrx_word' id='word_1_429' title='bbox 1375 5357 1680 5455; x_wconf 36' lang='grc' dir='ltr'>θεσπέσιος,</span> <span class='ocrx_word' id='word_1_430' title='bbox 1700 5395 1805 5447; x_wconf 84' lang='grc' dir='ltr'><strong>1Ιέ-</strong></span> 
     </span>
    </p>
   </div>
   <div class='ocr_carea' id='block_1_57' title="bbox 200 5453 1803 5544">
    <p class='ocr_par' dir='ltr' id='par_1_57' title="bbox 200 5453 1803 5544">
     <span class='ocr_line' id='line_1_57' title="bbox 200 5453 1803 5544; baseline 0.029 -46"><span class='ocrx_word' id='word_1_431' title='bbox 395 5469 412 5502; x_wconf 82' lang='grc' dir='ltr'><strong>ι</strong></span> <span class='ocrx_word' id='word_1_432' title='bbox 449 5453 606 5506; x_wconf 77' lang='grc' dir='ltr'>Ποῖον</span> <span class='ocrx_word' id='word_1_433' title='bbox 642 5458 752 5530; x_wconf 79' lang='grc' dir='ltr'><strong>γὰρ</strong></span> <span class='ocrx_word' id='word_1_434' title='bbox 780 5460 956 5529; x_wconf 81' lang='grc' dir='ltr'>κλέος,</span> <span class='ocrx_word' id='word_1_435' title='bbox 989 5468 1038 5521; x_wconf 85' lang='grc' dir='ltr'><strong>εί</strong></span> <span class='ocrx_word' id='word_1_436' title='bbox 1069 5469 1480 5543; x_wconf 81' lang='grc' dir='ltr'>ἁμαρτάνοντες</span> <span class='ocrx_word' id='word_1_437' title='bbox 1515 5485 1611 5537; x_wconf 77' lang='grc' dir='ltr'><strong>καὶ</strong></span> <span class='ocrx_word' id='word_1_438' title='bbox 1641 5453 1803 5544; x_wconf 79' lang='grc' dir='ltr'>κολα-</span> 
     </span>
    </p>
   </div>
   <div class='ocr_carea' id='block_1_58' title="bbox 202 5542 1801 5640">
    <p class='ocr_par' dir='ltr' id='par_1_58' title="bbox 202 5542 1801 5640">
     <span class='ocr_line' id='line_1_58' title="bbox 202 5542 1801 5640; baseline 0.026 -48"><span class='ocrx_word' id='word_1_439' title='bbox 202 5542 487 5613; x_wconf 75' lang='grc' dir='ltr'>φιζόμενοι</span> <span class='ocrx_word' id='word_1_440' title='bbox 533 5547 869 5621; x_wconf 59' lang='lat' dir='ltr'><strong>{motat-ivssa;</strong></span> <span class='ocrx_word' id='word_1_441' title='bbox 915 5557 1054 5612; x_wconf 85' lang='grc' dir='ltr'>Ἀλλ’</span> <span class='ocrx_word' id='word_1_442' title='bbox 1088 5564 1135 5614; x_wconf 87' lang='grc' dir='ltr'>εἰ</span> <span class='ocrx_word' id='word_1_443' title='bbox 1169 5565 1631 5640; x_wconf 78' lang='grc' dir='ltr'>ἀγαθοποιοῦντες</span> <span class='ocrx_word' id='word_1_444' title='bbox 1665 5542 1801 5637; x_wconf 83' lang='grc' dir='ltr'>ὑπο-</span> 
     </span>
    </p>
   </div>
   <div class='ocr_carea' id='block_1_59' title="bbox 202 5634 1801 5740">
    <p class='ocr_par' dir='ltr' id='par_1_59' title="bbox 202 5634 1801 5740">
     <span class='ocr_line' id='line_1_59' title="bbox 202 5634 1801 5740; baseline 0.026 -53"><span class='ocrx_word' id='word_1_445' title='bbox 202 5634 422 5706; x_wconf 77' lang='grc' dir='ltr'>μένετε,</span> <span class='ocrx_word' id='word_1_446' title='bbox 467 5638 628 5693; x_wconf 89' lang='grc' dir='ltr'>τοῦτο</span> <span class='ocrx_word' id='word_1_447' title='bbox 664 5642 826 5715; x_wconf 82' lang='grc' dir='ltr'>χάρις</span> <span class='ocrx_word' id='word_1_448' title='bbox 889 5651 1041 5722; x_wconf 79' lang='grc' dir='ltr'>παρὰ</span> <span class='ocrx_word' id='word_1_449' title='bbox 1094 5654 1233 5728; x_wconf 82' lang='grc' dir='ltr'>Θεῷ,</span> <span class='ocrx_word' id='word_1_450' title='bbox 1282 5662 1364 5715; x_wconf 81' lang='grc' dir='ltr'>ὅτι</span> <span class='ocrx_word' id='word_1_451' title='bbox 1418 5666 1513 5718; x_wconf 79' lang='grc' dir='ltr'><strong>καὶ</strong></span> <span class='ocrx_word' id='word_1_452' title='bbox 1563 5634 1801 5740; x_wconf 27' lang='grc' dir='ltr'>Χτριστδς</span> 
     </span>
    </p>
   </div>
   <div class='ocr_carea' id='block_1_60' title="bbox 270 5837 1371 5930">
    <p class='ocr_par' dir='ltr' id='par_1_60' title="bbox 270 5837 1371 5930">
     <span class='ocr_line' id='line_1_60' title="bbox 270 5837 1371 5930; baseline 0.022 -34"><span class='ocrx_word' id='word_1_453' title='bbox 270 5837 444 5930; x_wconf 36' lang='grc'><strong>⁵⁸⁸⁸3³³.</strong></span> <span class='ocrx_word' id='word_1_454' title='bbox 470 5859 620 5930; x_wconf 65' lang='lat' dir='ltr'><strong>sxrv,</strong></span> <span class='ocrx_word' id='word_1_455' title='bbox 879 5923 893 5930; x_wconf 89' lang='lat'><em>_</em></span> <span class='ocrx_word' id='word_1_456' title='bbox 930 5856 978 5930; x_wconf 60' lang='grc' dir='ltr'><strong>ξ’</strong></span> <span class='ocrx_word' id='word_1_457' title='bbox 1013 5856 1112 5913; x_wconf 86' lang='lat' dir='ltr'><strong>lsa.</strong></span> <span class='ocrx_word' id='word_1_458' title='bbox 1140 5877 1230 5930; x_wconf 69' lang='grc' dir='ltr'>ωε,</span> <span class='ocrx_word' id='word_1_459' title='bbox 1261 5866 1371 5930; x_wconf 73' lang='lat'><strong>1,2.</strong></span> 
     </span>
    </p>
   </div>
   <div class='ocr_carea' id='block_1_61' title="bbox 199 5909 1396 6001">
    <p class='ocr_par' dir='ltr' id='par_1_61' title="bbox 199 5909 1396 6001">
     <span class='ocr_line' id='line_1_61' title="bbox 199 5909 1396 6001; baseline 0.024 -34"><span class='ocrx_word' id='word_1_460' title='bbox 199 5909 388 5968; x_wconf 68' lang='lat' dir='ltr'><strong>Matth.</strong></span> <span class='ocrx_word' id='word_1_461' title='bbox 432 5928 607 5981; x_wconf 74' lang='lat' dir='ltr'><strong>xxv&quot;,</strong></span> <span class='ocrx_word' id='word_1_462' title='bbox 637 5909 736 5973; x_wconf 58' lang='lat' dir='ltr'><strong>4th</strong></span> <span class='ocrx_word' id='word_1_463' title='bbox 801 5923 845 5953; x_wconf 83' lang='lat'><strong>&quot;</strong></span> <span class='ocrx_word' id='word_1_464' title='bbox 876 5923 893 5978; x_wconf 94' lang='lat' dir='ltr'><strong>l</strong></span> <span class='ocrx_word' id='word_1_465' title='bbox 927 5909 1396 6001; x_wconf 61' lang='grc' dir='ltr'><strong>ρείὲῖὶιῖἕοζ</strong></span> 
     </span>
    </p>
   </div>
   <div class='ocr_carea' id='block_1_62' title="bbox 520 6009 1256 6096">
    <p class='ocr_par' dir='ltr' id='par_1_62' title="bbox 520 6009 1256 6096">
     <span class='ocr_line' id='line_1_62' title="bbox 520 6009 1256 6096; baseline 0.033 -25"><span class='ocrx_word' id='word_1_466' title='bbox 520 6009 796 6080; x_wconf 62' lang='lat' dir='ltr'><strong>Panos.</strong></span> <span class='ocrx_word' id='word_1_467' title='bbox 847 6020 963 6084; x_wconf 77' lang='lat' dir='ltr'><strong>Gn.</strong></span> <span class='ocrx_word' id='word_1_468' title='bbox 1016 6024 1179 6090; x_wconf 75' lang='lat' dir='ltr'><strong>LXX</strong></span> <span class='ocrx_word' id='word_1_469' title='bbox 1189 6029 1256 6096; x_wconf 87' lang='lat' dir='ltr'><strong>V.</strong></span> 
     </span>
    </p>
   </div>
   <div class='ocr_carea' id='block_1_63' title="bbox 1453 5873 1832 5949">
    <p class='ocr_par' dir='ltr' id='par_1_63' title="bbox 1453 5873 1832 5949">
     <span class='ocr_line' id='line_1_63' title="bbox 1453 5873 1832 5949; baseline 0.024 -21"><span class='ocrx_word' id='word_1_470' title='bbox 1453 5873 1497 5902; x_wconf 74' lang='grc'><strong>⁶³</strong></span> <span class='ocrx_word' id='word_1_471' title='bbox 1527 5873 1642 5934; x_wconf 75' lang='lat' dir='ltr'><strong>lac.</strong></span> <span class='ocrx_word' id='word_1_472' title='bbox 1677 5895 1736 5949; x_wconf 78' lang='grc' dir='ltr'><strong>ιι,</strong></span> <span class='ocrx_word' id='word_1_473' title='bbox 1783 5883 1832 5939; x_wconf 87' lang='lat' dir='ltr'><strong>l.</strong></span> 
     </span>
    </p>
   </div>
   <div class='ocr_carea' id='block_1_64' title="bbox 1945 677 3552 749">
    <p class='ocr_par' dir='ltr' id='par_1_64' title="bbox 1945 677 3552 749">
     <span class='ocr_line' id='line_1_64' title="bbox 1945 677 3552 749; baseline 0 -18"><span class='ocrx_word' id='word_1_474' title='bbox 1945 692 2135 732; x_wconf 81' lang='lat' dir='ltr'><strong>rursus</strong></span> <span class='ocrx_word' id='word_1_475' title='bbox 2157 679 2299 735; x_wconf 84' lang='lat' dir='ltr'><strong>alius</strong></span> <span class='ocrx_word' id='word_1_476' title='bbox 2329 677 2554 749; x_wconf 83' lang='lat' dir='ltr'><strong>quidam</strong></span> <span class='ocrx_word' id='word_1_477' title='bbox 2591 690 2622 732; x_wconf 86' lang='lat' dir='ltr'><strong>e</strong></span> <span class='ocrx_word' id='word_1_478' title='bbox 2651 679 2861 734; x_wconf 75' lang='lat' dir='ltr'><strong>sanctis</strong></span> <span class='ocrx_word' id='word_1_479' title='bbox 2889 696 2903 732; x_wconf 91' lang='lat'><strong>:</strong></span> <span class='ocrx_word' id='word_1_480' title='bbox 2934 696 2955 726; x_wconf 73' lang='grc' dir='ltr'><strong>ι</strong></span> <span class='ocrx_word' id='word_1_481' title='bbox 2993 677 3332 743; x_wconf 84' lang='lat' dir='ltr'><strong>llluminare,</strong></span> <span class='ocrx_word' id='word_1_482' title='bbox 3355 678 3552 748; x_wconf 86' lang='lat' dir='ltr'><strong>inquit,</strong></span> 
     </span>
    </p>
   </div>
   <div class='ocr_carea' id='block_1_65' title="bbox 1942 768 3553 840">
    <p class='ocr_par' dir='ltr' id='par_1_65' title="bbox 1942 768 3553 840">
     <span class='ocr_line' id='line_1_65' title="bbox 1942 768 3553 840; baseline 0 -16"><span class='ocrx_word' id='word_1_483' title='bbox 1942 768 2269 829; x_wconf 81' lang='lat' dir='ltr'><strong>Jerusalem.</strong></span> <span class='ocrx_word' id='word_1_484' title='bbox 2321 769 2485 825; x_wconf 77' lang='lat' dir='ltr'><strong>Venit</strong></span> <span class='ocrx_word' id='word_1_485' title='bbox 2532 771 2680 826; x_wconf 88' lang='lat' dir='ltr'><strong>cnim</strong></span> <span class='ocrx_word' id='word_1_486' title='bbox 2717 769 2898 826; x_wconf 85' lang='lat' dir='ltr'><strong>lumen</strong></span> <span class='ocrx_word' id='word_1_487' title='bbox 2930 779 3110 836; x_wconf 87' lang='lat' dir='ltr'><strong>tuum,</strong></span> <span class='ocrx_word' id='word_1_488' title='bbox 3141 779 3197 825; x_wconf 90' lang='lat' dir='ltr'><strong>et</strong></span> <span class='ocrx_word' id='word_1_489' title='bbox 3227 770 3402 840; x_wconf 83' lang='lat' dir='ltr'><strong>gloria</strong></span> <span class='ocrx_word' id='word_1_490' title='bbox 3443 770 3553 824; x_wconf 56' lang='lat' dir='ltr'><strong>Dos</strong></span> 
     </span>
    </p>
   </div>
   <div class='ocr_carea' id='block_1_66' title="bbox 1945 863 3530 935">
    <p class='ocr_par' dir='ltr' id='par_1_66' title="bbox 1945 863 3530 935">
     <span class='ocr_line' id='line_1_66' title="bbox 1945 863 3530 935; baseline -0.001 -16"><span class='ocrx_word' id='word_1_491' title='bbox 1945 864 2078 920; x_wconf 89' lang='lat' dir='ltr'><strong>mini</strong></span> <span class='ocrx_word' id='word_1_492' title='bbox 2123 879 2289 934; x_wconf 84' lang='lat' dir='ltr'><strong>super</strong></span> <span class='ocrx_word' id='word_1_493' title='bbox 2334 874 2388 918; x_wconf 91' lang='lat' dir='ltr'><strong>te</strong></span> <span class='ocrx_word' id='word_1_494' title='bbox 2435 875 2556 920; x_wconf 87' lang='lat' dir='ltr'><strong>orta</strong></span> <span class='ocrx_word' id='word_1_495' title='bbox 2590 875 2697 920; x_wconf 87' lang='lat' dir='ltr'><strong>est.</strong></span> <span class='ocrx_word' id='word_1_496' title='bbox 2722 863 2860 932; x_wconf 85' lang='lat' dir='ltr'><strong>Quia</strong></span> <span class='ocrx_word' id='word_1_497' title='bbox 2885 880 3016 921; x_wconf 89' lang='lat' dir='ltr'><strong>ecce</strong></span> <span class='ocrx_word' id='word_1_498' title='bbox 3041 865 3280 920; x_wconf 68' lang='lat' dir='ltr'><strong>tenebrae</strong></span> <span class='ocrx_word' id='word_1_499' title='bbox 3300 866 3530 935; x_wconf 85' lang='lat' dir='ltr'><strong>operien</strong></span> 
     </span>
    </p>
   </div>
   <div class='ocr_carea' id='block_1_67' title="bbox 1940 956 3554 1029">
    <p class='ocr_par' dir='ltr' id='par_1_67' title="bbox 1940 956 3554 1029">
     <span class='ocr_line' id='line_1_67' title="bbox 1940 956 3554 1029; baseline 0 -19"><span class='ocrx_word' id='word_1_500' title='bbox 1940 966 2168 1023; x_wconf 87' lang='lat' dir='ltr'><strong>terram,</strong></span> <span class='ocrx_word' id='word_1_501' title='bbox 2201 967 2256 1012; x_wconf 90' lang='lat' dir='ltr'><strong>et</strong></span> <span class='ocrx_word' id='word_1_502' title='bbox 2276 957 2456 1028; x_wconf 84' lang='lat' dir='ltr'><strong>caligo</strong></span> <span class='ocrx_word' id='word_1_503' title='bbox 2489 956 2752 1029; x_wconf 87' lang='lat' dir='ltr'><strong>populos:</strong></span> <span class='ocrx_word' id='word_1_504' title='bbox 2801 971 2968 1027; x_wconf 56' lang='lat' dir='ltr'><strong>super</strong></span> <span class='ocrx_word' id='word_1_505' title='bbox 3015 967 3070 1012; x_wconf 89' lang='lat' dir='ltr'><strong>te</strong></span> <span class='ocrx_word' id='word_1_506' title='bbox 3107 965 3292 1011; x_wconf 86' lang='lat' dir='ltr'><strong>autem</strong></span> <span class='ocrx_word' id='word_1_507' title='bbox 3339 956 3554 1011; x_wconf 82' lang='lat' dir='ltr'><strong>orietur</strong></span> 
     </span>
    </p>
   </div>
   <div class='ocr_carea' id='block_1_68' title="bbox 1942 1048 3553 1121">
    <p class='ocr_par' dir='ltr' id='par_1_68' title="bbox 1942 1048 3553 1121">
     <span class='ocr_line' id='line_1_68' title="bbox 1942 1048 3553 1121; baseline 0.001 -17"><span class='ocrx_word' id='word_1_508' title='bbox 1942 1051 2227 1116; x_wconf 85' lang='lat' dir='ltr'><strong>Dominus,</strong></span> <span class='ocrx_word' id='word_1_509' title='bbox 2287 1059 2341 1104; x_wconf 90' lang='lat' dir='ltr'><strong>et</strong></span> <span class='ocrx_word' id='word_1_510' title='bbox 2370 1049 2546 1121; x_wconf 73' lang='lat' dir='ltr'><strong>gloria</strong></span> <span class='ocrx_word' id='word_1_511' title='bbox 2602 1051 2723 1121; x_wconf 87' lang='lat' dir='ltr'><strong>ejus</strong></span> <span class='ocrx_word' id='word_1_512' title='bbox 2753 1049 2808 1106; x_wconf 90' lang='lat' dir='ltr'><strong>in</strong></span> <span class='ocrx_word' id='word_1_513' title='bbox 2868 1062 2924 1106; x_wconf 86' lang='lat' dir='ltr'><strong>te</strong></span> <span class='ocrx_word' id='word_1_514' title='bbox 2977 1050 3253 1106; x_wconf 77' lang='lat' dir='ltr'><strong>videbitur</strong></span> <span class='ocrx_word' id='word_1_515' title='bbox 3291 1050 3359 1105; x_wconf 79' lang='lat'><strong>&quot;.</strong></span> <span class='ocrx_word' id='word_1_516' title='bbox 3396 1067 3416 1102; x_wconf 79' lang='grc' dir='ltr'><strong>ι</strong></span> <span class='ocrx_word' id='word_1_517' title='bbox 3486 1048 3553 1105; x_wconf 79' lang='lat' dir='ltr'><strong>Et</strong></span> 
     </span>
    </p>
   </div>
   <div class='ocr_carea' id='block_1_69' title="bbox 1940 1139 3552 1215">
    <p class='ocr_par' dir='ltr' id='par_1_69' title="bbox 1940 1139 3552 1215">
     <span class='ocr_line' id='line_1_69' title="bbox 1940 1139 3552 1215; baseline 0.003 -19"><span class='ocrx_word' id='word_1_518' title='bbox 1940 1139 2176 1198; x_wconf 75' lang='lat' dir='ltr'><strong>Iacobus</strong></span> <span class='ocrx_word' id='word_1_519' title='bbox 2209 1143 2326 1214; x_wconf 85' lang='lat' dir='ltr'><strong>ejus</strong></span> <span class='ocrx_word' id='word_1_520' title='bbox 2356 1143 2656 1215; x_wconf 78' lang='lat' dir='ltr'><strong>discipulus</strong></span> <span class='ocrx_word' id='word_1_521' title='bbox 2692 1163 2706 1198; x_wconf 89' lang='lat'><strong>:</strong></span> <span class='ocrx_word' id='word_1_522' title='bbox 2748 1163 2768 1196; x_wconf 80' lang='grc' dir='ltr'><strong>ι</strong></span> <span class='ocrx_word' id='word_1_523' title='bbox 2834 1143 3078 1207; x_wconf 75' lang='lat' dir='ltr'><strong>Fratres,</strong></span> <span class='ocrx_word' id='word_1_524' title='bbox 3115 1144 3318 1214; x_wconf 88' lang='lat' dir='ltr'><strong>inquit,</strong></span> <span class='ocrx_word' id='word_1_525' title='bbox 3379 1142 3552 1201; x_wconf 84' lang='lat' dir='ltr'><strong>nolite</strong></span> 
     </span>
    </p>
   </div>
   <div class='ocr_carea' id='block_1_70' title="bbox 1940 1233 3548 1307">
    <p class='ocr_par' dir='ltr' id='par_1_70' title="bbox 1940 1233 3548 1307">
     <span class='ocr_line' id='line_1_70' title="bbox 1940 1233 3548 1307; baseline 0.002 -19"><span class='ocrx_word' id='word_1_526' title='bbox 1940 1234 1994 1289; x_wconf 91' lang='lat' dir='ltr'><strong>in</strong></span> <span class='ocrx_word' id='word_1_527' title='bbox 2043 1250 2401 1306; x_wconf 87' lang='lat' dir='ltr'><strong>personarum</strong></span> <span class='ocrx_word' id='word_1_528' title='bbox 2455 1237 2781 1307; x_wconf 88' lang='lat' dir='ltr'><strong>acceptione</strong></span> <span class='ocrx_word' id='word_1_529' title='bbox 2836 1237 3039 1291; x_wconf 85' lang='lat' dir='ltr'><strong>habere</strong></span> <span class='ocrx_word' id='word_1_530' title='bbox 3110 1233 3275 1292; x_wconf 79' lang='lat' dir='ltr'><strong>ﬁdem</strong></span> <span class='ocrx_word' id='word_1_531' title='bbox 3329 1237 3548 1292; x_wconf 86' lang='lat' dir='ltr'><strong>Domini</strong></span> 
     </span>
    </p>
   </div>
   <div class='ocr_carea' id='block_1_71' title="bbox 1939 1327 3547 1400">
    <p class='ocr_par' dir='ltr' id='par_1_71' title="bbox 1939 1327 3547 1400">
     <span class='ocr_line' id='line_1_71' title="bbox 1939 1327 3547 1400; baseline 0.001 -17"><span class='ocrx_word' id='word_1_532' title='bbox 1939 1330 2110 1385; x_wconf 86' lang='lat' dir='ltr'><strong>nostri</strong></span> <span class='ocrx_word' id='word_1_533' title='bbox 2166 1327 2291 1385; x_wconf 80' lang='lat' dir='ltr'><strong>Jesu</strong></span> <span class='ocrx_word' id='word_1_534' title='bbox 2354 1328 2560 1386; x_wconf 83' lang='lat' dir='ltr'><strong>Christi</strong></span> <span class='ocrx_word' id='word_1_535' title='bbox 2596 1329 2784 1400; x_wconf 75' lang='lat' dir='ltr'><strong>gloria:</strong></span> <span class='ocrx_word' id='word_1_536' title='bbox 2808 1328 2874 1383; x_wconf 83' lang='lat'><strong>”.</strong></span> <span class='ocrx_word' id='word_1_537' title='bbox 2917 1348 2936 1380; x_wconf 86' lang='grc'><strong>›</strong></span> <span class='ocrx_word' id='word_1_538' title='bbox 2972 1327 3169 1386; x_wconf 79' lang='lat' dir='ltr'><strong>Petrus</strong></span> <span class='ocrx_word' id='word_1_539' title='bbox 3225 1343 3395 1386; x_wconf 87' lang='lat' dir='ltr'><strong>vero:</strong></span> <span class='ocrx_word' id='word_1_540' title='bbox 3428 1348 3447 1382; x_wconf 82' lang='grc' dir='ltr'><strong>ι</strong></span> <span class='ocrx_word' id='word_1_541' title='bbox 3488 1327 3547 1385; x_wconf 84' lang='lat' dir='ltr'><strong>Si</strong></span> 
     </span>
    </p>
   </div>
   <div class='ocr_carea' id='block_1_72' title="bbox 1937 1421 3546 1493">
    <p class='ocr_par' dir='ltr' id='par_1_72' title="bbox 1937 1421 3546 1493">
     <span class='ocr_line' id='line_1_72' title="bbox 1937 1421 3546 1493; baseline 0.001 -17"><span class='ocrx_word' id='word_1_542' title='bbox 1937 1422 2344 1491; x_wconf 74' lang='lat' dir='ltr'><strong>exprobrantini</strong></span> <span class='ocrx_word' id='word_1_543' title='bbox 2377 1421 2430 1476; x_wconf 90' lang='lat' dir='ltr'><strong>in</strong></span> <span class='ocrx_word' id='word_1_544' title='bbox 2449 1422 2693 1488; x_wconf 81' lang='lat' dir='ltr'><strong>Christo,</strong></span> <span class='ocrx_word' id='word_1_545' title='bbox 2728 1422 2872 1476; x_wconf 86' lang='lat' dir='ltr'><strong>beati</strong></span> <span class='ocrx_word' id='word_1_546' title='bbox 2908 1421 3089 1486; x_wconf 86' lang='lat' dir='ltr'><strong>eritis,</strong></span> <span class='ocrx_word' id='word_1_547' title='bbox 3111 1423 3371 1493; x_wconf 88' lang='lat' dir='ltr'><strong>quoniam</strong></span> <span class='ocrx_word' id='word_1_548' title='bbox 3402 1424 3546 1493; x_wconf 91' lang='lat' dir='ltr'><strong>quod</strong></span> 
     </span>
    </p>
   </div>
   <div class='ocr_carea' id='block_1_73' title="bbox 1937 1514 3550 1588">
    <p class='ocr_par' dir='ltr' id='par_1_73' title="bbox 1937 1514 3550 1588">
     <span class='ocr_line' id='line_1_73' title="bbox 1937 1514 3550 1588; baseline 0.002 -20"><span class='ocrx_word' id='word_1_549' title='bbox 1937 1525 2024 1568; x_wconf 90' lang='lat' dir='ltr'><strong>est</strong></span> <span class='ocrx_word' id='word_1_550' title='bbox 2061 1515 2286 1569; x_wconf 90' lang='lat' dir='ltr'><strong>honoris</strong></span> <span class='ocrx_word' id='word_1_551' title='bbox 2315 1514 2500 1586; x_wconf 69' lang='lat' dir='ltr'><strong>gloria-</strong></span> <span class='ocrx_word' id='word_1_552' title='bbox 2545 1527 2602 1572; x_wconf 85' lang='lat' dir='ltr'><strong>et</strong></span> <span class='ocrx_word' id='word_1_553' title='bbox 2649 1515 2871 1572; x_wconf 83' lang='lat' dir='ltr'><strong>virtutis</strong></span> <span class='ocrx_word' id='word_1_554' title='bbox 2913 1515 3036 1581; x_wconf 85' lang='lat' dir='ltr'><strong>Dei,</strong></span> <span class='ocrx_word' id='word_1_555' title='bbox 3085 1525 3140 1572; x_wconf 87' lang='lat' dir='ltr'><strong>et</strong></span> <span class='ocrx_word' id='word_1_556' title='bbox 3170 1516 3262 1587; x_wconf 89' lang='lat' dir='ltr'><strong>qui</strong></span> <span class='ocrx_word' id='word_1_557' title='bbox 3303 1525 3386 1572; x_wconf 77' lang='lat' dir='ltr'><strong>est</strong></span> <span class='ocrx_word' id='word_1_558' title='bbox 3429 1515 3550 1588; x_wconf 71' lang='lat' dir='ltr'><strong>ejus</strong></span> 
     </span>
    </p>
   </div>
   <div class='ocr_carea' id='block_1_74' title="bbox 1939 1605 3004 1680">
    <p class='ocr_par' dir='ltr' id='par_1_74' title="bbox 1939 1605 3004 1680">
     <span class='ocr_line' id='line_1_74' title="bbox 1939 1605 3004 1680; baseline 0.003 -21"><span class='ocrx_word' id='word_1_559' title='bbox 1939 1605 2174 1677; x_wconf 86' lang='lat' dir='ltr'><strong>Spiritus</strong></span> <span class='ocrx_word' id='word_1_560' title='bbox 2203 1621 2368 1678; x_wconf 87' lang='lat' dir='ltr'><strong>super</strong></span> <span class='ocrx_word' id='word_1_561' title='bbox 2417 1621 2509 1664; x_wconf 85' lang='lat' dir='ltr'><strong>vos</strong></span> <span class='ocrx_word' id='word_1_562' title='bbox 2543 1607 2950 1680; x_wconf 81' lang='lat' dir='ltr'><strong>requiescet“.</strong></span> <span class='ocrx_word' id='word_1_563' title='bbox 2985 1628 3004 1662; x_wconf 77' lang='grc' dir='ltr'><strong>ι</strong></span> 
     </span>
    </p>
   </div>
   <div class='ocr_carea' id='block_1_75' title="bbox 2007 1785 3544 1862">
    <p class='ocr_par' dir='ltr' id='par_1_75' title="bbox 2007 1785 3544 1862">
     <span class='ocr_line' id='line_1_75' title="bbox 2007 1785 3544 1862; baseline 0.005 -20"><span class='ocrx_word' id='word_1_564' title='bbox 2007 1785 2174 1860; x_wconf 66' lang='grc'><strong>754</strong></span> <span class='ocrx_word' id='word_1_565' title='bbox 2206 1786 2267 1842; x_wconf 84' lang='grc' dir='ltr'><strong>Β.</strong></span> <span class='ocrx_word' id='word_1_566' title='bbox 2307 1785 2595 1846; x_wconf 78' lang='lat' dir='ltr'><strong>Sufﬁciunt</strong></span> <span class='ocrx_word' id='word_1_567' title='bbox 2619 1790 2732 1862; x_wconf 82' lang='lat' dir='ltr'><strong>jam</strong></span> <span class='ocrx_word' id='word_1_568' title='bbox 2778 1792 2919 1847; x_wconf 69' lang='lat' dir='ltr'><strong>haec.</strong></span> <span class='ocrx_word' id='word_1_569' title='bbox 2953 1790 3227 1849; x_wconf 58' lang='lat' dir='ltr'><strong>Caeterum</strong></span> <span class='ocrx_word' id='word_1_570' title='bbox 3275 1793 3379 1849; x_wconf 84' lang='lat' dir='ltr'><strong>hoc</strong></span> <span class='ocrx_word' id='word_1_571' title='bbox 3411 1795 3544 1850; x_wconf 86' lang='lat' dir='ltr'><strong>mihi</strong></span> 
     </span>
    </p>
   </div>
   <div class='ocr_carea' id='block_1_76' title="bbox 1937 1880 3548 1956">
    <p class='ocr_par' dir='ltr' id='par_1_76' title="bbox 1937 1880 3548 1956">
     <span class='ocr_line' id='line_1_76' title="bbox 1937 1880 3548 1956; baseline 0.005 -20"><span class='ocrx_word' id='word_1_572' title='bbox 1937 1881 2089 1937; x_wconf 85' lang='lat' dir='ltr'><strong>dicas</strong></span> <span class='ocrx_word' id='word_1_573' title='bbox 2131 1880 2315 1948; x_wconf 90' lang='lat' dir='ltr'><strong>velim,</strong></span> <span class='ocrx_word' id='word_1_574' title='bbox 2370 1883 2654 1952; x_wconf 85' lang='lat' dir='ltr'><strong>quomodo</strong></span> <span class='ocrx_word' id='word_1_575' title='bbox 2715 1884 3126 1956; x_wconf 82' lang='lat' dir='ltr'><strong>intelligendum</strong></span> <span class='ocrx_word' id='word_1_576' title='bbox 3175 1887 3248 1942; x_wconf 91' lang='lat' dir='ltr'><strong>sit</strong></span> <span class='ocrx_word' id='word_1_577' title='bbox 3297 1887 3426 1943; x_wconf 91' lang='lat' dir='ltr'><strong>illud</strong></span> <span class='ocrx_word' id='word_1_578' title='bbox 3477 1890 3548 1945; x_wconf 87' lang='lat' dir='ltr'><strong>de</strong></span> 
     </span>
    </p>
   </div>
   <div class='ocr_carea' id='block_1_77' title="bbox 2462 1955 3547 2050">
    <p class='ocr_par' dir='ltr' id='par_1_77' title="bbox 2462 1955 3547 2050">
     <span class='ocr_line' id='line_1_77' title="bbox 2462 1955 3547 2050; baseline 0.007 -20"><span class='ocrx_word' id='word_1_579' title='bbox 2462 1955 2476 2030; x_wconf 73' lang='grc' dir='ltr'><strong>ι</strong></span> <span class='ocrx_word' id='word_1_580' title='bbox 2529 1992 2545 2032; x_wconf 91' lang='lat'><strong>:</strong></span> <span class='ocrx_word' id='word_1_581' title='bbox 2599 1995 2618 2030; x_wconf 84' lang='lat' dir='ltr'><strong>t</strong></span> <span class='ocrx_word' id='word_1_582' title='bbox 2687 1978 2790 2046; x_wconf 86' lang='lat' dir='ltr'><strong>Qui</strong></span> <span class='ocrx_word' id='word_1_583' title='bbox 2845 1955 2916 2033; x_wconf 19' lang='lat' dir='ltr'><strong>in,</strong></span> <span class='ocrx_word' id='word_1_584' title='bbox 2954 1980 3146 2036; x_wconf 87' lang='lat' dir='ltr'><strong>diebus</strong></span> <span class='ocrx_word' id='word_1_585' title='bbox 3208 1983 3547 2050; x_wconf 67' lang='lat' dir='ltr'><strong>caruissua</strong></span> 
     </span>
    </p>
   </div>
   <div class='ocr_carea' id='block_1_78' title="bbox 1933 2068 3545 2146">
    <p class='ocr_par' dir='ltr' id='par_1_78' title="bbox 1933 2068 3545 2146">
     <span class='ocr_line' id='line_1_78' title="bbox 1933 2068 3545 2146; baseline 0.006 -25"><span class='ocrx_word' id='word_1_586' title='bbox 1933 2081 2124 2138; x_wconf 82' lang='lat' dir='ltr'><strong>preces</strong></span> <span class='ocrx_word' id='word_1_587' title='bbox 2150 2068 2700 2141; x_wconf 74' lang='lat' dir='ltr'><strong>supplicationesque</strong></span> <span class='ocrx_word' id='word_1_588' title='bbox 2741 2071 2808 2126; x_wconf 85' lang='lat' dir='ltr'><strong>ad</strong></span> <span class='ocrx_word' id='word_1_589' title='bbox 2853 2087 2979 2128; x_wconf 88' lang='lat' dir='ltr'><strong>emn</strong></span> <span class='ocrx_word' id='word_1_590' title='bbox 3018 2074 3112 2143; x_wconf 89' lang='lat' dir='ltr'><strong>qui</strong></span> <span class='ocrx_word' id='word_1_591' title='bbox 3151 2074 3326 2145; x_wconf 83' lang='lat' dir='ltr'><strong>possit</strong></span> <span class='ocrx_word' id='word_1_592' title='bbox 3367 2076 3545 2146; x_wconf 81' lang='lat' dir='ltr'><strong>ipsum</strong></span> 
     </span>
    </p>
   </div>
   <div class='ocr_carea' id='block_1_79' title="bbox 1932 2159 3545 2226">
    <p class='ocr_par' dir='ltr' id='par_1_79' title="bbox 1932 2159 3545 2226">
     <span class='ocr_line' id='line_1_79' title="bbox 1932 2159 3545 2226; baseline 0.007 -10"><span class='ocrx_word' id='word_1_593' title='bbox 1932 2159 2142 2216; x_wconf 71' lang='lat' dir='ltr'><strong>salvum</strong></span> <span class='ocrx_word' id='word_1_594' title='bbox 2173 2161 2379 2218; x_wconf 64' lang='lat' dir='ltr'><strong>Jacere</strong></span> <span class='ocrx_word' id='word_1_595' title='bbox 2429 2181 2459 2218; x_wconf 88' lang='lat' dir='ltr'><strong>a</strong></span> <span class='ocrx_word' id='word_1_596' title='bbox 2506 2177 2684 2222; x_wconf 88' lang='lat' dir='ltr'><strong>morte</strong></span> <span class='ocrx_word' id='word_1_597' title='bbox 2725 2181 2848 2221; x_wconf 89' lang='lat' dir='ltr'><strong>cum</strong></span> <span class='ocrx_word' id='word_1_598' title='bbox 2888 2169 3132 2225; x_wconf 88' lang='lat' dir='ltr'><strong>clamore</strong></span> <span class='ocrx_word' id='word_1_599' title='bbox 3181 2169 3364 2226; x_wconf 83' lang='lat' dir='ltr'><strong>valido</strong></span> <span class='ocrx_word' id='word_1_600' title='bbox 3388 2182 3442 2226; x_wconf 92' lang='lat' dir='ltr'><strong>et</strong></span> <span class='ocrx_word' id='word_1_601' title='bbox 3470 2171 3545 2226; x_wconf 77' lang='lat' dir='ltr'><strong>ln-</strong></span> 
     </span>
    </p>
   </div>
   <div class='ocr_carea' id='block_1_80' title="bbox 1932 2253 3543 2333">
    <p class='ocr_par' dir='ltr' id='par_1_80' title="bbox 1932 2253 3543 2333">
     <span class='ocr_line' id='line_1_80' title="bbox 1932 2253 3543 2333; baseline 0.01 -27"><span class='ocrx_word' id='word_1_602' title='bbox 1932 2253 2136 2325; x_wconf 78' lang='lat' dir='ltr'><strong>crymis</strong></span> <span class='ocrx_word' id='word_1_603' title='bbox 2179 2253 2442 2323; x_wconf 78' lang='lat' dir='ltr'><strong>ollcrens,</strong></span> <span class='ocrx_word' id='word_1_604' title='bbox 2478 2259 2771 2315; x_wconf 81' lang='lat' dir='ltr'><strong>exauditus</strong></span> <span class='ocrx_word' id='word_1_605' title='bbox 2815 2272 2899 2316; x_wconf 85' lang='lat' dir='ltr'><strong>est</strong></span> <span class='ocrx_word' id='word_1_606' title='bbox 2925 2278 3024 2333; x_wconf 92' lang='lat' dir='ltr'><strong>pro</strong></span> <span class='ocrx_word' id='word_1_607' title='bbox 3064 2279 3164 2319; x_wconf 89' lang='lat' dir='ltr'><strong>sua</strong></span> <span class='ocrx_word' id='word_1_608' title='bbox 3210 2268 3543 2322; x_wconf 83' lang='lat' dir='ltr'><strong>reverentia.</strong></span> 
     </span>
    </p>
   </div>
   <div class='ocr_carea' id='block_1_81' title="bbox 1933 2346 3548 2430">
    <p class='ocr_par' dir='ltr' id='par_1_81' title="bbox 1933 2346 3548 2430">
     <span class='ocr_line' id='line_1_81' title="bbox 1933 2346 3548 2430; baseline 0.01 -30"><span class='ocrx_word' id='word_1_609' title='bbox 1933 2346 1998 2402; x_wconf 82' lang='lat' dir='ltr'><strong>Et</strong></span> <span class='ocrx_word' id='word_1_610' title='bbox 2028 2348 2246 2415; x_wconf 84' lang='lat' dir='ltr'><strong>quidem</strong></span> <span class='ocrx_word' id='word_1_611' title='bbox 2275 2365 2402 2405; x_wconf 89' lang='lat' dir='ltr'><strong>cum</strong></span> <span class='ocrx_word' id='word_1_612' title='bbox 2439 2360 2589 2407; x_wconf 90' lang='lat' dir='ltr'><strong>esset</strong></span> <span class='ocrx_word' id='word_1_613' title='bbox 2620 2352 2793 2407; x_wconf 89' lang='lat' dir='ltr'><strong>Filius</strong></span> <span class='ocrx_word' id='word_1_614' title='bbox 2828 2354 2947 2423; x_wconf 88' lang='lat' dir='ltr'><strong>Dei,</strong></span> <span class='ocrx_word' id='word_1_615' title='bbox 2987 2355 3182 2412; x_wconf 89' lang='lat' dir='ltr'><strong>didicit</strong></span> <span class='ocrx_word' id='word_1_616' title='bbox 3211 2371 3278 2412; x_wconf 79' lang='lat' dir='ltr'><strong>ex</strong></span> <span class='ocrx_word' id='word_1_617' title='bbox 3318 2358 3386 2415; x_wconf 87' lang='lat' dir='ltr'><strong>iis</strong></span> <span class='ocrx_word' id='word_1_618' title='bbox 3424 2374 3548 2430; x_wconf 66' lang='lat' dir='ltr'><strong>qua</strong></span> 
     </span>
    </p>
   </div>
   <div class='ocr_carea' id='block_1_82' title="bbox 1931 2443 3548 2511">
    <p class='ocr_par' dir='ltr' id='par_1_82' title="bbox 1931 2443 3548 2511">
     <span class='ocr_line' id='line_1_82' title="bbox 1931 2443 3548 2511; baseline 0.012 -19"><span class='ocrx_word' id='word_1_619' title='bbox 1931 2454 2122 2508; x_wconf 88' lang='lat' dir='ltr'><strong>passus</strong></span> <span class='ocrx_word' id='word_1_620' title='bbox 2158 2452 2272 2509; x_wconf 86' lang='lat' dir='ltr'><strong>est,</strong></span> <span class='ocrx_word' id='word_1_621' title='bbox 2343 2443 2738 2500; x_wconf 85' lang='lat' dir='ltr'><strong>obedientiam.</strong></span> <span class='ocrx_word' id='word_1_622' title='bbox 2767 2445 2837 2501; x_wconf 84' lang='lat' dir='ltr'><strong>Et</strong></span> <span class='ocrx_word' id='word_1_623' title='bbox 2888 2459 3310 2507; x_wconf 83' lang='lat' dir='ltr'><strong>consummatus</strong></span> <span class='ocrx_word' id='word_1_624' title='bbox 3365 2451 3548 2511; x_wconf 75' lang='lat' dir='ltr'><strong>lactus</strong></span> 
     </span>
    </p>
   </div>
   <div class='ocr_carea' id='block_1_83' title="bbox 1929 2534 3548 2606">
    <p class='ocr_par' dir='ltr' id='par_1_83' title="bbox 1929 2534 3548 2606">
     <span class='ocr_line' id='line_1_83' title="bbox 1929 2534 3548 2606; baseline 0.01 -19"><span class='ocrx_word' id='word_1_625' title='bbox 1929 2545 2014 2588; x_wconf 88' lang='lat' dir='ltr'><strong>est</strong></span> <span class='ocrx_word' id='word_1_626' title='bbox 2085 2534 2343 2592; x_wconf 84' lang='lat' dir='ltr'><strong>omnibus</strong></span> <span class='ocrx_word' id='word_1_627' title='bbox 2391 2535 2908 2606; x_wconf 80' lang='lat' dir='ltr'><strong>obtemperantibus</strong></span> <span class='ocrx_word' id='word_1_628' title='bbox 2959 2541 3065 2597; x_wconf 87' lang='lat' dir='ltr'><strong>sibi</strong></span> <span class='ocrx_word' id='word_1_629' title='bbox 3122 2557 3292 2599; x_wconf 81' lang='lat' dir='ltr'><strong>causa</strong></span> <span class='ocrx_word' id='word_1_630' title='bbox 3348 2543 3548 2603; x_wconf 64' lang='lat' dir='ltr'><strong>saluti!</strong></span> 
     </span>
    </p>
   </div>
   <div class='ocr_carea' id='block_1_84' title="bbox 1930 2627 3540 2699">
    <p class='ocr_par' dir='ltr' id='par_1_84' title="bbox 1930 2627 3540 2699">
     <span class='ocr_line' id='line_1_84' title="bbox 1930 2627 3540 2699; baseline 0.011 -21"><span class='ocrx_word' id='word_1_631' title='bbox 1930 2627 2238 2682; x_wconf 65' lang='lat' dir='ltr'><strong>ceterum&quot;.</strong></span> <span class='ocrx_word' id='word_1_632' title='bbox 2305 2646 2325 2680; x_wconf 73' lang='grc' dir='ltr'><strong>ι</strong></span> <span class='ocrx_word' id='word_1_633' title='bbox 2383 2627 2651 2699; x_wconf 83' lang='lat' dir='ltr'><strong>Adjiciam</strong></span> <span class='ocrx_word' id='word_1_634' title='bbox 2715 2647 2847 2687; x_wconf 82' lang='lat' dir='ltr'><strong>vero</strong></span> <span class='ocrx_word' id='word_1_635' title='bbox 2904 2633 3068 2690; x_wconf 90' lang='lat' dir='ltr'><strong>dictis</strong></span> <span class='ocrx_word' id='word_1_636' title='bbox 3136 2635 3303 2691; x_wconf 84' lang='lat' dir='ltr'><strong>etiam</strong></span> <span class='ocrx_word' id='word_1_637' title='bbox 3363 2636 3540 2694; x_wconf 86' lang='lat' dir='ltr'><strong>illud:</strong></span> 
     </span>
    </p>
   </div>
   <div class='ocr_carea' id='block_1_85' title="bbox 1935 2718 3542 2799">
    <p class='ocr_par' dir='ltr' id='par_1_85' title="bbox 1935 2718 3542 2799">
     <span class='ocr_line' id='line_1_85' title="bbox 1935 2718 3542 2799; baseline 0.012 -31"><span class='ocrx_word' id='word_1_638' title='bbox 1935 2735 1954 2768; x_wconf 73' lang='grc' dir='ltr'><strong>ι</strong></span> <span class='ocrx_word' id='word_1_639' title='bbox 1986 2718 2129 2774; x_wconf 88' lang='lat' dir='ltr'><strong>Deus</strong></span> <span class='ocrx_word' id='word_1_640' title='bbox 2158 2735 2335 2787; x_wconf 88' lang='lat' dir='ltr'><strong>meus,</strong></span> <span class='ocrx_word' id='word_1_641' title='bbox 2362 2719 2508 2778; x_wconf 88' lang='lat' dir='ltr'><strong>Deus</strong></span> <span class='ocrx_word' id='word_1_642' title='bbox 2531 2739 2705 2790; x_wconf 88' lang='lat' dir='ltr'><strong>meus,</strong></span> <span class='ocrx_word' id='word_1_643' title='bbox 2729 2739 2904 2796; x_wconf 88' lang='lat' dir='ltr'><strong>quare</strong></span> <span class='ocrx_word' id='word_1_644' title='bbox 2924 2743 3012 2784; x_wconf 88' lang='lat' dir='ltr'><strong>me</strong></span> <span class='ocrx_word' id='word_1_645' title='bbox 3035 2728 3375 2799; x_wconf 87' lang='lat' dir='ltr'><strong>dereliquisti</strong></span> <span class='ocrx_word' id='word_1_646' title='bbox 3405 2730 3488 2788; x_wconf 73' lang='lat'><strong>&quot;?</strong></span> <span class='ocrx_word' id='word_1_647' title='bbox 3519 2749 3542 2787; x_wconf 77' lang='grc' dir='ltr'><strong>ι</strong></span> 
     </span>
    </p>
   </div>
   <div class='ocr_carea' id='block_1_86' title="bbox 1927 2810 3549 2898">
    <p class='ocr_par' dir='ltr' id='par_1_86' title="bbox 1927 2810 3549 2898">
     <span class='ocr_line' id='line_1_86' title="bbox 1927 2810 3549 2898; baseline 0.012 -33"><span class='ocrx_word' id='word_1_648' title='bbox 1927 2810 2118 2868; x_wconf 78' lang='lat' dir='ltr'><strong>Aliena</strong></span> <span class='ocrx_word' id='word_1_649' title='bbox 2146 2813 2308 2878; x_wconf 82' lang='lat' dir='ltr'><strong>enim</strong></span> <span class='ocrx_word' id='word_1_650' title='bbox 2344 2815 2462 2871; x_wconf 69' lang='lat' dir='ltr'><strong>haec</strong></span> <span class='ocrx_word' id='word_1_651' title='bbox 2518 2833 2643 2875; x_wconf 84' lang='lat' dir='ltr'><strong>esse</strong></span> <span class='ocrx_word' id='word_1_652' title='bbox 2673 2819 2865 2875; x_wconf 89' lang='lat' dir='ltr'><strong>dicunt</strong></span> <span class='ocrx_word' id='word_1_653' title='bbox 2914 2835 2944 2875; x_wconf 89' lang='lat' dir='ltr'><strong>a</strong></span> <span class='ocrx_word' id='word_1_654' title='bbox 2996 2822 3109 2877; x_wconf 88' lang='lat' dir='ltr'><strong>Deo</strong></span> <span class='ocrx_word' id='word_1_655' title='bbox 3145 2822 3343 2892; x_wconf 82' lang='lat' dir='ltr'><strong>Verbo,</strong></span> <span class='ocrx_word' id='word_1_656' title='bbox 3377 2837 3549 2898; x_wconf 73' lang='lat' dir='ltr'><strong>atque</strong></span> 
     </span>
    </p>
   </div>
   <div class='ocr_carea' id='block_1_87' title="bbox 1927 2903 3548 2993">
    <p class='ocr_par' dir='ltr' id='par_1_87' title="bbox 1927 2903 3548 2993">
     <span class='ocr_line' id='line_1_87' title="bbox 1927 2903 3548 2993; baseline 0.014 -38"><span class='ocrx_word' id='word_1_657' title='bbox 1927 2915 2029 2972; x_wconf 76' lang='lat' dir='ltr'><strong>ego</strong></span> <span class='ocrx_word' id='word_1_658' title='bbox 2062 2903 2280 2974; x_wconf 88' lang='lat' dir='ltr'><strong>quidem</strong></span> <span class='ocrx_word' id='word_1_659' title='bbox 2314 2906 2581 2978; x_wconf 72' lang='lat' dir='ltr'><strong>dignitate</strong></span> <span class='ocrx_word' id='word_1_660' title='bbox 2618 2909 2791 2981; x_wconf 88' lang='lat' dir='ltr'><strong>ipsius</strong></span> <span class='ocrx_word' id='word_1_661' title='bbox 2825 2921 2991 2985; x_wconf 83' lang='lat' dir='ltr'><strong>atque</strong></span> <span class='ocrx_word' id='word_1_662' title='bbox 3020 2914 3348 2974; x_wconf 78' lang='lat' dir='ltr'><strong>excellentia</strong></span> <span class='ocrx_word' id='word_1_663' title='bbox 3384 2918 3548 2993; x_wconf 78' lang='lat' dir='ltr'><strong>longe</strong></span> 
     </span>
    </p>
   </div>
   <div class='ocr_carea' id='block_1_88' title="bbox 1929 2995 2850 3072">
    <p class='ocr_par' dir='ltr' id='par_1_88' title="bbox 1929 2995 2850 3072">
     <span class='ocr_line' id='line_1_88' title="bbox 1929 2995 2850 3072; baseline 0.014 -21"><span class='ocrx_word' id='word_1_664' title='bbox 1929 2995 2189 3054; x_wconf 75' lang='lat' dir='ltr'><strong>inferiora</strong></span> <span class='ocrx_word' id='word_1_665' title='bbox 2217 3015 2281 3055; x_wconf 89' lang='lat' dir='ltr'><strong>ea</strong></span> <span class='ocrx_word' id='word_1_666' title='bbox 2309 3016 2432 3058; x_wconf 86' lang='lat' dir='ltr'><strong>esse</strong></span> <span class='ocrx_word' id='word_1_667' title='bbox 2461 3003 2850 3072; x_wconf 74' lang='lat' dir='ltr'><strong>indicaverim.</strong></span> 
     </span>
    </p>
   </div>
   <div class='ocr_carea' id='block_1_89' title="bbox 1997 3089 3543 3179">
    <p class='ocr_par' dir='ltr' id='par_1_89' title="bbox 1997 3089 3543 3179">
     <span class='ocr_line' id='line_1_89' title="bbox 1997 3089 3543 3179; baseline 0.019 -37"><span class='ocrx_word' id='word_1_668' title='bbox 1997 3089 2064 3146; x_wconf 82' lang='lat' dir='ltr'><strong>A.</strong></span> <span class='ocrx_word' id='word_1_669' title='bbox 2118 3091 2258 3157; x_wconf 88' lang='lat' dir='ltr'><strong>Quin</strong></span> <span class='ocrx_word' id='word_1_670' title='bbox 2327 3102 2384 3149; x_wconf 91' lang='lat' dir='ltr'><strong>et</strong></span> <span class='ocrx_word' id='word_1_671' title='bbox 2447 3111 2549 3167; x_wconf 89' lang='lat' dir='ltr'><strong>ego</strong></span> <span class='ocrx_word' id='word_1_672' title='bbox 2572 3099 2692 3167; x_wconf 78' lang='lat' dir='ltr'><strong>ipse.</strong></span> <span class='ocrx_word' id='word_1_673' title='bbox 2748 3099 2914 3158; x_wconf 76' lang='lat' dir='ltr'><strong>facile</strong></span> <span class='ocrx_word' id='word_1_674' title='bbox 2964 3103 3211 3179; x_wconf 76' lang='lat' dir='ltr'><strong>intelligo</strong></span> <span class='ocrx_word' id='word_1_675' title='bbox 3259 3107 3377 3168; x_wconf 70' lang='lat' dir='ltr'><strong>hcc</strong></span> <span class='ocrx_word' id='word_1_676' title='bbox 3432 3127 3543 3171; x_wconf 78' lang='lat' dir='ltr'><strong>non</strong></span> 
     </span>
    </p>
   </div>
   <div class='ocr_carea' id='block_1_90' title="bbox 1926 3183 3544 3263">
    <p class='ocr_par' dir='ltr' id='par_1_90' title="bbox 1926 3183 3544 3263">
     <span class='ocr_line' id='line_1_90' title="bbox 1926 3183 3544 3263; baseline 0.016 -27"><span class='ocrx_word' id='word_1_677' title='bbox 1926 3183 2223 3238; x_wconf 85' lang='lat' dir='ltr'><strong>convenire</strong></span> <span class='ocrx_word' id='word_1_678' title='bbox 2253 3183 2434 3258; x_wconf 80' lang='lat' dir='ltr'><strong>Verbo</strong></span> <span class='ocrx_word' id='word_1_679' title='bbox 2463 3191 2650 3259; x_wconf 89' lang='lat' dir='ltr'><strong>genito</strong></span> <span class='ocrx_word' id='word_1_680' title='bbox 2671 3206 2740 3245; x_wconf 78' lang='lat' dir='ltr'><strong>ex</strong></span> <span class='ocrx_word' id='word_1_681' title='bbox 2780 3191 2893 3250; x_wconf 88' lang='lat' dir='ltr'><strong>Deo</strong></span> <span class='ocrx_word' id='word_1_682' title='bbox 2941 3194 3126 3263; x_wconf 85' lang='lat' dir='ltr'><strong>Patre,</strong></span> <span class='ocrx_word' id='word_1_683' title='bbox 3187 3200 3234 3256; x_wconf 84' lang='lat' dir='ltr'><strong>si</strong></span> <span class='ocrx_word' id='word_1_684' title='bbox 3290 3200 3423 3260; x_wconf 88' lang='lat' dir='ltr'><strong>illud</strong></span> <span class='ocrx_word' id='word_1_685' title='bbox 3474 3205 3544 3262; x_wconf 86' lang='lat' dir='ltr'><strong>ab</strong></span> 
     </span>
    </p>
   </div>
   <div class='ocr_carea' id='block_1_91' title="bbox 1927 3273 3538 3367">
    <p class='ocr_par' dir='ltr' id='par_1_91' title="bbox 1927 3273 3538 3367">
     <span class='ocr_line' id='line_1_91' title="bbox 1927 3273 3538 3367; baseline 0.019 -41"><span class='ocrx_word' id='word_1_686' title='bbox 1927 3273 2405 3334; x_wconf 85' lang='lat' dir='ltr'><strong>administratione</strong></span> <span class='ocrx_word' id='word_1_687' title='bbox 2462 3285 2515 3335; x_wconf 88' lang='lat' dir='ltr'><strong>in</strong></span> <span class='ocrx_word' id='word_1_688' title='bbox 2576 3297 2745 3340; x_wconf 88' lang='lat' dir='ltr'><strong>carne</strong></span> <span class='ocrx_word' id='word_1_689' title='bbox 2792 3299 3201 3360; x_wconf 85' lang='lat' dir='ltr'><strong>removeamus,</strong></span> <span class='ocrx_word' id='word_1_690' title='bbox 3233 3311 3412 3367; x_wconf 83' lang='lat' dir='ltr'><strong>neque</strong></span> <span class='ocrx_word' id='word_1_691' title='bbox 3439 3298 3538 3356; x_wconf 76' lang='lat' dir='ltr'><strong>od-</strong></span> 
     </span>
    </p>
   </div>
   <div class='ocr_carea' id='block_1_92' title="bbox 1928 3366 3538 3458">
    <p class='ocr_par' dir='ltr' id='par_1_92' title="bbox 1928 3366 3538 3458">
     <span class='ocr_line' id='line_1_92' title="bbox 1928 3366 3538 3458; baseline 0.019 -38"><span class='ocrx_word' id='word_1_692' title='bbox 1928 3366 2210 3425; x_wconf 80' lang='lat' dir='ltr'><strong>mittatuus</strong></span> <span class='ocrx_word' id='word_1_693' title='bbox 2259 3370 2484 3441; x_wconf 88' lang='lat' dir='ltr'><strong>idquod</strong></span> <span class='ocrx_word' id='word_1_694' title='bbox 2541 3372 2829 3447; x_wconf 79' lang='lat' dir='ltr'><strong>Scriptura</strong></span> <span class='ocrx_word' id='word_1_695' title='bbox 2887 3391 3146 3453; x_wconf 85' lang='lat' dir='ltr'><strong>testatur,</strong></span> <span class='ocrx_word' id='word_1_696' title='bbox 3191 3366 3336 3458; x_wconf 92' lang='lat' dir='ltr'><strong>quod</strong></span> <span class='ocrx_word' id='word_1_697' title='bbox 3369 3391 3538 3449; x_wconf 85' lang='lat' dir='ltr'><strong>nimi-</strong></span> 
     </span>
    </p>
   </div>
   <div class='ocr_carea' id='block_1_93' title="bbox 1925 3461 3542 3543">
    <p class='ocr_par' dir='ltr' id='par_1_93' title="bbox 1925 3461 3542 3543">
     <span class='ocr_line' id='line_1_93' title="bbox 1925 3461 3542 3543; baseline 0.02 -30"><span class='ocrx_word' id='word_1_698' title='bbox 1925 3474 2046 3514; x_wconf 92' lang='lat' dir='ltr'><strong>rum</strong></span> <span class='ocrx_word' id='word_1_699' title='bbox 2080 3461 2256 3520; x_wconf 79' lang='lat' dir='ltr'><strong>factus</strong></span> <span class='ocrx_word' id='word_1_700' title='bbox 2286 3466 2358 3520; x_wconf 85' lang='lat' dir='ltr'><strong>sit</strong></span> <span class='ocrx_word' id='word_1_701' title='bbox 2385 3482 2536 3523; x_wconf 89' lang='lat' dir='ltr'><strong>caro.</strong></span> <span class='ocrx_word' id='word_1_702' title='bbox 2573 3469 2708 3525; x_wconf 90' lang='lat' dir='ltr'><strong>Cum</strong></span> <span class='ocrx_word' id='word_1_703' title='bbox 2743 3486 2872 3529; x_wconf 84' lang='lat' dir='ltr'><strong>vero</strong></span> <span class='ocrx_word' id='word_1_704' title='bbox 2910 3475 3015 3531; x_wconf 92' lang='lat' dir='ltr'><strong>hoc</strong></span> <span class='ocrx_word' id='word_1_705' title='bbox 3073 3478 3309 3538; x_wconf 75' lang='lat' dir='ltr'><strong>ﬁrmiter</strong></span> <span class='ocrx_word' id='word_1_706' title='bbox 3345 3493 3542 3543; x_wconf 61' lang='lat' dir='ltr'><strong>teneac</strong></span> 
     </span>
    </p>
   </div>
   <div class='ocr_carea' id='block_1_94' title="bbox 1925 3557 3540 3644">
    <p class='ocr_par' dir='ltr' id='par_1_94' title="bbox 1925 3557 3540 3644">
     <span class='ocr_line' id='line_1_94' title="bbox 1925 3557 3540 3644; baseline 0.02 -39"><span class='ocrx_word' id='word_1_707' title='bbox 1925 3568 2046 3608; x_wconf 85' lang='lat' dir='ltr'><strong>mus</strong></span> <span class='ocrx_word' id='word_1_708' title='bbox 2105 3565 2160 3609; x_wconf 91' lang='lat' dir='ltr'><strong>et</strong></span> <span class='ocrx_word' id='word_1_709' title='bbox 2213 3557 2482 3616; x_wconf 89' lang='lat' dir='ltr'><strong>dubitatio</strong></span> <span class='ocrx_word' id='word_1_710' title='bbox 2549 3562 2655 3619; x_wconf 89' lang='lat' dir='ltr'><strong>hac</strong></span> <span class='ocrx_word' id='word_1_711' title='bbox 2705 3565 2756 3618; x_wconf 92' lang='lat' dir='ltr'><strong>in</strong></span> <span class='ocrx_word' id='word_1_712' title='bbox 2814 3582 2875 3621; x_wconf 88' lang='lat' dir='ltr'><strong>re</strong></span> <span class='ocrx_word' id='word_1_713' title='bbox 2923 3583 3048 3624; x_wconf 89' lang='lat' dir='ltr'><strong>cum</strong></span> <span class='ocrx_word' id='word_1_714' title='bbox 3125 3573 3410 3644; x_wconf 85' lang='lat' dir='ltr'><strong>impietate</strong></span> <span class='ocrx_word' id='word_1_715' title='bbox 3463 3583 3540 3639; x_wconf 85' lang='lat' dir='ltr'><strong>sit</strong></span> 
     </span>
    </p>
   </div>
   <div class='ocr_carea' id='block_1_95' title="bbox 1923 3647 3538 3737">
    <p class='ocr_par' dir='ltr' id='par_1_95' title="bbox 1923 3647 3538 3737">
     <span class='ocr_line' id='line_1_95' title="bbox 1923 3647 3538 3737; baseline 0.02 -37"><span class='ocrx_word' id='word_1_716' title='bbox 1923 3647 2248 3716; x_wconf 87' lang='lat' dir='ltr'><strong>conjuncta,</strong></span> <span class='ocrx_word' id='word_1_717' title='bbox 2298 3652 2704 3712; x_wconf 84' lang='lat' dir='ltr'><strong>incarnationis</strong></span> <span class='ocrx_word' id='word_1_718' title='bbox 2738 3662 3066 3732; x_wconf 84' lang='lat' dir='ltr'><strong>mysterium</strong></span> <span class='ocrx_word' id='word_1_719' title='bbox 3117 3679 3384 3737; x_wconf 87' lang='lat' dir='ltr'><strong>quantum</strong></span> <span class='ocrx_word' id='word_1_720' title='bbox 3416 3673 3538 3732; x_wconf 86' lang='lat' dir='ltr'><strong>llcri</strong></span> 
     </span>
    </p>
   </div>
   <div class='ocr_carea' id='block_1_96' title="bbox 1922 3747 3537 3827">
    <p class='ocr_par' dir='ltr' id='par_1_96' title="bbox 1922 3747 3537 3827">
     <span class='ocr_line' id='line_1_96' title="bbox 1922 3747 3537 3827; baseline 0.02 -34"><span class='ocrx_word' id='word_1_721' title='bbox 1922 3750 2100 3808; x_wconf 85' lang='lat' dir='ltr'><strong>potest</strong></span> <span class='ocrx_word' id='word_1_722' title='bbox 2131 3747 2555 3813; x_wconf 78' lang='lat' dir='ltr'><strong>perpendamus.</strong></span> <span class='ocrx_word' id='word_1_723' title='bbox 2583 3750 2855 3822; x_wconf 77' lang='lat' dir='ltr'><strong>Apparuit</strong></span> <span class='ocrx_word' id='word_1_724' title='bbox 2895 3755 3082 3823; x_wconf 84' lang='lat' dir='ltr'><strong>itaque</strong></span> <span class='ocrx_word' id='word_1_725' title='bbox 3115 3761 3275 3818; x_wconf 89' lang='lat' dir='ltr'><strong>nobis</strong></span> <span class='ocrx_word' id='word_1_726' title='bbox 3296 3761 3537 3827; x_wconf 82' lang='lat' dir='ltr'><strong>Verbum</strong></span> 
     </span>
    </p>
   </div>
   <div class='ocr_carea' id='block_1_97' title="bbox 1921 3832 3540 3921">
    <p class='ocr_par' dir='ltr' id='par_1_97' title="bbox 1921 3832 3540 3921">
     <span class='ocr_line' id='line_1_97' title="bbox 1921 3832 3540 3921; baseline 0.023 -37"><span class='ocrx_word' id='word_1_727' title='bbox 1921 3846 1987 3885; x_wconf 78' lang='lat' dir='ltr'><strong>ex</strong></span> <span class='ocrx_word' id='word_1_728' title='bbox 2025 3832 2136 3888; x_wconf 83' lang='lat' dir='ltr'><strong>Deo</strong></span> <span class='ocrx_word' id='word_1_729' title='bbox 2179 3837 2231 3890; x_wconf 90' lang='lat' dir='ltr'><strong>in</strong></span> <span class='ocrx_word' id='word_1_730' title='bbox 2289 3837 2466 3893; x_wconf 82' lang='lat' dir='ltr'><strong>forma</strong></span> <span class='ocrx_word' id='word_1_731' title='bbox 2499 3852 2699 3897; x_wconf 72' lang='lat' dir='ltr'><strong>nostra:</strong></span> <span class='ocrx_word' id='word_1_732' title='bbox 2758 3847 2949 3914; x_wconf 88' lang='lat' dir='ltr'><strong>simili,</strong></span> <span class='ocrx_word' id='word_1_733' title='bbox 3021 3851 3326 3913; x_wconf 84' lang='lat' dir='ltr'><strong>innumeris</strong></span> <span class='ocrx_word' id='word_1_734' title='bbox 3361 3862 3540 3921; x_wconf 79' lang='lat' dir='ltr'><strong>modis</strong></span> 
     </span>
    </p>
   </div>
   <div class='ocr_carea' id='block_1_98' title="bbox 1923 3926 3540 4016">
    <p class='ocr_par' dir='ltr' id='par_1_98' title="bbox 1923 3926 3540 4016">
     <span class='ocr_line' id='line_1_98' title="bbox 1923 3926 3540 4016; baseline 0.02 -37"><span class='ocrx_word' id='word_1_735' title='bbox 1923 3926 2217 3984; x_wconf 85' lang='lat' dir='ltr'><strong>humanam</strong></span> <span class='ocrx_word' id='word_1_736' title='bbox 2269 3943 2527 3988; x_wconf 87' lang='lat' dir='ltr'><strong>naturam</strong></span> <span class='ocrx_word' id='word_1_737' title='bbox 2587 3935 2817 4005; x_wconf 87' lang='lat' dir='ltr'><strong>juvans,</strong></span> <span class='ocrx_word' id='word_1_738' title='bbox 2862 3943 3179 4016; x_wconf 86' lang='lat' dir='ltr'><strong>optimeque</strong></span> <span class='ocrx_word' id='word_1_739' title='bbox 3231 3953 3390 4009; x_wconf 88' lang='lat' dir='ltr'><strong>nobis</strong></span> <span class='ocrx_word' id='word_1_740' title='bbox 3440 3956 3540 4012; x_wconf 79' lang='lat' dir='ltr'><strong>de-</strong></span> 
     </span>
    </p>
   </div>
   <div class='ocr_carea' id='block_1_99' title="bbox 1920 4022 3534 4110">
    <p class='ocr_par' dir='ltr' id='par_1_99' title="bbox 1920 4022 3534 4110">
     <span class='ocr_line' id='line_1_99' title="bbox 1920 4022 3534 4110; baseline 0.021 -41"><span class='ocrx_word' id='word_1_741' title='bbox 1920 4029 2236 4076; x_wconf 86' lang='lat' dir='ltr'><strong>monstrans</strong></span> <span class='ocrx_word' id='word_1_742' title='bbox 2276 4022 2420 4078; x_wconf 87' lang='lat' dir='ltr'><strong>viam</strong></span> <span class='ocrx_word' id='word_1_743' title='bbox 2456 4040 2577 4094; x_wconf 75' lang='lat' dir='ltr'><strong>qua:</strong></span> <span class='ocrx_word' id='word_1_744' title='bbox 2633 4029 2702 4084; x_wconf 87' lang='lat' dir='ltr'><strong>ad</strong></span> <span class='ocrx_word' id='word_1_745' title='bbox 2749 4032 2959 4101; x_wconf 87' lang='lat' dir='ltr'><strong>optima</strong></span> <span class='ocrx_word' id='word_1_746' title='bbox 3017 4054 3251 4110; x_wconf 74' lang='lat' dir='ltr'><strong>qumque</strong></span> <span class='ocrx_word' id='word_1_747' title='bbox 3290 4043 3534 4105; x_wconf 86' lang='lat' dir='ltr'><strong>deducit.</strong></span> 
     </span>
    </p>
   </div>
   <div class='ocr_carea' id='block_1_100' title="bbox 1921 4108 3537 4198">
    <p class='ocr_par' dir='ltr' id='par_1_100' title="bbox 1921 4108 3537 4198">
     <span class='ocr_line' id='line_1_100' title="bbox 1921 4108 3537 4198; baseline 0.022 -36"><span class='ocrx_word' id='word_1_748' title='bbox 1921 4108 2155 4168; x_wconf 82' lang='lat' dir='ltr'><strong>Necesse</strong></span> <span class='ocrx_word' id='word_1_749' title='bbox 2195 4115 2383 4186; x_wconf 88' lang='lat' dir='ltr'><strong>itaque</strong></span> <span class='ocrx_word' id='word_1_750' title='bbox 2435 4130 2554 4174; x_wconf 87' lang='lat' dir='ltr'><strong>erat</strong></span> <span class='ocrx_word' id='word_1_751' title='bbox 2620 4133 2678 4178; x_wconf 93' lang='lat' dir='ltr'><strong>ut</strong></span> <span class='ocrx_word' id='word_1_752' title='bbox 2725 4122 3064 4194; x_wconf 90' lang='lat' dir='ltr'><strong>diceremus,</strong></span> <span class='ocrx_word' id='word_1_753' title='bbox 3127 4108 3252 4188; x_wconf 80' lang='lat' dir='ltr'><strong>cum</strong></span> <span class='ocrx_word' id='word_1_754' title='bbox 3303 4125 3537 4198; x_wconf 88' lang='lat' dir='ltr'><strong>tentatio</strong></span> 
     </span>
    </p>
   </div>
   <div class='ocr_carea' id='block_1_101' title="bbox 1919 4203 3532 4298">
    <p class='ocr_par' dir='ltr' id='par_1_101' title="bbox 1919 4203 3532 4298">
     <span class='ocr_line' id='line_1_101' title="bbox 1919 4203 3532 4298; baseline 0.019 -43"><span class='ocrx_word' id='word_1_755' title='bbox 1919 4203 2131 4258; x_wconf 86' lang='lat' dir='ltr'><strong>invadit</strong></span> <span class='ocrx_word' id='word_1_756' title='bbox 2184 4220 2279 4262; x_wconf 90' lang='lat' dir='ltr'><strong>eos</strong></span> <span class='ocrx_word' id='word_1_757' title='bbox 2338 4209 2432 4278; x_wconf 88' lang='lat' dir='ltr'><strong>qui</strong></span> <span class='ocrx_word' id='word_1_758' title='bbox 2486 4211 2555 4267; x_wconf 91' lang='lat' dir='ltr'><strong>ob</strong></span> <span class='ocrx_word' id='word_1_759' title='bbox 2602 4213 2953 4274; x_wconf 84' lang='lat' dir='ltr'><strong>dilectionem</strong></span> <span class='ocrx_word' id='word_1_760' title='bbox 2989 4219 3086 4277; x_wconf 88' lang='lat' dir='ltr'><strong>Dei</strong></span> <span class='ocrx_word' id='word_1_761' title='bbox 3127 4226 3532 4298; x_wconf 87' lang='lat' dir='ltr'><strong>periclitantur,</strong></span> 
     </span>
    </p>
   </div>
   <div class='ocr_carea' id='block_1_102' title="bbox 1917 4295 3533 4390">
    <p class='ocr_par' dir='ltr' id='par_1_102' title="bbox 1917 4295 3533 4390">
     <span class='ocr_line' id='line_1_102' title="bbox 1917 4295 3533 4390; baseline 0.02 -43"><span class='ocrx_word' id='word_1_762' title='bbox 1917 4295 2110 4365; x_wconf 82' lang='lat' dir='ltr'><strong>quales</strong></span> <span class='ocrx_word' id='word_1_763' title='bbox 2144 4306 2401 4368; x_wconf 88' lang='lat' dir='ltr'><strong>oporteat</strong></span> <span class='ocrx_word' id='word_1_764' title='bbox 2433 4318 2556 4361; x_wconf 87' lang='lat' dir='ltr'><strong>esse</strong></span> <span class='ocrx_word' id='word_1_765' title='bbox 2579 4319 2677 4362; x_wconf 87' lang='lat' dir='ltr'><strong>eos</strong></span> <span class='ocrx_word' id='word_1_766' title='bbox 2707 4311 2798 4379; x_wconf 91' lang='lat' dir='ltr'><strong>qui</strong></span> <span class='ocrx_word' id='word_1_767' title='bbox 2842 4312 3174 4372; x_wconf 75' lang='lat' dir='ltr'><strong>laudabilem</strong></span> <span class='ocrx_word' id='word_1_768' title='bbox 3204 4329 3370 4390; x_wconf 87' lang='lat' dir='ltr'><strong>atque</strong></span> <span class='ocrx_word' id='word_1_769' title='bbox 3411 4295 3533 4379; x_wconf 49' lang='lat' dir='ltr'><strong>exi;</strong></span> 
     </span>
    </p>
   </div>
   <div class='ocr_carea' id='block_1_103' title="bbox 1919 4388 3532 4483">
    <p class='ocr_par' dir='ltr' id='par_1_103' title="bbox 1919 4388 3532 4483">
     <span class='ocr_line' id='line_1_103' title="bbox 1919 4388 3532 4483; baseline 0.021 -44"><span class='ocrx_word' id='word_1_770' title='bbox 1919 4388 2084 4442; x_wconf 88' lang='lat' dir='ltr'><strong>miam</strong></span> <span class='ocrx_word' id='word_1_771' title='bbox 2117 4391 2288 4445; x_wconf 88' lang='lat' dir='ltr'><strong>vitam</strong></span> <span class='ocrx_word' id='word_1_772' title='bbox 2318 4393 2611 4455; x_wconf 86' lang='lat' dir='ltr'><strong>instituere</strong></span> <span class='ocrx_word' id='word_1_773' title='bbox 2643 4401 2818 4457; x_wconf 90' lang='lat' dir='ltr'><strong>velint</strong></span> <span class='ocrx_word' id='word_1_774' title='bbox 2859 4423 2873 4461; x_wconf 92' lang='lat'><strong>:</strong></span> <span class='ocrx_word' id='word_1_775' title='bbox 2927 4417 3113 4464; x_wconf 89' lang='lat' dir='ltr'><strong>utrum</strong></span> <span class='ocrx_word' id='word_1_776' title='bbox 3141 4411 3207 4465; x_wconf 87' lang='lat' dir='ltr'><strong>ad</strong></span> <span class='ocrx_word' id='word_1_777' title='bbox 3256 4388 3532 4483; x_wconf 74' lang='lat' dir='ltr'><strong>ignaviam</strong></span> 
     </span>
    </p>
   </div>
   <div class='ocr_carea' id='block_1_104' title="bbox 1918 4486 3534 4579">
    <p class='ocr_par' dir='ltr' id='par_1_104' title="bbox 1918 4486 3534 4579">
     <span class='ocr_line' id='line_1_104' title="bbox 1918 4486 3534 4579; baseline 0.022 -47"><span class='ocrx_word' id='word_1_778' title='bbox 1918 4495 2139 4549; x_wconf 87' lang='lat' dir='ltr'><strong>pronos,</strong></span> <span class='ocrx_word' id='word_1_779' title='bbox 2177 4493 2231 4538; x_wconf 91' lang='lat' dir='ltr'><strong>et</strong></span> <span class='ocrx_word' id='word_1_780' title='bbox 2273 4486 2486 4544; x_wconf 88' lang='lat' dir='ltr'><strong>deliciis</strong></span> <span class='ocrx_word' id='word_1_781' title='bbox 2526 4492 2774 4560; x_wconf 86' lang='lat' dir='ltr'><strong>deditos,</strong></span> <span class='ocrx_word' id='word_1_782' title='bbox 2811 4497 3188 4573; x_wconf 86' lang='lat' dir='ltr'><strong>hilaritatique</strong></span> <span class='ocrx_word' id='word_1_783' title='bbox 3245 4516 3300 4562; x_wconf 92' lang='lat' dir='ltr'><strong>et</strong></span> <span class='ocrx_word' id='word_1_784' title='bbox 3332 4510 3534 4579; x_wconf 86' lang='lat' dir='ltr'><strong>gaudio</strong></span> 
     </span>
    </p>
   </div>
   <div class='ocr_carea' id='block_1_105' title="bbox 1917 4572 3530 4670">
    <p class='ocr_par' dir='ltr' id='par_1_105' title="bbox 1917 4572 3530 4670">
     <span class='ocr_line' id='line_1_105' title="bbox 1917 4572 3530 4670; baseline 0.024 -47"><span class='ocrx_word' id='word_1_785' title='bbox 1917 4572 2158 4629; x_wconf 84' lang='lat' dir='ltr'><strong>animum</strong></span> <span class='ocrx_word' id='word_1_786' title='bbox 2188 4580 2435 4637; x_wconf 75' lang='lat' dir='ltr'><strong>laxantes</strong></span> <span class='ocrx_word' id='word_1_787' title='bbox 2466 4601 2480 4637; x_wconf 87' lang='lat'><strong>:</strong></span> <span class='ocrx_word' id='word_1_788' title='bbox 2511 4599 2580 4639; x_wconf 88' lang='lat' dir='ltr'><strong>an</strong></span> <span class='ocrx_word' id='word_1_789' title='bbox 2615 4588 2797 4656; x_wconf 89' lang='lat' dir='ltr'><strong>potius</strong></span> <span class='ocrx_word' id='word_1_790' title='bbox 2831 4607 2937 4647; x_wconf 89' lang='lat' dir='ltr'><strong>una</strong></span> <span class='ocrx_word' id='word_1_791' title='bbox 2980 4572 3236 4664; x_wconf 80' lang='lat' dir='ltr'><strong>precibus</strong></span> <span class='ocrx_word' id='word_1_792' title='bbox 3260 4572 3530 4670; x_wconf 53' lang='lat' dir='ltr'><strong>int-entos,</strong></span> 
     </span>
    </p>
   </div>
   <div class='ocr_carea' id='block_1_106' title="bbox 1844 4668 3533 4767">
    <p class='ocr_par' dir='ltr' id='par_1_106' title="bbox 1844 4668 3533 4767">
     <span class='ocr_line' id='line_1_106' title="bbox 1844 4668 3533 4767; baseline 0.023 -50"><span class='ocrx_word' id='word_1_793' title='bbox 1844 4678 1971 4739; x_wconf 78' lang='lat' dir='ltr'><strong>Del.</strong></span> <span class='ocrx_word' id='word_1_794' title='bbox 2021 4668 2389 4741; x_wconf 81' lang='lat' dir='ltr'><strong>lacrymautes</strong></span> <span class='ocrx_word' id='word_1_795' title='bbox 2418 4691 2605 4734; x_wconf 91' lang='lat' dir='ltr'><strong>coram</strong></span> <span class='ocrx_word' id='word_1_796' title='bbox 2674 4679 2964 4743; x_wconf 77' lang='lat' dir='ltr'><strong>Salvatore</strong></span> <span class='ocrx_word' id='word_1_797' title='bbox 3030 4692 3204 4760; x_wconf 88' lang='lat' dir='ltr'><strong>cerui,</strong></span> <span class='ocrx_word' id='word_1_798' title='bbox 3250 4706 3307 4750; x_wconf 90' lang='lat' dir='ltr'><strong>et</strong></span> <span class='ocrx_word' id='word_1_799' title='bbox 3361 4697 3533 4767; x_wconf 84' lang='lat' dir='ltr'><strong>ipsius</strong></span> 
     </span>
    </p>
   </div>
   <div class='ocr_carea' id='block_1_107' title="bbox 1913 4762 3532 4861">
    <p class='ocr_par' dir='ltr' id='par_1_107' title="bbox 1913 4762 3532 4861">
     <span class='ocr_line' id='line_1_107' title="bbox 1913 4762 3532 4861; baseline 0.024 -48"><span class='ocrx_word' id='word_1_800' title='bbox 1913 4762 2176 4817; x_wconf 77' lang='lat' dir='ltr'><strong>auxilium</strong></span> <span class='ocrx_word' id='word_1_801' title='bbox 2232 4769 2395 4824; x_wconf 90' lang='lat' dir='ltr'><strong>avide</strong></span> <span class='ocrx_word' id='word_1_802' title='bbox 2456 4782 2802 4843; x_wconf 88' lang='lat' dir='ltr'><strong>appetentes,</strong></span> <span class='ocrx_word' id='word_1_803' title='bbox 2863 4779 3103 4854; x_wconf 79' lang='lat' dir='ltr'><strong>fortique</strong></span> <span class='ocrx_word' id='word_1_804' title='bbox 3161 4788 3348 4846; x_wconf 87' lang='lat' dir='ltr'><strong>animo</strong></span> <span class='ocrx_word' id='word_1_805' title='bbox 3381 4762 3532 4861; x_wconf 72' lang='lat' dir='ltr'><strong>prte-</strong></span> 
     </span>
    </p>
   </div>
   <div class='ocr_carea' id='block_1_108' title="bbox 1914 4853 3530 4942">
    <p class='ocr_par' dir='ltr' id='par_1_108' title="bbox 1914 4853 3530 4942">
     <span class='ocr_line' id='line_1_108' title="bbox 1914 4853 3530 4942; baseline 0.024 -38"><span class='ocrx_word' id='word_1_806' title='bbox 1914 4853 2058 4908; x_wconf 88' lang='lat' dir='ltr'><strong>ditos</strong></span> <span class='ocrx_word' id='word_1_807' title='bbox 2107 4870 2253 4923; x_wconf 91' lang='lat' dir='ltr'><strong>esse,</strong></span> <span class='ocrx_word' id='word_1_808' title='bbox 2312 4860 2358 4915; x_wconf 91' lang='lat' dir='ltr'><strong>si</strong></span> <span class='ocrx_word' id='word_1_809' title='bbox 2393 4861 2560 4920; x_wconf 88' lang='lat' dir='ltr'><strong>etiam</strong></span> <span class='ocrx_word' id='word_1_810' title='bbox 2609 4883 2709 4924; x_wconf 89' lang='lat' dir='ltr'><strong>nos</strong></span> <span class='ocrx_word' id='word_1_811' title='bbox 2743 4874 2856 4940; x_wconf 88' lang='lat' dir='ltr'><strong>pati</strong></span> <span class='ocrx_word' id='word_1_812' title='bbox 2897 4853 3153 4932; x_wconf 86' lang='lat' dir='ltr'><strong>voluerit.</strong></span> <span class='ocrx_word' id='word_1_813' title='bbox 3206 4879 3530 4942; x_wconf 87' lang='lat' dir='ltr'><strong>Consultum</strong></span> 
     </span>
    </p>
   </div>
   <div class='ocr_carea' id='block_1_109' title="bbox 1914 4957 3532 5043">
    <p class='ocr_par' dir='ltr' id='par_1_109' title="bbox 1914 4957 3532 5043">
     <span class='ocr_line' id='line_1_109' title="bbox 1914 4957 3532 5043; baseline 0.023 -46"><span class='ocrx_word' id='word_1_814' title='bbox 1914 4957 2176 5014; x_wconf 49' lang='lat' dir='ltr'><strong>praeterea</strong></span> <span class='ocrx_word' id='word_1_815' title='bbox 2231 4966 2352 5011; x_wconf 90' lang='lat' dir='ltr'><strong>erat</strong></span> <span class='ocrx_word' id='word_1_816' title='bbox 2390 4959 2536 5016; x_wconf 88' lang='lat' dir='ltr'><strong>scire</strong></span> <span class='ocrx_word' id='word_1_817' title='bbox 2592 4963 2716 5033; x_wconf 91' lang='lat' dir='ltr'><strong>quis</strong></span> <span class='ocrx_word' id='word_1_818' title='bbox 2773 4966 2847 5022; x_wconf 86' lang='lat' dir='ltr'><strong>sit</strong></span> <span class='ocrx_word' id='word_1_819' title='bbox 2890 4969 3219 5029; x_wconf 68' lang='lat' dir='ltr'><strong>obedientia:</strong></span> <span class='ocrx_word' id='word_1_820' title='bbox 3270 4975 3418 5043; x_wconf 86' lang='lat' dir='ltr'><strong>linis,</strong></span> <span class='ocrx_word' id='word_1_821' title='bbox 3476 4990 3532 5035; x_wconf 87' lang='lat' dir='ltr'><strong>et</strong></span> 
     </span>
    </p>
   </div>
   <div class='ocr_carea' id='block_1_110' title="bbox 1912 5038 3529 5139">
    <p class='ocr_par' dir='ltr' id='par_1_110' title="bbox 1912 5038 3529 5139">
     <span class='ocr_line' id='line_1_110' title="bbox 1912 5038 3529 5139; baseline 0.024 -50"><span class='ocrx_word' id='word_1_822' title='bbox 1912 5038 2090 5106; x_wconf 79' lang='lat' dir='ltr'><strong>qualis</strong></span> <span class='ocrx_word' id='word_1_823' title='bbox 2129 5059 2447 5118; x_wconf 75' lang='lat' dir='ltr'><strong>quantaque</strong></span> <span class='ocrx_word' id='word_1_824' title='bbox 2473 5051 2776 5112; x_wconf 70' lang='lat' dir='ltr'><strong>tolerantiae</strong></span> <span class='ocrx_word' id='word_1_825' title='bbox 2833 5075 3048 5117; x_wconf 86' lang='lat' dir='ltr'><strong>merces</strong></span> <span class='ocrx_word' id='word_1_826' title='bbox 3091 5064 3166 5118; x_wconf 90' lang='lat' dir='ltr'><strong>sit</strong></span> <span class='ocrx_word' id='word_1_827' title='bbox 3222 5038 3529 5139; x_wconf 79' lang='lat' dir='ltr'><strong>proposita.</strong></span> 
     </span>
    </p>
   </div>
   <div class='ocr_carea' id='block_1_111' title="bbox 1918 5129 3529 5232">
    <p class='ocr_par' dir='ltr' id='par_1_111' title="bbox 1918 5129 3529 5232">
     <span class='ocr_line' id='line_1_111' title="bbox 1918 5129 3529 5232; baseline 0.022 -48"><span class='ocrx_word' id='word_1_828' title='bbox 1918 5129 2124 5189; x_wconf 82' lang='lat' dir='ltr'><strong>Horum</strong></span> <span class='ocrx_word' id='word_1_829' title='bbox 2188 5139 2379 5210; x_wconf 85' lang='lat' dir='ltr'><strong>itaque</strong></span> <span class='ocrx_word' id='word_1_830' title='bbox 2444 5147 2688 5202; x_wconf 87' lang='lat' dir='ltr'><strong>onmium</strong></span> <span class='ocrx_word' id='word_1_831' title='bbox 2750 5150 2925 5222; x_wconf 79' lang='lat' dir='ltr'><strong>ﬁgura</strong></span> <span class='ocrx_word' id='word_1_832' title='bbox 2982 5163 3151 5226; x_wconf 87' lang='lat' dir='ltr'><strong>atque</strong></span> <span class='ocrx_word' id='word_1_833' title='bbox 3215 5129 3529 5232; x_wconf 73' lang='lat' dir='ltr'><strong>exemplum</strong></span> 
     </span>
    </p>
   </div>
   <div class='ocr_carea' id='block_1_112' title="bbox 1917 5223 3527 5313">
    <p class='ocr_par' dir='ltr' id='par_1_112' title="bbox 1917 5223 3527 5313">
     <span class='ocr_line' id='line_1_112' title="bbox 1917 5223 3527 5313; baseline 0.022 -38"><span class='ocrx_word' id='word_1_834' title='bbox 1917 5223 2074 5279; x_wconf 82' lang='lat' dir='ltr'><strong>nobis</strong></span> <span class='ocrx_word' id='word_1_835' title='bbox 2130 5227 2306 5288; x_wconf 83' lang='lat' dir='ltr'><strong>factus</strong></span> <span class='ocrx_word' id='word_1_836' title='bbox 2376 5243 2462 5290; x_wconf 85' lang='lat' dir='ltr'><strong>est</strong></span> <span class='ocrx_word' id='word_1_837' title='bbox 2514 5235 2789 5309; x_wconf 84' lang='lat' dir='ltr'><strong>Christus,</strong></span> <span class='ocrx_word' id='word_1_838' title='bbox 2849 5246 2995 5313; x_wconf 90' lang='lat' dir='ltr'><strong>quod</strong></span> <span class='ocrx_word' id='word_1_839' title='bbox 3043 5223 3100 5302; x_wconf 78' lang='lat' dir='ltr'><strong>et</strong></span> <span class='ocrx_word' id='word_1_840' title='bbox 3153 5223 3397 5308; x_wconf 47' lang='lat' dir='ltr'><strong>divinus&#39;</strong></span> <span class='ocrx_word' id='word_1_841' title='bbox 3439 5253 3527 5311; x_wconf 80' lang='lat' dir='ltr'><strong>ille</strong></span> 
     </span>
    </p>
   </div>
   <div class='ocr_carea' id='block_1_113' title="bbox 1913 5315 3526 5414">
    <p class='ocr_par' dir='ltr' id='par_1_113' title="bbox 1913 5315 3526 5414">
     <span class='ocr_line' id='line_1_113' title="bbox 1913 5315 3526 5414; baseline 0.022 -45"><span class='ocrx_word' id='word_1_842' title='bbox 1913 5315 2108 5374; x_wconf 86' lang='lat' dir='ltr'><strong>Petrus</strong></span> <span class='ocrx_word' id='word_1_843' title='bbox 2141 5323 2431 5382; x_wconf 80' lang='lat' dir='ltr'><strong>conﬁrmat</strong></span> <span class='ocrx_word' id='word_1_844' title='bbox 2457 5329 2644 5388; x_wconf 88' lang='lat' dir='ltr'><strong>dicens</strong></span> <span class='ocrx_word' id='word_1_845' title='bbox 2677 5351 2690 5388; x_wconf 91' lang='lat'><strong>:</strong></span> <span class='ocrx_word' id='word_1_846' title='bbox 2729 5354 2749 5388; x_wconf 79' lang='grc' dir='ltr'><strong>ι</strong></span> <span class='ocrx_word' id='word_1_847' title='bbox 2785 5334 2919 5402; x_wconf 69' lang='lat' dir='ltr'><strong>Quae</strong></span> <span class='ocrx_word' id='word_1_848' title='bbox 2957 5341 3105 5395; x_wconf 88' lang='lat' dir='ltr'><strong>enim</strong></span> <span class='ocrx_word' id='word_1_849' title='bbox 3152 5352 3236 5399; x_wconf 85' lang='lat' dir='ltr'><strong>est</strong></span> <span class='ocrx_word' id='word_1_850' title='bbox 3290 5345 3431 5414; x_wconf 87' lang='lat' dir='ltr'><strong>laus,</strong></span> <span class='ocrx_word' id='word_1_851' title='bbox 3481 5349 3526 5405; x_wconf 76' lang='grc' dir='ltr'>εἰ</span> 
     </span>
    </p>
   </div>
   <div class='ocr_carea' id='block_1_114' title="bbox 1913 5421 3528 5499">
    <p class='ocr_par' dir='ltr' id='par_1_114' title="bbox 1913 5421 3528 5499">
     <span class='ocr_line' id='line_1_114' title="bbox 1913 5421 3528 5499; baseline 0.024 -38"><span class='ocrx_word' id='word_1_852' title='bbox 1913 5422 2205 5499; x_wconf 82' lang='lat' dir='ltr'><strong>peccantes</strong></span> <span class='ocrx_word' id='word_1_853' title='bbox 2272 5427 2328 5471; x_wconf 88' lang='lat' dir='ltr'><strong>et</strong></span> <span class='ocrx_word' id='word_1_854' title='bbox 2380 5421 2708 5492; x_wconf 79' lang='lat' dir='ltr'><strong>colaphizati</strong></span> <span class='ocrx_word' id='word_1_855' title='bbox 2767 5429 3074 5490; x_wconf 71' lang='lat' dir='ltr'><strong>suﬂertis?</strong></span> <span class='ocrx_word' id='word_1_856' title='bbox 3120 5434 3228 5490; x_wconf 87' lang='lat' dir='ltr'><strong>Sed</strong></span> <span class='ocrx_word' id='word_1_857' title='bbox 3280 5437 3329 5493; x_wconf 88' lang='lat' dir='ltr'><strong>si</strong></span> <span class='ocrx_word' id='word_1_858' title='bbox 3388 5439 3528 5499; x_wconf 82' lang='lat' dir='ltr'><strong>bene</strong></span> 
     </span>
    </p>
   </div>
   <div class='ocr_carea' id='block_1_115' title="bbox 1915 5497 3527 5602">
    <p class='ocr_par' dir='ltr' id='par_1_115' title="bbox 1915 5497 3527 5602">
     <span class='ocr_line' id='line_1_115' title="bbox 1915 5497 3527 5602; baseline 0.024 -52"><span class='ocrx_word' id='word_1_859' title='bbox 1915 5497 2176 5560; x_wconf 81' lang='lat' dir='ltr'><strong>facientes</strong></span> <span class='ocrx_word' id='word_1_860' title='bbox 2207 5510 2480 5576; x_wconf 87' lang='lat' dir='ltr'><strong>patienter</strong></span> <span class='ocrx_word' id='word_1_861' title='bbox 2536 5520 2843 5588; x_wconf 87' lang='lat' dir='ltr'><strong>sustinetis,</strong></span> <span class='ocrx_word' id='word_1_862' title='bbox 2871 5523 2989 5579; x_wconf 72' lang='grc' dir='ltr'>Ιιεεο</span> <span class='ocrx_word' id='word_1_863' title='bbox 3027 5535 3110 5580; x_wconf 84' lang='lat' dir='ltr'><strong>est</strong></span> <span class='ocrx_word' id='word_1_864' title='bbox 3155 5530 3330 5599; x_wconf 80' lang='lat' dir='ltr'><strong>gratia</strong></span> <span class='ocrx_word' id='word_1_865' title='bbox 3385 5535 3527 5602; x_wconf 88' lang='lat' dir='ltr'><strong>apud</strong></span> 
     </span>
    </p>
   </div>
   <div class='ocr_carea' id='block_1_116' title="bbox 1914 5590 3524 5688">
    <p class='ocr_par' dir='ltr' id='par_1_116' title="bbox 1914 5590 3524 5688">
     <span class='ocr_line' id='line_1_116' title="bbox 1914 5590 3524 5688; baseline 0.023 -45"><span class='ocrx_word' id='word_1_866' title='bbox 1914 5590 2079 5649; x_wconf 88' lang='lat' dir='ltr'><strong>Deum</strong></span> <span class='ocrx_word' id='word_1_867' title='bbox 2117 5617 2129 5650; x_wconf 91' lang='lat'>:</span> <span class='ocrx_word' id='word_1_868' title='bbox 2161 5601 2286 5668; x_wconf 84' lang='lat' dir='ltr'><strong>quia</strong></span> <span class='ocrx_word' id='word_1_869' title='bbox 2316 5614 2371 5658; x_wconf 89' lang='lat' dir='ltr'><strong>et</strong></span> <span class='ocrx_word' id='word_1_870' title='bbox 2391 5605 2641 5666; x_wconf 80' lang='lat' dir='ltr'><strong>Chrisws</strong></span> <span class='ocrx_word' id='word_1_871' title='bbox 2671 5629 2870 5682; x_wconf 85' lang='lat' dir='ltr'><strong>passus</strong></span> <span class='ocrx_word' id='word_1_872' title='bbox 2887 5625 2972 5672; x_wconf 87' lang='lat' dir='ltr'><strong>est</strong></span> <span class='ocrx_word' id='word_1_873' title='bbox 2999 5634 3097 5688; x_wconf 83' lang='lat' dir='ltr'><strong>pro</strong></span> <span class='ocrx_word' id='word_1_874' title='bbox 3143 5590 3318 5686; x_wconf 68' lang='lat' dir='ltr'><strong>vobis,</strong></span> <span class='ocrx_word' id='word_1_875' title='bbox 3354 5590 3524 5680; x_wconf 71' lang='lat' dir='ltr'><strong>reiin-</strong></span> 
     </span>
    </p>
   </div>
   <div class='ocr_carea' id='block_1_117' title="bbox 1909 5691 3520 5784">
    <p class='ocr_par' dir='ltr' id='par_1_117' title="bbox 1909 5691 3520 5784">
     <span class='ocr_line' id='line_1_117' title="bbox 1909 5691 3520 5784; baseline 0.024 -49"><span class='ocrx_word' id='word_1_876' title='bbox 1909 5697 2088 5752; x_wconf 86' lang='lat' dir='ltr'><strong>quens</strong></span> <span class='ocrx_word' id='word_1_877' title='bbox 2110 5691 2262 5746; x_wconf 86' lang='lat' dir='ltr'><strong>vobis</strong></span> <span class='ocrx_word' id='word_1_878' title='bbox 2285 5699 2595 5769; x_wconf 80' lang='lat' dir='ltr'><strong>exemplum</strong></span> <span class='ocrx_word' id='word_1_879' title='bbox 2615 5713 2674 5757; x_wconf 93' lang='lat' dir='ltr'><strong>ut</strong></span> <span class='ocrx_word' id='word_1_880' title='bbox 2695 5710 3001 5777; x_wconf 85' lang='lat' dir='ltr'><strong>sequamini</strong></span> <span class='ocrx_word' id='word_1_881' title='bbox 3023 5711 3248 5784; x_wconf 83' lang='lat' dir='ltr'><strong>vestigia</strong></span> <span class='ocrx_word' id='word_1_882' title='bbox 3261 5713 3381 5784; x_wconf 84' lang='lat' dir='ltr'><strong>ejus</strong></span> <span class='ocrx_word' id='word_1_883' title='bbox 3395 5715 3460 5772; x_wconf 79' lang='lat'><strong>&quot;.</strong></span> <span class='ocrx_word' id='word_1_884' title='bbox 3501 5738 3520 5772; x_wconf 73' lang='grc' dir='ltr'><strong>ι</strong></span> 
     </span>
    </p>
   </div>
   <div class='ocr_carea' id='block_1_118' title="bbox 1913 5886 3522 5994">
    <p class='ocr_par' dir='ltr' id='par_1_118' title="bbox 1913 5886 3522 5994">
     <span class='ocr_line' id='line_1_118' title="bbox 1913 5886 3522 5994; baseline 0.024 -53"><span class='ocrx_word' id='word_1_885' title='bbox 1913 5886 1956 5920; x_wconf 67' lang='grc'><strong>⁸⁸</strong></span> <span class='ocrx_word' id='word_1_886' title='bbox 1985 5887 2177 5952; x_wconf 79' lang='lat' dir='ltr'><strong>lPetr.</strong></span> <span class='ocrx_word' id='word_1_887' title='bbox 2203 5911 2278 5967; x_wconf 85' lang='lat' dir='ltr'><strong>tv,</strong></span> <span class='ocrx_word' id='word_1_888' title='bbox 2322 5898 2407 5958; x_wconf 79' lang='grc' dir='ltr'><strong>Η.</strong></span> <span class='ocrx_word' id='word_1_889' title='bbox 2485 5903 2530 5936; x_wconf 80' lang='grc'><strong><em>⁸⁸</em></strong></span> <span class='ocrx_word' id='word_1_890' title='bbox 2557 5904 2725 5965; x_wconf 86' lang='lat' dir='ltr'><strong>Hebr.</strong></span> <span class='ocrx_word' id='word_1_891' title='bbox 2753 5925 2806 5981; x_wconf 80' lang='grc' dir='ltr'><strong>ν,</strong></span> <span class='ocrx_word' id='word_1_892' title='bbox 2832 5913 2937 5971; x_wconf 67' lang='grc' dir='ltr'><strong>7ιο.</strong></span> <span class='ocrx_word' id='word_1_893' title='bbox 3050 5918 3260 5976; x_wconf 71' lang='lat' dir='ltr'><strong>“Psnl.</strong></span> <span class='ocrx_word' id='word_1_894' title='bbox 3293 5937 3404 5990; x_wconf 73' lang='lat' dir='ltr'><strong>ut,</strong></span> <span class='ocrx_word' id='word_1_895' title='bbox 3450 5921 3522 5994; x_wconf 70' lang='grc' dir='ltr'>ις</span> 
     </span>
    </p>
   </div>
   <div class='ocr_carea' id='block_1_119' title="bbox 3081 6081 3157 6146">
    <p class='ocr_par' dir='ltr' id='par_1_119' title="bbox 3081 6081 3157 6146">
     <span class='ocr_line' id='line_1_119' title="bbox 3081 6081 3157 6146; baseline 0.026 -2"><span class='ocrx_word' id='word_1_896' title='bbox 3081 6081 3157 6146; x_wconf 76' lang='grc'><strong>42</strong></span> 
     </span>
    </p>
   </div>
  </div>
