4006 6444
242 476 263 529 1
278 475 385 528 5'25

1390 467 1580 537 QUOD
1624 464 1812 523 UNUS
1851 460 1959 517 SIT
1999 460 2373 516 CHRISTUS.

3400 456 3536 511 im

243 588 627 658 tygoﬂﬁastat.
656 604 674 637 ι
723 586 780 640 '0
814 587 891 649 δὲ,
940 588 1145 641 ἑπείτοι
1188 586 1435 656 φιλόθεος
1466 582 1553 658 ἦν,
1603 585 1837 647 ι”ίλεώς

1962 594 2123 638 intem
2181 598 2303 637 cum
2335 580 2384 637 ei
2418 581 2769 634 vehementer
2817 578 3015 633 charus
3050 588 3235 632 esset:
3275 597 3292 627 ι
3364 579 3536 639 Absit,

246 697 350 743 σοι,
389 678 583 748 Κύριε,
628 679 819 746 φησὶν,
852 680 912 731 οὐ
957 680 1030 751 μὴ
1066 680 1217 733 ἔσται
1260 697 1343 732 σοι
1377 680 1555 733 τοῦτο.
1585 699 1600 731 ι
1648 679 1756 732 Καὶ
1786 697 1838 731 τι

243 770 383 841 πρὸς
414 769 575 821 αὑτὸν
601 770 629 819 6
653 770 923 837 Χριστός;
954 790 971 822 ι
998 770 1214 839 ’Ὕπαγε
1243 770 1421 823 ὀπίσω
1451 786 1573 838 μου,
1603 770 1838 828 Σατανᾶ,

241 862 547 916 σκάνδαλόν
586 876 676 930 μοι
708 856 779 925 εἴ,
808 862 888 914 ὅτι
921 863 980 914 οὐ
1025 863 1242 931 φρονεῖς
1272 862 1339 914 τὰ
1372 860 1465 914 τοῦ
1510 860 1668 923 Θεοῦ,
1704 860 1842 915 ἀλλὰ

237 953 308 1006 τά
344 952 453 1005 τῶν
487 950 816 1023 ἀνθρώπων.
844 973 860 1004 ι
898 954 1092 1007 Καίτοι
1142 954 1261 1017 πῶς
1310 955 1592 1024 ἡμάρτανε
1626 954 1723 1006 τοῦ
1763 954 1841 1005 εἰ·

240 1045 407 1105 κότος
436 1045 465 1096 6
496 1043 768 1114 μαθητὴς,
791 1042 1162 1114 ἀποφέρεσθαι
1198 1043 1366 1097 θέλων
1401 1044 1494 1098 τοῦ
1521 1042 1841 1097 διδασκάλου

240 1136 337 1188 τὸν
385 1136 716 1206 πειρασμὸν,
765 1137 814 1188 εί
854 1135 1131 1199 δύσοιστος
1169 1132 1237 1207 ἦν
1276 1137 1446 1207 αὐτῷ,
1498 1136 1591 1189 καὶ
1638 1136 1841 1205 ἥκιστα

252 1227 355 1298 μὲν
385 1226 642 1299 φορητὸς,
687 1226 897 1289 καθιεὶς
942 1226 1000 1279 δὲ
1030 1226 1232 1296 μᾶλλον
1272 1228 1364 1279 ἐπὶ
1412 1227 1472 1279 τὸ
1512 1225 1708 1280 ἀναλκι
1749 1229 1843 1280 καὶ

254 1317 576 1388 συνθραύειν
604 1318 787 1371 ἱκανὸν
837 1317 927 1370 τὸν
955 1319 1067 1381 τοῖς
1094 1318 1287 1370 ἑαυτοῦ
1325 1317 1594 1387 μαθηταῖς
1621 1318 1845 1387 ἐπισκή-

253 1429 479 1477 πτοντα,
529 1410 638 1464 τῶν
672 1408 763 1462 τοῦ
801 1409 1032 1463 θανάτου
1072 1409 1344 1478 δειμάτων
1393 1409 1842 1480 κατευμεγεθεῖν,

253 1505 350 1559 καὶ
384 1506 511 1575 παρ’
537 1502 691 1557 οὐδὲν
722 1501 975 1572 ἡγεῖσθαι
1007 1501 1067 1553 t6
1098 1501 1314 1566 παθεῖν,
1358 1501 1467 1554 ἔστ’
1500 1501 1567 1554 ἂν
1615 1503 1844 1573 ἀνύηται

252 1599 393 1669 πρὸς
429 1598 528 1650 αὐτ
545 1596 622 1649 ῶν
657 1596 718 1648 τὸ
746 1594 865 1663 Θεῷ
899 1593 1125 1658 δοκοῦν;
1172 1593 1451 1663 Θαυμάζω
1478 1594 1556 1659 δὲ,
1597 1595 1678 1646 ὅτι
1720 1611 1847 1647 συν-

250 1690 425 1762 ῆφθαι
464 1690 714 1756 λέγοντες
761 1687 923 1739 αὐτὸν
954 1686 1032 1755 τῷ
1066 1688 1381 1753 Μονογενεῖ,
1416 1691 1509 1740 καὶ
1544 1687 1653 1739 τῶν
1685 1687 1847 1740 θείων

252 1782 585 1851 ἀξιωμάτων
616 1780 1009 1848 ἀποφαίνοντες
1040 1779 1316 1841 κοινωνὸν,
1346 1779 1455 1831 τῶν
1485 1780 1578 1832 τοῦ
1613 1780 1845 1834 θανάτου

252 1873 530 1942 δειμάτων
588 1872 839 1942 ῥίπτουσι
902 1870 1153 1931 κατόπιν,
1202 1870 1269 1921 ἵν’
1315 1870 1488 1941 ὁρῷτο
1528 1870 1650 1923 καθ’
1697 1871 1847 1941 ἡμᾶς

1944 676 2140 743 inquit,
2176 676 2277 728 hoc
2304 689 2333 726 a
2364 683 2439 737 te,
2473 671 2699 726 Domine
2728 687 2741 734 ;
2797 685 2903 726 non
2953 670 3058 725 erit
3090 669 3185 724 tibi
3219 670 3342 725 hoc.
3384 688 3402 719 ι
3440 670 3537 723 Cui

1944 768 2219 835 respondit
2253 765 2540 821 Christus:
2581 783 2599 813 ι
2632 763 2782 821 Vade
2814 772 2938 831 post
2991 778 3099 827 me,
3130 760 3357 825 Satana,
3407 763 3535 831 quia

1940 859 2257 912 scandalum
2295 857 2424 911 mihi
2460 872 2543 919 es,
2577 864 2631 911 et
2663 870 2767 909 non
2798 852 2946 923 sapis
2990 867 3061 907 ea
3093 867 3213 923 qua:
3249 850 3344 906 Dei
3386 862 3533 913 sunt,

1944 950 2035 1005 sed
2061 964 2183 1020 qum
2218 950 2496 1005 hominum
2532 949 2601 1003 ".
2644 968 2661 1000 ι
2690 947 3052 1018 Διιιιιοιιιοιίο
3083 949 3329 1015 peccavit
3373 947 3539 1001 disci-

1943 1041 2100 1110 pulus
2123 1042 2349 1112 cupiens
2384 1058 2413 1095 a
2442 1040 2704 1110 magistro
2732 1055 2831 1095 suo
2854 1055 3138 1095 removere
3158 1038 3539 1102 tentationem,

1943 1134 1988 1188 si
2016 1133 2371 1188 intolerabilis
2400 1133 2504 1203 ipsi
2530 1142 2673 1199 erat,
2700 1142 2755 1187 et
2792 1147 2858 1187 eo
2893 1131 3289 1187 imbecillitatis
3320 1130 3539 1199 dejece-

1947 1232 2054 1287 rat,
2116 1238 2237 1293 qua:
2286 1223 2527 1277 animum
2581 1221 2837 1293 frangere
2889 1233 3075 1291 posset
3124 1221 3243 1291 ejus
3286 1221 3379 1292 qui
3426 1221 3543 1276 suis

1946 1313 2226 1383 discipulis
2286 1313 2579 1367 mandabat
2622 1313 2815 1368 mortis
2870 1322 3110 1369 terrores
3170 1328 3452 1383 superare,
3488 1325 3541 1369 et

1946 1420 2045 1474 pro
2080 1405 2248 1459 nihilo
2272 1415 2459 1475 putare
2504 1406 2549 1459 si
2592 1405 2813 1475 quando
2856 1406 3030 1475 ipsum
3083 1408 3192 1476 pati
3247 1418 3542 1462 cernerent

1949 1505 2009 1551 ut
2035 1497 2126 1551 Dei
2163 1495 2413 1551 voluntas
2434 1497 2788 1567 perﬁceretur
2807 1499 2832 1551 ?
2852 1498 3019 1553 Miror
3058 1514 3191 1555 vero
3240 1501 3388 1567 quod
3417 1517 3539 1556 cum

1949 1589 2097 1644 illum
2120 1589 2419 1659 Unigenito
2472 1589 2821 1658 coniunctum
2867 1591 3036 1648 fuisse
3084 1603 3351 1660 statuant,
3394 1607 3451 1649 et
3489 1597 3542 1650 in

1950 1680 2259 1737 divinarum
2294 1681 2619 1751 dignitatum
2645 1684 2762 1736 sive
2795 1684 3190 1753 proprietatum
3222 1686 3541 1741 societatem

1950 1785 2305 1843 assumptum,
2342 1776 2521 1830 timori
2561 1777 2751 1832 mortis
2794 1776 3113 1847 subjiciam,
3162 1778 3233 1832 ita
3280 1789 3337 1832 ut
3368 1784 3543 1833 iunius

1952 1869 2109 1937 plane
2158 1870 2329 1923 instar
2373 1878 2616 1924 nostrum
2665 1880 2945 1935 cernatur,
2999 1871 3243 1940 nihilque
3296 1889 3361 1927 ex
3408 1874 3543 1929 divi-

252 1940 463 2037 γυμνδς
492 1940 754 2035 δηλονότι,
789 1962 884 2015 καὶ
914 1962 990 2025 ὡς
1031 1962 1138 2014 ἀπὸ
1165 1962 1273 2015 τῶν
1319 1964 1479 2016 θείων
1518 1940 1846 2034 ἀξιωμάτων

1962 1974 2145 2012 narum
2176 1958 2501 2027 dignitatum
2544 1961 3041 2018 communicatione
3090 1965 3360 2019 commodi
3391 1980 3544 2021 accc-

254 2077 385 2114 κεκε
395 2057 606 2131 ρδακὼς
636 2058 808 2112 οὐδέν.

327 2153 390 2205 B.
439 2152 657 2214 Ὀποῖος
694 2150 760 2204 ἂν
791 2149 897 2221 ἀρα
928 2152 1044 2205 ἐστὶ
1075 2153 1175 2223 τῆς
1208 2150 1265 2203 ἓν
1297 2166 1361 2219 γε
1392 2149 1605 2214 τούτοις
1642 2152 1846 2203 οἰκονο-

256 2243 390 2314 μίας
418 2244 448 2295 ὁ
481 2241 669 2310 λόγου

326 2336 393 2386 Α.
424 2333 702 2395 Μυστικὸς
739 2335 820 2388 ὅτι
854 2336 949 2388 καὶ
993 2334 1197 2403 βαθὺς,
1248 2334 1345 2387 καὶ
1394 2332 1846 2403 τεθαυμασμένος

256 2427 415 2499 παρά
446 2444 509 2496 γε
547 2429 659 2489 τοῖς
699 2427 898 2479 εἰδόσιν
926 2425 1104 2497 ὀρθῶς
1134 2427 1195 2479 τὸ
1238 2423 1478 2495 Χριστοῦ
1525 2426 1844 2493 μυστήριον.

258 2521 453 2590 ’Δθρει
499 2518 608 2587 γάρ
641 2535 730 2587 μοι
770 2519 895 2580 τοὺς
922 2521 986 2587 τῇ
1020 2516 1245 2570 κενώσει
1272 2517 1584 2587 πρέποντας
1632 2516 1846 2583 λόγους,

254 2610 352 2681 κα)
392 2612 502 2671 τοῖς
530 2612 628 2678 τῆς
666 2607 1085 2679 ἀνθρωπότητος
1123 2608 1339 2678 μέτροις
1371 2610 1470 2661 οὐκ
1497 2610 1847 2673 ἀπεοικότας,

252 2702 332 2766 ὡς
380 2705 436 2757 ὲν
469 2701 649 2771 καιρῷ
682 2702 773 2754 καὶ
817 2701 976 2770 χρείᾳ
1014 2702 1449 2771 γεγενημένους,
1489 2703 1576 2755 ἵνα
1612 2703 1850 2773 φανῆται

255 2793 538 2863 πανταχοῦ
570 2792 691 2846 καθ’
714 2794 863 2862 ἡμᾶς
895 2792 1135 2859 γεγονὼς
1162 2795 1187 2846 ὁ
1223 2794 1363 2863 ὑπὲρ
1396 2796 1576 2846 πᾶσαν
1606 2796 1705 2864 τὴν
1737 2795 1852 2847 κτί-

257 2902 367 2938 σιν.
393 2884 627 2951 Ἐψεται
652 2881 709 2933 δὲ
746 2883 923 2953 τούτῳ
956 2885 1179 2936 κακεῖνο
1207 2883 1271 2953 δὴ
1303 2880 1392 2937 αὖ.

324 2976 389 3029 Β.
427 2975 500 3027 Τὸ
533 2975 684 3027 ποῖόν
713 2992 764 3026 τι
796 2976 935 3043 φής;

328 3069 392 3119 Α.
444 3065 666 3136 Ἐπειδὴ
701 3066 811 3135 γὰρ
853 3066 1158 3135 γεγόναμεν
1208 3066 1505 3135 ὲπάρατοι,
1534 3067 1624 3119 διὰ
1651 3068 1751 3137 τὴν
1796 3067 1855 3120 ὲν

272 3159 446 3229 Ἀδὰμ
482 3157 819 3228 παράϐασιν,
864 3158 1237 3229 πεπτώκαμεν
1264 3159 1319 3211 δὲ
1348 3162 1440 3212 καὶ
1489 3160 1593 3212 ὑπὸ
1622 3160 1852 3213 θανάτου

258 3254 470 3321 πάγην,
496 3250 1020 3320 ἒγκαταλειφθέντες
1051 3251 1157 3303 ὑπὸ
1196 3251 1353 3317 Θεοῦ,
1388 3252 1567 3306 πάντα
1594 3253 1651 3306 δὲ
1689 3254 1851 3321 γέγο-

245 3360 348 3396 ’νεν
378 3345 434 3395 ἐν
462 3342 685 3411 Χριστῷ
710 3343 894 3405 καινά,
922 3344 1016 3395 καὶ
1042 3343 1397 3413 ἀναφοίτησις
1424 3344 1533 3396 τῶν
1558 3344 1681 3396 καθ’
1708 3346 1856 3415 ἡμᾶς

257 3437 343 3498 είς
374 3434 448 3486 ’τὸ
488 3435 545 3485 ὲν
581 3435 814 3504 ἀρχαῖςο
870 3435 1038 3504 ἐχρῆν
1088 3435 1408 3503 ἀναγκαίως
1461 3436 1551 3489 τὸν
1603 3436 1858 3506 δεύτερον

272 3526 447 3597 ’Δδάμ
480 3526 571 3579 τὸν
594 3526 652 3592 ἐξ
681 3526 934 3597 οὐρανοῦ,
963 3527 1057 3579 τὸν
1100 3527 1321 3597 ἀπάσης
1353 3528 1632 3597 ἁμαρτίας
1670 3528 1857 3597 κρείτ-

256 3634 420 3685 τονα,
479 3618 579 3689 τὴν
632 3620 911 3687 πάναγνον
962 3618 1057 3670 καὶ
1110 3618 1383 3689 ἀὸἐὸηλον
1446 3621 1705 3689 ἀπαρχὴν
1760 3620 1856 3673 τοῦ

257 3714 456 3782 γένους
491 3712 772 3783 δευτέραν,
808 3711 1054 3763 τουτέστι
1097 3711 1353 3781 Χριστὸν,
1401 3711 1711 3773 ἀπαλλάξαι
1756 3713 1858 3781 τῆς

246 3807 420 3875 ’δίκης
454 3806 553 3876 τὴν
598 3803 892 3875 ἀνθρώπου
930 3802 1115 3872 φύσιν,
1161 3804 1257 3857 καὶ
1291 3804 1520 3857 καλέσαι
1573 3803 1739 3857 πάλιν
1770 3805 1856 3858 ἐπ’

260 3900 403 3969 αὐτῇ
446 3898 546 3968 τὴν
572 3897 778 3951 ἀνωθεν
806 3896 903 3951 καὶ
928 3898 1081 3967 παρά
1105 3898 1317 3969 [ἰατρὸς
1349 3898 1663 3969 εὐμένειαν,
1697 3898 1859 3953 λῦσαί

258 4010 323 4045 τε
360 3992 460 4063 τὴν
491 3992 881 4061 ὲγκατάλειψιν
911 3990 999 4045 διὰ
1032 3991 1131 4061 τῆς
1162 3992 1413 4064 ὑπακοῆς
1461 3994 1556 4046 καὶ
1600 3996 1700 4066 τῆς
1744 3996 1857 4047 εἰσ-

261 4087 413 4140 άπαν
462 4084 763 4154 ὑποταγῆς.
814 4083 887 4136 Οὐ
938 4082 1049 4152 γὰρ
1095 4083 1352 4152 ἐποίησεν
1408 4084 1710 4156 ἁμαρτίαν,
1758 4103 1859 4137 πε-

261 4177 541 4247 πλούτηκε
575 4176 631 4230 δὲ
666 4177 727 4230 τὸ
753 4175 1057 4247 ἀμώμητον
1088 4177 1121 4247 ἡ
1150 4176 1441 4248 ἀνθρώπου
1478 4178 1641 4247 φύσις
1678 4181 1734 4231 ὲν
1769 4180 1860 4233 αύ-

260 4270 362 4339 τῷ,
403 4269 499 4321 καί
537 4269 598 4321 τὸ
632 4268 1003 4339 ἀνεπίληπτον
1034 4269 1337 4336 παντελῶς,
1365 4271 1454 4324 ἵνα
1486 4271 1713 4343 δύνηται
1751 4274 1860 4327 λοι-

260 4359 366 4413 πὸν
392 4360 458 4412 ὲκ
484 4358 799 4429 παρρησίας
823 4359 1081 4431 ἀναὸοᾷν·
1098 4380 1116 4411 ι
1136 4360 1235 4414 Θεέ
1259 4379 1383 4431 μου,
1408 4362 1510 4416 Θεέ
1538 4381 1662 4435 μου,
1694 4365 1779 4419 ἵνα
1805 4366 1859 4419 τί

265 4469 337 4522 με
360 4452 726 4521 ὶγκατέ).ιπες
746 4470 759 4519 ;
776 4471 793 4503 ι
816 4452 1017 4507 Ἐννόει
1048 4454 1177 4522 γὰρ,
1202 4456 1282 4508 ὃτι
1304 4456 1547 4525 γεγονὼς
1571 4457 1860 4530 ἄνθρωπος

260 4546 293 4596 6
324 4540 657 4612 Μονογενὴς,
680 4541 756 4605 ὡς
793 4538 874 4607 εἷς
900 4543 959 4608 ὲξ
983 4546 1014 4615 ή
1026 4545 1161 4615 μῶν,
1194 4546 1290 4600 καὶ
1320 4545 1463 4618 ὑπὲρ
1495 4547 1718 4619 ἀπάσης
1758 4549 1860 4621 τῆς

1950 2066 2115 2121 pisse.

2022 2140 2085 2195 Β.
2148 2142 2405 2210 Quaenam
2444 2144 2609 2215 igitur
2656 2155 2738 2200 est
2789 2146 2841 2200 in
2898 2146 3047 2202 hisce
3082 2150 3403 2206 (nconomite
3458 2168 3547 2206 ra-

1953 2232 2027 2288 tio
2050 2233 2077 2286 -?

2023 2325 2089 2381 Α.
2150 2326 2373 2397 Mystica
2449 2337 2614 2397 atque
2674 2330 2995 2386 admiranda
3053 2332 3119 2387 iis
3194 2334 3282 2402 qui
3347 2334 3549 2392 Christi

1953 2418 2271 2489 mysterium
2303 2430 2449 2475 recte
2474 2420 2801 2491 intelligunt.
2830 2424 3219 2480 Animadverte
3251 2428 3396 2480 enim
3424 2444 3549 2483 ver-

1954 2512 2020 2565 ba
2060 2510 2420 2565 exinanitioni
2475 2514 2885 2577 convenientia,
2932 2526 2987 2569 et
3038 2518 3105 2571 ab
3162 2516 3414 2573 humana:
3454 2538 3549 2574 na-

1956 2612 2090 2655 tura:
2136 2604 2446 2658 conditione
2495 2621 2841 2676 nequaquam
2895 2608 3095 2674 aliena,
3148 2623 3250 2665 suo
3308 2621 3551 2681 tempore

1955 2706 2118 2764 atque
2166 2705 2472 2765 opportune
2526 2699 2733 2761 habita,
2780 2710 2837 2754 ut
2880 2701 2924 2754 is
2973 2704 3060 2769 qui
3117 2718 3276 2771 supra
3332 2723 3549 2761 ntnnem

1954 2800 2260 2843 creaturam
2301 2800 2405 2853 est,
2467 2793 2636 2845 nostri
2671 2808 2894 2862 prorsus
2959 2794 3157 2850 similis
3216 2797 3391 2852 factus
3429 2817 3553 2854 esse

1954 2894 2227 2937 cernatur.
2282 2882 2661 2953 Conscquetur
2708 2895 2891 2941 autem
2929 2887 2996 2941 ad
3036 2891 3161 2952 hoc,
3200 2893 3365 2945 etiam
3398 2893 3550 2950 illud.

2030 2974 2089 3028 Β.
2142 2974 2409 3039 Quidnam
2435 2976 2459 3027 ?

2026 3068 2090 3121 A.
2119 3066 2252 3122 Cum
2278 3068 2421 3121 enim
2456 3067 2584 3123 facti
2639 3085 2831 3124 sumus
2879 3075 3274 3141 exsecrabilcs,
3332 3088 3555 3146 propter

1959 3161 2449 3229 transgressionem
2513 3162 2664 3226 Adae,
2727 3164 3021 3218 incidimus
3082 3182 3208 3221 vero
3259 3170 3311 3223 in
3363 3173 3556 3226 mortis

1884 3287 1926 3343 Ο
1962 3250 2205 3320 laqueos,
2250 3253 2451 3307 deserti
2489 3270 2517 3306 a
2554 3253 2683 3318 Deo,
2732 3255 2913 3307 omnia
2974 3272 3103 3311 vero
3151 3259 3289 3313 facta
3338 3272 3465 3316 sunt
3502 3264 3553 3317 in

1962 3344 2178 3399 Christo
2214 3361 2347 3399 nova
2373 3346 2441 3407 ⁷⁸,
2472 3355 2528 3399 et
2583 3356 2779 3399 natura
2820 3357 3006 3401 nostra
3054 3351 3293 3419 pristinm
3338 3355 3558 3408 sumin-

1949 3418 2197 3505 ‘tcgritati
2235 3435 2483 3489 re5tituta
2509 3445 2590 3490 est
2623 3452 2638 3501 ;
2678 3440 3047 3493 necessarium
3101 3442 3325 3498 omnino
3373 3446 3472 3501 fuit
3499 3460 3559 3503 ut

1961 3529 2229 3583 secundus
2258 3529 2429 3583 Adam
2457 3544 2521 3583 ex
2549 3530 2689 3584 caelo
2738 3531 2919 3584 omnis
2981 3536 3188 3601 peccati
3226 3552 3447 3604 expers,
3503 3550 3559 3595 et

1964 3618 2264 3685 purissinne
2296 3618 2513 3686 generis
2542 3618 2712 3673 nostri
2735 3621 3011 3687 primitiaz,
3048 3623 3150 3679 hoc
3178 3636 3262 3681 est
3284 3627 3558 3693 Christus,

1964 3709 2253 3763 humanam
2312 3720 2559 3764 naturam
2590 3727 2619 3765 a
2656 3726 2816 3780 poma
2878 3712 3156 3783 liberaret,
3187 3729 3242 3774 et
3272 3722 3557 3779 cmlestem

1962 3798 2141 3855 Patris
2179 3802 2619 3857 benevolentiam
2647 3804 2697 3859 ei
2730 3820 2922 3861 rursus
2975 3810 3294 3866 conciliaret
3333 3831 3347 3878 ;
3380 3815 3557 3869 illam-

1963 3909 2068 3963 que
2094 3894 2265 3947 nostri
2299 3895 2660 3951 desertionem
2714 3899 2977 3967 aboleret,
3032 3917 3127 3972 per
3187 3904 3559 3963 obedientiam

1965 3987 2338 4056 integramque
2365 3989 2786 4058 subiectionem.
2816 3991 3000 4064 Neque
3040 3998 3183 4050 enim
3210 3997 3343 4053 fecit
3363 4017 3563 4069 pecea-

1962 4088 2073 4132 tum
2099 4080 2167 4143 ",
2207 4079 2556 4151 humanaque
2584 4092 2778 4139 natura
2804 4085 2857 4140 in
2880 4086 2996 4154 ipso
3022 4087 3297 4160 inculpata
3326 4092 3562 4163 irrepre-

1963 4172 2358 4244 hcnsibilisque
2380 4184 2463 4231 est
2497 4174 2687 4231 cﬂ‘ecla
2730 4195 2744 4231 :
2782 4187 2839 4233 ut
2888 4178 3049 4251 757
3098 4183 3270 4250 possit
3306 4184 3564 4254 deinceps

1964 4263 2134 4319 libere
2192 4264 2535 4321 exclamare:
2574 4266 2749 4324 «Deus
2780 4282 2954 4337 meus,
3012 4272 3153 4327 Deus
3179 4289 3356 4341 meus,
3393 4292 3564 4346 quare

1964 4371 2052 4412 me
2099 4357 2437 4428 dereliquisti
2487 4359 2511 4414 ἲ
2546 4377 2566 4411 ι
2598 4361 2991 4419 Animadverte
3028 4366 3196 4433 enim,
3235 4368 3383 4437 quod
3435 4384 3562 4427 cum

1964 4450 2289 4521 Unigenitus
2332 4450 2507 4507 factus
2545 4461 2633 4509 est
2667 4454 2851 4525 homo,
2901 4456 3044 4513 sicut
3089 4474 3231 4513 unus
3273 4472 3342 4515 ex
3382 4464 3564 4529 nobis,

1964 4559 2063 4613 pro
2134 4544 2386 4600 universa
2452 4549 2619 4602 etiam
2683 4557 2880 4605 natura
2964 4551 3206 4608 humana
3294 4554 3560 4625 ejusmodi

263 4632 485 4703 φύσεως
514 4633 611 4698 τάς
636 4634 894 4699 τοιαύτας
920 4636 1072 4707 ἠφίει
1102 4638 1307 4707 φωνὰς,
1341 4642 1627 4713 μονονουχὶ
1661 4642 1852 4711 λέγων·

1968 4650 2129 4691 voces
2204 4637 2429 4703 emisit,
2498 4639 2659 4709 quasi
2738 4641 2929 4698 dicens
2985 4643 3308 4702 :Peccavit
3356 4649 3566 4717 primus

265 4724 748 4797 Πεπλημμέληκεν
771 4728 800 4780 6
826 4727 1043 4799 πρῶτος
1071 4728 1380 4800 ἄνθρωπος,
1408 4732 1752 4804 παρώλισθεν
1783 4738 1864 4799 εἰς

267 4818 578 4891 παρακοὴν,
626 4819 978 4891 κατημέλησε
1020 4824 1121 4895 τῆς
1160 4822 1410 4895 δοθείσης
1452 4826 1703 4897 ἐντολῆς,
1752 4831 1863 4893 τοῖς

265 4908 363 4963 τοῦ
388 4908 685 4979 δράκοντος
721 4915 1080 4983 φενακισμοῖς
1111 4915 1192 4978 είς
1221 4915 1285 4969 τὸ
1326 4915 1538 4988 ὲξήνιον
1576 4921 1850 4991 συνηρπάο

269 5000 427 5065 ζετοο
452 5000 736 5073 ταύτῃτοι,
778 5005 873 5057 καὶ
920 5004 1065 5073 μάλα
1104 5006 1351 5072 εἰκότως,
1390 5008 1757 5080 ὑπενήνεκται
1795 5016 1863 5085 τῇ

269 5092 479 5165 φθορᾷ,
525 5094 620 5147 καὶ
648 5094 872 5164 γέγονεν
912 5096 1019 5150 ὑπὸ
1068 5096 1262 5169 δίκηνο
1312 5099 1430 5153 ἀλλ’
1460 5101 1565 5172 ἐμὲ
1606 5104 1866 5176 δευτέραν

264 5186 575 5256 ἐφύτευσας
628 5187 803 5260 ἀρχὴν
849 5192 963 5254 τοῖς
1019 5190 1115 5244 ἐπὶ
1165 5191 1279 5262 τῆς
1298 5194 1424 5264 γῆς,
1476 5197 1865 5267 κεχρημάτικα

263 5275 519 5346 δεύτερος
546 5276 738 5349 Ἀδάμ.
768 5279 856 5332 Ἐν
886 5279 1011 5350 ἐμοὶ
1038 5280 1463 5352 κεκαθαρμένην
1478 5284 1613 5355 ὁρᾷς
1641 5286 1742 5353 τὴν
1769 5288 1861 5339 ἀν-

267 5368 489 5439 θρώπου
514 5368 695 5437 φύσιν,
728 5372 1159 5443 κατορθώσασαν
1182 5374 1242 5427 τὸ
1271 5374 1656 5446 ἀπλημμελὲς,
1694 5378 1859 5447 ἁγίαν

266 5461 365 5515 καὶ
389 5462 687 5530 πάναγνον.
715 5464 868 5517 Δίδου
900 5463 1086 5519 λοιπὸν
1106 5466 1177 5519 τά
1202 5466 1261 5532 ἐξ
1286 5468 1627 5539 ἡμερότητος
1653 5471 1857 5539 ἀγαθά,

264 5551 362 5609 λύε
406 5553 506 5624 τὴν
550 5556 961 5631 ἐγκατάλειψιν,
1014 5560 1343 5631 ἐπιτίμησον
1386 5564 1450 5633 τῇ
1503 5563 1712 5633 φθορᾷ,
1768 5568 1864 5618 καὶ

268 5644 443 5715 πέρας
480 5645 653 5715 ἐχέτω
680 5647 751 5701 τά
785 5646 845 5711 ἐξ
885 5650 1072 5721 ὀργῆς.
1120 5650 1405 5722 Νενίκηκα
1436 5653 1545 5725 γὰρ
1576 5656 1739 5708 αὑτὸν
1770 5658 1863 5711 τὸν

268 5735 439 5787 πάλαι
469 5736 822 5806 κρατήσαντα
868 5738 1131 5793 Σατανᾶν.
1177 5735 1318 5810 Εὗρε
1357 5746 1465 5812 γάρ
1501 5744 1557 5796 ἐν
1597 5745 1721 5815 ἐμοὶ
1756 5747 1864 5800 τῶν

338 5911 385 5943 ’⁸
418 5910 609 5967 Matth.
638 5928 751 5973 nrt.
792 5913 883 5973 ‘22.
914 5914 1004 5968 25.
1081 5917 1123 5946 ⁷⁸
1164 5914 1201 5969 ll
1234 5917 1357 5974 Cor.
1394 5936 1447 5980 ν.
1489 5920 1567 5976 l7.

1648 5922 1691 5950 "'
1717 5921 1817 5978 isa.
1848 5940 1970 5981 un.
2009 5925 2069 5982 9.
2102 5926 2119 5980 ί
2154 5926 2297 5984 Pelr.
2338 5946 2397 5990 tt.
2431 5934 2520 5986 Ν.

1970 4730 2155 4795 Ιιοιιιο,
2219 4728 2404 4800 lapsus
2468 4730 2521 4785 in
2565 4731 2992 4790 inobedientiam
3028 4738 3311 4808 ;neglealt
3363 4755 3566 4810 praeces

1967 4830 2115 4891 ptum
2155 4822 2298 4891 quod
2322 4821 2371 4876 ei
2420 4823 2605 4877 datum
2658 4834 2800 4891 erat,
2851 4836 2907 4881 et
2954 4828 3209 4886 draconis
3264 4832 3565 4901 impostura

1967 4916 2033 4970 ad
2083 4914 2508 4972 inobedientiam
2557 4926 2743 4987 raptus
2794 4929 2899 4975 est.
2954 4918 3184 4988 Idcirco,
3234 4933 3291 4978 et
3344 4927 3564 4995 quidem

1968 5007 2183 5073 merito,
2244 5008 2580 5077 corruptioni
2618 5018 2673 5064 et
2715 5024 2892 5079 pana:
2916 5012 3188 5069 obnoxius
3235 5016 3411 5071 lactus
3456 5030 3561 5073 est.

1967 5098 2071 5153 Se:l
2144 5114 2234 5155 me
2291 5101 2617 5156 mortalibus
2662 5106 2963 5158 secundum
3020 5109 3354 5179 principium
3398 5124 3566 5183 atque

1969 5200 2251 5245 auctorem
2310 5195 2663 5261 constituisti,
2721 5207 2777 5250 et
2839 5207 3063 5253 vocatus
3114 5216 3234 5255 sum
3289 5206 3565 5261 secundus

1970 5283 2142 5337 Adam
2175 5282 2241 5336 ⁷⁸.
2278 5284 2342 5338 ν-Ιιι
2398 5300 2485 5341 me
2532 5286 2850 5342 mandatam
2908 5289 3060 5345 vides
3118 5291 3411 5349 humanam
3468 5311 3565 5349 na-

1970 5386 2181 5443 turam,
2232 5389 2399 5449 atque
2472 5380 2769 5450 integritati
2823 5385 3132 5440 restitutam
3184 5400 3432 5445 sanctam
3502 5408 3568 5447 ac

1969 5485 2183 5539 puram.
2210 5472 2435 5545 Largire
2482 5475 2555 5530 illi
2582 5477 2839 5549 deinceps
2866 5480 3231 5551 benignitatis
3255 5494 3359 5539 tua:
3402 5486 3564 5553 bona,

1972 5564 2356 5621 alienationem
2386 5568 2483 5622 abs
2517 5578 2566 5623 te
2600 5570 2778 5635 aboie,
2813 5571 3095 5629 interitum
3127 5575 3297 5637 solve.
3327 5588 3379 5631 et
3404 5578 3566 5634 linem

1976 5658 2173 5714 habeat
2200 5669 2287 5715 tua
2324 5664 2427 5717 ira.
2467 5661 2583 5718 Vici
2634 5665 2782 5719 enim
2839 5667 3100 5722 Satanam
3144 5672 3233 5737 qui
3275 5674 3385 5737 jam
3434 5674 3567 5725 olim

1978 5750 2264 5821 imperium
2330 5755 2666 5811 obtinuerat.
2700 5755 2845 5813 Nihil
2900 5761 3044 5815 cnim
3106 5778 3330 5831 prorsus
3387 5765 3438 5817 in
3483 5781 3571 5819 me

2604 5935 2647 5967 ⁷⁸⁸
2675 5935 2693 5990 Ι
2723 5937 2845 5995 Cor.
2884 5954 2969 5996 κν.
3006 5940 3089 5994 45.
