4006 6454
532 452 667 507 1327

1512 446 1569 502 8.
1611 443 1881 502 CYRILLI
1922 440 2392 500 ALEXANDRIN
2435 440 2755 497 ARCﬂlEP.

3660 435 3794 491 1338

528 579 683 621 suum
714 561 939 619 invenlt.
996 559 1141 616 Talis
1169 559 1349 631 itaque
1385 569 1487 623 est,
1523 570 1581 614 ut
1618 560 1871 624 arbitror,
1906 559 2090 613 verbo-

2201 556 2392 611 ἑαυτοῦ
2429 555 2707 619 παντελῶς
2738 552 2911 608 οὐδέν.
2948 551 3199 616 τοιοῦτος
3234 551 3335 621 μὲν
3366 546 3483 613 οὖν,
3522 548 3601 612 ὥς
3631 566 3696 618 γε
3722 546 3797 602 οἶ-

530 673 646 711 rum
695 652 991 710 Salvatoris
1039 667 1253 708 sensus.
1304 651 1421 707 Non
1448 652 1592 706 enim
1629 652 1753 714 sibi.
1796 650 1891 707 sed
1937 650 2096 705 nobis

530 749 917 817 benignitatem
954 744 1131 799 Patris
1178 745 1455 815 poscebat.
1498 742 1628 797 Nam
1668 744 1809 798 sicut
1860 745 1911 797 in
1966 744 2099 795 uni-

529 857 736 897 versam
794 839 1029 895 hominis
1071 848 1317 892 naturam
1361 852 1426 892 ex
1478 839 1684 892 Adamo
1732 836 1893 892 veluti
1920 838 2093 907 prima

530 935 707 988 radice
734 946 889 1003 paena
926 940 1148 1000 peccato
1197 930 1376 986 debila
1416 942 1755 1000 pervaserat,
1794 948 1812 981 ι
1854 929 2097 998 regnavit

525 1025 667 1079 enim
698 1040 840 1078 mors
865 1022 937 1076 ab
975 1022 1179 1077 Adamo
1227 1036 1398 1090 usque
1438 1022 1505 1076 ad
1545 1020 1787 1091 Moysen,
1832 1022 1995 1075 etiam
2041 1021 2093 1074 in

525 1130 617 1170 cos
652 1116 741 1186 qui
797 1129 901 1169 non
960 1124 1319 1183 peccaverunt
1376 1114 1429 1167 in
1481 1113 1895 1168 similitudinem
1953 1128 2092 1182 pra!-

523 1207 873 1263 varicationis
901 1206 1028 1259 Αιιω
1063 1206 1147 1257 τέ
1184 1223 1202 1256 ι
1244 1206 1312 1257 ita
1348 1205 1513 1259 etiam
1546 1220 1610 1257 ex
1631 1205 1867 1259 secundo
1909 1214 2094 1259 nostro

527 1298 809 1368 principio,
872 1298 971 1351 hoc
1021 1306 1105 1350 est
1182 1295 1417 1360 Christo,
1470 1311 1654 1351 rursus
1697 1297 1748 1350 in
1785 1298 2092 1351 universum

526 1402 693 1459 genus
741 1387 1034 1442 humanum
1076 1389 1185 1442 vita
1231 1386 1649 1442 transfunditur.
1684 1387 1835 1453 Quod
1877 1388 2093 1457 quidem

523 1482 686 1537 etiam
721 1482 1156 1550 sapientissimus
1188 1479 1389 1534 Paulus
1408 1480 1691 1534 confirmat
1728 1479 1949 1534 dicens:
1990 1497 2008 1529 ι
2036 1479 2093 1534 Si

524 1574 667 1627 enim
698 1573 856 1627 unius
880 1572 1075 1626 delicto
1120 1572 1273 1625 multi
1302 1571 1497 1625 mortui
1526 1580 1672 1634 sunt,
1712 1572 1877 1625 multo
1922 1570 2095 1640 magis

528 1666 905 1735 tmittsjustitia
932 1665 1081 1718 multi
1114 1666 1295 1719 vivent
1317 1664 1384 1717 ⁸⁹.
1426 1683 1443 1716 ι
1474 1665 1537 1718 Et
1572 1680 1780 1717 rursum
1808 1681 1819 1715 :
1850 1663 2092 1728 «Quem-

524 1760 811 1814 admodum
872 1760 1016 1813 enim
1080 1760 1131 1813 in
1187 1758 1356 1812 Adam
1406 1771 1593 1811 omnes
1641 1757 1942 1809 uxoriunlur
1974 1774 1987 1808 :
2020 1757 2091 1809 ita

524 1852 685 1905 etiam
718 1853 767 1905 iu
798 1852 1013 1907 Christo
1060 1866 1249 1906 omnes
1289 1850 1701 1904 vivificabuntur
1723 1848 1788 1903 ⁸¹.
1832 1868 1849 1897 ι

594 2030 654 2085 Β.
686 2029 924 2101 Ineptum
947 2029 1126 2099 itaque
1170 2037 1218 2083 et
1246 2028 1647 2083 dissentancum
1680 2043 1707 2081 a
1739 2043 1894 2082 sacra
1950 2025 2096 2082 Scri-

523 2134 680 2197 ptura
710 2134 794 2178 est
838 2124 1147 2179 existimare
1194 2134 1249 2177 et
1303 2124 1483 2177 dicere
1544 2122 1814 2176 hominem
1882 2137 2097 2176 assum-

525 2226 672 2285 ptum
724 2216 882 2271 veluti
964 2216 1238 2270 desertum
1294 2228 1323 2268 a
1387 2212 1563 2269 Verbo
1625 2213 1721 2283 ipsi
1784 2214 2092 2283 conjuncta,

525 2306 775 2363 humanis
805 2305 1027 2362 vocibus
1051 2320 1202 2359 usum
1233 2302 1419 2358 fuisse.

589 2491 657 2543 Α.
689 2490 910 2559 lmprum
948 2486 1122 2555 plane,
1178 2493 1339 2554 atque
1393 2493 1648 2539 extremae
1680 2481 1959 2552 cuiusdam
2006 2485 2090 2538 in-

520 2581 686 2637 saniae
746 2587 1119 2648 argumentum
1186 2575 1366 2640 fuerit,
1425 2590 1593 2644 neque
1620 2575 1853 2629 alienum
1899 2576 1967 2632 ab
2027 2576 2094 2632 iis

520 2674 612 2745 qui
650 2683 793 2728 recte
817 2671 1019 2727 sentire
1057 2669 1321 2725 nesciunt.
1358 2669 1490 2724 Cum
1544 2668 1687 2723 enim
1724 2670 2093 2741 sejungantac

520 2761 1004 2833 separentomnino
1038 2768 1090 2813 et
1116 2774 1273 2814 voces
1329 2769 1384 2813 et
1422 2774 1529 2823 res,
1559 2768 1721 2829 atque
1751 2759 1849 2813 has
1874 2760 2091 2831 quidem

519 2853 616 2907 soli
662 2867 725 2907 ac
771 2851 1114 2922 peculiariter
1173 2850 1462 2917 Unigcnilo
1490 2850 1748 2914 tribuant,
1810 2852 1905 2906 has
1966 2867 2093 2908 vero

518 2948 727 2997 cuidam
778 2944 991 2997 diverso
1038 2943 1103 2995 ab
1151 2940 1251 2995 hoc
1284 2940 1443 3007 Filio,
1478 2950 1530 2995 et
1576 2956 1639 2993 ex
1682 2942 1905 2997 muliere
1941 2951 2090 3008 natu,

518 3049 549 3088 a
608 3050 731 3088 vera
780 3031 945 3102 758
1005 3040 1258 3098 rectaque
1312 3031 1394 3083 via
1452 3029 1725 3095 aberrant,
1781 3031 2093 3102 Christique

518 3122 833 3195 mysterium
864 3137 966 3174 non
1006 3120 1328 3188 intelligunt.

589 3390 648 3445 Β.
674 3391 786 3446 Non
807 3402 931 3445 sunt
959 3391 1139 3458 itaque
1167 3392 1475 3457 separanda
1500 3404 1659 3445 voces
1686 3400 1778 3444 aut
1812 3406 1918 3455 res,
1955 3391 2087 3446 alla-

516 3485 591 3540 tis
643 3485 693 3539 in
744 3485 975 3539 medium
1023 3482 1349 3554 evangelicis
1384 3493 1544 3552 atque
1586 3483 1893 3551 apostolicis
1935 3486 2089 3539 testi-

516 3575 714 3632 moniis
738 3576 759 3626 ?

586 3669 649 3721 A.
696 3667 1063 3737 Nequaquam,
1132 3674 1389 3734 quantum
1461 3666 1653 3719 attinet
1715 3664 1781 3719 ad
1834 3679 2091 3734 personas

514 3763 647 3816 duas
673 3770 727 3814 et
776 3759 1092 3828 hypostases
1125 3760 1259 3812 duas
1285 3757 1567 3813 distinctas
1597 3757 1737 3811 inter
1774 3772 1853 3823 se,
1888 3765 1942 3811 et
1964 3771 2087 3826 spe-

512 3852 729 3907 cialiter
787 3851 929 3904 inter
990 3863 1046 3903 se
1116 3858 1555 3904 remotaszcum
1623 3850 1765 3903 enim
1824 3850 1893 3904 sit
1948 3864 2088 3905 unus

514 3944 685 4000 Filius
725 3943 956 3996 Verbum
1015 3951 1230 4011 propter
1279 3955 1377 3994 nos
1428 3938 1790 4006 incarna‘lum,
1853 3941 2087 3995 dixerim

512 4035 693 4091 omnia
723 4049 844 4089 esse
873 4034 1061 4101 ipsius,
1091 4046 1251 4087 voces
1282 4032 1537 4087 nimirum
1576 4042 1628 4088 et
1654 4048 1761 4100 res,
1803 4032 2090 4105 divinaque

515 4126 675 4180 simul
702 4134 757 4180 et
790 4124 1043 4177 humana.

584 4216 645 4272 Β.
679 4216 819 4287 Ergo
848 4233 971 4271 cum
1019 4230 1083 4269 ex
1131 4214 1325 4271 itinere
1381 4216 1621 4273 defessus
1652 4218 1815 4273 fuisse
1866 4219 2083 4285 dicitur,

516 4320 677 4380 atque
698 4309 977 4375 esuriisse,
1007 4322 1365 4377 somnumque
1395 4311 1623 4380 cepisse,
1673 4312 1996 4367 convenitne
2030 4324 2087 4369 ut

517 4419 605 4459 res
630 4402 764 4459 adeo
782 4402 1017 4457 minutas
1040 4414 1105 4457 ac
1125 4402 1256 4458 viles
1280 4401 1387 4457 Deo
1418 4402 1589 4459 Verbo
1614 4405 1983 4461 ascribamus?

2201 668 2322 721 μαι,
2350 649 2459 702 τῶν
2488 649 2580 701 τοῦ
2609 646 2859 719 Σωτῆρος
2886 646 3058 713 λόγων
3084 649 3111 700 ό
3148 645 3278 708 μοῦς.
3319 644 3537 699 Ἐκάλει
3566 642 3789 714 γάρούκ

2196 744 2281 810 ἐφ’
2308 742 2497 795 ἑαυτὸν
2535 740 2753 810 μᾶλλον,
2799 740 2913 793 ἀλλ’
2942 741 3027 807 ἐφ’
3069 739 3215 809 ἡμᾶς
3249 737 3473 803 αὐτοὺς,
3502 736 3606 807 τὴν
3642 732 3795 807 παρὰ

2200 834 2411 903 Πατρδς
2459 832 2765 901 εὐμένειαν.
2821 831 3030 902 Ὠσπερ
3085 828 3193 898 7&9
3259 830 3341 891 είς
3368 828 3504 908 ῥλην
3545 828 3650 897 τὴν
3697 827 3776 880 ἀτ-

2196 924 2418 995 θρώπου
2461 926 2621 993 φύσιν
2658 921 2909 993 καθάπερ,
2937 922 3002 973 ἐκ
3033 920 3189 991 ῥίζης
3217 920 3315 990 τῆς
3355 918 3606 991 πρώτης,
3650 918 3795 989 φημὶ

2196 1034 2289 1069 του
2324 1017 2524 1086 ’Λδάμη
2552 1016 2702 1086 διέση
2728 1015 2798 1068 τὰ
2829 1015 2889 1079 ἐξ
2912 1014 3081 1084 ὀργῆς
3104 1030 3116 1043 ·
3156 1032 3173 1064 ι
3215 1012 3573 1082 βεϐασίλευκε
3623 1010 3734 1083 7&9
3767 1012 3793 1063 ὸ

2198 1108 2426 1170 θάνατος
2462 1108 2567 1159 ἀπὸ
2603 1106 2773 1176 Ἀδάμ
2803 1105 2966 1176 μέχρι
3000 1103 3261 1167 Μωσέως,
3292 1103 3389 1154 καὶ
3420 1103 3515 1155 ἐπὶ
3548 1103 3682 1164 τοὺς
3717 1102 3790 1173 μὴ

2198 1199 2615 1269 ἁμαρτήσαντας
2666 1194 2757 1247 ἐπὶ
2806 1193 2884 1263 τῷ
2917 1192 3222 1263 ὁμοιώματι
3274 1192 3376 1259 τῆς
3415 1190 3791 1263 παραὸάσεως

2209 1292 2398 1359 ’Δδάμο
2426 1307 2442 1340 ι
2478 1288 2620 1342 οὕτω
2650 1286 2744 1340 καί
2780 1285 2849 1338 τὰ
2891 1285 2955 1337 ὲκ
2986 1284 3086 1353 τῆς
3117 1282 3379 1355 δευτέρας
3415 1282 3579 1352 ἡμῶν
3608 1284 3783 1351 ἁπαρ·

2196 1382 2317 1452 χῆς,
2342 1380 2584 1433 τουτέστι
2608 1375 2869 1448 Χριστοῦ,
2898 1375 3059 1429 πάλιν
3083 1377 3163 1438 είς
3189 1375 3336 1427 ἆπαν
3361 1373 3421 1427 τὸ
3444 1373 3786 1443 ἀνθρώπινον

2186 1475 2512 1545 διαϐήσεται
2544 1471 2718 1539 γένος,
2750 1468 2843 1523 καὶ
2873 1466 3206 1520 πιστώσεται
3236 1466 3413 1534 λέγων
3446 1467 3474 1518 ό
3506 1466 3787 1533 πάνσοφος

2197 1565 2409 1627 Παῦλος
2428 1580 2439 1593 ·
2480 1582 2497 1613 ι
2526 1562 2589 1613 El
2622 1561 2728 1629 7&9
2752 1557 2832 1628 τῷ
2864 1556 2958 1609 τοῦ
2985 1556 3103 1619 ἐνὸς
3131 1553 3545 1627 παραπτώματι
3573 1556 3624 1607 οῖ
3658 1554 3785 1607 πολ-

2196 1660 2278 1711 λοὶ
2310 1656 2601 1714 ἀπέθανον,
2636 1650 2813 1721 πολλῷ
2848 1648 3049 1721 μᾶλλον
3084 1646 3159 1719 τῷ
3185 1646 3279 1701 τοῦ
3312 1647 3429 1709 ἑνὸς
3452 1645 3785 1715 δικαιώματι

2195 1752 2242 1802 οἱ
2275 1747 2457 1800 πολλοὶ
2486 1746 2795 1815 ζήσονται.»
2838 1742 2945 1794 Καὶ
2968 1738 3158 1793 πάλιν·
3194 1757 3210 1788 ι
3237 1738 3452 1807 ’Ὠσπερ
3479 1736 3591 1805 γάρ
3622 1739 3682 1790 ὲν
3712 1736 3788 1805 τῷ

2210 1840 2378 1908 ’Δδάμ
2401 1837 2600 1898 πάντες
2621 1832 3074 1902 ἀποθνήσκουσιν,
3098 1831 3239 1884 οὕτω
3267 1830 3361 1881 καὶ
3388 1831 3447 1881 ἐν
3468 1828 3547 1899 τῷ
3564 1827 3787 1903 Χριστῷ

2124 1913 2166 1967 Β
2198 1930 2397 1990 πάντες
2428 1924 2947 1995 ζωοποιηθήσονται.
2976 1940 2993 1973 ι

2269 2022 2328 2072 Β.
2368 2018 2601 2084 Ἀσοφον
2655 2008 2745 2066 οὖν
2780 2011 2887 2082 ἄρα
2941 2011 3035 2064 καὶ
3081 2010 3289 2081 ἀπᾷδον
3338 2007 3628 2070 παντελῶς
3674 2007 3785 2068 τοῖς

2202 2114 2361 2185 ίερόῖς
2409 2108 2725 2179 Γράμμασι,
2759 2103 2821 2155 τὸ
2850 2100 3059 2155 οἴεσθαί
3087 2118 3146 2153 τε
3172 2102 3268 2155 καὶ
3300 2100 3505 2169 λέγειν,
3540 2098 3636 2151 τὸν
3659 2100 3785 2151 ἀνα-

2198 2201 2471 2274 ληφθέντα
2517 2196 2826 2266 άνθρωπον,
2866 2195 2941 2257 ὡς
2994 2191 3499 2261 ὲγκαταλειφθὲντα
3546 2190 3655 2243 ὑπὸ
3693 2188 3783 2242 τοῦ

2199 2291 2562 2360 συναφθέντος
2585 2285 2733 2357 αὐτῷ
2771 2285 2968 2354 Λόγου,
2998 2284 3119 2347 ταῖς
3149 2280 3525 2353 ἀνθρωπίναις
3568 2281 3784 2353 χρήσα-

2198 2386 2319 2438 σθαι
2353 2383 2579 2450 φωναῖς.

2264 2481 2329 2530 Α.
2371 2471 2642 2535 Δυσσεόὲς
2674 2470 2771 2541 μὲν
2800 2464 2916 2536 οὖν,
2945 2461 2991 2523 ὧ
3017 2468 3220 2539 ἑταῖρε,
3258 2468 3355 2521 καὶ
3390 2466 3491 2536 τῆς
3520 2468 3602 2531 είς
3635 2465 3789 2537 λῆξιν

2194 2562 2595 2637 ἑμδροντησίας
2646 2558 2919 2625 ἀπόδειξις
2970 2558 3056 2629 εἴη
3120 2558 3187 2611 ἂν
3238 2556 3332 2610 καὶ
3393 2554 3544 2627 μάλα
3608 2556 3788 2627 σαφὴς

2192 2659 2363 2723 τουτὶ,
2386 2657 2487 2709 οὐκ
2512 2652 2769 2715 ἀπεοικός
2791 2668 2856 2719 γε
2888 2649 2994 2721 μὴν
3027 2651 3137 2712 τοῖς
3166 2648 3241 2719 μὴ
3270 2650 3491 2718 φρονεῖν
3523 2643 3582 2701 εὗ
3613 2651 3790 2716 ἐγνω-

2193 2753 2365 2806 κόσιν.
2409 2746 2628 2817 Ἐπειδὴ
2672 2744 2780 2815 γάρ
2810 2741 3048 2797 διιστᾶσί
3086 2758 3144 2794 τε
3190 2740 3281 2795 καὶ
3310 2739 3614 2812 διορίζουσι
3648 2758 3785 2793 παν-

2193 2843 2330 2913 ταχῆ
2364 2839 2460 2892 καὶ
2493 2838 2676 2905 φωνὰς
2718 2834 2813 2887 καὶ
2846 2832 3169 2904 πράγματα,
3202 2832 3297 2884 καὶ
3336 2831 3436 2893 τάς
3481 2832 3584 2900 μὲν
3638 2832 3787 2901 μόνῳ

2194 2936 2289 2990 καὶ
2325 2933 2507 2997 tame;
2545 2930 2948 2999 ὲκνενεμήκασι
2983 2926 3065 2997 τῷ
3108 2926 3443 2993 Μονογενεῖ,
3487 2925 3591 2989 τάς
3620 2925 3677 2979 δὲ
3708 2927 3785 2991 ὡς

2194 3028 2368 3099 ἑτέρῳ
2397 3024 2522 3097 παρ’
2550 3024 2712 3078 αὑτὸν
2742 3020 2854 3092 Υἱῷ
2878 3037 2938 3073 τε
2978 3019 3071 3072 καὶ
3114 3018 3177 3071 ὲκ
3210 3016 3491 3084 γυναικὸς,
3521 3017 3784 3089 ταύτῃτοι

2190 3120 2603 3189 διημαρτήκασι
2653 3114 2751 3181 τῆς
2809 3113 2889 3175 είς
2933 3108 3062 3163 εὐθύ
3109 3125 3167 3161 τε
3214 3107 3306 3160 καὶ
3358 3107 3785 3179 ἀπλανεστάτης

2198 3211 2355 3275 ὀδοῦ,
2408 3209 2501 3261 καὶ
2548 3204 2638 3258 τοῦ
2689 3203 2883 3257 εἰδέναι
2925 3199 3112 3269 σαφῶς
3145 3198 3204 3252 τὸ
3264 3199 3506 3269 Χριστοῦ
3568 3203 3783 3272 μολπή..

2197 3323 2330 3376 ριον.

2263 3400 2320 3449 Β.
2366 3396 2440 3447 υὺ
2472 3392 2767 3462 διαιρετέον
2803 3385 2893 3443 οὖν
2946 3390 3052 3458 ἄρα
3105 3388 3308 3455 φωνὰς,
3362 3388 3394 3457 ἢ
3447 3388 3779 3459 πράγματα,

2194 3487 2596 3558 παροισθὲντων
2642 3486 2723 3546 εἰς
2758 3482 2919 3552 μέσον
2951 3480 3058 3534 τῶν
3108 3480 3481 3549 εὐαγγελικῶν
3516 3483 3615 3533 καὶ
3648 3483 3781 3535 ἀπο-

2193 3576 2454 3631 στολικῶν
2494 3573 2869 3644 κηρυγμάτων
2892 3588 2904 3634 ;

2264 3672 2327 3723 Δ.
2372 3666 2669 3739 Οὐμενοῦν,
2712 3666 2771 3717 τό
2813 3681 2877 3733 γε
2910 3660 3047 3735 ἧκον
3078 3663 3158 3727 εἰς
3203 3662 3475 3735 πρόσωπα
3517 3664 3634 3731 δύο,
3687 3665 3778 3717 καὶ

2192 3764 2520 3825 ὑποστάσεις
2551 3760 2647 3814 δύο
2698 3757 3037 3830 διῃρημένας
3086 3757 3360 3829 ἀλλήλων,
3404 3758 3501 3812 καὶ
3548 3759 3778 3826 ἀποφοι.

2188 3854 2367 3917 τώσας
2411 3852 2646 3906 είσάπαν
2693 3850 2878 3913 ίδικῶς
2906 3867 2966 3903 τε
3005 3850 3101 3903 καὶ
3147 3849 3441 3919 ἀναμέρος.
3482 3849 3637 3913 Ἐνὸς
3669 3849 3776 3921 7&9

2188 3948 2341 4010 ὄντος
2395 3944 2549 4009 Υίοῦ,
2600 3942 2695 3995 τοῦ
2718 3942 2785 3994 δι’
2827 3942 2977 4011 ἡμᾶς
3006 3940 3533 4011 ὲνανθρωπήσαντος
3574 3942 3773 4011 Λόγου,

2191 4037 2358 4107 φαίην
2390 4036 2456 4089 ἂν
2478 4030 2616 4087 εἶναι
2652 4032 2832 4087 πάντα
2854 4029 3041 4095 αὐτοῦ,
3069 4030 3260 4099 λόγους
3292 4046 3353 4083 τε
3384 4030 3478 4083 καὶ
3512 4032 3775 4102 πράγμα-

2189 4146 2274 4193 τα,
2304 4128 2372 4181 τά
2394 4142 2453 4178 τε
2486 4123 2760 4195 θεοπρεπῆ
2792 4125 2887 4177 καὶ
2909 4124 3131 4194 προσέτι
3166 4121 3235 4176 τὰ
3255 4121 3593 4193 ἀνθρώπινα.

2260 4222 2320 4273 Β.
2365 4217 2573 4274 Οὐκοῦν
2600 4259 2614 4283 ,
2653 4214 2757 4269 κᾶν
2806 4216 2856 4268 εἰ
2902 4216 2967 4268 ὲκ
3012 4214 3111 4285 τῆς
3156 4213 3463 4284 ὁδοιπορίας
3511 4216 3772 4272 κοπιάσαι

2188 4314 2422 4381 λέγοιτο,
2456 4309 2709 4380 πεινῆσαί
2754 4326 2815 4361 τε
2846 4308 2939 4362 καὶ
2986 4306 3156 4360 ὕπνου
3192 4307 3537 4379 μετα-λαχεῖν,
3572 4312 3772 4382 πρέποι

2188 4404 2274 4468 ἂν,
2330 4404 2452 4457 εἰπέ
2517 4419 2629 4473 μοι,
2668 4403 2995 4472 προσνεῖμαι
3044 4398 3121 4470 τῷ
3150 4399 3268 4469 Θεῷ
3318 4399 3477 4472 Λόγῳ
3513 4402 3583 4457 τὰ
3632 4405 3773 4459 οὕτω

2193 4493 2403 4566 σμικρά
2424 4492 2518 4547 καὶ
2548 4491 2998 4565 κατερῤιμμένα;

586 4582 648 4638 Α.
702 4582 851 4638 Nudo
882 4582 1098 4653 quidem
1142 4592 1197 4638 et
1223 4582 1457 4639 nondum
1487 4585 1787 4654 incarnato,
1814 4602 1875 4644 ac
1901 4590 2081 4659 prius-

2259 4588 2322 4638 Α.
2360 4583 2559 4654 Γυμνῷ
2600 4583 2697 4654 μὶν
2744 4583 2845 4643 ἔτι,
2874 4583 2967 4635 καὶ
2994 4583 3149 4638 οὔπω
3200 4585 3629 4658 σεσαρκωμένῳ,
3682 4588 3772 4643 καὶ

514 4690 675 4747 quam
722 4676 1141 4731 exinanitionem
1192 4676 1431 4742 subiret,
1488 4692 1824 4749 nequaquam
1877 4700 1889 4735 :
1944 4694 2090 4741 recte

514 4768 656 4822 enim
711 4766 943 4834 iudicas.
987 4768 1058 4821 At
1100 4781 1228 4821 vero
1270 4766 1548 4822 incarnato
1598 4780 1763 4839 atque
1810 4774 2089 4829 exinanito

513 4859 766 4921 quidnam
797 4857 1103 4913 detrimenti
1159 4857 1261 4911 hoc
1300 4860 1347 4912 ei
1400 4858 1593 4915 afferre
1616 4875 1774 4930 posse
1818 4868 2091 4921 censeas?

513 4947 1138 5016 Quetnadmodum'enim
1161 4948 1432 5017 propriam
1453 4949 1619 5019 ipsius
1647 4965 1864 5007 carnem
1887 4952 2086 5009 factam

512 5053 632 5093 esse
661 5039 914 5103 dicimus,
944 5038 1015 5091 ita
1041 5036 1274 5093 vicissim
1302 5037 1477 5108 ipsius
1513 5053 1634 5093 esse
1674 5041 1965 5096 statuimus
1992 5058 2087 5113 per

513 5129 843 5183 consortium
877 5126 1282 5191 incarnationis,
1324 5138 1381 5182 et
1441 5129 1648 5184 ratione
1679 5130 2091 5196 exinanitionis,

513 5218 690 5272 carnis
711 5218 875 5271 etiam
898 5216 1234 5274 incommoda
1252 5225 1410 5287 atque
1426 5218 1866 5277 imbecillitatem.
1887 5221 2094 5279 Similis

512 5308 655 5362 enim
683 5308 858 5363 factus
897 5319 979 5363 est
1009 5322 1103 5377 per
1131 5310 1309 5362 omnia
1337 5310 1593 5365 fratribus
1626 5312 1693 5380 “’,
1725 5324 1948 5383 excepto
1971 5315 2086 5370 solo

514 5408 751 5469 peccato.
810 5398 993 5469 Neque
1035 5400 1247 5454 mireris
1294 5402 1336 5455 si
1384 5415 1485 5453 una
1536 5416 1657 5455 cum
1716 5417 1879 5457 carne
1920 5406 2081 5460 etiam

511 5490 693 5544 carnis
724 5488 1115 5543 imbecillitates
1167 5488 1268 5544 sibi
1300 5492 1557 5547 ascivisse
1585 5493 1757 5563 ipsum
1804 5496 2033 5552 dicimus
2066 5514 2080 5563 ,

515 5582 651 5635 unde
702 5590 756 5634 et
813 5588 1063 5636 externas
1103 5583 1456 5637 contumelias
1505 5600 1533 5638 a
1570 5584 1774 5641 Iudaeis
1832 5587 2084 5644 ferociter

514 5674 613 5727 sibi
640 5674 833 5738 illatas,
860 5672 1064 5763 sibiipsi
1094 5674 1365 5743 ascripsit,
1393 5676 1575 5731 dicens
1604 5693 1697 5747 per
1720 5694 1903 5735 vocem
1940 5678 2077 5734 Psal

2189 4678 2321 4749 πρὶν
2344 4674 2669 4730 καθικέσθαι
2700 4675 2836 4747 πρὸς
2860 4674 3111 4743 κένωσιν,
3137 4674 3343 4748 πρέποι
3364 4676 3431 4731 ἂν
3454 4677 3657 4748 ἥκιστά
3687 4694 3767 4745 γε·

2186 4770 2405 4840 φρονεῖς
2456 4766 2567 4838 γὰρ
2597 4766 2796 4837 ὀρθῶς
2848 4766 3331 4839 ὲνανθρωπήσαντι
3378 4767 3435 4821 δὲ
3483 4770 3578 4823 καὶ
3612 4786 3770 4823 κεκε-

2186 4860 2417 4930 νωμένῳ
2468 4860 2649 4913 ὁποῖον
2701 4860 2813 4932 ἄρα
2846 4860 3178 4932 προστρῖψαι
3227 4860 3426 4931 βλάὁος
3468 4861 3531 4915 τδ
3584 4864 3768 4935 χρῆμα

2186 4954 2337 5024 αὐτῷ
2357 4971 2372 5020 ;
2396 4954 2608 5026 ’Ὠσπερ
2639 4954 2748 5024 γὰρ
2799 4954 2933 5009 ἰδίαν
2981 4954 3147 5007 αὑτοῦ
3177 4955 3276 5025 τὴν
3303 4956 3483 5028 σάρκα
3517 4957 3770 5025 γενέσθαι

2192 5046 2391 5118 φαμὲν,
2438 5044 2580 5100 οὓτω
2619 5045 2783 5100 πάλιν
2817 5046 2980 5101 αὐτοῦ
3014 5046 3137 5100 κατ’
3179 5047 3454 5102 οἰκείωσιν
3501 5050 3770 5121 οἰκονομι-

2193 5137 2315 5209 κὴν,
2340 5137 2435 5192 καὶ
2470 5138 2609 5193 κατά
2636 5155 2699 5207 γε
2728 5138 2820 5192 τὸν
2860 5139 2959 5209 τῆς
2989 5137 3273 5205 κενώσεως
3302 5140 3523 5211 τρόπον,
3550 5144 3651 5207 τὰς
3676 5144 3769 5214 τῆς

2191 5228 2394 5299 σαρκὸς
2425 5228 2729 5295 ἀσθενείας.
2788 5230 3060 5303 Ὡμοιώθη
3101 5231 3210 5302 7&9
3241 5231 3383 5285 κατά
3434 5233 3616 5289 πάντα
3660 5240 3769 5297 τοῖς

2188 5320 2456 5390 ἀδελφοῖς,
2479 5320 2599 5392 δίχα
2624 5322 2791 5393 μόνης
2820 5322 3112 5394 ἁμαρτίας.
3132 5324 3242 5378 Καὶ
3275 5326 3434 5395 μήτοι
3459 5325 3765 5400 θαυμάσῃς,

2189 5412 2238 5463 εἰ
2260 5411 2357 5475 τὰς
2385 5413 2483 5479 τῆς
2510 5413 2709 5483 σαρκὸς
2738 5413 3021 5477 ἀσθενείας
3050 5413 3382 5468 οἰκειοῦσθαι
3406 5432 3588 5487 φαμεν
3611 5419 3770 5471 αὑτὸν

2196 5504 2331 5573 μετὰ
2358 5504 2457 5573 τῆς
2497 5506 2717 5576 σαρκὸς,
2750 5506 2873 5560 ὅθεν
2927 5506 3023 5559 καὶ
3053 5505 3152 5569 τὰς
3180 5506 3416 5577 θύραθεν
3461 5510 3765 5579 παροινίας.

2193 5594 2287 5655 τὰς
2316 5592 2426 5646 ἀπό
2452 5610 2515 5660 γε
2542 5594 2642 5663 τῆς
2667 5596 2773 5650 τῶν
2803 5596 3074 5651 Ἰουδαίων
3106 5598 3427 5669 σκαιότητος
3456 5601 3767 5672 ἐπενεχθεί-

2191 5702 2291 5746 σας
2322 5684 2491 5755 αὐτῷ,
2550 5687 2709 5742 πάλιν
2766 5688 2945 5761 ἑαυτῷ
2979 5690 3414 5763 προσνενέμηκε,
3454 5692 3628 5762 λέγων
3680 5693 3767 5748 διὰ

580 5855 619 5883 τ’
670 5852 823 5905 Rom.
862 5854 1003 5919 v,H.
1082 5853 1127 5885 ‘°
1154 5854 1281 5910 Ibid.
1309 5851 1393 5906 l5.
1472 5853 1511 5885 “
1545 5852 1710 5912 I'Cor.
1741 5874 1825 5927 xv,
1858 5861 1945 5915 22.
2023 5861 2066 5895 ”

2201 5882 2254 5922 ιι.
2293 5880 2352 5932 ll,
2395 5865 2478 5923 l7.
