4006 6476
238 497 379 555 ιιιθ

1375 494 1569 556 QUOD
1609 492 1798 548 UNUS
1836 492 1944 548 SIT
1982 492 2344 551 CHRISTUS.

3402 493 3537 549 1350

239 612 341 683 τῆς
374 612 469 665 τοῦ
504 610 813 673 1Ξίάλλοντος
849 607 1049 679 φωνῆς·
1086 607 1509 680 ιΔιεμερίσαντο
1530 607 1600 662 τά
1634 608 1830 680 ἱμάτιά

1962 612 2149 669 nistze:
2194 631 2213 664 ι
2254 612 2568 669 Diviserunt
2606 611 2706 667 sibi
2763 617 3082 667 vestimenta
3114 623 3255 676 mea,
3286 621 3343 665 et
3378 625 3541 677 super

241 719 349 774 μου
373 702 605 764 ἑαυτοῖς.
633 702 725 753 καὶ
752 700 848 751 ἐπὶ
874 699 964 752 τὸν
1001 697 1299 768 ἱματισμόν
1334 715 1437 767 μου
1482 697 1675 751 ἔϐαλον
1708 698 1842 767 κλῆ-

242 812 358 867 ρον.
375 813 393 847 ι
409 795 519 849 Καὶ
539 792 699 845 πάλιν
717 808 726 816 ·
742 810 759 842 ι
775 790 980 853 Πάντες
1002 790 1051 841 oi
1070 787 1405 858 θεωροῦντες
1432 805 1521 857 με,
1540 787 1842 858 ἐξεμυκτή-

241 887 407 961 ρισάν
431 902 520 957 με,
552 883 821 951 ἐλάλησαν
848 883 903 934 ὲν
942 880 1201 951 χείλεσιν,
1231 878 1491 948 ἐκίνησαν
1524 879 1787 949 κεφαλήν.
1818 896 1835 927 ι

314 981 378 1034 Β.
419 976 629 1032 Οὐκοῦν
660 975 763 1028 κᾶν
795 977 841 1027 εί
870 973 1018 1041 λέγοι
1049 972 1233 1042 τυχὸν,
1269 991 1287 1023 ι
1329 972 1387 1025 ὐ
1421 972 1687 1041 ἑωρακὼς
1713 970 1839 1040 ἐμὲ.

244 1072 460 1142 ἑώρακε
504 1068 593 1121 τὸν
623 1066 860 1136 Πατέρα¹
880 1062 1022 1132 Ἐγὼ
1065 1064 1157 1116 καὶ
1203 1064 1231 1116 6
1260 1062 1472 1131 Πατὴρ,
1500 1063 1561 1115 ἓν
1593 1062 1778 1131 ἐσμεν
1816 1076 1836 1113 ι

245 1159 367 1218 εἷτα
402 1162 537 1233 πρὸς
580 1158 887 1220 Ἰουδαίους,
924 1176 940 1207 ι
966 1156 1031 1209 Τί
1058 1174 1124 1226 με
1157 1156 1371 1225 ζητεῖτε
1399 1156 1722 1209 ἀποκτεῖναι
1750 1153 1841 1207 άν-

246 1257 486 1327 θρωπον,
519 1253 575 1317 ὃς
599 1253 699 1323 τὴν
728 1251 988 1321 ἀλήθειαν
1024 1250 1156 1318 ὑμῖν
1189 1248 1487 1317 λελάληκα,
1518 1249 1584 1318 ἢν
1631 1249 1841 1318 ηκουσα

245 1347 398 1418 παρὰ
428 1347 523 1400 τοῦ
552 1343 688 1398 Θεοῦ
714 1362 728 1407 ;
759 1362 776 1393 ι
814 1342 931 1404 ὲνδς
959 1335 1363 1411 είναιδὼσομεν
1394 1340 1489 1393 καὶ
1518 1338 1611 1391 τοῦ
1655 1337 1839 1403 αὑτοῦ,

242 1440 452 1500 ταύτας
476 1454 538 1489 τε
570 1433 833 1494 κάκείνας
859 1432 959 1495 τάς
986 1431 1170 1500 φωνάς
1192 1447 1206 1496 ;

319 1533 381 1585 Δ.
419 1532 565 1584 Πάνυ
594 1529 692 1599 μὲν
724 1523 839 1591 οὖν,
870 1525 1205 1596 μεμέρισται
1235 1524 1345 1593 γὰρ
1368 1522 1623 1595 οὐδαμῶς
1654 1524 1683 1577 6
1710 1524 1842 1593 Χρι-

246 1626 392 1687 στὸς,
416 1618 496 1686 εἷς
522 1622 579 1675 δὲ
608 1622 706 1674 καὶ
736 1620 899 1689 μόνος
929 1619 1025 1672 καὶ
1057 1617 1307 1687 ἀληθινὸς
1348 1617 1473 1679 Υἱὸς
1506 1616 1644 1687 πρὸς
1675 1615 1843 1668 ἀπάν-

243 1735 357 1771 των
388 1711 530 1769 εἶναι
568 1712 887 1767 πιστεύεται
921 1712 1029 1764 τῶν
1065 1708 1518 1783 προσκυνούντων
1552 1707 1733 1761 αὐτόν.
1778 1708 1841 1760 'H

246 1810 356 1880 γὰρ
389 1804 556 1860 εἰκὼν
594 1804 691 1859 τοῦ
748 1806 983 1875 ἀοράτου
1017 1802 1187 1869 Θεοῦ,
1236 1802 1296 1856 τὸ
1344 1800 1692 1871 ἀπαύγασμα
1742 1800 1843 1870 τῆς

243 1901 403 1971 δόξης
438 1900 540 1969 τῆς
591 1897 947 1960 ὑποστάσεως
982 1895 1077 1949 τοῦ
1128 1894 1343 1965 Πατρός
1371 1932 1386 1957 ,
1440 1895 1469 1947 6
1506 1893 1606 1963 τῆς
1651 1891 1843 1955 οὐσίας

244 1992 411 2050 αὑτοῦ
448 1993 761 2062 χαρακτὴρ,
796 1988 956 2043 ἔλαϐε
991 1987 1178 2041 δούλου
1213 1987 1450 2059 μορφὴν,
1484 1986 1585 2056 οὐχ
1629 1986 1705 2048 ὡς
1746 1985 1843 2039 άν-

246 2086 467 2159 θρωπον
514 2082 693 2153 ἑαυτῷ
744 2081 1022 2151 συνάψας,
1053 2080 1197 2135 καθά
1250 2096 1437 2149 φασιν,
1484 2082 1543 2132 ὲν
1597 2078 1735 2148 αὐτῇ
1787 2076 1843 2129 δὲ

249 2179 453 2250 μᾶλλον
479 2177 641 2240 αὐτὸς
690 2174 952 2244 γεγονὼς,
990 2174 1317 2245 μεμενηκὼς
1347 2174 1404 2227 δὲ
1436 2172 1531 2226 καὶ
1583 2170 1757 2234 οὕτως
1786 2171 1845 2224 ἑν

244 2270 509 2341 ὁμοιώσει
544 2273 610 2339 τῇ
648 2268 789 2339 πρὸς
816 2268 953 2321 Θεὸν
984 2269 1078 2322 καὶ
1101 2267 1342 2337 Πατέρα.
1376 2267 1629 2337 Γέγραφε
1658 2263 1789 2333 γοῦν
1818 2266 1846 2316 6

248 2364 523 2432 πάνσοφος
556 2361 789 2425 Παῦλος,
820 2360 902 2413 ὅτι
951 2379 969 2409 ι
1010 2358 1065 2412 Ὀ
1092 2358 1301 2424 Θεὸςςό
1331 2358 1501 2411 εἰπὼν
1526 2361 1588 2411 ὲκ
1622 2356 1845 2420 σκότους

247 2456 363 2523 ιεὼς
392 2453 634 2523 λάμψαι,
656 2453 718 2515 ὃς
744 2452 987 2522 ἔλαμψεν
1018 2452 1073 2503 ὲν
1099 2453 1219 2513 ταῖς
1247 2450 1497 2521 καρδίαις
1528 2448 1686 2519 ἡμῶν
1713 2448 1847 2520 “Pb;

248 2546 533 2617 φωτισμὸν
573 2544 675 2614 τῆς
712 2542 967 2614 γνώσεως
1014 2544 1111 2611 τῆς
1142 2542 1304 2614 δόξης
1350 2541 1516 2595 αὐτοῦ
1541 2581 1555 2605 ,
1590 2544 1647 2593 ὲν
1680 2555 1847 2610 προσ-

246 2641 384 2710 ώπῳ
418 2635 658 2710 Χριστοῦ
713 2634 909 2705 Ἰησοῦ.
938 2653 955 2686 ι
1001 2633 1194 2704 Ἀθρει
1230 2633 1341 2705 γάρ
1394 2633 1543 2696 ὅπως
1579 2633 1638 2685 ὲν
1673 2647 1844 2701 προσ-

247 2732 384 2802 ώπῳ
418 2727 660 2800 Χριστοῦ
691 2728 791 2797 τῆς
826 2726 977 2789 θείας
1004 2742 1065 2779 τε
1094 2725 1185 2779 καί
1220 2726 1538 2797 ἀπορρήτου
1567 2724 1723 2795 δόξης
1752 2724 1847 2777 τοῦ

248 2821 389 2878 Θεοῦ
420 2822 515 2875 καὶ
561 2819 777 2890 Πατρὸς
822 2820 851 2871 6
891 2818 1172 2889 φωτισμὺς
1210 2817 1552 2889 ἀναλάμπει.
1594 2815 1850 2869 Δείκνυσι

249 2916 360 2987 γάρ
392 2917 451 2968 ιν
478 2913 629 2984 αὐτῷ
661 2913 759 2983 τὴν
791 2912 885 2965 τοῦ
918 2911 1133 2981 Πατρὸς
1180 2910 1360 2975 δόξαν,
1393 2910 1573 2964 καίτοι
1609 2909 1849 2977 γεγονὼς

249 3008 537 3077 ἄνθρωπος
570 3008 598 3058 6
652 3004 987 3074 Μονογενής,
1019 3003 1198 3065 Μόνος
1228 3002 1338 3073 γάρ
1378 2996 1567 3065 οὗτος,
1610 3000 1705 3055 καὶ
1751 2999 1848 3069 οὐχ

250 3100 439 3166 ῑτερος
475 3097 712 3169 Χριστὸς
747 3099 951 3149 νοεῖται
986 3096 1081 3148 καὶ
1118 3092 1473 3165 ὀνομάζεται,
1510 3094 1681 3164 ἤγουν
1708 3092 1852 3145 διδα-

254 3193 496 3246 σκόντων
522 3192 671 3261 ἡμᾶς
698 3191 746 3243 οί
772 3188 1096 3252 διεναντίας,
1127 3187 1252 3240 τίνα
1290 3186 1493 3258 τρόπον
1524 3184 1735 3238 κατίδοι
1765 3201 1851 3245 τις

254 3284 322 3339 ἂν
350 3284 426 3347 ὡς
467 3284 524 3337 ὲν
564 3282 840 3355 ἀνθρώπῳ
884 3280 1049 3351 κοινῷ
1087 3281 1186 3349 τῆς
1225 3278 1377 3341 θείας
1427 3278 1584 3347 δόξης
1608 3276 1698 3330 τὸν
1737 3294 1850 3345 φωο

253 3376 470 3446 τισμδν,
503 3376 671 3443 ἤγουν
701 3376 802 3445 τὴν
834 3373 1167 3439 ὲπίγνωσιν;
1204 3372 1279 3425 Οὐ
1316 3372 1426 3441 γάρ
1469 3372 1526 3423 ὲν
1559 3367 1853 3440 ἀνθρώπου

260 3468 443 3536 μορφῇ
489 3464 621 3518 Θεὸν
671 3462 939 3532 ὀψόμεθα,
973 3461 1114 3533 πλὴν
1155 3461 1213 3513 ὲν
1239 3460 1388 3531 μόνῳ
1439 3459 1517 3530 τῷ
1557 3458 1680 3512 καθ’
1707 3459 1855 3529 ἡμᾶς

257 3560 508 3626 γεγονότι
540 3557 636 3610 καὶ
680 3556 1165 3627 ὲνανθρωπήσαντι
1209 3552 1388 3622 Λόγῳ,
1428 3551 1763 3623 μεμενηκότι
1800 3550 1857 3603 δὲ

259 3652 353 3703 καὶ
393 3648 539 3702 οὕτω
565 3648 811 3716 φύσειτε
860 3647 955 3700 καὶ
999 3644 1217 3716 ἀληθῶς
1263 3643 1398 3715 Υίῷ,
1440 3642 1766 3715 παραδόξως
1788 3635 1858 3710 ἦν

260 3743 356 3795 καὶ
386 3740 548 3795 τοῦτο
579 3741 734 3803 ἰδεῖν,
769 3739 906 3793 καθὸ
949 3739 1154 3791 νοεῖται
1187 3736 1342 3799 Θεός.
1380 3736 1492 3788 Ka‘t
1519 3732 1650 3801 γοῦν
1690 3734 1717 3785 6
1745 3731 1858 3784 τῶν

261 3833 428 3888 αὑτοῦ
464 3832 779 3902 μυστηρίων
809 3830 1035 3899 ταμίας,
1065 3826 1303 3900 Χριστὸν
1341 3824 1549 3897 Ἰησοῦν
1582 3824 1859 3895 ὀνομάσας

262 3922 448 3988 αὐτὸν,
503 3922 579 3985 ὡς
632 3920 755 3974 καθ’
784 3921 928 3991 ἡμᾶς
977 3918 1241 3987 γεγονότα
1277 3918 1371 3971 καὶ
1408 3915 1857 3988 σεσαρκωμένον,

262 4006 406 4065 οἶδεν
448 4010 579 4064 ὅντα
623 4010 765 4080 μετά
791 4008 899 4069 τοῦ⁹
942 4009 1103 4079 φύσει
1161 4025 1222 4061 τε
1279 4008 1372 4061 καὶ
1413 4007 1644 4078 ἀληθείᾳ
1683 4006 1856 4061 Θεόν’

265 4103 471 4175 γράφει
502 4103 611 4173 γὰρ
646 4101 764 4155 ὡδί·
816 4122 833 4153 ι
878 4100 1299 4173 Τολμηρότερον
1351 4098 1409 4153 δὲ
1454 4099 1673 4171 ἔγραψα
1733 4099 1863 4171 ὑμῖν

267 4196 379 4249 ἀπὸ
411 4196 634 4265 μέρους.
657 4195 732 4255 ὡς
761 4194 1273 4263 ἐπαναμιμνήσκων
1302 4191 1445 4262 ὑμᾶς
1474 4191 1563 4243 διὰ
1583 4192 1681 4262 τὴν
1703 4192 1864 4262 χάριν

268 4287 366 4358 τὴν
390 4286 640 4339 δοθεῖσάν
675 4303 766 4355 μοι
792 4285 900 4339 ὑπὸ
927 4283 1024 4337 τοῦ
1046 4281 1203 4348 Θεοῦ,
1245 4284 1325 4345 είς
1354 4283 1415 4335 τὸ
1442 4276 1584 4335 εἷναί
1616 4299 1685 4351 με
1747 4282 1862 4334 λει-

269 4381 502 4453 τουργὸν
534 4379 772 4450 Χριστοῦ
808 4377 985 4449 Ἰησοῦ
1018 4380 1096 4440 εἰς
1132 4377 1199 4430 τὰ
1225 4374 1773 4448 ἔθνη,ίερουργοῦντα
1805 4374 1865 4429 τὺ

270 4472 607 4541 Εὑαγγέλιον
629 4470 723 4525 τοῦ
754 4471 912 4525 Θεοῦ.
950 4489 967 4521 ι
1003 4467 1346 4540 Προφητεύει
1373 4467 1429 4521 δὲ
1460 4469 1555 4523 καὶ
1587 4468 1865 4539 Ζαχαρίας

269 4567 349 4637 τῷ
388 4566 576 4636 οἰκείῳ
607 4565 778 4626 παιδί,
814 4564 959 4635 φημὶ
990 4564 1076 4633 δὴ,
1119 4562 1198 4633 τῷ
1228 4562 1534 4633 Βαπτιστῇ’
1580 4580 1599 4613 ι
1637 4563 1748 4616 Καὶ
1774 4562 1863 4627 σὺ,

1945 714 2149 760 vestem
2203 718 2376 759 meam
2442 703 2707 758 miserunt
2749 713 2954 757 sortem
2983 700 3050 759 ”.
3087 718 3106 752 ι
3168 698 3235 754 Ει
3269 716 3487 755 rursum
3522 718 3535 755 :

1949 814 1967 847 ι
2002 796 2204 851 Omnes
2252 796 2498 850 videntes
2522 809 2607 849 me
2655 794 2967 848 deriserunt
3023 808 3109 849 me
3150 808 3169 859 ;
3227 791 3390 847 locuti
3416 803 3537 847 sunt

1945 886 2123 949 labiis,
2146 897 2201 940 et
2230 896 2515 943 moverunt
2539 895 2702 957 caput
2729 886 2798 940 “.
2837 904 2856 937 ι

2014 980 2075 1036 Β.
2105 979 2247 1048 Ergo
2277 980 2490 1035 etiamsi
2522 978 2667 1034 dicat
2700 998 2712 1034 :
2752 996 2771 1031 ι
2811 978 2912 1045 Qui
2971 976 3107 1032 vidit
3159 991 3266 1039 me,
3322 978 3449 1032 vidit
3486 988 3538 1029 et

1945 1071 2161 1128 Patrem
2190 1072 2272 1124 ’δε
2321 1086 2421 1141 ego
2477 1079 2531 1127 et
2577 1071 2741 1126 Pater
2798 1085 2964 1124 unum
3020 1084 3208 1126 sumus
3237 1069 3283 1101 “
3312 1087 3327 1136 ;
3360 1088 3380 1122 ι
3404 1085 3539 1139 prae-

1946 1174 2094 1219 terea
2150 1164 2213 1227 ad
2248 1162 2501 1218 Iuda-os:
2535 1183 2553 1215 ι
2589 1164 2727 1230 Quid
2778 1178 2864 1218 me
2912 1161 3155 1233 quaeritis
3208 1162 3540 1223 interﬁcere,

1946 1258 2218 1311 hominem
2260 1256 2676 1324 qui'veritatem
2711 1254 2925 1309 loeutus
2973 1269 3093 1308 sum
3146 1254 3320 1319 vobis,
3376 1269 3541 1323 quam

1945 1348 2122 1401 audivi
2149 1363 2178 1401 a
2220 1347 2329 1401 Deo
2361 1345 2405 1377 "
2437 1347 2461 1400 ?
2498 1364 2516 1398 ι
2572 1345 2733 1401 unius
2791 1356 2953 1415 atque
3002 1345 3245 1415 ejusdem
3298 1348 3541 1401 dicemus
3596 1406 3599 1407 ν

1943 1454 2067 1495 esse
2095 1442 2195 1494 has
2224 1455 2386 1494 voces
2407 1448 2463 1494 et
2491 1437 2654 1493 illas?

2016 1531 2081 1583 A.
2116 1529 2391 1585 Omnino:
2426 1527 2573 1582 nulla
2615 1529 2761 1583 enim
2796 1528 3009 1585 ratione
3042 1527 3248 1583 divisus
3279 1537 3362 1582 est
3385 1526 3539 1581 Chri.

1945 1632 2061 1677 stus
2092 1621 2161 1676 ⁸⁸.
2213 1620 2367 1677 Unus
2404 1635 2535 1677 vero
2580 1634 2643 1676 ac
2687 1622 2838 1676 solus
2895 1629 2949 1676 et
3007 1636 3169 1676 verus
3211 1619 3379 1674 Filius
3425 1634 3543 1673 esse

1946 1713 2186 1769 creditur
2241 1713 2308 1768 ab
2371 1713 2624 1768 omnibus
2675 1714 2768 1784 qui
2832 1714 3007 1783 ipsum
3062 1712 3312 1768 adorant.
3364 1712 3545 1781 Imago

1945 1806 2089 1859 enim
2142 1806 2430 1862 invisibilis
2479 1806 2599 1870 Dei,
2678 1806 2937 1876 splendor
2990 1805 3175 1877 gloria:
3225 1806 3547 1861 substantiae

1947 1897 2127 1953 Patris
2154 1896 2222 1963 ”,
2253 1899 2617 1968 essentimque
2670 1898 2841 1968 ipsius
2881 1898 3184 1959 character.
3239 1898 3380 1953 servi
3436 1896 3547 1951 l'or-

1952 2007 2094 2047 mam
2129 1991 2339 2060 occepit
2370 1991 2417 2023 "
2446 2009 2459 2045 :
2497 2005 2605 2045 non
2641 2001 2701 2045 ut
2742 1990 3020 2045 hominem
3052 1988 3155 2045 sibi
3187 1990 3543 2058 conjungens,

1952 2083 2405 2152 quemadmodum
2445 2083 2533 2138 isti
2573 2082 2789 2148 volunt,
2841 2082 2936 2139 sed
2962 2081 3014 2137 in
3071 2081 3157 2136 illa
3210 2082 3403 2151 potius
3434 2081 3549 2150 ipse

1953 2174 2130 2231 lactus
2168 2194 2183 2243 ;
2216 2175 2629 2232 similitudinem
2689 2176 2910 2232 interim
2957 2190 3080 2230 cum
3131 2172 3297 2229 Patre
3354 2174 3549 2227 nihilo-

1954 2269 2135 2324 minus
2163 2269 2424 2324 retinens.
2453 2266 2619 2340 759
2650 2266 2879 2339 Scripsit
2913 2266 3096 2337 itaque
3113 2265 3549 2337 sapientissimus

1956 2362 2175 2428 Paulus,
2256 2361 2513 2431 quoniam
2572 2380 2591 2414 ς
2652 2360 2796 2416 Deus
2860 2358 2952 2429 qui
3006 2358 3141 2413 dixit
3193 2358 3265 2412 de
3313 2355 3553 2411 tenebris

1956 2454 2132 2510 lucem
2162 2454 2569 2525 splendescere,
2607 2450 2723 2522 ipse
2748 2452 2927 2506 illuxit
2958 2451 3010 2504 in
3044 2449 3302 2505 cordibus
3348 2447 3553 2501 nostris

1957 2547 2505 2603 adillnminationem
2564 2545 2810 2601 scientiie
2842 2542 3115 2599 claritatis
3164 2541 3256 2596 Dei
3314 2540 3367 2594 in
3416 2539 3555 2594 facie

1956 2638 2157 2713 Qhristi
2198 2635 2323 2693 Jesu
2364 2638 2431 2691 ".
2481 2654 2499 2688 ι
2533 2633 2670 2691 Vide
2695 2635 2862 2701 enim,
2893 2648 3002 2704 quo
3034 2641 3192 2700 pacto
3226 2630 3276 2685 in
3321 2645 3555 2700 persona

1957 2729 2161 2785 Christi
2193 2728 2432 2783 divinum
2460 2737 2624 2798 atque
2646 2723 2919 2781 ineii‘abile
2944 2723 3131 2795 gloriae
3155 2720 3249 2776 Dei
3286 2735 3348 2775 ac
3371 2719 3554 2774 Patris

1959 2822 2138 2874 lumen
2187 2819 2548 2888 resplendeat.
2580 2816 2833 2873 Ostendit
2864 2816 3009 2872 enim
3053 2815 3103 2868 in
3128 2814 3312 2881 seipse
3352 2812 3554 2881 Unigc-

1959 2914 2104 2968 nitus
2135 2911 2313 2967 Patris
2344 2911 2595 2981 gloriam,
2619 2910 2833 2965 tametsi
2870 2907 3058 2962 lactus.
3076 2906 3149 2961 sit
3187 2906 3368 2960 homo.
3393 2903 3555 2958 Solus

1962 3021 2196 3071 namque
2224 3005 2333 3071 hic,
2360 3015 2413 3058 et
2439 3019 2544 3056 non
2579 3002 2717 3057 alius
2738 3001 2989 3057 Christus
3027 3007 3283 3055 censetur
3304 3006 3361 3051 et
3394 3012 3554 3050 turn-

1963 3108 2068 3151 tur.
2130 3098 2239 3151 Aut
2280 3096 2484 3166 alioqui
2518 3096 2751 3150 doceant
2779 3091 3083 3147 adversarii
3115 3087 3387 3160 quomodo
3437 3086 3559 3155 quis

1962 3189 2014 3243 in
2068 3189 2275 3259 vulgari
2344 3189 2527 3257 aliquo
2592 3189 2813 3242 homine
2857 3198 3085 3241 cernere
3140 3183 3312 3252 possit
3362 3182 3558 3235 ditium

1961 3282 2147 3351 gloria:
2184 3281 2387 3343 lumen,
2416 3282 2533 3335 sive
2579 3280 2827 3334 notitiam
2864 3278 2886 3331 ?
2927 3276 3114 3346 Neque
3163 3276 3307 3329 enim
3360 3274 3413 3327 in
3460 3274 3557 3327 ho-

1960 3374 2124 3429 minis
2156 3374 2325 3427 l'urma
2363 3374 2529 3428 Deum
2567 3386 2878 3435 cernemus,
2916 3381 3279 3440 prmterqnam
3335 3368 3388 3420 in
3442 3366 3561 3420 solo

1964 3464 2142 3519 Verbo
2174 3465 2345 3519 nostri
2378 3463 2543 3519 simili
2595 3463 2761 3530 l'acto,
2822 3471 2988 3531 atque
3042 3461 3327 3514 iucarnato
3366 3474 3381 3521 ;
3419 3458 3564 3523 quod

1963 3568 2146 3613 tamen
2195 3559 2358 3612 etiam
2422 3554 2524 3611 hoc
2572 3564 2733 3627 pacto
2781 3553 3082 3625 permansit
3128 3552 3454 3607 naturaliter
3498 3568 3563 3606 ac

1962 3664 2089 3704 vere
2122 3646 2315 3714 Filius,
2342 3648 2741 3705 admirabiliter
2781 3647 2834 3701 id
2874 3647 3076 3699 factum
3124 3645 3390 3707 videmus,
3428 3660 3563 3712 qua-

1964 3751 2123 3797 tenus
2149 3751 2233 3795 est
2264 3740 2428 3795 Deus.
2450 3738 2657 3794 Idcirco
2683 3747 2739 3793 et
2788 3736 3011 3803 Paulus,
3073 3736 3347 3791 Christqu
3375 3730 3564 3786 Jesutn

1964 3836 2139 3904 ipsum
2198 3833 2509 3899 nominans,
2576 3840 2639 3885 ut
2679 3833 2851 3886 nostri
2901 3830 3134 3886 similem
3167 3828 3365 3882 factum
3402 3834 3568 3894 atque

1966 3928 2332 3991 incarnatum,
2391 3926 2597 3995 Optime
2656 3922 2923 3979 intellexit
2969 3924 3144 3994 ipsum
3225 3918 3387 3975 simul
3444 3931 3569 3971 esse

1966 4019 2289 4076 naturaliter
2318 4033 2382 4072 ac
2434 4032 2565 4072 vere
2593 4015 2782 4071 Deum.
2827 4015 2902 4070 lta
2952 4016 3096 4071 enim
3128 4013 3353 4069 scribit:
3394 4029 3411 4063 ι
3455 4010 3565 4063 Au-

1965 4113 2156 4167 dacius
2216 4120 2395 4164 autem
2451 4110 2646 4179 scripsi
2691 4108 2847 4164 vobis
2890 4122 2953 4163 ex
3008 4116 3180 4175 parte.
3217 4116 3474 4175 tanquam
3510 4105 3567 4157 in

1968 4204 2289 4259 memoriam
2327 4218 2426 4258 vos
2446 4203 2735 4267 reducens,
2765 4212 2988 4273 propter
3015 4200 3247 4271 gratiam
3278 4212 3400 4268 qua:
3432 4195 3568 4250 mihi

1968 4296 2091 4351 data
2121 4304 2205 4351 est
2234 4310 2265 4350 a
2310 4294 2461 4349 Deo:
2509 4302 2568 4347 ut
2619 4294 2723 4349 sim
2778 4293 3028 4348 minister
3078 4290 3280 4347 Christi
3324 4286 3449 4343 Jesn
3513 4287 3566 4340 in

1968 4388 2221 4459 gentibus
2256 4405 2271 4454 ;
2323 4386 2673 4441 sanctiﬁcans
2715 4384 3069 4453 Evangelium
3107 4382 3201 4439 Dei
3233 4383 3299 4437 ".
3337 4401 3355 4436 ι
3391 4380 3568 4449 Quin-

1968 4480 2131 4533 etiam
2152 4476 2449 4532 Zacharias
2469 4476 2578 4531 lilio
2594 4491 2695 4531 suo
2719 4475 3029 4545 prophetat,
3049 4473 3304 4545 Baptistae
3324 4472 3567 4543 inquam,

1976 4586 1995 4621 ι
2036 4569 2104 4623 Ει
2139 4578 2193 4623 tu
2220 4584 2375 4639 puer,
2401 4568 2665 4639 propheta
2698 4566 2966 4623 Altissimi
2997 4564 3302 4621 vocaberis.
3342 4563 3569 4618 Prmibis

274 4661 512 4725 παιδίον,
554 4659 843 4731 προφήτης
886 4657 1143 4727 Ὑψίστου
1196 4656 1463 4728 κληθήσῃ·
1508 4655 1853 4727 προπορεύστ

1974 4661 2119 4715 enim
2146 4668 2275 4715 ante
2296 4660 2490 4715 faciem
2516 4658 2758 4724 Domini,
2781 4659 2848 4712 ad
2868 4658 3283 4729 prmparandum
3309 4656 3570 4727 populum

274 4752 383 4824 γάρ
422 4752 527 4824 πρὸ
549 4749 845 4823 προσώπου
883 4750 1111 4821 Κυρίου,
1156 4748 1442 4820 ἑτοιμάσαι
1467 4748 1597 4801 λαὸν
1631 4748 1804 4819 αὐτῷ.
1843 4766 1862 4799 ι

275 4843 410 4901 Εἶτα
438 4844 529 4898 τὸν
561 4844 827 4913 ’Ύψιστόν
850 4859 908 4895 τε
940 4844 1036 4895 καὶ
1054 4841 1259 4911 Κύριον
1290 4844 1317 4894 6
1339 4841 1625 4905 θεσπέσιος
1658 4841 1868 4893 Βαπτι-

276 4941 409 5012 στὴς
442 4936 759 4992 κατεδείκνυ
805 4937 1000 5004 λέγων·
1034 4955 1052 4987 ι
1082 4937 1188 4989 Ἴδε
1215 4938 1244 4990 6
1278 4935 1473 5005 Ἀμνὸς
1511 4935 1606 4987 τοῦ
1645 4934 1804 4996 Θεοῦ,
1845 4934 1872 4987 6

276 5034 448 5103 αἴρων
481 5031 580 5103 τὴν
620 5029 896 5102 ἁμαρτίαν
912 5029 1006 5082 τοῦ
1039 5028 1268 5099 κόσμου.
1294 5020 1465 5092 Οὗτός
1516 5030 1629 5081 ἐστι
1661 5028 1789 5097 περὶ
1813 5020 1874 5077 οἶ)

278 5123 393 5193 ἐγὼ
419 5118 589 5176 εἷπον·
627 5122 837 5176 Ὀπίσω
870 5138 972 5192 μου
996 5120 1215 5194 ἔρχεται
1262 5121 1403 5192 ἀνὴρ
1454 5120 1513 5184 ὃς
1560 5117 1871 5191 ἔμπροσθέν

282 5232 386 5284 μου
413 5213 655 5281 γέγονεν,
679 5214 761 5266 ὅτι
788 5210 1005 5284 πρῶτός
1040 5228 1142 5281 μου
1164 5206 1251 5281 ἦν.
1277 5230 1294 5263 ι
1319 5207 1444 5282 'Ap'
1474 5204 1567 5264 οῦν
1601 5209 1873 5265 ἐνδοιάσαι

281 5307 461 5375 Θέμις,
489 5304 563 5368 ὼς
594 5299 675 5368 εἷς
711 5304 807 5359 καὶ
858 5304 1018 5374 μόνος
1058 5303 1151 5356 καὶ
1180 5303 1402 5375 ἀληθῶς
1447 5304 1574 5365 Υἱὸς
1606 5303 1689 5374 εἴη
1742 5303 1809 5355 ἂν
1845 5302 1875 5353 6

281 5400 344 5451 ὲκ
373 5394 508 5449 Θεοῦ
574 5395 785 5466 Πατρὸς
834 5396 1008 5463 Λόγος
1058 5394 1197 5465 μετά
1236 5395 1333 5465 τῆς
1386 5394 1682 5464 ἐνωθείσης
1725 5394 1875 5465 αὐτῷ

284 5490 507 5561 σαρκὸς,
533 5490 628 5541 καὶ
656 5488 757 5541 οὐκ
788 5488 998 5558 ἀψύχου
1026 5484 1226 5557 μᾶλλον
1254 5488 1395 5542 κατά
1418 5505 1588 5552 τινας,
1617 5486 1692 5549 ὡς
1715 5487 1877 5557 ἔφην,

282 5581 644 5652 ἐψυχωμένης
673 5581 729 5635 δὲ
766 5580 991 5651 νπρῶς,
1024 5579 1120 5634 καὶ
1157 5579 1216 5633 ἓν
1254 5580 1351 5633 σῦν
1394 5580 1533 5650 αὐτῇ
1589 5578 1879 5649 πρόσωπον

288 5672 540 5743 πανταχῆ
570 5690 584 5738 ;

362 5877 407 5905 υ
441 5875 577 5929 Psal.
610 5893 721 5943 xu,
751 5877 832 5932 ιτ),

291 5948 334 5975 ¹⁹
378 5947 537 6001 Πιτίπ.
578 5966 613 6009 ι,
647 5948 697 5999 7-.

952 5877 997 5906 ’λ
1028 5876 1155 5929 ibid.
1184 5878 1237 5929 8.
1334 5876 1377 5906 ⁸⁵
1411 5874 1565 5929 Joau.
1609 5889 1717 5935 iur,
1774 5878 1824 5928 ει.

1937 5874 1980 5906 ⁸⁸
2012 5872 2169 5928 Junii.
2202 5891 2250 5937 λ,
2279 5875 2365 5924 3".

778 5951 820 5979 ν’
854 5947 1081 6011 l'hilipp.
1118 5960 1176 6007 ll,
1209 5947 1258 5998 7.
1333 5950 1371 5979 ’⁸
1406 5945 1442 6001 ΙΙ
1474 5947 1597 6001 Cor.
1632 5960 1703 6013 ιγ,
1740 5946 1789 5995 ﬁ.
1866 5948 1909 5979 θ’
1940 5944 2111 6001 ‘Rmu.
2150 5964 2235 6012 μ,
2280 5947 2358 6005 l3.
2410 5946 2490 5999 lli.

1972 4753 2143 4822 ipsius
2168 4751 2236 4810 ".
2278 4770 2296 4805 ι
2323 4752 2529 4807 Deinde
2579 4753 2801 4807 divinus
2830 4750 3098 4822 Baptista,
3154 4750 3492 4803 Altissimum
3518 4758 3575 4802 et

1973 4846 2261 4901 Dominum
2307 4846 2668 4910 demonstrat,
2694 4846 2925 4901 dicens:
2964 4864 2982 4898 ι
3023 4846 3164 4902 Ecce
3215 4846 3401 4916 Agnus
3454 4842 3568 4907 Dei,

1975 4940 2065 5009 qui
2108 4939 2245 4993 tollit
2283 4948 2505 5008 peccata
2539 4936 2747 4993 mundi.
2786 4936 2885 4992 Hic
2930 4937 3104 4991 estde
3133 4951 3242 5005 quo
3266 4934 3381 4989 dixi
3409 4933 3579 4989 εΡοει

1977 5047 2063 5085 me
2108 5031 2255 5085 venit
2300 5031 2404 5094 vir,
2454 5029 2548 5099 qui
2596 5038 2721 5086 ante
2777 5044 2864 5084 me
2904 5030 3080 5083 lactus
3107 5039 3209 5091 est,
3257 5030 3382 5096 quia
3426 5029 3575 5095 prior

1978 5141 2065 5180 me
2094 5134 2214 5179 erat
2242 5124 2309 5177 ".
2344 5142 2361 5175 ι
2387 5124 2565 5180 Fasne
2588 5124 2752 5194 igitur
2784 5122 2945 5178 fuerit
2971 5123 3238 5189 dubitare,
3263 5123 3404 5189 quod
3436 5138 3575 5175 unus

1976 5228 2033 5274 et
2061 5216 2209 5273 solus
2240 5232 2301 5271 ac
2324 5232 2449 5271 vere
2474 5219 2544 5271 sit
2575 5216 2767 5280 Filius,
2834 5215 3072 5270 Verbum
3122 5230 3186 5269 ex
3249 5216 3359 5269 Deo
3414 5213 3576 5269 Pner

1979 5328 2103 5366 cum
2134 5310 2280 5364 unita
2315 5310 2414 5365 sibi
2448 5325 2632 5375 carne,
2664 5326 2768 5365 non
2818 5310 2907 5364 illa
2948 5311 3242 5364 inanimato
3273 5309 3574 5363 secundum

1983 5406 2291 5469 nonnullos,
2326 5406 2541 5470 utdixi,
2590 5406 2682 5460 sed
2722 5405 2903 5460 anima
2964 5405 3299 5475 intelligente
3327 5403 3576 5473 praedita,

1983 5513 2199 5568 unaque
2226 5515 2450 5569 prorsus
2484 5515 2607 5553 cum
2642 5499 2760 5568 ipso
2787 5513 3018 5568 persona
3056 5499 3078 5550 ?

2480 5872 2701 5926 ".loan.
2739 5890 2855 5931 int.
2909 5874 2988 5923 ιο.
3099 5870 3337 5926 "lCur.
3394 5887 3430 5929 ι.
3500 5872 3583 5925 l3.

2574 5948 2617 5976 ³³
2647 5946 2775 6001 Luc.
2813 5965 2848 6011 l,
2895 5946 2977 5998 7U.
3011 5948 3051 5971 "
3088 5944 3239 5998 Jnun.
3281 5960 3315 6006 ι,
3379 5944 3469 6007 “19,
3494 5942 3563 5997 λυ
