4006 6438
230 451 250 506 Ι
263 452 372 508 337

1366 457 1555 526 QUOD
1596 456 1785 515 UNUS
1826 452 1935 511 SIT
1972 455 2347 518 CHRISTUS.

3387 461 3524 520 £338

225 570 291 623 τὸ
319 570 493 642 δνομά
519 589 608 625 σου
630 573 742 637 τοῖς
774 572 1018 642 ἀδελφοῖς
1052 591 1173 645 μου.
1204 575 1315 629 Καὶ
1338 577 1531 629 πάλιν·
1563 577 1694 630 Ἰδοὺ
1722 572 1826 645 ἐγὼ

1940 585 2090 631 tuum
2131 577 2394 634 fratribus
2436 578 2591 634 meis.
2619 577 2688 632 Et
2729 577 2928 634 iterum
2962 597 2975 633 :
3001 575 3142 635 Ecce
3170 593 3269 648 ego
3289 588 3341 633 et
3371 580 3522 648 pueri

229 666 330 717 καὶ
373 664 442 718 τὰ
483 665 692 729 παιδία,
731 663 768 717 ἀ
805 683 894 735 μοι
931 665 1132 720 ἔδωκεν
1175 669 1203 720 ὁ
1238 666 1564 729 Θεός.Ἕπεὶ
1611 663 1705 721 οὖν
1759 667 1824 721 τὰ

230 754 423 809 παιδία
457 754 852 826 κεκοινώνηκεν
873 757 1103 827 αἵματος
1135 759 1227 811 καὶ
1265 759 1489 829 σαρκὸς,
1528 759 1625 812 καλ⁵
1663 759 1823 822 αὐτὸς

231 847 632 918 παραπλησίως
659 849 886 920 μετέσχε
908 851 1016 904 τῶν
1039 849 1238 914 αὐτῶν,
1259 850 1344 902 ἵνα
1366 849 1454 902 διὰ
1475 850 1566 902 τοῦ
1591 849 1823 903 θανάτου

199 977 202 980 -
231 941 562 1012 καταργήσῃ
602 940 695 994 τὸν
720 941 782 994 τὸ
807 941 1007 1010 κράτος
1037 941 1228 1012 ἔχοντα
1256 942 1352 994 τοῦ
1385 941 1642 1004 θανάτου,
1668 957 1819 993 τουτ-

229 1032 371 1095 έστι,
400 1031 489 1083 τὸν
517 1031 786 1099 διάϐολον,
814 1035 909 1087 καὶ
940 1035 1228 1105 ἀπαλλάξῃ
1259 1034 1507 1098 τούτους,
1538 1035 1652 1088 ὅσοι
1674 1033 1826 1104 φόϐῳ

231 1125 468 1178 θανάτου
507 1124 596 1178 διὰ
633 1127 829 1189 παντὸς
873 1127 964 1178 τοῦ
1007 1126 1110 1197 ζῇν
1155 1127 1331 1197 ἔνοχοι
1367 1124 1510 1198 ἦσαν
1555 1125 1820 1188 δουλείας.

231 1217 310 1270 Οὐ
347 1217 454 1288 γὰρ
487 1217 662 1289 δήπου
701 1219 949 1287 ἀγγέλων
988 1219 1442 1290 ἐπιλαμϐάνεται,
1482 1219 1619 1272 ἀλλὰ
1659 1218 1824 1288 σπέρ-

234 1323 407 1378 ματος
440 1309 692 1379 Ἀδραάμ
743 1310 1196 1380 ἐπιλαμϐάνεται.
1223 1311 1390 1364 Ὅθεν
1439 1309 1641 1380 ὤφειλε
1685 1309 1826 1363 κατά

233 1399 416 1453 πάντα
457 1403 571 1464 τοῖς
611 1401 860 1470 ἀδελφοῖς
904 1402 1262 1472 ὁμοιωθῆναι.
1296 1421 1313 1452 ι
1354 1401 1486 1454 ’ἰδοῦ
1535 1399 1662 1473 γὰρ,
1692 1399 1823 1465 ἰδοὺ,

231 1491 328 1544 καὶ
355 1493 500 1562 μάλα
539 1493 744 1562 σαφῶς,
772 1493 1114 1563 ἠλαττῶσθαι
1149 1494 1324 1561 λέγων
1348 1494 1510 1547 αὑτὸν
1533 1491 1684 1563 παρὰ
1703 1493 1827 1556 τοὺς

230 1583 502 1651 ἀγγέλους
543 1583 632 1636 διὰ
671 1584 733 1636 τὸ
773 1585 1006 1655 πάθημα
1043 1585 1136 1638 τοῦ
1174 1585 1431 1650 θανάτου,
1459 1582 1827 1652 κατεστέφθαι

232 1693 298 1744 γε
332 1677 436 1747 μὴν
461 1676 528 1728 δι’
557 1677 689 1730 αὐτὸ
719 1683 852 1749 τιμῇ
874 1694 932 1732 τε
959 1679 1053 1732 καὶ
1074 1678 1222 1750 δόξῃ,
1253 1677 1577 1748 καθίστησιν
1609 1676 1826 1746 ἐμφανῆ

231 1768 324 1820 τδν
372 1769 457 1836 ἐφ’
489 1761 534 1836 ᾧ
583 1772 817 1823 ποιεῖται
873 1770 1000 1833 τοὺς
1043 1769 1257 1838 λόγους,
1289 1771 1450 1841 δῆλον
1499 1769 1557 1822 δὲ
1604 1769 1685 1823 ὅτι
1735 1769 1828 1822 τὸν

228 1860 534 1931 Μονογενῆ.
567 1861 980 1932 Μετεσχηκέναι
1027 1863 1136 1934 γάρ
1191 1879 1356 1933 φησιν
1406 1862 1569 1914 αὑτὸν
1596 1860 1828 1931 αἵματος

227 1953 324 2005 καὶ
389 1953 592 2024 σαρκὸς
645 1954 1042 2026 παραπλησίως
1087 1957 1240 2027 ἡμῖν,
1290 1956 1386 2010 καὶ
1428 1955 1528 2010 οὐκ
1579 1951 1828 2022 ἀγγέλων

225 2043 586 2100 ιπιλαδέσθαι
648 2047 849 2117 μᾶλλον
874 2087 888 2111 ,
949 2047 1088 2102 ἀλλά
1163 2047 1482 2120 σπέρματος
1551 2047 1825 2120 Ἀϐραάμ.

229 2137 483 2206 Ἐπρεπε
533 2137 640 2210 γὰρ
688 2139 768 2210 τῷ
814 2138 934 2211 Θεῷ
973 2141 1068 2194 καὶ
1103 2141 1303 2212 Πατρὶ,
1330 2139 1399 2192 δι’
1425 2139 1486 2194 ὃν
1521 2139 1592 2193 τὰ
1623 2139 1827 2205 πάντα,

223 2228 321 2280 καὶ
355 2229 424 2281 δι’
454 2223 516 2283 οὗ
548 2229 617 2283 τὰ
643 2231 842 2294 πάντα,
880 2231 1218 2302 καθιγμένον
1246 2234 1326 2297 εἰς
1359 2234 1593 2286 κένωσιν
1622 2231 1718 2285 καλ⁵
1746 2231 1833 2282 ἑν·-

221 2319 671 2394 ανθρωπήσαντα
702 2323 792 2376 τὸν
820 2323 970 2389 Υἰὸν,
998 2323 1075 2388 ὡς
1104 2325 1202 2396 τὴν
1231 2325 1326 2378 τοῦ
1355 2324 1547 2379 δούλου
1593 2323 1830 2378 λαϐόντα

225 2415 470 2487 μορφὴν,
523 2414 810 2470 τελειῶσαι
861 2416 950 2469 διὰ
998 2416 1361 2486 παθημάτων,
1412 2417 1512 2488 τῆς
1569 2417 1830 2471 ἁπάντων

221 2506 376 2576 ζωῆς
403 2506 722 2578 ἀντίλυτρον
743 2509 855 2579 τὴν
892 2508 1030 2562 ἰδίαν
1051 2508 1200 2579 αὐτῷ
1233 2507 1597 2579 καθιεροῦντα
1627 2509 1825 2580 σάρκα.

221 2600 462 2653 Τέθυται
484 2600 589 2670 γὰρ
612 2599 754 2671 ὑπὲρ
773 2599 933 2669 ἡμῶν
957 2601 985 2654 ὁ
1005 2600 1259 2672 Χριστὸς,
1279 2601 1340 2653 τὸ
1361 2601 1594 2671 ἄμωμον
1612 2601 1828 2672 ἱερεῖον,

221 2695 321 2747 καὶ
360 2695 461 2765 μιᾷ
491 2695 780 2766 προσφορᾷ
831 2695 1186 2748 τετελείωκεν
1219 2696 1300 2759 εἰς
1332 2696 1391 2748 τὸ
1423 2695 1671 2766 διηνεκὲς
1703 2698 1830 2760 τοὺς

224 2783 664 2854 ἀγιαζομένους,
721 2787 1056 2856 ἀναμορφῶν
1107 2789 1188 2851 εἰς
1242 2787 1303 2839 τὸ
1374 2788 1432 2838 ὲν
1481 2788 1681 2857 ἀρχαῖς
1729 2788 1830 2857 τὴν

224 2878 514 2949 ἀνθρώπου
549 2879 730 2948 φύσιν.
761 2897 778 2928 ι
809 2879 995 2932 Πάντα
1023 2879 1132 2949 γὰρ
1168 2882 1226 2932 ἐν
1266 2879 1416 2948 αὐτῷ
1439 2879 1627 2932 καινά.
1674 2879 1826 2932 ι”Οτι

222 2971 336 3042 γὰρ
375 2973 403 3024 ὁ
435 2970 566 3034 Θεὸς
609 2971 706 3024 καὶ
741 2971 931 3043 Πατὴρ
957 2971 1189 3025 δέδωκεν
1224 2972 1364 3044 ὑπὲρ
1394 2971 1552 3042 ἡμῶν
1577 2971 1669 3026 τὸν
1701 2972 1831 3026 ἴδιον

223 3065 378 3127 Υἰὸν,
404 3065 556 3117 οῦδὲν
582 3060 744 3136 ἦττον
771 3067 922 3135 ἡμᾶς
947 3064 1283 3118 πιστώσεται
1317 3066 1545 3135 γράφων
1577 3067 1604 3120 ὁ
1633 3065 1834 3118 πάνσο-

223 3173 325 3224 φος
369 3156 580 3219 Παῦλος
623 3159 751 3228 περὶ
791 3157 979 3210 αὑτοῦ·
1017 3157 1150 3221 «Ὃς
1177 3175 1239 3227 γε
1271 3158 1362 3210 τοῦ
1403 3158 1536 3210 ἰδίου
1571 3157 1703 3210 Υίοῦ
1730 3158 1831 3210 οὐκ

1925 671 2054 734 mei,
2080 685 2216 738 quos
2233 671 2383 726 dedit
2401 671 2534 726 mibi
2560 669 2722 726 Dens.
2739 669 2876 738 Quia
2892 685 3024 740 ergo
3048 671 3199 740 pueri
3222 673 3528 728 communi-

1925 771 2183 816 caverunt
2205 762 2354 817 carni
2377 771 2434 816 et
2450 761 2797 833 sanguini,et
2819 763 2934 831 ipse
2955 761 3212 817 similiter
3229 763 3525 833 participa-

1927 853 2003 906 vit
2018 853 2246 917 eisdem,
2266 864 2325 907 ut
2347 868 2445 923 per
2464 865 2694 908 mortem
2713 852 3022 909 destrueret
3038 867 3160 907 eum
3182 854 3272 922 qui
3293 853 3529 909 habebat

1926 944 2122 998 mortis
2149 943 2458 1014 imperium,
2494 945 2546 999 id
2572 954 2677 1010 est,
2719 944 3014 1008 diabolum,
3046 953 3102 999 et
3143 944 3403 999 liberaret
3431 958 3528 1000 eos

1925 1036 2016 1105 qui
2049 1035 2244 1091 timore
2289 1037 2484 1092 mortis
2534 1052 2632 1107 per
2667 1046 2837 1093 totam
2891 1038 3058 1092 vitam
3107 1035 3324 1092 obnoxii
3370 1048 3532 1092 erant

1923 1126 2194 1184 servituti.
2246 1126 2525 1184 Nusouam
2572 1129 2719 1184 enim
2751 1129 2974 1199 angelos
3015 1128 3395 1199 apprehendit.
3434 1129 3527 1184 sed

1927 1232 2110 1273 semen
2143 1219 2377 1274 Abrahae
2407 1220 2782 1291 apprenendit.
2820 1220 2977 1276 Unde
3005 1221 3192 1276 debuit
3221 1236 3318 1289 per
3341 1221 3526 1274 omnia

1930 1309 2191 1366 fratribus
2213 1312 2502 1367 assimilari
2532 1313 2596 1367 ".
2635 1331 2653 1365 ι
2687 1311 2829 1368 Ecce
2860 1313 3031 1378 enim,
3057 1328 3209 1376 cccc,
3229 1324 3284 1368 et
3310 1313 3528 1382 quidem

1930 1402 2298 1471 apertissime,
2334 1418 2460 1458 cum
2493 1403 2646 1457 illum
2682 1403 2829 1458 dicat
2861 1405 3206 1458 imminutum
3232 1403 3300 1458 ab
3323 1403 3530 1472 angelis

1929 1503 2152 1561 propter
2194 1493 2505 1563 passionem
2542 1494 2755 1558 mortis,
2803 1502 2964 1562 atque
2987 1493 3060 1548 ob
3108 1493 3161 1547 id
3205 1503 3530 1548 coronatum

1929 1599 2051 1640 esse
2081 1587 2254 1653 gloria
2299 1595 2354 1641 et
2401 1585 2630 1654 honore,
2673 1586 2962 1641 manifeste
3001 1586 3146 1640 illum
3194 1585 3436 1640 ostendit
3466 1587 3534 1640 de

1929 1692 2039 1747 quo
2068 1679 2234 1732 verba
2281 1677 2433 1746 facit,
2478 1680 2737 1734 nimirum
2782 1678 3159 1751 Unigenitum.
3206 1677 3533 1746 Participent

1930 1771 2076 1824 enim
2104 1771 2305 1825 factum
2338 1784 2460 1826 esse
2487 1772 2565 1826 ait
2594 1773 2778 1828 carnis
2808 1779 2863 1825 et
2895 1769 3182 1840 sanguinis
3208 1769 3433 1838 perinde
3467 1782 3534 1824 ac

1933 1878 2064 1929 nus;
2126 1874 2183 1918 et
2249 1879 2355 1918 non
2414 1865 2639 1936 angelos
2693 1863 3138 1934 apprehendisse,
3188 1861 3283 1918 sed
3343 1877 3533 1918 semen

1932 1956 2184 2010 Abrabas.
2227 1956 2466 2012 Decebat
2519 1957 2665 2012 enim
2709 1956 2877 2011 Deum
2914 1971 2980 2011 ac
3033 1955 3274 2022 Patrem,
3311 1965 3534 2025 propter

1932 2064 2092 2119 quem
2133 2049 2340 2114 omnia,
2389 2059 2444 2105 et
2490 2064 2587 2120 per
2637 2063 2800 2120 quem
2843 2049 3051 2116 omnia,
3095 2048 3290 2105 Filium
3350 2063 3532 2112 suum,

1935 2139 2100 2213 764
2132 2139 2226 2210 qui
2267 2139 2699 2194 exinanitionetn
2736 2138 3002 2200 subierat,
3029 2147 3192 2207 atque
3220 2137 3539 2191 incarnatus

1931 2241 2071 2292 erat.
2099 2231 2271 2285 forma
2301 2229 2446 2284 servi
2474 2240 2721 2298 accepta,
2757 2242 3144 2284 consummare
3187 2243 3284 2298 per
3322 2225 3537 2298 passio-

1933 2340 2054 2389 nes,
2096 2331 2511 2380 consecrantem
2563 2333 2727 2392 atque
2781 2320 3105 2376 offerentem
3161 2334 3315 2374 suam
3365 2317 3538 2386 ipsius

1933 2431 2152 2473 carnem
2187 2416 2239 2470 in
2268 2415 2500 2484 pretium
2532 2413 2920 2481 redemptionis
2955 2412 3079 2464 vitae
3120 2410 3387 2463 omnium.
3425 2407 3538 2462 lm-

1933 2511 2164 2564 mulatus
2193 2509 2339 2564 enim
2390 2515 2474 2560 est
2517 2521 2616 2575 pro
2667 2505 2826 2559 nobis
2873 2503 3128 2560 Christus
3182 2499 3538 2555 immaculata

1935 2605 2135 2666 hostia,
2165 2613 2329 2671 atque
2360 2601 2517 2654 unica
2541 2599 2823 2654 oblatione
2852 2597 3253 2652 consummavit
3285 2594 3337 2648 in
3374 2603 3538 2646 teter-

1933 2711 2064 2750 num
2097 2694 2495 2758 sanctiﬁcatos,
2527 2693 2826 2747 humanam
2862 2699 3114 2744 naturam
3163 2687 3215 2740 in
3251 2686 3539 2756 pristinum

1934 2800 2138 2842 statum
2165 2786 2731 2842 rei'ormans.t0ntnia
2755 2783 2900 2838 cnim
2923 2784 2976 2837 in
3004 2783 3260 2850 ipsosunt
3279 2794 3418 2834 nova
3439 2781 3536 2831 “.9

1935 2886 2088 2953 Quod
2132 2885 2277 2939 enim
2325 2883 2466 2936 Deus
2510 2896 2574 2935 ac
2622 2879 2787 2934 Pater
2820 2878 3030 2933 dederit
3080 2890 3179 2945 pro
3222 2874 3378 2927 nobis
3415 2886 3544 2940 pro-

1936 2979 2111 3048 prium
2137 2992 2294 3030 suum
2325 2971 2548 3036 Filium,
2595 2972 2766 3026 nihilo
2791 2972 2973 3024 secius
2999 2967 3289 3023 conﬁrmat
3321 2963 3542 3021 sapien-

1939 3070 2185 3124 tissimus
2233 3066 2458 3129 Paulus,
2495 3065 2567 3118 ita
2607 3063 2674 3119 de
2724 3065 2840 3132 ipso
2883 3062 3128 3118 scribens
3171 3077 3186 3112 :
3231 3075 3251 3108 ι
3279 3055 3381 3123 Qui
3418 3070 3545 3122 pro-

1937 3161 2056 3227 prio
2093 3161 2231 3215 Filio
2269 3175 2372 3214 suo
2404 3174 2509 3213 non
2545 3157 2810 3227 pepercit,
2846 3155 2936 3209 sed
2971 3167 3069 3224 pro
3102 3151 3256 3206 nobis
3288 3149 3544 3203 omnibus

222 3247 504 3316 ἐφείσατο,
541 3245 654 3298 ἀλλ’
682 3247 822 3318 ὑπὲρ
855 3247 1014 3318 ἡμῶν
1061 3248 1320 3302 ἁπάντων
1361 3249 1679 3319 παρέδωκεν
1725 3249 1819 3302 αὐ-

1937 3254 2161 3310 tradidit
2190 3251 2364 3314 illum,
2398 3250 2675 3319 quomodo
2705 3263 2811 3302 non
2849 3250 3017 3301 etiam
3049 3260 3172 3297 cum
3207 3243 3326 3310 ipso
3357 3240 3544 3293 omnia

223 3341 339 3401 τὸν.
378 3339 494 3402 πῶς
522 3340 643 3410 οὐχὶ
689 3341 782 3395 καὶ
813 3342 910 3394 σὺν
939 3341 1090 3412 αὐτῷ
1119 3341 1189 3394 τὰ
1221 3342 1398 3394 πάντα
1431 3343 1565 3412 ἡμῖν
1604 3341 1828 3413 χαρίσε-

223 3449 348 3496 ταις
382 3451 401 3483 ι
433 3432 594 3485 Ἴδιον
640 3432 696 3485 δέ
749 3450 930 3503 φαμεν
965 3433 1232 3486 Υἱὸν¹τοῦ
1284 3433 1440 3495 Θεοῦ,
1474 3434 1565 3487 τὸν
1619 3439 1684 3490 ὲκ
1729 3437 1829 3505 τῆς

223 3525 417 3588 οὐσίας
438 3523 601 3577 αὑτοῦ
635 3525 917 3595 πεφηνότα
941 3525 1114 3592 Λόγον
1135 3541 1147 3555 ·
1181 3524 1428 3579 δεδόσθαι
1458 3544 1519 3594 γε
1555 3529 1663 3598 μὴν
1691 3527 1831 3597 ὑπὲρ

224 3617 404 3686 ἡμῶν,
442 3618 502 3670 οὐ
533 3618 741 3686 γυμνὸν
788 3617 868 3670 ἔτι
917 3618 1011 3670 καὶ
1054 3617 1317 3687 ἀσαρκον,
1355 3619 1473 3671 ἀλλ’
1497 3621 1584 3674 ὅτε
1638 3620 1829 3690 γέγονε

227 3709 402 3779 σάρξ·
451 3710 545 3761 καὶ
583 3709 644 3762 τὸ
681 3709 940 3776 λέγεσθαι
973 3709 1186 3774 παθεῖν,
1223 3710 1529 3782 ἀμώμητον
1559 3707 1626 3782 ἦν
1659 3713 1827 3782 αὐτῷ.

225 3801 475 3854 Πὲπονθε
515 3800 644 3872 γὰρ,
672 3803 734 3854 οὐ
767 3801 930 3872 φύσει
968 3802 1244 3873 θεότητος,
1279 3803 1396 3856 ἀλλ’
1427 3805 1534 3874 ἰδία
1567 3806 1750 3876 σαρκί.
1773 3807 1832 3860 '0

227 3893 339 3964 γὰρ
383 3893 513 3957 Θεὸς
544 3895 638 3947 καὶ
675 3894 883 3965 Πατὴρ,
916 3892 1170 3965 καθάπερ
1208 3894 1346 3964 ἔφην
1377 3895 1602 3965 ἀρτίως,
1636 3895 1726 3949 τὸν
1755 3895 1830 3966 μὴ

226 3985 427 4052 γνόντα
480 3983 776 4055 ἁμαρτίαν,
811 3984 952 4055 ὑπὲρ
1003 3985 1162 4054 ἡμῶν
1215 3987 1494 4056 ἁμαρτίαν
1545 3989 1828 4058 ἐποίησεν,

229 4078 319 4130 ἵνα
346 4079 507 4146 ἡμεῖς
542 4075 830 4146 γενώμεθα
864 4077 1177 4149 δικαιοσύνη
1210 4079 1348 4132 Θεοῦ
1384 4081 1482 4133 σὺν
1516 4077 1831 4154 αὑτῷ.⁷Αρ’

227 4166 321 4223 οῦν
369 4170 642 4241 ἁμαρτίαν
671 4171 832 4225 αὑτὸν
863 4171 1117 4238 γενέσθαι
1155 4171 1382 4242 νοοῦμεν
1409 4191 1422 4237 ;
1450 4175 1482 4245 ἢ
1511 4174 1592 4227 ὅτι
1629 4175 1832 4244 μᾶλλον

227 4263 488 4333 ὡμοιὼοη
536 4267 646 4328 τοῖς
696 4265 798 4318 ὑπὸ
830 4265 1124 4337 ἁμαρτίαν,
1161 4266 1420 4338 ταύτῃτοι
1461 4267 1557 4320 καὶ
1584 4269 1830 4342 ἁμαρτία

225 4359 448 4427 λέγεται
471 4378 484 4424 ;

299 4452 362 4509 Β.
395 4453 601 4524 Ὀρθῶς
640 4453 794 4526 ἔφης.

302 4547 366 4598 Δ.
384 4547 595 4616 Ὠσπερ
618 4544 710 4600 οὖν
739 4549 829 4600 τὸν
859 4549 932 4619 μὴ
960 4550 1155 4616 γνόντα,
1185 4550 1484 4620 ἁμαρτίαν,
1513 4551 1652 4622 ὑπὲρ
1676 4553 1832 4625 ἡμῶν

1934 3346 2091 3402 nobis
2121 3343 2381 3413 largietur
2405 3340 2472 3394 "‘l
2503 3359 2520 3391 ι
2553 3338 2840 3406 Proprium
2869 3346 3048 3390 autem
3078 3333 3314 3386 dicimus
3345 3329 3544 3385 Filium

1935 3437 2052 3500 Dei,
2099 3435 2338 3490 Verbum
2387 3449 2450 3487 ex
2509 3431 2680 3501 ipsius
2729 3428 2968 3484 essentia
3023 3426 3263 3496 genitum
3314 3425 3542 3479 :datum

1935 3543 2062 3584 vero
2090 3541 2211 3583 esse
2235 3542 2330 3596 pro
2355 3524 2534 3587 nobis,
2567 3538 2672 3576 non
2697 3522 2899 3575 nudum
2931 3528 2984 3573 et
3011 3518 3193 3572 carnis
3220 3526 3498 3584 expertem
3525 3555 3542 3581 ,

1934 3621 2028 3675 sed
2059 3620 2278 3690 quando
2328 3617 2506 3672 factus
2534 3624 2618 3669 est
2650 3629 2798 3668 caro.
2833 3612 2897 3666 Et
2927 3611 3072 3681 quod
3103 3609 3307 3664 dicitur
3351 3621 3546 3676 passus

1932 3727 2078 3779 esse,
2110 3710 2246 3766 nihil
2279 3709 2590 3765 detrimenti
2638 3706 2739 3774 ipsi
2793 3703 2972 3759 aﬂ‘ert.
3019 3703 3220 3758 Passus
3264 3700 3407 3756 enim
3461 3708 3546 3752 est

1937 3821 2043 3860 non
2100 3813 2292 3857 natura
2342 3801 2665 3864 divinitatis,
2721 3799 2815 3852 sed
2871 3796 3089 3865 propria
3149 3808 3334 3848 carne.
3401 3791 3545 3844 Deus

1934 3898 2079 3952 enim
2111 3911 2177 3950 ac
2211 3893 2396 3956 Pater,
2427 3893 2569 3948 sicut
2603 3891 2768 3945 modo
2792 3889 2928 3956 dixi,
2961 3903 3084 3940 eum
3118 3887 3210 3958 qui
3259 3901 3363 3940 non
3393 3885 3546 3939 novit

1937 3999 2244 4061 peccatum,
2271 4003 2369 4057 pro
2393 3985 2548 4041 nobis
2576 3993 2857 4054 peccatmn
2892 3981 3044 4048 fecit,
3070 3992 3128 4034 ut
3162 3995 3260 4035 nos
3289 3980 3547 4033 iieremus

1931 4082 2140 4153 justitia
2173 4079 2266 4134 Dei
2299 4095 2422 4134 cum
2448 4079 2566 4146 ipso
2594 4076 2658 4130 “.
2685 4074 2878 4128 Nonne
2903 4088 3031 4127 vero
3059 4073 3222 4126 ctiam
3257 4076 3543 4138 peccatum

1936 4177 2139 4230 factum
2176 4188 2299 4229 esse
2325 4173 2502 4242 ipsum
2539 4167 2814 4223 dicimus?
2856 4176 2950 4219 aut
2979 4165 3102 4234 quia
3142 4165 3324 4233 petius
3347 4163 3547 4218 similis

1936 4267 2112 4322 factus
2160 4275 2246 4321 est
2305 4265 2372 4318 iis
2420 4261 2512 4331 qui
2558 4260 2782 4314 obnoxii
2833 4267 2993 4314 erant
3042 4266 3288 4328 peccato,
3341 4255 3546 4312 idcirco

1935 4361 2100 4416 etiam
2128 4365 2416 4426 peccatum
2461 4351 2705 4409 dicitur?

2005 4451 2066 4505 Β.
2116 4451 2284 4505 ﬂecte
2313 4448 2415 4506 ais.

2007 4547 2075 4602 Δ.
2116 4542 2583 4612 Quemadmodum
2622 4539 2789 4611 igitur
2821 4551 2945 4593 eum
2968 4537 3060 4607 qui
3095 4552 3201 4592 non
3238 4534 3390 4590 novit
3417 4551 3543 4607 pec—

229 4640 507 4709 ἁμαρτίαν
543 4640 820 4710 ἐποίησεν,
853 4642 941 4694 ἵνα
974 4643 1135 4711 ἡμεῖς
1181 4644 1471 4713 γενώμεθα
1508 4645 1822 4717 δικαιοσύνη

1933 4647 2113 4693 catum
2150 4651 2250 4706 pro
2298 4634 2457 4689 nobis
2508 4641 2793 4702 peceatum
2837 4628 2987 4695 fecit,
3031 4637 3090 4681 ut
3141 4641 3240 4682 nos
3284 4626 3543 4682 heremus

227 4732 366 4784 Θεοῦ
421 4733 477 4783 ὲν
525 4733 673 4802 αὐτῷ
725 4735 1086 4802 (δεδικαίωται
1127 4737 1237 4807 γὰρ
1273 4740 1304 4806 ἠ
1336 4737 1626 4808 ἀνθρώπου
1663 4739 1826 4808 φύσις

229 4828 284 4879 ἐν
312 4827 505 4894 α·)τ.ῖ›)·
539 4825 683 4878 οὕτω
711 4827 800 4878 τὸν
831 4830 930 4880 οῦκ
958 4829 1134 4882 εἰδότα
1161 4830 1390 4884 θάνατον
1418 4831 1553 4903 (ζωὴ
1578 4833 1686 4903 γάρ
1712 4836 1824 4886 ἐστι

229 4921 322 4973 καὶ
355 4920 619 4984 ζωοποιὸς
649 4922 676 4972 ὁ
708 4921 922 4989 Λόγος).
967 4924 1129 4992 σαρκὶ
1168 4923 1360 4976 παθεῖν
1391 4927 1826 4996 παρεσκεύασεν,

228 5013 333 5077 ἔξω
392 5015 652 5082 μείναντα
698 5014 791 5067 τοῦ
845 5014 1061 5076 παθεῖν,
1109 5017 1245 5069 καθὸ
1299 5021 1503 5070 νοεῖται
1546 5018 1699 5081 Θεὸς,
1742 5021 1826 5072 ἵνα

232 5106 392 5174 ἡμεῖς
441 5106 692 5174 ζήσωμεν
735 5108 801 5159 δι’
835 5108 999 5160 αὐτοῦ
1043 5126 1098 5161 τε
1145 5111 1236 5160 καὶ
1283 5113 1339 5162 ἐν
1392 5111 1558 5180 αὐτῷ.
1599 5113 1689 5164 At?)
1734 5114 1826 5164 καὶ

229 5195 484 5265 ὁμοίωμα
506 5194 738 5249 θανάτου
786 5198 844 5249 τὸ
872 5198 1107 5268 Χριστοῦ
1157 5200 1326 5262 πάθος
1360 5201 1692 5270 ιῖλννίμασται.
1733 5201 1826 5254 Γέ-

229 5305 475 5358 γραπται
499 5283 611 5340 οὗνθ
641 5289 730 5341 ιΕί
763 5288 871 5359 γὰρ
905 5290 1175 5360 σύμφυτοι
1199 5293 1503 5361 γεγῦναμεν
1529 5293 1604 5362 τῷ
1623 5294 1793 5363 δμοιὼ

229 5399 359 5450 ματι
404 5381 498 5432 τοῦ
561 5381 792 5433 θανάτου
820 5383 1006 5445 αὑτοῦ,
1039 5385 1171 5436 ἀλλὰ
1208 5387 1299 5437 καὶ
1332 5387 1428 5454 τῆς
1475 5387 1823 5452 ἀναστάσεως

230 5474 486 5542 ἐσόμεθα.
521 5493 536 5524 ι
560 5472 697 5541 Ἕζη
733 5475 838 5545 γᾶρ
873 5477 900 5526 ὁ
935 5477 1103 5542 ,λόγος
1140 5479 1232 5530 καὶ
1263 5480 1566 5548 γενομένης
1593 5480 1823 5533 θανάτου

230 5567 321 5633 τῆς
358 5565 515 5631 ἁγίας
549 5565 712 5617 αὑτοῦ
745 5566 965 5633 σαρκὸς,
1001 5569 1066 5618 ἶν’
1095 5570 1418 5638 ἡττηθέντος
1447 5571 1704 5634 θανάτου,
1733 5573 1827 5624 καὶ

235 5658 628 5726 πεπατημὲνης
656 5659 748 5726 τῆς
786 5659 1010 5727 φθορᾶς.
1039 5663 1068 5728 ἡ
1102 5663 1195 5730 τῆί
1223 5663 1573 5727 ἀναστάσεως
1601 5664 1826 5732 δύναμις

235 5750 306 5809 ’ἐς
342 5746 484 5798 ἄταν
519 5749 743 5816 ἔρχηται
775 5749 832 5801 τὸ
871 5747 1212 5817 ἀνῢρρῗπτινω

1256 5753 1429 5819 γένος.
1452 5755 1502 5804 Ἀ
1515 5755 1672 5823 int/fc;
1698 5755 1825 5825 γὰρ,

305 5931 342 5956 "
391 5927 550 5982 ihln;
593 5949 648 5990 Η,
693 5933 846 5985 υτῑῖ.
934 5934 968 5960 ”
1016 5930 1109 5982 ill
1142 5949 1304 5994 nr.t,
1341 5933 1420 5982 17.

1515 5935 1551 5959 ¹¹
1598 5932 1730 5985 ilum
1802 5947 1916 5988 \ttt.
1956 5932 2044 5986 3‘2.

1923 4728 2134 4803 justitia
2159 4727 2249 4782 Dei
2276 4727 2328 4781 in
2355 4727 2472 4796 ipso
2491 4723 2803 4795 (iustiﬁcata
2836 4721 2982 4777 enint
3005 4730 3089 4774 est
3120 4721 3359 4774 humana
3384 4727 3542 4773 natu-

1931 4842 1989 4881 ra
2013 4827 2066 4880 in
2102 4821 2241 4893 ipso)
2267 4840 2281 4876 :
2309 4823 2378 4875 ita
2409 4835 2531 4874 cum
2557 4818 2648 4888 qui
2677 4833 2783 4871 non
2811 4815 2962 4869 novit
2987 4825 3218 4869 mortem
3241 4813 3370 4880 (vita
3391 4813 3538 4866 enim

1930 4933 2015 4976 est
2041 4929 2097 4974 et
2122 4916 2402 4972 viviﬁcaris
2437 4911 2712 4979 Verbum)
2750 4925 2917 4963 carne
2953 4908 3061 4978 pati
3105 4906 3370 4978 permisit,
3412 4921 3536 4960 cum

1931 5015 2164 5075 interea,
2199 5019 2471 5080 quatenus
2497 5016 2581 5060 est
2625 5005 2786 5067 Deus,
2829 5017 2857 5054 a
2889 5001 3144 5070 passione
3186 4998 3322 5052 liber
3352 5009 3496 5053 esset
3523 5015 3536 5063 ;

1936 5116 1995 5161 ut
2033 5105 2288 5158 nimirum
2330 5116 2429 5156 nos
2463 5100 2709 5150 vivamus
2744 5109 2839 5165 per
2884 5093 3058 5162 ipsum
3091 5099 3144 5145 et
3193 5091 3244 5143 in
3286 5093 3424 5160 ipso.
3456 5090 3537 5143 Id-

1938 5201 2089 5252 circo
2118 5209 2170 5250 et
2201 5193 2502 5248 similitudo
2530 5189 2740 5250 mortis,
2771 5187 2977 5242 Christi
3005 5185 3184 5253 passio
3219 5194 3406 5237 vocata
3436 5193 3537 5236 est.

1940 5291 2214 5358 Ss-riptum
2258 5289 2441 5355 itaque
2472 5295 2552 5338 est
2601 5301 2614 5336 :
2665 5301 2681 5331 ι
2716 5281 2770 5334 Si
2812 5279 2954 5334 enim
3009 5275 3363 5344 complantati
3411 5275 3537 5326 lat-ti

1927 5403 2117 5446 sumus
2149 5380 2492 5436 similitudini
2527 5377 2719 5431 mortis
2746 5376 2886 5443 ejus.
2915 5371 3075 5425 simul
3100 5381 3154 5424 et
3178 5369 3536 5422 TCSllt‘l'Ct‘litt-

1929 5480 2011 5534 nis
2043 5476 2251 5530 erimus
2280 5473 2344 5524 ³⁵.
2386 5489 2404 5521 ι
2445 5468 2675 5521 Vivebat
2708 5466 2853 5520 enim
2894 5463 3153 5523 Verbum,
3193 5476 3315 5511 cum
3350 5468 3536 5510 sancta

1931 5569 2102 5638 ipsius
2145 5580 2272 5619 eam
2308 5571 2538 5614 mortem
2581 5559 2800 5619 obiret,
2846 5565 2924 5618 ut,
2986 5561 3236 5620 superata
3283 5563 3456 5602 morte
3485 5558 3534 5601 et

1931 5661 2250 5732 proculcato
2288 5655 2532 5714 interitu,
2583 5646 3005 5704 resurrectionis
3048 5645 3129 5699 vis
3172 5659 3236 5696 ac
3283 5642 3454 5694 virtus
3485 5658 3534 5693 ιιι

1932 5756 2246 5809 universum
2280 5765 2451 5820 genus
2489 5747 2786 5802 humanum
2825 5741 3103 5795 transiret.
3155 5737 3352 5792 Verum
3390 5733 3533 5793 enim

2132 5932 2167 5961 "
2216 5929 2252 5984 ΙΙ
2295 5929 2416 5985 (λοι.
2459 5942 2509 5993 \',
2541 5927 2626 5980 Ἠ.
2716 5925 2755 5955 ⁸³
2785 5922 2938 5978 Rom.
2983 5936 3051 5980 Vl.
3094 5919 3146 5972 5.
