3996 6470
490 409 626 466 1343

1479 414 1537 470 S.
1578 412 1856 471 CYRILLI
1895 414 2366 476 ALEXANDRINI
2408 418 2728 477 ARCHIEP.

3631 402 3765 458 ἴω

491 522 581 576 Dei
610 524 870 594 sapientia
899 524 967 579 ".
1008 544 1026 575 ι
1081 527 1255 595 Atque
1295 525 1428 581 adeo
1474 526 1589 592 ipse
1626 527 1797 583 Filius
1839 543 1962 583 cum
2000 530 2066 584 ad

2221 532 2335 587 Νῦν
2366 534 2647 605 ὲδοξάσῦη,
2681 530 2868 604 φησὶν,
2900 533 2927 585 6
2970 530 3091 592 Υἱὸς
3129 527 3226 581 τοῦ
3260 524 3583 595 ἀνθρώπου,
3621 518 3715 571 καὶ
3742 516 3770 571 6

494 616 779 668 izllttlttt'etll
839 618 1143 685 passionem
1188 619 1572 674 conscenderet
1614 634 1628 671 :
1685 638 1704 669 ι
1756 619 1939 687 Nunc,
1988 623 2067 676 in-

492 708 623 777 quit,
656 707 985 764 clariﬁcatns
1018 720 1101 765 est
1146 709 1312 766 Filius
1344 713 1601 776 hominis,
1642 725 1696 767 et
1724 714 1862 769 Deus
1905 715 2069 769 clari-

492 800 686 855 licatus
760 812 841 856 est
897 804 947 857 in
1000 818 1063 857 eo
1110 822 1123 857 :
1186 816 1238 858 et
1286 804 1426 860 Deus
1480 806 1801 861 clariﬁcabit
1846 824 1966 860 eum
2015 809 2065 860 in

490 895 805 963 semetipso,
848 905 902 949 et
934 896 1189 950 continuo
1214 897 1538 951 clarilicabit
1567 915 1688 953 cum
1717 900 1781 952 “.
1820 918 1837 949 ι
1875 898 2050 953 Besur

2173 624 2306 690 Θεὸς
2337 626 2594 698 ἐδοξάσθη
2630 627 2688 678 ὲν
2718 622 2893 693 αὐτῷ,
2921 621 3016 676 καὶ
3049 624 3077 675 6
3104 620 3239 684 Θεὸς
3266 617 3491 685 δοξάσει
3523 610 3692 665 αὑτὸν
3718 614 3770 664 ὲν

2177 721 2373 790 ἑαυτῷ,
2416 721 2509 774 καὶ
2539 720 2696 781 εὐθὺς
2723 718 2936 781 δοξάσει
2964 712 3145 768 αὑτόν.
3182 732 3199 764 ι
3223 709 3459 765 Ἀνεόίω

2178 810 2374 874 λεύσας
2407 813 2495 865 τὸν
2529 812 2681 884 ᾅδην,
2716 809 2986 864 καὶτοῦτο
3010 807 3111 860 οὐκ
3136 807 3215 868 εἰς
3243 802 3489 875 μακρὰν,
3523 798 3644 853 ἀλλ’
3669 798 3775 849 οἷον

2178 903 2340 966 εὐθὺς
2367 904 2459 956 καὶ
2491 904 2631 957 κατὰ
2662 902 2826 964 πόδας
2856 900 2949 953 τοῦ
2980 898 3193 952 παθεῖν.

498 986 633 1038 rexit
693 988 858 1051 enim,
902 988 1128 1057 spoliato
1205 991 1450 1055 inferno,
1521 1000 1577 1045 et
1638 991 1854 1060 quidem
1934 991 1985 1044 id
2041 1007 2147 1047 non
2204 995 2371 1049 multo
2444 1004 2605 1060 post,
2652 995 2745 1048 sed
2808 988 3209 1063 quodammodo
3264 985 3451 1042 statim
3528 991 3697 1051 atque
3748 997 3776 1036 e

495 1079 735 1148 vestigio
782 1090 901 1151 post
951 1082 1279 1149 passionem.

565 1166 627 1221 Β.
670 1172 826 1240 Atqui
891 1174 1062 1243 inquit
1108 1176 1543 1245 sapientissimus
1601 1176 1846 1232 Paulus:
1917 1196 1936 1228 ι
1996 1181 2078 1233 An

495 1263 921 1329 experimentum
981 1266 1222 1334 qmritis
1274 1268 1394 1336 ejus
1446 1270 1535 1339 qui
1601 1271 1653 1323 in
1710 1286 1793 1325 me
1845 1269 2081 1337 loquitur

496 1349 730 1417 Christi;
798 1357 886 1423 qui
944 1373 1046 1413 non
1101 1360 1429 1425 inﬁrmatur,
1492 1365 1585 1417 sed
1644 1373 1833 1432 potens
1888 1375 1972 1418 est
2028 1365 2078 1418 in

500 1444 694 1498 nobis?
756 1442 891 1499 Nam
937 1448 1036 1501 etsi
1067 1450 1362 1504 crucitixus
1407 1462 1487 1506 est
1518 1467 1580 1505 ex
1618 1452 1951 1519 inﬁrmitate,
1987 1456 2080 1509 sed

496 1536 629 1587 vivit
675 1550 740 1589 ex
773 1538 972 1593 virtute
1014 1540 1105 1594 Dei
1130 1542 1197 1595 ".
1252 1562 1270 1594 ι
1305 1543 1420 1609 Quo
1455 1552 1613 1611 pacto
1648 1560 1773 1597 vero
1812 1546 2078 1614 quispiam

498 1626 639 1680 dicat
672 1629 999 1683 inﬂrmatutn
1032 1647 1151 1687 esse
1184 1632 1354 1703 ipsum
1391 1634 1644 1699 Verbum,
1674 1645 1835 1702 atque
1870 1650 1935 1689 ex
1967 1636 2079 1689 vir-

499 1727 611 1771 tute
642 1720 731 1773 Dei
765 1721 989 1775 vivere?

2252 1182 2311 1238 Β.
2355 1184 2547 1239 Καίτοι
2578 1182 2741 1252 φησιν
2775 1181 2803 1234 6
2841 1180 3117 1246 πάνσοφος
3150 1172 3398 1237 Παῦλοςο
3434 1191 3451 1223 ι
3511 1168 3673 1222 Ἐπεὶ
3698 1168 3783 1220 δο-

2180 1278 2348 1349 κιμὴν
2381 1275 2594 1348 ζητεῖτε
2642 1274 2737 1329 τοῦ
2793 1274 2849 1326 ὲν
2900 1274 3024 1349 ἐμοὶ
3070 1268 3358 1330 λαλοῦντος
3413 1260 3685 1332 Χριστοῦ.
3725 1258 3782 1321 ὃς

2177 1370 2277 1422 οὑκ
2310 1368 2547 1429 ἀσθενεῖ,
2578 1365 2712 1419 ἀλλὰ
2744 1364 2958 1417 δυνατεῖ
2990 1350 3055 1414 ’ὲν
3090 1362 3245 1430 ήμῖι.
3283 1356 3397 1411 Καὶ
3437 1353 3550 1424 γὰρ
3584 1351 3785 1403 ὲσταυ·

2184 1461 2329 1533 ρώθη
2376 1460 2433 1528 ἐξ
2481 1460 2788 1523 ἀσθενείας,
2826 1456 2961 1511 ἀλλὰ
3006 1455 3070 1525 ζῇ
3123 1454 3188 1507 ἑκ
3225 1450 3512 1520 δυνάμεως
3551 1442 3715 1498 Θεοῦ.
3762 1461 3779 1491 ι

2186 1550 2321 1607 Eia:
2356 1554 2473 1617 πῶς
2518 1551 2678 1605 αὑτὸν
2711 1549 3004 1619 ἀσθενῆσαι
3046 1544 3181 1616 φαίη
3214 1560 3297 1605 τις
3332 1541 3399 1595 ἂν
3447 1538 3653 1605 Λόγον.
3693 1535 3789 1587 καὶ

2190 1647 2298 1718 μὴν
2333 1647 2425 1701 καὶ
2454 1648 2518 1698 ἐκ
2546 1644 2827 1714 δυνάμεως
2862 1640 3025 1710 ζῆσαι
3058 1635 3231 1704 Θεοῦς

568 1810 630 1863 Α.
681 1810 941 1867 Nonnein
989 1816 1297 1871 universum
1346 1817 1446 1870 hoc
1496 1815 1804 1885 statuimus,
1850 1819 2079 1874 Verbum

2260 1824 2323 1877 Δ.
2366 1822 2441 1875 Ut)
2473 1820 2581 1891 γὰρ
2618 1819 2730 1873 ἄνω
2759 1834 2816 1872 τε
2848 1817 2942 1870 καὶ
2972 1815 3124 1869 κάτω
3178 1813 3268 1867 τὸν
3304 1810 3395 1864 τοῦ
3432 1808 3575 1862 Θεοῦ
3611 1806 3789 1874 Λόγον

497 1917 719 1958 carnem
754 1906 954 1959 factum
985 1923 1129 1975 esse,
1160 1920 1213 1963 et
1260 1910 1551 1962 humanam
1582 1918 1829 1963 naturam
1868 1925 2086 1965 assum-

500 1994 709 2064 psisse?

574 2086 631 2139 Β.
674 2088 931 2145 Omnino.

571 2177 638 2232 Α.
682 2179 913 2237 Proinde
947 2185 990 2237 is
1024 2185 1114 2253 qui
1147 2184 1449 2241 infirmatus
1481 2196 1561 2239 cst
1592 2202 1775 2251 carne,
1810 2198 2082 2255 quatenus

500 2268 806 2326 declaratus
843 2283 925 2326 est
965 2274 1144 2336 ltomo,
1183 2276 1313 2329 vixit
1348 2275 1435 2329 hic
1465 2275 1607 2330 idem
1639 2292 1702 2330 ex
1737 2278 1936 2331 virtute
1963 2279 2078 2343 Dei,

500 2374 605 2414 non
635 2363 851 2430 quidem
890 2363 1089 2430 aliena,
1120 2366 1212 2420 sed
1246 2382 1363 2436 qua:
1400 2367 1498 2437 ipsi
1535 2368 1727 2423 iuerat.
1768 2368 1908 2424 Deus
1939 2371 2082 2425 enim

498 2455 691 2508 eratin
718 2469 903 2510 carne.

571 2546 630 2602 Β.
674 2547 834 2617 Atqui
898 2548 1057 2604 Pater
1098 2551 1271 2620 ipsum
1328 2555 1623 2611 suscitasse
1659 2555 1903 2610 dicitur:
1951 2558 2087 2612 scri-

499 2649 648 2709 ptum
684 2651 769 2695 est
807 2642 951 2695 enim
983 2662 995 2697 :
1030 2661 1047 2693 ι
1084 2642 1392 2700 Secundum
1429 2649 1795 2716 operationem
1833 2650 2087 2718 potentia:

502 2733 717 2785 virtutis
751 2733 889 2802 ejus,
935 2750 1093 2804 quam
1126 2747 1379 2805 operatus
1410 2750 1494 2795 est
1540 2740 1592 2794 in
1636 2740 1872 2804 Christo.
1911 2744 2085 2797 susci-

500 2833 621 2879 tans
658 2824 804 2879 illum
842 2842 869 2879 a
918 2828 1179 2895 mortuis,
1212 2839 1265 2884 et
1304 2832 1643 2887 constituens
1690 2836 1757 2887 ad
1802 2835 2083 2889 dexteram

500 2930 652 2969 suam
692 2917 744 2972 in
773 2919 1109 2985 caelestibus,
1149 2937 1313 2991 supra
1350 2939 1567 2979 omnem
1603 2926 2010 2997 principatum,
2035 2941 2088 2983 et

501 3019 845 3076 potestatem,
885 3020 937 3065 et
969 3014 1249 3078 virtutem,
1284 3024 1338 3068 et
1366 3015 1818 3083 dominationem,
1845 3027 1899 3073 et
1928 3036 2089 3076 omne

504 3116 696 3154 nomen
731 3103 873 3171 quod
905 3106 1212 3159 nominatur
1236 3108 1302 3159 ".
1334 3126 1353 3158 ι

574 3193 636 3246 Α.
664 3192 930 3247 Cancrum
970 3196 1143 3263 ipsum
1169 3214 1288 3252 esse
1316 3200 1545 3256 dicimus
1574 3204 1941 3261 viviﬁcantem
1980 3210 2087 3263 vir-

506 3294 673 3340 tutem
727 3287 940 3351 Patris,
991 3301 1043 3341 et
1096 3293 1339 3359 paternis
1391 3294 1745 3364 dignitatibus
1802 3301 2084 3367 prteditum

503 3391 643 3442 esse,
676 3380 885 3433 tametsi
914 3380 1089 3435 factus
1118 3383 1191 3435 sit
1225 3399 1373 3449 caro,
1421 3388 1561 3453 quod
1604 3389 1820 3458 quidem
1864 3393 2089 3459 ipsemet

507 3479 735 3524 testatur
770 3472 996 3525 dicens:
1035 3492 1051 3523 ι
1092 3475 1554 3539 Quemadmodum
1588 3481 1731 3532 enim
1761 3481 1924 3536 Pater
1953 3500 2088 3551 quos

511 3562 611 3615 vult
657 3563 925 3625 viviﬁt'at',
958 3566 1027 3617 ila
1058 3574 1113 3620 et
1142 3564 1310 3619 Filius
1361 3583 1497 3634 qnos
1541 3570 1653 3623 vult
1696 3571 1931 3626 \‘iviﬁcat
1953 3576 2020 3626 ".
2064 3594 2081 3626 ι

510 3655 681 3723 Atque
711 3665 769 3708 ut
799 3655 842 3709 is
870 3657 958 3724 qui
994 3658 1198 3724 absque
1235 3659 1449 3727 negotio
1491 3660 1540 3711 id
1586 3670 1845 3725 praestare
1890 3671 2085 3731 potest,

512 3743 717 3803 ltttlaaos
747 3748 816 3800 ita
855 3748 1234 3816 compellavit:
1276 3766 1293 3799 t
1346 3748 1549 3807 Solvite
1594 3754 1849 3822 templum
1882 3756 2000 3820 hoc,
2033 3766 2088 3810 et

511 3839 563 3892 in
597 3838 769 3893 tribus
808 3840 996 3895 diebus
1034 3842 1460 3897 suscitahoillnd
1490 3844 1558 3895 ’⁸.
1602 3864 1617 3897 ι
1647 3845 1813 3900 Porro
1836 3864 1958 3902 eum
2004 3866 2088 3903 re-

510 3932 851 3997 snrrexisset,
884 3933 1021 3986 sedit
1044 3933 1108 3985 ad
1145 3934 1420 3989 dexteram
1447 3934 1623 3989 Patris
1660 3938 1739 3991 sui
1772 3939 1823 3991 iu
1862 3939 2089 3995 ccclesii-

507 4022 626 4087 bus,
645 4038 803 4091 supra
842 4041 1055 4079 omnem
1093 4024 1457 4098 Principatum
1480 4039 1533 4082 et
1554 4029 2089 4092 Potestalem,Thro-

509 4128 605 4166 nos
650 4124 703 4167 et
740 4114 1169 4181 Dominationes,
1197 4128 1252 4172 et
1296 4135 1458 4186 supra
1500 4135 1659 4174 omne
1716 4136 1907 4176 nomen
1944 4124 2088 4189 quod

507 4204 818 4260 nominatur
847 4206 910 4262 ¹⁹.
935 4207 1102 4278 768
1122 4210 1275 4263 Anne
1300 4219 1551 4278 tanquam
1576 4212 1824 4267 diversus
1853 4228 1882 4266 a
1909 4210 2087 4268 Verbo

507 4297 648 4364 quod
678 4307 756 4350 est
801 4313 863 4351 ex
900 4296 1081 4364 Patre,
1122 4302 1261 4353 nuda
1307 4310 1514 4355 tantum
1553 4301 1934 4369 conjunctione
1961 4321 2083 4358 cum

510 4383 599 4439 illo
628 4386 933 4452 decoratus,
973 4398 1026 4443 et
1054 4390 1269 4444 deitatis
1315 4408 1508 4446 nomen
1548 4407 1644 4461 per
1693 4395 1920 4462 gratiam
1952 4412 2081 4450 con-

2186 1915 2363 1988 σάρκα
2390 1931 2449 1967 τε
2481 1911 2731 1981 γενέσθαι
2760 1910 2852 1963 καὶ
2883 1906 3301 1976 ὲνανθρωπῆσαί
3336 1919 3523 1973 φαμεν
3548 1920 3561 1965 ;

2258 2092 2318 2147 Β.
2360 2091 2502 2146 Ναί·
2549 2088 2664 2153 πῶς
2692 2089 2800 2160 γὰρ
2830 2087 2927 2153 οῦς

2256 2190 2323 2240 Α.
2369 2184 2599 2245 Οὐκοῦν,
2630 2186 2657 2235 ὁ
2689 2182 2992 2249 ἀσθενήσας
3027 2177 3211 2247 σαρκὶ,
3250 2173 3385 2228 καθὺ
3410 2172 3660 2242 πέφηνεν
3694 2172 3788 2225 dv-

2188 2277 2425 2349 θρωπος,
2459 2276 2653 2345 ἔζησεν
2699 2268 2853 2335 οὗτος
2904 2274 2967 2324 ὲκ
3006 2270 3291 2338 δυνάμεως
3336 2266 3494 2329 Θεοῦ,
3549 2266 3650 2319 καὶ
3687 2264 3790 2318 οὑκ

2186 2369 2471 2441 ἀλλοτρίας
2502 2365 2722 2438 μᾶλλον,
2757 2363 2893 2418 ἀλλά
2925 2362 3023 2433 τῆς
3057 2362 3283 2430 ἐνούσης
3309 2358 3477 2429 αὑτῷ.
3513 2358 3653 2419 Θεὸς
3681 2357 3790 2427 γὰρ

2186 2461 2254 2537 ἦν
2284 2466 2342 2516 ὲν
2379 2462 2562 2533 σαρκί.

2260 2557 2319 2609 Β.
2361 2556 2473 2609 Καὶ
2525 2554 2630 2625 μὴν
2681 2554 2709 2605 ὁ
2747 2550 2938 2621 Πατὴρ
2975 2548 3138 2602 αὑτὸν
3177 2545 3485 2614 ἀναστῆσαι
3540 2544 3782 2611 λέγεται·

2190 2647 2501 2719 γέγραπται
2533 2644 2676 2715 γὰρ,
2712 2643 2791 2696 ὅτι
2827 2660 2845 2692 ι
2887 2638 3045 2696 Κατὰ
3075 2638 3174 2709 τὴν
3199 2637 3485 2706 ἐνέργειαν
3530 2633 3629 2687 τοῦ
3658 2636 3785 2704 κρά-

2188 2756 2315 2802 τους
2341 2738 2440 2807 τῆς
2477 2736 2658 2806 ἰσχύος
2689 2733 2879 2796 αὑτοῦ,
2909 2733 2976 2801 ἢν
3002 2732 3309 2802 ἐνήργηκεν
3348 2730 3405 2781 ὲν
3429 2726 3512 2797 τῷ
3541 2726 3784 2799 Χριστῷ,

2191 2829 2412 2901 ἐγείρας
2444 2826 2607 2881 αὑτὸν
2647 2827 2713 2879 ἐκ
2740 2824 2975 2896 νεκρῶν,
3005 2822 3098 2875 καὶ
3140 2819 3373 2883 καθίσας
3413 2820 3473 2871 ἐν
3503 2818 3661 2889 δεξιᾷ
3690 2818 3785 2871 αὑ-

2190 2919 2283 2973 τοῦ
2317 2920 2374 2971 ὲν
2404 2919 2515 2981 τοῖς
2550 2914 2919 2986 ἐπουρανίοις,
2954 2911 3209 2983 ὑπεράνω
3239 2909 3422 2980 πάσης
3464 2908 3664 2979 ἀρχῆς,
3696 2907 3787 2960 καὶ

2192 3012 2463 3079 ἐξουσίας,
2501 3011 2596 3065 καὶ
2634 3008 2976 3077 κυριότητος,
3012 3006 3105 3057 καὶ
3138 3002 3338 3066 παντὸς
3372 3004 3643 3072 ὀνόματος
3672 3003 3787 3055 ὀνο-

2116 3148 2157 3206 c
2196 3105 2524 3177 μαζομένου.
2551 3122 2571 3155 ι

2263 3201 2327 3251 Α.
2383 3197 2521 3250 Ἀλλ’
2558 3195 2718 3248 αὑτὸν
2750 3189 2891 3247 εἷναί
2919 3209 3100 3264 φαμεν
3124 3191 3223 3261 τὴν
3257 3189 3526 3255 ζωοποιὺν
3558 3187 3791 3259 δύναμιν

2189 3290 2282 3344 τοῦ
2315 3291 2549 3360 Πατρὸς,
2595 3288 2687 3341 καὶ
2717 3290 2830 3350 τοῖς
2877 3287 2969 3340 τοῦ
3000 3284 3251 3346 τεκόντος
3284 3281 3600 3352 ἀξιώμασιν
3644 3284 3791 3345 εἰκὸς

2190 3381 2609 3453 ὲναϐρύνεσθαι,
2641 3380 2734 3432 καὶ
2780 3379 2827 3430 εἰ
2867 3379 3059 3446 γέγονε
3104 3375 3260 3445 σὰρξ,
3299 3375 3392 3427 καὶ
3437 3374 3791 3443 αὑτομάρτνς

2192 3475 2352 3539 αὑτὸς
2386 3474 2697 3544 εἰσδήσεται
2722 3472 2898 3540 λέγων
2920 3489 2932 3501 ·
2972 3491 2989 3520 ι
3019 3470 3231 3539 ’Ὠσπερ
3262 3468 3370 3538 γὰρ
3407 3470 3434 3520 6
3455 3468 3653 3538 Πατὴρ
3702 3466 3791 3528 οὓς

2192 3568 2336 3621 θέλει
2366 3568 2638 3631 ζωοποιεῖ,
2667 3564 2810 3616 οὕτω
2839 3564 2933 3615 καὶ
2963 3566 2990 3615 ὁ
3014 3561 3139 3624 Υἱὸς
3186 3560 3279 3622 οὓς
3304 3559 3448 3612 θέλει
3468 3561 3787 3624 ζωοποιεῖ.»

2192 3662 2301 3714 Καὶ
2321 3659 2478 3712 τοῦτο
2498 3658 2738 3729 ἀμογητὶ
2758 3653 3060 3727 κατορθοῦν
3083 3650 3142 3707 εὖ
3168 3653 3311 3723 μάλα
3328 3652 3657 3721 δυνάμενος,
3682 3654 3790 3715 τοῖς

2202 3752 2469 3807 Ἰουδαίων
2490 3751 2682 3820 δήμοις
2717 3746 3158 3818 προσπεφώνηκε
3178 3744 3373 3813 λέγων’
3403 3762 3419 3793 ι
3450 3744 3670 3796 Λύσατε
3699 3744 3787 3796 τὸν

2190 3848 2317 3900 ναὸν
2364 3844 2586 3906 τοῦτον,
2633 3840 2730 3895 καὶ
2760 3843 2817 3893 ὲν
2847 3840 3025 3910 τρισὶν
3059 3837 3294 3908 ἡμέραις
3330 3836 3509 3905 εγερῶ
3544 3836 3731 3891 αὐτόν.
3765 3855 3783 3887 ι

2195 3939 2341 4009 Πλὴν
2380 3934 2677 3997 ὁὰναστὲις
2734 3932 3029 3986 κεκάθικεν
3091 3932 3147 3984 ὲν
3201 3929 3352 4001 δεξιᾷ
3392 3928 3489 3982 τοῦ
3549 3929 3786 4001 Πατρδς,

2196 4034 2252 4084 ἐν
2311 4032 2419 4092 τοῖς
2473 4025 2856 4097 ἐπουρανίοις,
2911 4023 3168 4096 ὑπεράνω
3218 4024 3399 4093 πάσης
3442 4021 3651 4093 Ἀρχῆς
3696 4022 3788 4075 καὶ

2204 4120 2499 4189 Ἐξονσίας,
2540 4119 2743 4191 Θρόνου
2794 4136 2851 4170 τε
2899 4119 2993 4171 καὶ
3038 4117 3405 4188 κυριότητος,
3452 4117 3549 4170 καὶ
3587 4118 3788 4179 παντὸς

2190 4217 2453 4286 ὀνόματος
2505 4212 2933 4282 ὀνομαζομένου.
2998 4206 3126 4279 Ἀρ*
3182 4204 3275 4263 οὖν
3326 4208 3401 4271 ὡς
3472 4209 3667 4280 ἔτερος
3714 4209 3788 4262 ὢν

2192 4309 2319 4372 Υἱὸς
2367 4307 2520 4378 παρὰ
2574 4307 2664 4359 τὸν
2717 4306 2774 4371 ἐξ
2817 4303 2982 4357 αὑτοῦ
3030 4303 3203 4372 φύντα
3252 4302 3448 4371 Λόγον,
3508 4302 3641 4373 ψιλῇ
3672 4320 3787 4355 συν-

2190 4400 2355 4472 αφείᾳ
2407 4396 2793 4469 τετιμημένος,
2846 4396 2941 4448 καὶ
2984 4398 3042 4448 ὲν
3096 4394 3314 4465 χάριτος
3351 4394 3515 4465 μοίρᾳ
3570 4395 3631 4446 τὸ
3691 4399 3788 4467 τῆς

506 4488 761 4532 secutus:
796 4494 859 4531 an
892 4483 1066 4549 potius
1091 4482 1203 4552 ipse
1236 4497 1427 4538 natura
1466 4494 1519 4540 et
1543 4501 1667 4539 vere
1694 4484 1883 4553 Filius,
1925 4489 1977 4542 in
2013 4490 2082 4543 si-

2199 4493 2445 4563 θεότητος
2491 4491 2661 4561 ὄνομα
2725 4489 2926 4558 λαχών;
2985 4488 3017 4556 ἦ
3080 4486 3278 4556 μᾶλλον
3332 4487 3496 4551 αὐτὸς
3540 4490 3569 4541 6
3625 4488 3786 4557 φύσει

508 4569 809 4625 militudine
852 4573 1129 4627 hominum
1175 4574 1373 4642 lactus,
1412 4586 1465 4631 et
1516 4579 1701 4634 habitu
1750 4580 2002 4636 inventus
2034 4594 2091 4637 ut

510 4662 670 4717 homo
696 4679 793 4733 per
824 4665 1299 4722 incarnationem?

582 4843 641 4899 Β.
687 4845 931 4901 Dixerint
979 4848 1227 4908 l'ortassrs
1276 4854 1549 4911 hominem
1584 4857 1729 4912 illum
1767 4861 1857 4928 qui
1907 4877 1970 4915 ex
2005 4879 2088 4917 so-

507 4940 654 4996 mine
689 4939 854 4994 David
898 4940 1219 5008 coniunctus
1266 4948 1314 5001 ei
1352 4947 1472 5014 fuit,
1502 4960 1555 5003 et
1606 4954 1671 5004 ad
1720 4954 2081 5022 mquualitatem

510 5031 730 5087 honoris
786 5036 1030 5102 ascitus,
1081 5039 1167 5093 cui
1217 5040 1432 5110 quidem
1499 5044 1786 5099 conveniat
1856 5056 2083 5101 mortem

505 5124 677 5181 obire.

575 5221 641 5275 A.
686 5221 954 5277 Caeterum
1001 5224 1281 5293 aequalitas
1324 5226 1543 5281 honoris
1593 5242 1711 5296 quae
1764 5230 1921 5285 alicui
1970 5232 2085 5298 col-

500 5316 610 5370 lata
652 5314 872 5378 dicitur.
930 5332 1034 5371 non
1091 5334 1255 5372 unum
1301 5336 1527 5374 numero
1582 5321 1764 5383 interit,
1814 5334 1872 5376 ut
1928 5335 2083 5377 antea

498 5407 641 5471 dixi,
678 5407 771 5461 sed
805 5424 966 5462 unum
1010 5425 1129 5465 cmn
1170 5425 1295 5467 uno.
1337 5411 1459 5466 llaec
1505 5430 1633 5468 vero
1666 5415 1769 5469 duo
1812 5430 1930 5470 esse
1958 5433 2083 5471 ceu-

500 5502 733 5563 suerim,
778 5510 831 5554 et
868 5504 1077 5559 ratione
1128 5513 1331 5557 naturae
1375 5506 1515 5560 inter
1567 5523 1625 5561 se
1667 5508 1971 5577 inaequalia,
2006 5509 2083 5561 si-

503 5595 728 5663 quidem
768 5592 991 5650 inferiur
1027 5598 1285 5652 dicendus
1331 5610 1415 5653 est
1453 5600 1545 5669 qui
1592 5601 1796 5656 honore
1831 5601 2082 5659 allicitnr.

585 5792 630 5863 ’ξ
672 5792 687 5846 l
729 5793 853 5845 Cor.
888 5814 922 5849 ι.
957 5797 1137 5851 lii-:11.
1218 5800 1260 5827 ’⁷⁸
1302 5798 1455 5850 Junii.
1501 5818 1616 5863 χιιι,
1649 5804 1733 5859 Ill.
1765 5804 1849 5858 5:3.

500 5856 755 5943 ."rqloan.
784 5881 839 5922 ιι,
882 5866 961 5919 l9.
1042 5870 1079 5899 '3"
1126 5868 1317 5929 hidros.
1360 5886 1393 5931 ι,
1430 5872 1514 5923 'z’l.

1955 5806 1995 5835 "
2038 5802 2073 5857 ll
2119 5805 2241 5859 (Lor.
2279 5819 2395 5859 λιιι.
2428 5802 2480 5871 5,
2516 5804 2566 5858 4.

2186 4603 2246 4638 τε
2276 4586 2372 4639 καὶ
2402 4572 2618 4655 ἁληθῗὺς
2656 4582 2917 4651 ὑπάρχων
2959 4579 3103 4643 Υἱὸς,
3141 4580 3198 4631 ὲν
3233 4579 3543 4649 ὁμοιώματι
3577 4580 3785 4652 ἀνθρὼ-

2189 4696 2307 4732 πων
2342 4677 2651 4746 γενόμενος,
2687 4674 2782 4727 καὶ
2816 4673 3055 4743 σχήματι
3106 4672 3351 4743 εὑρεθεὶς
3390 4674 3466 4738 ὡς
3495 4675 3783 4747 ἄνθρωπος

2186 4769 2548 4838 οἰκονομικῶς
2570 4786 2583 4833 ;

2260 4859 2317 4913 Β.
2362 4861 2523 4911 Φαῖεν
2564 4858 2628 4911 ἂν
2666 4857 2795 4920 ἴσως
2842 4856 2997 4909 αὐτοὶ
3046 4856 3138 4908 τὸν
3190 4857 3254 4909 ἐκ
3313 4858 3634 4929 σπέρματος
3690 4860 3781 4912 τοῦ

2192 4951 2355 5004 Δαϐὶδ
2407 4948 2745 5017 συναφθέντα
2800 4948 2949 5016 αὑτῷ
3001 4946 3121 5000 κατ’
3159 4949 3431 5018 ἰσοτιμίαν
3469 4951 3781 5021 ἄνθρωπον,

2190 5039 2344 5115 ᾧπερ
2372 5045 2437 5097 ἂν
2472 5044 2668 5113 πρέποι
2699 5044 2793 5097 καὶ
2827 5046 2887 5099 τὸ
2926 5046 3117 5099 παθεῖν
3145 5044 3236 5097 τὸν
3279 5042 3530 5096 θάνατον.

2266 5231 2329 5279 Α.
2386 5224 2546 5278 Ἀλλὰ
2594 5226 2652 5277 τὸ
2710 5224 2951 5295 ἰσότιμον
3010 5241 3113 5277 τινι
3164 5222 3416 5290 γενέσθαι
3464 5222 3777 5293 λεγόμενον,
3862 5280 3871 5287 Δ

2194 5319 2277 5390 εἴη
2317 5319 2381 5371 ἂν
2426 5318 2521 5387 οὐχ
2583 5318 2641 5370 ἓν
2696 5318 2896 5387 μᾶλλον
2944 5316 3021 5386 τῷ
3074 5315 3314 5385 ἀριθμῷ,
3376 5315 3632 5387 καθάπερ
3678 5319 3777 5387 ἠδη

2195 5414 2475 5483 προεῖπον,
2518 5410 2630 5463 ἀλλ’
2664 5409 2721 5462 ἓν
2755 5411 2872 5480 μεθ’
2903 5410 3039 5472 ἑνός.
3075 5406 3177 5460 Δύο
3210 5407 3268 5459 δὲ
3299 5402 3449 5477 οἶμαι
3484 5410 3663 5473 ταυτὶ,
3688 5409 3779 5462 καὶ

2193 5504 2567 5573 ἁνισομέτρως
2621 5502 2814 5573 ἔχοντα
2860 5500 3003 5555 κατὰ
3055 5498 3238 5570 φύσιν,
3300 5502 3459 5569 εἴπερ
3515 5501 3666 5553 ἐστὶν
3725 5504 3780 5554 ὲν

2196 5596 2419 5667 μειώσει
2467 5594 2559 5648 τοῦ
2602 5594 2889 5665 τιμῶντος,
2941 5594 3002 5646 τὸ
3048 5589 3379 5662 τιμώμενον.
3450 5592 3667 5663 Ἐπειδὴ
3722 5592 3778 5646 δὲ

2673 5806 2713 5833 ³⁵
2755 5801 2949 5872 Epltrs.
2991 5818 3027 5867 t,
3070 5798 3254 5855 l‘J-‘Jl.
3336 5801 3375 5828 ²ῖ
3422 5796 3575 5855 Joan.
3611 5794 3769 5863 ἢεί,
