3996 6454
216 453 379 509 iw

1380 445 1571 515 QUOD
1614 445 1804 503 UNUS
1845 442 1954 499 SIT
1996 440 2366 498 CHRISTUS.

3413 430 3548 489 1366

215 564 317 635 εἷς
372 569 670 626 κεκάθικεν
722 568 875 632 Υιδς,
926 567 1288 621 διδασκόντων
1351 567 1529 631 αὐτοὶ,
1582 567 1666 631 τίς
1718 569 1833 629 τοῖς

1946 577 2099 633 quam
2123 562 2214 632 qui
2248 560 2431 614 aﬂlcit.
2462 556 2531 611 At
2572 571 2697 613 cum
2735 568 2876 609 unus
2909 549 3174 609 assederit
3208 548 3414 614 Filius,
3445 551 3545 604 do-

217 662 500 717 ὰνωτάτω
521 663 811 733 τετίμηται
843 660 1051 725 θάκοις,
1078 663 1168 713 καὶ
1194 658 1504 729 συνεδρεύει
1531 658 1611 729 τῷ
1638 659 1834 729 Πατρὶ,

217 756 279 808 εί
312 756 411 809 καὶ
443 757 524 809 ὅτι
559 754 797 824 μάλιστα
845 754 951 806 τῶν
986 754 1125 823 ἀγαν
1184 752 1623 823 σφαλερωτάτων
1654 753 1738 823 εἴη
1772 752 1839 805 ἂν

217 847 295 901 τὸ
324 847 677 918 ἀνακομίζειν
712 847 1030 917 ἀποτολμᾷν
1063 848 1141 910 εἰς
1175 846 1451 917 ίσοτιμίαν
1494 845 1571 916 τῷ
1599 846 1837 916 δεσπότῃ

218 937 296 991 ιτδ
344 939 549 1003 δοῦλον,
602 938 682 1009 τῷ
724 938 919 1012 κτίστῃ
951 939 1012 991 τὸ
1055 940 1296 1011 ποιηθὲν,
1342 938 1419 1010 τῷ
1469 938 1683 1010 βασιλεῖ
1729 938 1839 991 τῶν

221 1037 377 1090 ὅλων
421 1037 482 1089 τὸ
526 1037 631 1089 ὑπὸ
686 1035 871 1105 ζυγὸν,
926 1036 1005 1107 τῷ
1056 1036 1275 1089 πάντων
1340 1035 1602 1090 ἐπέκεινα
1654 1038 1714 1090 τὸ
1777 1035 1838 1087 ὲν

224 1132 374 1183 πᾶσι
409 1129 622 1182 τελοῦν.

309 1220 368 1271 Β.
412 1221 709 1289 Σαφηνιείς
736 1214 831 1273 οὖν
865 1220 972 1291 ἄρα
1012 1219 1172 1273 τοῦτο
1210 1221 1342 1291 ἡμῖν
1374 1220 1564 1274 εἰσέτι.

308 1311 375 1364 Δ.
419 1307 638 1375 Καίτοι,
672 1309 924 1380 καθάπερ
971 1303 1209 1380 ἐγῷμαι,
1240 1309 1419 1380 σαφὴς
1454 1309 1548 1363 καὶ
1575 1309 1839 1380 ἀποχρῶν

223 1401 262 1453 ὁ
307 1402 397 1453 ἐπ’
448 1400 634 1464 αὐτοῖς
684 1400 747 1471 δὴ
799 1400 1007 1464 τούτοις
1042 1403 1175 1472 ἡμῖν
1228 1401 1608 1471 ἐκπεπόνηται
1655 1401 1835 1469 λόγος,

227 1491 397 1544 ὃκνου
448 1491 505 1543 δὲ
555 1490 676 1561 δίχα
718 1491 920 1554 παντὸς
954 1490 1252 1561 προσθείην
1303 1490 1369 1545 ἂν
1418 1486 1501 1553 οἷς
1548 1490 1688 1561 ἔφην
1742 1492 1837 1545 καὶ

227 1579 425 1651 ιτερα,
474 1579 569 1632 καὶ
614 1580 714 1633 οὑκ
763 1579 964 1649 ἀγεννῆ
1003 1580 1398 1650 συναγόρευσιν
1432 1580 1534 1651 τὴν
1583 1580 1727 1651 ὑπέρ
1772 1596 1835 1649 γε

228 1670 348 1724 τῶν
374 1670 537 1742 ἱερῶν
566 1672 853 1741 δογμάτων
888 1670 1144 1742 καθάπερ
1183 1672 1305 1726 τινὰ
1334 1672 1667 1743 παντευχίαν
1699 1674 1835 1727 ἀνα-

229 1761 444 1824 λαϐὼν,
496 1764 891 1833 ἁνταναστήσω
932 1763 995 1816 τὸ
1041 1764 1241 1836 ἀληθὲς
1290 1768 1402 1829 τοῖς
1458 1764 1713 1837 φρονοῦσι
1767 1765 1837 1818 τὰ

229 1854 667 1926 διεστραμμένα.
706 1855 827 1909 Ὀτι
860 1856 969 1927 γὰρ
1006 1857 1034 1909 ό
1084 1857 1383 1928 μονογενὴς
1415 1856 1512 1910 τοῦ
1560 1856 1697 1910 Θεοῦ
1728 1858 1835 1911 Λό-

230 1963 354 2015 γος,
403 1947 464 1998 ού
516 1945 944 2017 μεσολαϐοὓντος
998 1948 1099 2015 τὴν
1152 1948 1469 2017 οἰκονομίαν
1522 1948 1640 2003 υἱοῦ
1703 1951 1836 2020 παρ’

232 2039 403 2092 αὐτὸν
442 2039 654 2109 ἑτέρου,
680 2039 776 2092 καὶ
804 2039 1168 2108 συναφθέντος
1202 2041 1351 2113 αύτῷ
1382 2041 1671 2112 σχετικῶς,
1706 2060 1840 2097 κατ-

233 2128 455 2201 ήργηκε
491 2128 584 2181 τοῦ
617 2127 851 2183 θανάτου
878 2130 939 2183 τὸ
966 2129 1189 2203 κράτος,
1225 2131 1391 2195 αὐτὸς
1437 2131 1494 2185 δὲ
1540 2132 1743 2202 μᾶλλον
1768 2133 1837 2186 δι’

234 2220 460 2287 ἑαυτοῦ,
496 2221 831 2277 πιστώσεται
864 2223 1057 2292 λέγων·
1097 2243 1115 2276 ι
1159 2223 1316 2279 Οῦτω
1344 2226 1455 2295 γάρ
1490 2225 1780 2297 ἠγάπησεν
1810 2228 1838 2279 ό

232 2312 376 2376 Θεὸς
401 2314 490 2367 τὸν
522 2314 747 2384 κόσμον,
779 2313 921 2367 ὥστε
948 2314 1039 2368 τὸν
1070 2314 1199 2369 Υίόν
1231 2316 1399 2370 αὑτοῦ
1444 2315 1535 2369 τὸν
1570 2318 1837 2390 μονογενῆ

233 2405 466 2470 tamam,
500 2406 587 2460 ἵνα
619 2408 729 2470 πᾶς
767 2410 795 2461 ό
843 2408 1117 2462 πιστεύων
1159 2410 1237 2473 είς
1272 2409 1436 2464 αὐτὸν
1495 2411 1570 2483 μὴ
1602 2410 1840 2483 ἀκόλλη-

236 2512 354 2560 τάι,
387 2496 506 2551 ἀλλ’
546 2497 643 2569 ἔχῃ
673 2497 818 2569 ζωὴν
850 2499 1090 2554 αἰώνιον.
1130 2519 1147 2552 ι
1191 2502 1449 2573 Αῖροντος
1479 2502 1537 2557 δὲ
1573 2504 1709 2574 ὑψοῦ
1738 2503 1838 2577 τὴν

237 2590 320 2655 είς
352 2590 443 2643 τὸν
478 2591 681 2661 κόσμον
716 2592 940 2663 ἀγάπην
970 2592 1067 2646 τοῦ
1117 2594 1252 2647 Θεοῦ
1294 2597 1388 2649 καὶ
1410 2596 1645 2667 Πατρὸς,
1676 2598 1842 2670 ὑπερ-

164 2714 171 2745 ,
241 2682 457 2753 μεγέθη
490 2698 549 2735 τε
599 2682 695 2735 καὶ
724 2683 986 2755 ὑπερφυᾶ
1022 2686 1353 2757 γεγενῆσθαι
1408 2689 1676 2758 λέγοντος,
1712 2690 1843 2745 ἀνθ-

235 2773 365 2827 ότου
402 2774 943 2846 κατασμικρύνονσιν
981 2776 1373 2847 οίδιεναντίας,
1406 2781 1465 2834 ού
1496 2781 1589 2835 τὸν
1621 2781 1840 2855 ἀληθῶς

238 2867 373 2922 Υιὸν
400 2868 541 2940 ὑπὲρ
564 2868 722 2940 ἡμῶν
755 2868 1001 2925 δεδόσθαι
1027 2872 1299 2941 λέγοντες,
1328 2875 1444 2928 ἀλλ’
1474 2876 1570 2930 ἕνα
1585 2877 1693 2931 τῶν
1716 2878 1839 2931 καθ’

236 2961 413 3033 ἡμᾶς,
446 2961 762 3032 εἰσποίητον
791 2961 985 3033 ἔχοντα
1013 2964 1112 3035 τὴν
1143 2965 1244 3036 τῆς
1276 2966 1527 3039 υίότητος
1550 2970 1732 3040 χάριν,
1758 2972 1840 3035 είς

232 3049 329 3104 τὸν
360 3049 454 3104 τοῦ
484 3051 627 3106 κατά
649 3052 813 3121 φύσιν
838 3052 971 3107 Υἰοῦ
1004 3055 1168 3109 τόπον
1208 3056 1653 3125 ἀναϐιϐάζοντες,
1684 3061 1840 3125 ὄντος

236 3141 296 3196 δὲ
324 3143 666 3212 Μονογενοῦς
690 3143 786 3198 τοῦ
817 3145 1061 3212 δοθέντος
1092 3148 1233 3221 ὑπὲρ
1260 3152 1293 3221 ἡ
1303 3150 1420 3221 μῶν
1440 3168 1453 3217 ;
1476 3146 1611 3206 Εἶτα
1634 3170 1841 3225 γεγρα-

110 3314 121 3321 κ
445 3237 697 3336 ΊωᾹάννου
729 3238 917 3336 σα-φῶς
939 3256 953 3271 ·
1002 3259 1020 3293 ι
1079 3241 1137 3294 '0
1168 3243 1466 3315 μονογενὴς
1497 3244 1649 3311 Θεὸς,
1700 3249 1729 3300 ό
1760 3245 1837 3301 ὢν
1866 3278 1909 3336 C

235 3328 319 3389 είς
349 3326 441 3379 τὸν
474 3326 675 3382 κόλπον
718 3328 815 3382 τοῦ
861 3330 1077 3401 Πατρός
1098 3349 1110 3361 ·
1148 3352 1167 3383 ι
1202 3331 1322 3397 πῶς
1345 3335 1447 3389 οὐκ
1473 3334 1539 3389 ἂν
1569 3337 1840 3406 ἀγάσαιτό

235 3435 325 3482 τις
359 3418 459 3487 τῆς
487 3418 731 3489 ἀμαθίας
761 3421 982 3487 αὐτοὺς,
1011 3422 1351 3491 ὲξωθοῦντας
1383 3428 1483 3497 μὲν
1505 3429 1605 3499 τῆς
1635 3432 1840 3486 οἰκονο-

239 3506 373 3577 μίας
391 3508 484 3562 τὸν
509 3512 775 3582 μονογενῆ
804 3511 937 3566 Θεὸν
957 3512 1154 3583 Λόγον,
1182 3516 1636 3591 ἀντεισφέροντας
1658 3521 1734 3590 δὲ,
1763 3523 1839 3588 ὡς

233 3600 395 3674 ιφην,
432 3606 554 3666 ταῖς
603 3603 840 3676 θύραθεν
883 3606 1064 3672 δόξαις
1095 3606 1499 3681 ὲξωραῖσθέντα
1548 3612 1689 3679 τινα,
1743 3617 1840 3670 καὶ

232 3694 478 3749 δπακτὸν
511 3694 704 3766 ἔχοντα
734 3698 797 3752 τὸ
819 3699 919 3770 τῆς
960 3700 1216 3774 θεότητος
1261 3703 1435 3774 ὄνομα
1460 3722 1473 3771 ;
1501 3702 1635 3761 Εἶτα
1678 3708 1732 3762 τί
1778 3709 1841 3763 τὸ

238 3785 388 3874 μέγα
414 3785 511 3840 καὶ
554 3787 888 3857 ἀξιόιγαστον
919 3792 977 3844 ὲν
1020 3794 1086 3863 τῇ
1135 3792 1229 3846 τοῦ
1261 3793 1479 3866 [ἰατρὸς
1507 3798 1699 3873 ἀγάπῃ
1733 3817 1838 3868 φα-

234 3873 413 3933 utea;
447 3876 654 3945 λοιπὸν,
690 3882 740 3934 si
773 3880 941 3954 μέρος
969 3882 1021 3936 τί
1054 3883 1285 3957 κόσμου,
1314 3888 1407 3939 καὶ
1440 3888 1601 3942 τοῦτο
1637 3889 1836 3963 βραχὺ,

234 3968 470 4023 δέδωκεν
490 3971 631 4042 ὑπὲρ
656 3973 858 4042 aurai};
900 3975 971 4029 "H
1002 3975 1143 4046 τάχα
1177 3995 1280 4031 που
1306 3979 1401 4033 καὶ
1430 3981 1839 4055 ἀνεπίπληκτον

235 4062 437 4129 είπεῖν,
462 4063 540 4127 ὡς
562 4064 899 4137 λελύτρωται
930 4067 1136 4140 κόσμος
1160 4070 1312 4125 οὐδὲν
1332 4071 1473 4143 ἔχων
1502 4076 1654 4146 παρά
1678 4076 1836 4146 Θεοῦ,

236 4151 376 4207 ἀλλά
410 4156 524 4217 τοῖς
570 4154 737 4209 αὑτοῦ
778 4157 970 4229 μέρεσι
1002 4159 1139 4231 πρὸς
1170 4160 1329 4216 τοῦτο
1367 4163 1835 4238 ύπηρετούμενος.

309 4424 373 4477 Β.
415 4424 672 4478 Δεδόσθαι
704 4428 837 4493 φασὶ
867 4426 958 4481 τὸν
990 4429 1283 4501 Μονογενῆ,
1308 4432 1462 4505 παρά
1482 4433 1577 4487 τοῦ
1602 4436 1837 4510 Πατρός,

238 4510 307 4567 ῑν’
339 4513 676 4586 οἰκονομήσῃ
722 4514 790 4568 τά
841 4516 962 4569 καθ’
993 4518 1161 4589 ἡμᾶς,
1194 4522 1295 4591 οὐχ
1336 4522 1425 4576 ἵνα
1455 4541 1507 4576 τι
1546 4524 1695 4599 πάθῃ
1728 4528 1839 4582 τῶν

1943 667 2104 709 ceant
2141 654 2247 724 ipsi
2298 653 2551 723 quisnam
2580 650 2633 705 in
2669 661 2986 718 supremum
3026 644 3156 700 illud
3178 643 3373 699 solium
3407 642 3547 697 asci-

1944 757 2027 803 tus
2060 749 2151 805 sit.
2181 746 2440 815 Patrique
2474 743 2730 800 assideat.
2763 739 3045 809 Siquidem
3092 738 3391 793 absurdum
3436 737 3544 790 im-

1940 841 2132 909 primis
2174 838 2340 893 fuerit
2381 837 2749 907 aequalitatem
2805 833 3032 889 honoris
3089 833 3332 887 tribuere
3386 844 3546 883 servo

1940 949 2063 985 cum
2132 931 2373 995 domino,
2417 939 2684 984 creatura:
2721 942 2850 983 cum
2894 933 3171 988 creatore,
3214 923 3262 977 ei
3310 922 3401 991 qui
3445 921 3550 975 sub

1934 1024 2066 1094 jugo
2096 1033 2178 1078 est
2215 1038 2338 1077 cum
2390 1022 2556 1077 t0lius
2606 1019 2846 1076 universi
2899 1017 3171 1081 Domino;
3224 1023 3277 1067 et
3317 1010 3543 1082 quodin

1940 1116 2196 1172 omnibus
2219 1121 2373 1186 paret
2401 1112 2653 1183 imperio,
2682 1128 2805 1168 cum
2825 1125 2890 1166 eo
2915 1108 3008 1180 qui
3037 1121 3204 1178 supra
3231 1104 3413 1159 omnia
3435 1113 3541 1159 est.

2011 1208 2073 1263 Β.
2114 1206 2339 1277 Explica
2373 1206 2477 1263 hoc
2508 1204 2667 1261 nobis
2693 1202 2946 1259 ulterius.
3282 1210 3289 1216 ‘

2009 1302 2075 1354 Α.
2118 1300 2307 1371 Atqui,
2334 1307 2393 1353 ut
2434 1298 2697 1364 arbitror,
2738 1292 3031 1352 manifeste
3064 1291 3198 1347 satis
3234 1298 3288 1347 et
3333 1286 3546 1360 prolixe

1940 1394 2099 1449 nobis
2124 1393 2229 1448 bac
2266 1393 2333 1448 de
2366 1407 2426 1448 re
2466 1399 2858 1461 pertractatum
2904 1397 3023 1454 est;
3070 1400 3247 1456 neque
3290 1398 3421 1439 vero
3458 1394 3545 1436 me

1940 1485 2147 1558 pigebit
2172 1486 2237 1540 iis
2259 1499 2379 1554 qua:
2409 1484 2522 1539 dixi
2549 1485 2720 1539 etiam
2756 1481 2861 1537 alia
2899 1480 3148 1550 quaedam
3180 1475 3420 1547 adjicere
3446 1491 3460 1541 ;
3489 1481 3547 1528 et

1941 1596 2047 1635 non
2080 1578 2301 1651 ignobili
2331 1577 2636 1648 patrocinio
2664 1591 2763 1647 pro
2790 1573 2965 1631 sacris
2996 1569 3342 1643 dogmatibus
3376 1564 3543 1621 vcluti

1938 1675 2172 1745 quadam
2209 1674 2389 1729 omnis
2435 1671 2655 1745 generis
2703 1678 2982 1724 armatura
3028 1666 3303 1728 indutum,
3343 1660 3547 1716 verita-

1943 1779 2049 1823 tem
2076 1781 2356 1837 opponere
2392 1765 2459 1821 iis
2481 1765 2572 1835 qui
2605 1761 2882 1818 contraria
2911 1757 3176 1815 sentiunt.
3210 1752 3364 1822 Quod
3392 1750 3543 1806 enim

1942 1858 2279 1930 unigenitum
2318 1854 2414 1912 Dei
2449 1854 2695 1911 Verbum
2719 1896 2735 1922 ,
2769 1868 2874 1909 non
2913 1849 3319 1907 interveniente
3353 1846 3421 1900 ad
3458 1844 3545 1899 in-

1943 1950 2315 2007 carnationem
2360 1948 2471 2003 lilio
2529 1948 2621 2019 qui
2655 1964 2686 2002 a
2733 1962 2793 2002 se
2835 1946 3084 2001 diversus
3120 1949 3286 2006 esset,
3327 1948 3382 1994 et
3411 1937 3544 1994 stri-

1942 2053 2029 2099 cte
2041 2044 2091 2099 ei
2116 2044 2558 2113 coniungeretur,
2577 2040 2771 2095 mortis
2790 2038 3075 2108 imperium
3096 2033 3428 2099 dissolverit,
3447 2031 3545 2088 sed

1942 2139 2118 2208 ipsum
2150 2136 2330 2206 potius
2353 2134 2592 2189 Verbum
2622 2132 2715 2186 Dei
2749 2146 2844 2199 per
2873 2144 2954 2195 se,
2994 2127 3268 2198 probabit,
3304 2126 3495 2183 dicetis
3525 2142 3542 2181 :

1948 2250 1966 2285 ι
2004 2233 2080 2287 ita
2111 2232 2257 2287 enim
2308 2229 2501 2285 dilexit
2544 2226 2686 2282 Deus
2725 2225 3009 2289 mundum,
3045 2231 3105 2277 ut
3146 2220 3345 2277 Filium
3384 2233 3544 2275 suum

1943 2313 2282 2395 unigenitum
2320 2322 2562 2385 dederit,
2602 2330 2662 2375 ut
2699 2319 2879 2375 omnis
2929 2316 3021 2389 qui
3055 2314 3228 2372 credi:
3278 2314 3333 2369 in
3366 2314 3546 2385 ipsum

1942 2434 2047 2474 non
2090 2426 2295 2490 pereat,
2333 2416 2428 2471 sed
2470 2414 2669 2470 habeat
2719 2413 2886 2467 vitam
2927 2419 3188 2465 aeternam
3213 2407 3283 2463 '°.
3323 2425 3345 2461 ι
3404 2406 3545 2462 Cum

1942 2525 2073 2567 vero
2108 2510 2201 2565 Dei
2250 2524 2316 2564 ac
2360 2506 2543 2562 Patris
2588 2503 2939 2560 dilectionem
2983 2515 3113 2571 erga
3164 2497 3425 2565 mundum
3468 2496 3546 2552 ita

1940 2601 2198 2666 extollat,
2251 2610 2307 2657 et
2356 2600 2675 2655 immensam
2724 2607 2887 2667 atque
2942 2593 3327 2649 iuexhaustam
3377 2588 3548 2645 fuisse

1944 2696 2110 2761 dicat,
2144 2710 2244 2751 cur
2272 2691 2518 2749 haeretici
2555 2690 2700 2746 hanc
2729 2688 2947 2744 elevant
2973 2695 3139 2755 atque
3188 2684 3544 2748 imminuunt,

1942 2789 2187 2845 dicentes
2224 2801 2330 2841 non
2379 2798 2570 2839 verum
2605 2781 2775 2837 tilium
2816 2796 2918 2853 pro
2953 2779 3112 2835 nobis
3146 2777 3333 2833 datum
3384 2790 3543 2842 esse,

1942 2881 2039 2937 sed
2080 2880 2371 2951 quemdam
2429 2892 2497 2932 ex
2535 2874 2690 2931 nobis
2730 2889 2827 2945 per
2866 2872 3098 2944 gratiam
3133 2872 3186 2926 in
3233 2870 3402 2925 lilium
3446 2868 3547 2925 ad-

1943 2980 2214 3043 optatum,
2235 2985 2471 3039 eumque
2498 2968 2550 3024 in
2572 2966 2836 3023 naturalis
2870 2964 2964 3020 lilii
2988 2965 3166 3021 locum
3193 2962 3505 3021 attollentes
3525 2999 3542 3027 ,

1943 3081 2064 3122 cum
2101 3062 2519 3134 sitUnigenitus
2550 3061 2643 3132 qui
2688 3074 2786 3131 pro
2820 3058 2977 3115 nobis
3025 3056 3189 3113 datus
3234 3057 3367 3112 est?
3400 3055 3549 3113 Prat-

1945 3168 2091 3213 terea
2144 3172 2267 3213 cum
2318 3155 2559 3211 Joannes
2605 3160 2794 3224 aperte
2840 3152 3085 3207 scribat:
3147 3169 3165 3202 ι
3223 3148 3548 3222 Unigenitus

1943 3248 2087 3305 Deus
2113 3253 2205 3319 qui
2233 3257 2314 3303 est
2357 3247 2409 3301 in
2440 3246 2561 3300 sinu
2600 3243 2778 3297 Patris
2808 3242 2850 3274 ⁸¹
2884 3260 2897 3298 :
2940 3262 2958 3296 ι
2998 3242 3273 3312 quomodo
3312 3256 3418 3295 non
3459 3242 3549 3297 ad-

1946 3343 2177 3397 miretur
2210 3339 2481 3411 quispiam
2517 3337 2737 3392 illorum
2774 3334 3130 3405 imperitiam,
3159 3334 3250 3404 qui
3280 3337 3350 3390 ab
3372 3335 3548 3390 admi-

1946 3433 2272 3490 nistratione
2305 3434 2358 3488 in
2390 3446 2558 3489 carne
2590 3429 2942 3501 Unigenitutn
2972 3427 3068 3485 Dei
3101 3426 3341 3485 Verbum
3366 3431 3549 3485 exclu-

1944 3529 2096 3591 dant,
2132 3524 2300 3598 769
2322 3539 2387 3581 ac
2421 3524 2600 3595 potius
2638 3522 2806 3578 alium
2853 3522 3167 3593 quemdam,
3200 3531 3259 3576 ut
3286 3522 3430 3589 dixi,
3466 3523 3548 3576 in-

1947 3621 2254 3687 troducam,
2286 3619 2595 3674 extrinseca
2632 3627 2797 3686 atque
2827 3615 3063 3671 ascititia
3105 3613 3274 3685 gloria
3303 3614 3547 3684 splendi-

1944 3711 2114 3776 dum,
2164 3709 2577 3779 adventitioque
2634 3706 2865 3764 Deitatis
2932 3705 3153 3761 nomine
3205 3704 3549 3774 praeditum!

1946 3798 2150 3854 Deinde
2179 3798 2439 3868 quidnam
2471 3796 2735 3853 eximium
2766 3804 2861 3850 aut
2895 3810 3228 3869 magnopere
3268 3797 3548 3854 admiran-

1945 3893 2071 3947 dum
2106 3891 2161 3945 in
2194 3890 2487 3947 dilectione
2524 3888 2706 3944 Patris
2738 3903 2863 3944 esse
2896 3898 3225 3955 censeatur,
3255 3891 3300 3945 si
3333 3900 3546 3959 partem

1945 3985 2234 4054 quamdam
2264 3983 2472 4051 mundi,
2510 3990 2675 4052 atque
2710 3980 2858 4036 illam
2882 3981 3103 4052 quidem
3135 3983 3411 4051 exiguam,
3450 3998 3548 4053 pro

1944 4076 2062 4148 ipso
2120 4075 2305 4151 dedit?
2337 4075 2645 4142 Quinetiam
2687 4075 2790 4130 hoc
2827 4074 3064 4130 fortasse
3110 4085 3256 4131 recte
3304 4076 3409 4132 dici
3452 4093 3547 4147 pn-

1946 4168 2096 4236 terit,
2141 4158 2482 4236 redemptum
2527 4182 2653 4223 esse
2693 4166 2957 4222 munduut
3001 4166 3137 4221 nihil
3184 4168 3481 4226 habentem
3515 4188 3545 4225 a

1946 4262 2093 4329 Deo,
2153 4259 2249 4318 sed
2316 4275 2443 4316 suas
2508 4260 2679 4333 ipsius
2732 4272 2920 4332 partes
2970 4262 3337 4332 reder'nptioni
3401 4264 3547 4320 inse-

1946 4356 2137 4413 ruisse.

2014 4444 2074 4503 B.
2112 4446 2281 4503 Aiunt
2313 4448 2532 4518 quidem
2559 4445 2748 4502 datum
2774 4461 2897 4503 esse
2926 4463 2955 4501 a
2984 4446 3148 4503 Patre
3194 4446 3544 4520 Unigenitum

1946 4552 2005 4597 ut
2043 4557 2132 4598 res
2165 4549 2383 4597 nostras
2414 4539 2782 4606 administret,
2818 4556 2924 4596 non
2963 4550 3145 4596 autem
3196 4540 3252 4597 in
3301 4556 3398 4597 sua
3451 4558 3547 4598 na-

236 4604 600 4679 ἀνθρωπίνων
635 4606 799 4671 αὐτὸς
845 4610 925 4671 είς
955 4609 1094 4664 ίδίαν
1133 4611 1296 4682 φύσιν
1320 4631 1334 4644 ·
1366 4615 1649 4688 ἀμήχανον
1700 4620 1833 4692 γάρ.

1946 4644 2064 4690 tura
2096 4634 2393 4689 humanum
2424 4633 2629 4704 aliquid
2660 4633 2935 4705 patiatur;
2966 4649 3089 4689 nam
3135 4634 3239 4691 hoc
3275 4634 3393 4691 ﬁeri
3437 4650 3546 4693 non

305 4788 373 4840 Α.
418 4786 589 4840 Πάθοι
623 4786 724 4857 μὲν
759 4787 825 4842 ἂν
853 4789 1016 4853 αὐτὸς
1046 4792 1125 4856 είς
1159 4793 1295 4849 ἰδίαν
1326 4796 1489 4864 φύσιν
1520 4797 1583 4852 τὸ
1614 4800 1839 4873 σύμπαν

144 4938 149 4941 ,
236 4880 409 4935 οὐδέν.
460 4879 776 4951 ’Δσώματος
821 4880 931 4953 γὰρ
980 4884 1245 4956 ὑπάρχων
1278 4887 1353 4951 ὡς
1402 4889 1556 4955 Θεὸς,
1596 4891 1701 4960 ἔξω
1732 4911 1838 4950 που

235 4974 458 5036 πάντως
487 4971 731 5026 κείσεται
758 4974 853 5028 τοῦ
883 4974 1077 5032 παθεῖν
1097 4991 1111 5008 ’
1136 4978 1263 5033 ἐπεὶ
1288 4980 1347 5034 δὲ
1374 4981 1512 5037 κατά
1546 4985 1647 5057 τὴν
1668 4986 1836 5042 αὑτοῦ

222 5066 446 5137 φωνὴν,
478 5064 577 5137 τὴν
604 5065 693 5121 διά
721 5083 808 5135 γε,
852 5069 1018 5140 φημὶ,
1048 5070 1148 5141 τῆς
1176 5073 1270 5126 τοῦ
1305 5074 1616 5153 Ψάλλοντος
1639 5080 1832 5153 λύρας,

236 5158 401 5229 σῶμα
419 5157 568 5227 αὐτῷ
588 5160 946 5230 κατήρτισται
978 5164 1129 5233 παρὰ
1160 5164 1253 5218 τοῦ
1282 5166 1518 5240 Πατρός,
1551 5171 1834 5243 παρῆλθεν

234 5250 577 5321 ὲνσώματος,
613 5250 707 5304 τοῦ
744 5252 971 5325 ποιῆσαι
1005 5255 1065 5309 τὸ
1099 5254 1310 5331 θέλημα
1339 5261 1527 5319 αὐτοῦ.
1567 5264 1738 5320 Τοῦτο
1774 5267 1833 5321 δὲ

232 5336 301 5415 ἦν
340 5345 373 5413 ἠ
407 5342 496 5397 διά
533 5344 628 5397 τοῦ
668 5346 850 5417 τιμίου
902 5349 1139 5419 σταυροῦ
1186 5351 1457 5425 λύτρωσις
1496 5358 1591 5411 καὶ
1630 5360 1831 5415 ἀνακε-

232 5436 541 5505 φαλαίωσις
574 5436 682 5490 τῶν
724 5438 883 5505 ὅλων,
920 5439 986 5492 δι’
1014 5441 1180 5495 αὑτοῦ
1210 5461 1271 5497 τε
1315 5447 1409 5500 καὶ
1439 5450 1519 5513 εἰς
1565 5451 1728 5506 αὑτὸν
1768 5448 1827 5509 εῦ

236 5530 384 5599 μάλα
425 5528 859 5601 κατορθουμένη.
908 5533 1248 5607 Συλλήψεται
1278 5539 1334 5594 δὲ
1362 5536 1445 5607 οἷς
1488 5543 1625 5615 ἔφην
1678 5548 1771 5602 καὶ
1805 5551 1833 5603 ό

235 5623 573 5691 πανάριστος
594 5623 824 5688 Παῦλος.
848 5625 946 5679 ὡδὶ
964 5630 1279 5699 γεγραφώς·
1325 5654 1343 5687 ι
1377 5636 1549 5691 Τοῦτο
1582 5644 1830 5710 φρονεῖτε

235 5716 464 5778 ἕκαστος
500 5718 555 5768 ἐν
591 5717 718 5787 ύμῖν
748 5719 952 5784 αὐτοῖς,
983 5720 1011 5772 ὃ
1041 5724 1135 5776 καὶ
1178 5726 1235 5775 ὲν
1270 5727 1489 5802 Χριστῷ
1533 5731 1732 5803 Ἰησοῦ,
1774 5736 1831 5803 ὃς

308 5894 353 5926 ⁸⁸
390 5893 548 5953 Joau.
589 5911 671 5963 ιιι,
712 5898 796 5955 l6.
877 5899 916 5933 "
959 5897 1112 5956 Joau.
1161 5918 1197 5971 ι,
1240 5904 1318 5959 l8.

1944 4736 2147 4799 potest.

2012 4818 2078 4872 Α.
2124 4818 2243 4888 Ipse
2279 4827 2429 4875 certe
2460 4819 2515 4874 in
2542 4834 2638 4875 sua
2672 4827 2866 4875 natura
2894 4818 3027 4875 nihil
3052 4820 3277 4877 omnino
3309 4822 3541 4893 patitur.

1937 4913 2075 4968 Cum
2107 4914 2253 4968 enim
2286 4914 2358 4969 sit
2399 4914 2780 4984 incorporeus,
2810 4924 2869 4969 ut
2914 4914 3086 4981 Deus,
3121 4917 3393 4984 passionis
3426 4934 3546 4973 om-

1937 5006 2025 5062 nis
2050 5020 2246 5074 expers
2276 5014 2379 5062 est.
2404 5007 2541 5062 Cum
2575 5022 2708 5063 vero
2746 5006 2899 5077 juxta
2928 5008 3098 5079 ipsius
3138 5024 3350 5078 vocem,
3384 5011 3542 5081 juxta

1941 5098 2185 5165 Davidis,
2224 5099 2474 5171 inquam,
2512 5099 2711 5172 lyram,
2746 5116 2944 5171 corpus
2973 5102 3023 5157 ei
3055 5118 3084 5157 a
3117 5101 3281 5160 Patre
3314 5117 3539 5177 coapta-

1940 5202 2052 5247 tttm
2087 5200 2190 5258 est,
2216 5207 2511 5261 corporeus
2536 5193 2760 5249 advenit
2788 5204 2846 5249 ut
2870 5208 3269 5266 exsequeretur
3292 5200 3542 5257 volunta-

1942 5294 2052 5338 tem
2084 5283 2281 5339 Patris.
2313 5282 2438 5340 Haec
2464 5300 2630 5355 porro
2655 5296 2776 5343 erat
2806 5286 3110 5359 redemptio
3141 5305 3237 5359 per
3265 5307 3538 5351 veneran-

1940 5378 2063 5433 dam
2096 5393 2161 5434 ac
2205 5378 2501 5450 pretiosam
2549 5394 2792 5448 crucem,
2836 5391 3001 5453 atque
3046 5383 3377 5443 instauratio
3418 5391 3540 5445 uui-

1940 5484 2223 5525 versorum
2269 5485 2364 5543 per
2423 5472 2599 5542 ipsum
2648 5484 2703 5529 et
2755 5474 2807 5528 in
2859 5475 2975 5545 ipso
3032 5477 3239 5547 optime
3293 5494 3537 5550 peracta.

1939 5558 2221 5615 Consentit
2252 5578 2382 5618 vero
2412 5564 2481 5619 iis
2507 5579 2629 5635 quae
2669 5566 2807 5621 dixit
2836 5567 3002 5622 etiam
3034 5568 3275 5639 optimus
3309 5569 3537 5640 Paulus,

1941 5646 2013 5699 ita
2048 5648 2296 5705 scribens
2334 5669 2346 5706 :
2379 5670 2397 5703 ι
2434 5652 2545 5709 lloc
2568 5654 2712 5716 enim
2763 5657 2961 5712 sentite
3001 5658 3055 5713 in
3103 5660 3279 5725 vobis,
3312 5664 3455 5732 quod
3487 5675 3541 5720 et

1940 5740 1993 5794 in
2022 5740 2243 5812 Christo
2279 5741 2430 5813 Jesu,
2460 5748 2549 5818 qui
2580 5764 2701 5805 cum
2730 5750 2799 5824 _in
2836 5751 3012 5808 forma
3062 5750 3156 5808 Dei
3208 5762 3373 5811 esset.
3423 5771 3532 5813 non
