3996 6496
230 480 379 540 1549

1376 468 1568 537 QUOD
1612 465 1797 523 UNUS
1839 463 1948 521 SIT
1988 464 2359 523 CHRISTUS.

3414 461 3558 521 13530

230 602 297 655 ιν
337 592 665 653 ταπεινώσει
712 594 773 648 τὸ
811 593 1033 663 ὑψηλὸν,
1079 594 1172 646 καὶ
1217 592 1277 644 τὸ
1328 590 1487 659 φύσει
1540 588 1744 659 προσὸν
1771 584 1845 647 ῶς

1981 600 2099 653 lem,
2132 595 2188 642 et
2216 585 2267 641 id
2306 582 2455 657 quod
2498 595 2695 639 natura
2731 582 2831 654 ipsi
2879 582 3024 638 inest
3069 577 3228 652 quasi
3272 590 3560 653 acet-ptum

231 692 387 747 δοτὸν
418 689 504 750 διὰ
545 690 608 743 τὸ
637 686 983 757 ἀνθρώπινον
1014 683 1441 757 προσκυνεῖσθαι
1481 680 1623 751 πρὸς
1668 674 1843 731 ἁπάν-

234 802 368 839 των.
410 783 674 852 Κάμπτει
722 778 833 849 γὰρ
872 776 1022 847 αὖτῷ
1058 779 1167 830 πᾶν
1216 775 1346 845 γόνυ
1392 773 1503 827 τῶν
1548 788 1610 825 τε
1656 772 1713 824 ὲν
1750 766 1839 819 ού-

233 878 447 948 ρανοίς,
481 874 577 927 καὶ.
616 871 708 925 ἐπὶ
742 871 867 939 γῆς,
903 870 997 923 καὶ
1046 868 1153 922 πᾶν
1188 867 1378 936 τάγμα
1405 864 1700 932 δοξολογεῖ.
1726 862 1846 917 Κύ-

236 982 358 1037 ριος
389 967 501 1035 γὰρ
530 960 670 1017 εἶναι
702 960 1023 1014 πιστεύεται
1065 960 1303 1031 Χριστὸς
1344 955 1555 1027 Ἰησοῦς
1583 957 1665 1021 εἰς
1687 955 1847 1021 δόξαν
1884 1014 1887 1017 ,

234 1059 377 1113 Θεοῦ
407 1056 643 1129 Πατρός.
691 1056 802 1111 Καὶ
828 1054 959 1123 γοῦν
1005 1052 1110 1123 ἔφη
1142 1054 1278 1125 πρὸς
1302 1052 1393 1106 τὸν
1419 1052 1478 1104 ὲν
1518 1052 1632 1115 τοῖς
1676 1049 1848 1121 ούρα-

235 1156 354 1217 νοῖς
387 1151 609 1223 Πατέρα
637 1150 732 1204 καὶ
769 1148 922 1203 Θεόν·
964 1168 981 1200 ι
1020 1147 1225 1217 Πάτερ,
1274 1144 1499 1210 δόξασόν
1531 1161 1598 1214 με
1624 1145 1690 1214 τῇ
1715 1141 1845 1214 δόξῃ

237 1240 276 1326 ᾗ
307 1242 478 1319 εἶχον.
509 1244 616 1315 πρὸ
639 1242 735 1297 τοῦ
769 1241 861 1295 τὸν
887 1240 1092 1311 κόσμον
1126 1236 1287 1304 εἶναι,
1323 1237 1477 1309 παρὰ
1513 1238 1616 1290 σοι.
1656 1254 1673 1287 ι
1716 1232 1847 1307 'Ap'

234 1337 361 1404 οὖν,
404 1338 525 1393 εἰπέ
558 1354 673 1408 μοι,
705 1334 1044 1406 προκόσμιος
1077 1326 1144 1402 ἦν
1190 1333 1218 1385 ό
1249 1330 1563 1401 ἄνθρωπος,
1596 1328 1656 1380 ὃν
1700 1327 1851 1381 ἆνειο

237 1431 452 1502 λῆφθαί
490 1446 627 1500 φασι
658 1424 809 1495 παρὰ
854 1422 948 1477 τοῦ
980 1420 1321 1501 Μονογενοῦς
1357 1420 1502 1474 κατὰ
1549 1420 1847 1489 συνάφειαν

239 1527 507 1598 σχετικὴν
527 1541 544 1586 ς

318 1619 383 1674 n.
421 1616 710 1688 Οὐδαμῶς.

314 1714 385 1767 Δ.
427 1712 525 1776 Τις
552 1707 646 1765 οὖν
688 1711 800 1781 ἄρα
831 1709 979 1763 ἐστὶν
1026 1710 1055 1760 0
1102 1705 1258 1770 δόξαν
1290 1702 1479 1765 αἰών,
1511 1702 1580 1774 ἢν
1609 1704 1704 1756 καί
1742 1702 1849 1773 πρὸ

239 1804 420 1874 αὐτῆς
461 1804 559 1873 τῆς
586 1799 681 1857 τοῦ
710 1802 920 1871 κόσμου
964 1798 1273 1868 καταϐολῆς
1305 1797 1638 1866 ἔνυπάρχειν
1669 1793 1849 1864 ἑαυτῷ

1946 680 2240 734 habentem
2261 687 2483 749 propter
2507 677 2931 740 humanitatem,
2954 675 3024 731 ab
3038 672 3293 730 omnibus
3315 673 3563 729 adorari.

1950 770 2204 826 Flectunt
2232 772 2376 827 enim
2406 771 2455 826 ei
2480 786 2621 846 genu
2644 770 2827 826 omnia
2858 768 3130 835 caelestia,
3160 778 3217 824 et
3254 767 3569 831 terrestria,

1949 872 2004 918 et
2032 864 2213 919 omnis
2241 865 2376 919 ordo
2396 863 2689 919 clariﬁcat.
2728 863 2990 918 Dominus
3028 862 3174 917 enim
3210 875 3337 916 esse
3379 859 3562 914 credi-

1953 963 2047 1011 tur
2076 956 2335 1010 Christus
2378 954 2535 1011 Iesus
2574 956 2627 1010 in
2676 954 2906 1027 gloriam
2942 953 3035 1010 Dei
3072 953 3292 1009 Patris:
3336 952 3469 1025 quin
3510 961 3560 1004 et
3592 991 3607 1010 .

1953 1046 2067 1117 ipsc
2099 1047 2166 1101 ad
2199 1044 2416 1103 Patrem
2443 1060 2511 1107 ac
2541 1044 2713 1101 Deum
2746 1046 3026 1102 caelestem
3052 1045 3127 1099 ita
3162 1046 3378 1114 inquit:
3412 1060 3434 1100 ι
3459 1041 3562 1099 Pa-

1956 1147 2058 1202 ter,
2084 1137 2327 1209 gloriﬂca
2370 1150 2459 1193 me
2502 1152 2566 1193 ea
2597 1136 2774 1208 gloria
2812 1151 2978 1205 quam
3026 1136 3217 1205 habui,
3264 1145 3558 1207 antequam

1954 1231 2187 1286 mundus
2217 1239 2388 1293 esset,
2441 1231 2584 1301 apud
2620 1239 2674 1287 te
2709 1229 2776 1283 “.
2812 1247 2832 1282 ι
2872 1227 2970 1285 Dic
3012 1244 3142 1285 vero
3185 1229 3315 1285 mihi
3352 1247 3367 1285 :
3400 1230 3566 1285 homo

1954 1321 2043 1377 ille
2073 1337 2235 1392 quem
2261 1323 2330 1378 ab
2366 1321 2660 1393 Unigenito
2702 1321 2913 1378 ratione
2952 1331 3119 1377 arma
3158 1320 3567 1391 conjunctionis

1953 1426 2293 1486 assumptum
2342 1429 2465 1472 esse
2510 1415 2727 1480 dicunt,
2764 1416 3048 1471 exstititne
3106 1424 3234 1471 ante
3294 1414 3565 1473 constitu-

1957 1507 2159 1562 tionem
2188 1507 2412 1563 mundi?

2029 1599 2091 1654 Β.
2166 1598 2547 1672 Nequaquam.

2028 1694 2097 1749 Δ,
2140 1694 2405 1763 Quisnam
2434 1698 2597 1768 igitur
2618 1706 2703 1753 est
2733 1697 2827 1767 qui
2855 1697 2991 1767 petit
3024 1710 3143 1752 eam
3169 1695 3425 1767 gloriam,
3449 1709 3556 1775 qua

1957 1803 2016 1843 se
2065 1798 2194 1844 ante
2248 1789 2529 1844 conditum
2591 1790 2856 1845 mundum
2915 1790 3205 1859 praeditum
3256 1789 3432 1847 fuisse
3463 1789 3568 1861 ait,

241 1912 441 1967 φησιν,
474 1893 562 1947 ἀεὶ
608 1893 704 1945 καὶ
753 1891 842 1944 διὰ
888 1889 1092 1952 παντὸς
1123 1888 1239 1941 όντι
1280 1886 1434 1957 παρὰ
1462 1885 1619 1956 Θεῷς
1666 1886 1781 1955 Οὐχ
1824 1886 1853 1939 0

1981 1879 2118 1949 771
2157 1894 2498 1950 semperque
2540 1888 2597 1935 et
2638 1880 2707 1935 ab
2746 1891 2954 1935 :eterno
3006 1880 3148 1951 apud
3190 1881 3360 1935 Deum
3399 1881 3573 1936 exsti-

242 1947 525 2049 ciu.va10to;
567 1983 645 2056 τῷ
671 2046 681 2053 ,
707 1982 888 2054 Πατρὶ
930 1947 1281 2049 Θεὸς-Λόγος
1307 2020 1322 2045 ,
1361 1947 1401 2033 '0
1449 1947 1846 2050 σύνθρονόςητε

1981 1947 2131 2028 ἰεεεῖῖ
2169 1947 2363 2028 Νοιιιιο
2404 1947 2749 2029 comteruum
2785 1971 2934 2028 Patri
2986 1947 3263 2041 Verbum,
3299 1988 3406 2028 una
3443 1988 3568 2029 cum

242 2080 348 2135 καὶ
393 2075 817 2147 συνυφεστηκὼς
864 2074 1036 2146 αὐτῷ,
1069 2076 1199 2145 περὶ
1234 2068 1294 2128 οὗ
1321 2089 1487 2143 φησιν
1514 2074 1543 2127 0
1573 2071 1851 2141 πάνσοφος

243 2170 647 2242 σὺαγγελιστὴς
681 2168 953 2239 Ἰωάννηςο
984 2188 1001 2221 ι
1023 2169 1086 2222 '0
1108 2167 1280 2236 Λόγος
1309 2161 1378 2238 ἦν
1414 2165 1552 2237 πρὸς
1580 2164 1672 2218 τὸν
1692 2162 1849 2228 Θεὸν,

244 2264 347 2318 καὶ
375 2263 507 2326 Θεὸς
532 2258 599 2333 ἦν
625 2265 654 2316 0
684 2262 895 2331 Λόγος;
934 2282 951 2314 ι

320 2356 384 2408 Β.
425 2354 549 2415 Πῶς
581 2354 690 2426 γὰρ
719 2353 812 2417 οὖς

322 2447 390 2499 Α.
424 2445 636 2517 ’Ὥσπερ
665 2440 757 2499 οὖν
786 2445 887 2514 τῆς
930 2443 1091 2513 δόξης
1128 2442 1335 2515 Κύριος
1367 2442 1463 2505 ὢν,
1498 2436 1615 2494 εἶτα
1662 2438 1851 2502 καθεὶς

247 2538 450 2591 ἑαυτὸν
478 2538 565 2591 διὰ
602 2537 770 2608 μέσου
806 2538 942 2607 πρὸς
966 2538 1028 2589 τὸ
1061 2535 1321 2597 δυσκλεὲς
1360 2535 1458 2604 τῆς
1490 2533 1679 2586 δούλου
1721 2549 1855 2603 μορ·

248 2632 389 2703 φῆς,
431 2631 530 2701 τῆς
585 2630 814 2699 ἐνούσης
855 2630 945 2682 ἀεὶ
988 2629 1148 2698 δόξης
1203 2626 1384 2696 ἐαυτῷ
1430 2628 1530 2695 τὴν
1586 2625 1854 2694 ἀνάληψιν

250 2727 417 2787 αἰτεῖ,
439 2724 533 2777 καὶ¹
560 2721 722 2775 τοῦτο
746 2720 886 2793 δρῶν
904 2720 1000 2775 ἀνθ
1011 2719 1413 2793 ρωποπρεπῶς·
1445 2718 1590 2771 οὓτω
1611 2720 1705 2770 καὶ
1722 2718 1856 2781 Θεὸς

252 2816 524 2887 ὑπάρχων
555 2815 662 2879 ἀεὶ,
698 2814 834 2886 πρὸς
861 2813 961 2883 τὴν
988 2814 1087 2882 τῆς
1121 2813 1257 2875 ἰδίας
1296 2811 1550 2881 θεότητος
1578 2811 1857 2883 ὑπεροχήν

252 2924 317 2959 τε
353 2905 636 2969 καὶδόξαν
684 2908 747 2956 ὲκ
794 2903 902 2956 τῶν
937 2901 1060 2955 καθ’
1107 2903 1256 2973 ἡμᾶς
1298 2901 1515 2971 μέτρων
1569 2901 1855 2970 ἁναφοιτᾷ,

256 2998 328 3051 ἶν’
345 2997 420 3060 ὡς
442 2998 523 3055 ἑνὶ
552 2996 736 3051 λοιπὸν
757 2995 872 3065 Υἱῷ
899 2994 976 3064 τῷ
1004 2994 1146 3047 κατὰ
1170 2994 1331 3063 φύσιν
1345 2995 1437 3047 καὶ
1461 2992 1721 3063 ἀληθινῷ,
1739 2993 1862 3047 καί-

254 3108 344 3146 τοι
381 3089 502 3147 καθ’
542 3090 690 3159 ἡμᾶς
723 3088 971 3156 γεγονότι
1016 3088 1110 3139 καὶ
1162 3086 1592 3157 σεσαρκωμένῳ,
1629 3085 1863 3157 κάμπτῃ

257 3186 376 3243 πᾶν
405 3184 552 3251 γόνυ,
592 3182 847 3251 καθάπερ
888 3180 1024 3251 ἔφην
1068 3180 1293 3251 ἀρτίως.
1329 3180 1499 3232 Ταυτὶ
1530 3179 1660 3250 γὰρ,
1682 3165 1858 3249 οἶμαι,

260 3275 591 3347 φρονοῦντες
620 3272 806 3329 ὼδέ.τε
834 3269 1207 3333 πιστεύοντες,
1251 3270 1616 3341 ἐγκλημάτων
1649 3270 1863 3342 ἀνθρω-

260 3366 588 3438 ⁴πολατρίας,
622 3364 854 3436 οὐρανόν
879 3380 939 3415 τε
964 3364 1057 3418 καὶ
1082 3364 1185 3433 γῆν
1211 3362 1623 3433 ἀπαλλάξομεν.
1658 3363 1871 3433 Γέγρα-

262 3474 402 3515 πται
432 3457 561 3527 γὰρ,
596 3458 677 3511 ὅτι
720 3475 739 3509 ι
778 3455 983 3526 Κύριον
1015 3455 1105 3507 τὸν
1135 3454 1268 3507 Θεό-ι
1320 3472 1411 3508 σου
1443 3456 1868 3525 προσκυνήσεις,

262 3552 363 3606 καὶ
402 3548 549 3620 αὐτῷ
582 3549 730 3620 μόνῳ
755 3546 1099 3611 λατρεύσεις.
1147 3567 1165 3597 ι

346 3727 408 3784 Β.
440 3725 717 3785 Πλείστων
763 3726 832 3782 ἂν
864 3726 1038 3779 δέοιτο
1085 3727 1191 3779 τῶν
1231 3728 1697 3800 ὲπικουρημὰτων
1727 3731 1754 3782 0
1780 3730 1873 3782 ἐπὶ

261 3821 409 3893 τῷδε
438 3820 620 3888 λόγος.
666 3820 772 3873 Ἴθι
813 3819 879 3890 δὴ
903 3816 996 3873 οὖν
1025 3820 1117 3873 καὶ
1147 3820 1213 3872 δι’
1258 3820 1463 3891 ἐτέρων
1494 3824 1627 3891 ἡμῖν
1653 3822 1873 3875 ἐννοιῶν

261 3913 523 3983 διασαφει
550 3914 609 3967 τὸ
636 3915 962 3984 μυστήριον.

340 4006 407 4059 Α.
446 4002 655 4061 Οὐκοῦν
684 3999 802 4074 εἶμι
845 4020 948 4068 τοι,
987 4005 1084 4057 καὶ
1125 4004 1271 4074 μάλα
1327 4003 1629 4075 προθύμως
1654 4022 1666 4035 ·
1705 4006 1873 4077 φαίην

262 4099 313 4154 δ’
339 4100 429 4161 ἂν,
454 4099 537 4151 ὅτι
564 4098 925 4169 ἡμαρτήκασι
950 4097 1241 4168 τάληθοῦς,
1274 4098 1349 4161 ὡς
1380 4098 1567 4169 ἕτερον
1601 4100 1733 4169 ἡμῖν
1756 4097 1872 4151 υἱὸν

265 4191 366 4246 τὸν
400 4192 465 4244 ἐκ
504 4191 822 4262 σπέρματος
853 4189 949 4244 τοῦ
974 4190 1142 4243 Δαϐὶδ
1168 4189 1653 4262 παραζευγνύντες
1678 4190 1756 4261 τῷ
1780 4190 1875 4260 φύ-

270 4301 360 4338 σει
395 4285 490 4338 καὶ
520 4283 759 4355 ἀληθῶς,
812 4283 972 4354 δῆλον
1001 4284 1058 4336 δὲ
1106 4286 1187 4337 ὅτι
1233 4282 1311 4355 τῷ
1343 4284 1662 4352 Μονογενεῖ,
1696 4284 1872 4338 καίτοι

267 4377 510 4450 βοῶντος
546 4375 733 4445 σαφῶς
778 4376 923 4447 ἱεροῦ
970 4377 1320 4447 Γράμματος·
1362 4396 1380 4429 ι
1430 4377 1487 4430 ’0
1534 4376 1751 4446 πρῶτος
1781 4375 1873 4430 ἄν·

270 4472 496 4543 θρωπος
517 4471 585 4523 ἐκ
610 4472 713 4541 γῆς
732 4470 935 4541 χοῖκὸς,
963 4471 991 4522 0
1030 4469 1282 4541 δεύτερος
1314 4469 1374 4534 ἐξ
1422 4469 1656 4541 ούρανοῦ
1676 4484 1689 4496 ·
1722 4488 1741 4521 ι
1777 4471 1874 4524 καὶ

276 4561 390 4634 μὴν
416 4561 513 4615 καὶ
534 4560 699 4614 αὐτοῦ
730 4560 825 4614 τοῦ
863 4561 1016 4627 Υἱοῦ,
1045 4562 1125 4615 ὅτι
1146 4580 1165 4613 ι
1187 4561 1563 4631 Καταὸέϐηκα
1588 4563 1654 4615 ὲκ
1670 4561 1765 4616 τοῦ
1785 4562 1875 4616 ού-

274 4654 468 4729 ρανοῦ,
497 4654 597 4724 οὐχ
619 4642 707 4708 ἵνα
736 4652 877 4707 ποιῶ
904 4654 966 4707 τὸ
986 4654 1200 4726 θέλημα
1215 4654 1274 4708 τὸ
1300 4655 1455 4725 ὲμὸν,
1476 4653 1614 4708 ἀλλὰ
1633 4654 1696 4708 τὸ
1714 4654 1872 4726 θέλη-

272 4745 469 4821 ματοῦ
504 4745 821 4817 πέμψαντός
853 4763 941 4816 με.
970 4746 1143 4802 Τοῦτο
1179 4746 1237 4801 δέ
1285 4748 1403 4800 ἐστι
1438 4745 1500 4799 τὸ
1532 4745 1747 4817 θέλημα
1775 4746 1871 4800 τοῦ

271 4837 593 4912 πιμψαντός
631 4855 720 4909 με,
752 4838 842 4892 ἵνα
870 4838 977 4891 πᾶν
1007 4838 1035 4891 ὃ
1056 4838 1258 4899 δέδωκέ
1289 4856 1380 4909 μοι
1416 4838 1491 4909 μὴ
1524 4838 1777 4892 ἀπολέσω
1816 4840 1873 4904 ἐξ

272 4931 466 4998 αὐτοῦ,
496 4930 635 4985 ἀλλὰ
657 4932 950 5003 ἀναστήσω
976 4932 1109 4985 αὐτὸ
1132 4936 1200 5004 τῇ
1225 4933 1430 5002 ἐσχάτῃ
1456 4931 1658 5003 ἡμέρᾳ.
1693 4951 1712 4983 ι
1742 4932 1876 4985 Τίνα

273 5026 341 5102 δὴ
374 5022 471 5082 οὖν
500 5028 609 5099 ἄρα
634 5028 771 5096 φασὶ
792 5027 886 5080 τὸν
914 5026 976 5092 ἐξ
1008 5026 1237 5098 οὐρανοῦ
1276 5025 1647 5096 καθιγμένον;
1678 5026 1875 5095 Γεγὲν-

256 5138 438 5191 ,νηται
468 5120 577 5191 γὰρ
609 5120 672 5174 τὸ
701 5119 864 5191 σῶμα
888 5123 953 5174 ὲκ
985 5121 1266 5189 γυναικός.

350 5214 412 5266 Β.
433 5213 538 5267 Τὸν
562 5214 629 5265 ἑκ
650 5212 787 5266 Θεοῦ
819 5214 1036 5285 Πατρὸς
1062 5213 1307 5285 δηλονότι
1329 5213 1663 5285 γεννηθέντα
1686 5213 1875 5283 Λόγον.

277 5301 453 5376 Οἶμαι
490 5288 600 5377 γὰρ
626 5306 725 5377 οὐχ
753 5306 941 5377 ἕτερόν
962 5324 1013 5361 τι
1055 5311 1275 5380 φρονεῖν
1299 5310 1514 5363 ἑλέσθαι
1545 5309 1697 5381 παρὰ
1720 5311 1879 5366 τοῦτο

278 5413 501 5459 αυτους.

354 5495 419 5546 Δ.
468 5492 695 5565 Ὀρθῶς,
730 5487 776 5547 ὦ
798 5496 1002 5568 ἑταῖρε.
1036 5494 1288 5566 Γέγραφε
1320 5496 1377 5551 δέ
1406 5514 1509 5551 που
1555 5498 1650 5553 καὶ
1675 5500 1703 5553 0
1736 5498 1871 5553 πάν-

286 5600 448 5653 σοφος
496 5586 753 5659 Ἰωάννης
784 5605 797 5618 σ
860 5608 879 5640 ι
945 5589 1003 5643 '0
1049 5589 1257 5645 ἄνωθεν
1316 5590 1631 5662 ἐρχόμενος,
1692 5592 1879 5647 ἐπάνω

294 5682 504 5729 ταντων
562 5679 729 5733 ἐστίν.
772 5699 789 5731 ι
831 5675 965 5734 Εἶτα
1014 5682 1129 5745 πῶς
1182 5682 1457 5747 ἐθέλοντος
1510 5683 1604 5736 τοῦ
1662 5684 1880 5756 Πατρὸς

358 5874 598 5950 "join.
649 5897 777 5950 uti,
812 5883 861 5938 ὅ.

943 5885 985 5914 ³³
1028 5884 1188 5940 Deut.
1233 5899 1301 5953 νι,
1339 5885 1435 5955 15;
1470 5884 1666 5944 Matth.
1709 5905 1781 5958 tv,
1817 5890 1898 5945 ltl.

288 5962 374 6016 ut,
407 5947 497 6005 3t.

1958 2063 2076 2134 ipso
2099 2063 2399 2133 exsistens,
2437 2064 2599 2134 eique
2642 2064 2924 2130 assidens,
2977 2065 3043 2120 de
3084 2080 3193 2136 quo
3230 2064 3570 2136 evangelista

1957 2158 2197 2215 Joannes
2228 2158 2449 2230 inquit:
2481 2176 2501 2210 ι
2536 2156 2777 2215 Verbum
2820 2166 2941 2215 erat
2959 2158 3101 2228 apud
3120 2157 3316 2223 Deum,
3344 2168 3399 2215 et
3427 2155 3573 2212 Deus

1960 2262 2080 2307 erat
2109 2250 2344 2307 Verbum
2369 2251 2393 2305 ?
2434 2270 2453 2302 ι

2030 2344 2111 2400 Β.⁹
2133 2342 2270 2410 Quis
2299 2343 2511 2399 dubitet
2542 2344 2565 2398 ?

2036 2437 2102 2492 Α.
2133 2436 2605 2503 Quemadmodum
2658 2436 2828 2508 igitur
2878 2436 3071 2505 gloria:
3108 2436 3374 2493 Dominus
3422 2437 3616 2495 εἰεί--

1962 2542 2132 2599 stens,
2170 2546 2295 2585 cum
2332 2544 2393 2585 se
2418 2528 2642 2585 demisit
2673 2539 2863 2601 postea
2893 2530 2961 2585 ad
3008 2531 3224 2586 servilis
3251 2530 3437 2593 formae
3475 2533 3578 2586 bu-

1964 2627 2274 2691 militatem,
2296 2624 2525 2694 gloriam
2550 2640 2655 2696 qua
2681 2626 2747 2680 ah
2775 2635 2982 2679 :eterno
3009 2622 3273 2701 praeditus
3302 2634 3387 2680 est
3420 2626 3574 2681 reddi

1965 2719 2066 2773 sibi
2099 2719 2273 2788 poscit
2299 2727 2354 2772 et
2388 2718 2607 2786 quidem
2649 2718 2753 2772 hoc
2782 2725 3151 2790 congruenter
3183 2719 3437 2773 humanae
3472 2733 3573 2788 ua-

1969 2821 2103 2866 tura:
2139 2811 2271 2866 facit
2306 2828 2318 2863 :
2355 2811 2431 2867 ita
2464 2812 2629 2865 etiam
2675 2811 2818 2864 Deus
2869 2826 3087 2881 semper
3135 2812 3410 2867 exsistens
3438 2851 3453 2876 ,
3509 2812 3575 2865 ad

1969 2904 2201 2974 propriae
2235 2919 2347 2960 sua}
2406 2904 2625 2959 dcitatis
2678 2904 3207 2973 supereminentiam
3251 2914 3306 2959 et
3345 2904 3574 2976 gloriam

1970 3006 2001 3046 e
2034 3003 2225 3046 nostra
2260 2991 2578 3047 conditione
2604 3007 2818 3046 rursum
2846 2995 3191 3059 conscendit,
3222 3003 3282 3048 ut
3315 3004 3575 3067 tanquam

1971 3086 2063 3139 nni
2128 3086 2384 3155 deinceps
2435 3084 2671 3139 naturali
2720 3100 2783 3139 ac
2828 3100 2958 3140 vero
3008 3084 3181 3151 Filio,
3217 3089 3437 3142 tametsi
3487 3104 3578 3143 ιιι)⁴

1974 3180 2071 3234 stri
2130 3178 2292 3232 simili
2356 3178 2506 3232 facto
2561 3186 2725 3247 atque
2756 3179 3043 3232 incarnato
3096 3194 3259 3235 omne
3293 3195 3434 3250 genu
3486 3178 3582 3235 {le-

1976 3281 2188 3336 ctatur,
2240 3270 2383 3325 sicut
2425 3270 2586 3324 modo
2621 3270 2753 3324 dixi.
2806 3268 2883 3324 Ita
2901 3273 3044 3325 enim
3070 3273 3375 3327 sentientes
3419 3283 3586 3343 atque

1979 3364 2287 3431 credentes,
2324 3365 2524 3419 castum
2562 3363 2768 3432 pariter
2804 3373 2861 3418 et
2888 3373 3091 3418 terram
3135 3364 3203 3418 ab
3239 3380 3306 3420 eo
3348 3365 3582 3419 crimine

1975 3459 2119 3529 quod
2150 3457 2425 3513 hominem
2445 3458 2635 3511 adoret
2657 3456 2975 3521 liberamus.
2993 3455 3270 3527 Scriptum
3290 3465 3375 3511 est
3398 3456 3542 3510 enim
3566 3475 3580 3511 :

1978 3551 2104 3621 quia
2144 3570 2161 3602 ι
2206 3550 2499 3616 Dominum
2529 3549 2696 3603 Deum
2748 3556 2902 3601 tuum
2945 3547 3221 3613 adorabis,
3268 3556 3323 3603 et
3364 3548 3440 3603 illi
3483 3549 3587 3621 soli

1976 3645 2187 3700 servies
2208 3642 2274 3696 ³⁵.
2300 3660 2319 3693 ι

2050 3736 2113 3789 Β.
2154 3735 2337 3790 Multis
2370 3732 2722 3789 adminiculis
2757 3748 2941 3788 sermo
2985 3733 3089 3788 hac
3124 3733 3191 3789 de
3224 3748 3283 3790 re
3318 3733 3582 3806 indigeat.

1977 3827 2149 3897 Perge
2186 3828 2403 3895 itaque,
2441 3834 2497 3879 et
2537 3822 2661 3879 aliis
2704 3823 2871 3878 etiam
2917 3823 3230 3885 rationibus
3258 3824 3419 3881 nobis
3471 3840 3583 3899 my-

1977 3922 2206 3977 sterium
2238 3920 2474 3989 explica.
3426 3971 3439 3985 ι

2049 4013 2115 4068 Α.
2150 4015 2409 4082 Pergam,
2438 4020 2494 4067 et
2528 4010 2749 4080 quidem
2782 4010 3143 4081 perlibenter.
3180 4012 3425 4070 Dixerim
3450 4028 3586 4071 vero

1979 4120 2073 4163 eos
2103 4122 2133 4160 a
2158 4121 2291 4161 vero
2313 4106 2603 4171 aberrare,
2624 4104 2768 4175 quod
2797 4103 2966 4159 alium
3000 4106 3164 4161 nobis
3201 4106 3371 4161 illium
3390 4109 3482 4179 qui
3517 4110 3594 4166 sit

1979 4215 2047 4255 ex
2075 4198 2288 4255 semine
2316 4197 2489 4253 David
2520 4197 2863 4268 coniungunt
2900 4212 3024 4253 cum
3084 4199 3320 4254 naturali
3355 4215 3419 4255 ac
3462 4216 3593 4258 vere

1980 4290 2124 4346 Filio
2159 4332 2175 4357 ,
2238 4290 2502 4345 nimirum
2577 4288 2915 4357 Unigenito,
2996 4304 3120 4344 cum
3166 4290 3373 4361 alioqui
3429 4306 3589 4349 sacra

1981 4385 2267 4455 Scriptura
2300 4392 2489 4453 aperte
2522 4381 2767 4437 clamet:
2812 4399 2833 4433 ι
2879 4380 3284 4438 Pritnushomo
3333 4400 3398 4441 ex
3445 4395 3591 4443 terra

1981 4486 2255 4541 terrenus,
2307 4474 2582 4529 secundus
2635 4488 2702 4528 ex
2748 4472 2893 4527 cudo
2950 4473 3187 4531 cmlestis
3224 4474 3270 4507 ³⁸
3312 4493 3326 4530 :
3388 4495 3407 4527 ι
3461 4477 3592 4551 quin

1978 4579 2032 4625 et
2055 4568 2199 4623 Filio
2224 4567 2343 4637 ipso
2376 4566 2595 4620 dicente
2616 4604 2631 4629 ,
2688 4565 2815 4634 quia
2846 4582 2865 4615 ‹
2901 4564 3169 4619 Descendi
3192 4580 3257 4621 ex
3293 4567 3453 4635 etnlo,
3486 4586 3591 4624 nun

1908 4690 1951 4744 υ
1982 4673 2039 4718 ιιι
2076 4662 2276 4718 faciant
2312 4659 2652 4716 voluntatem
2702 4674 2915 4725 meam,
2956 4658 3053 4727 sed
3094 4657 3429 4716 voluntatem
3477 4661 3601 4732 ejus

1983 4758 2073 4828 qui
2104 4755 2253 4812 misit
2292 4769 2401 4810 me.
2436 4752 2564 4808 litec
2588 4758 2675 4807 est
2705 4759 2891 4807 autem
2919 4751 3172 4806 voluntas
3213 4750 3330 4827 ejus
3358 4753 3450 4823 qui
3488 4756 3595 4815 mi-

1984 4849 2055 4905 sit
2079 4863 2188 4913 me,
2221 4854 2281 4901 ut
2308 4858 2475 4901 omne
2528 4844 2676 4915 quod
2713 4843 2865 4899 dedit
2907 4843 3045 4898 mihi
3083 4858 3192 4899 non
3243 4844 3491 4913 amittam
3524 4862 3595 4903 ex

1984 4958 2071 5007 eo,
2102 4940 2200 5007 sed,
2231 4938 2553 4996 resuscitem
2576 4937 2793 4993 illud'in
2818 4937 3119 5003 novissimo
3145 4938 3234 4994 die
3261 4939 3361 4994 ³⁷.»
3381 4941 3591 5007 Quem-

1985 5053 2111 5090 nam
2137 5034 2305 5107 igitur
2331 5046 2459 5087 esse
2483 5030 2674 5087 dicunt
2700 5045 2824 5085 eum
2859 5029 2952 5105 qui
2985 5044 3017 5085 e
3064 5030 3209 5087 creto
3251 5031 3539 5101 descendit
3571 5032 3598 5089 ἲ

1984 5139 2170 5184 natum
2203 5126 2348 5182 enim
2374 5132 2459 5180 est
2488 5138 2691 5196 corpus
2724 5137 2790 5177 ex
2818 5122 3075 5179 muliere.

2057 5220 2121 5275 B.
2157 5218 2396 5274 Verbum
2425 5215 2686 5289 profecto
2724 5230 2792 5271 ex
2822 5215 2937 5271 Deo
2974 5215 3141 5273 Patre
3171 5217 3440 5289 genitum.
3489 5218 3597 5274 Ar-

1986 5310 2164 5366 bitror
2244 5308 2392 5365 enim
2478 5308 2630 5379 ipsos
2704 5322 2814 5363 non
2886 5306 3043 5364 aliud
3124 5308 3420 5383 quidquam
3494 5313 3601 5371 hoc

1985 5404 2142 5460 velle.

2056 5500 2131 5577 _A.
2163 5495 2333 5552 Recte
2364 5494 2465 5558 ais,
2492 5508 2525 5549 0
2563 5494 2759 5550 amice.
2791 5492 3033 5565 Scripsit
3056 5508 3186 5549 vero
3207 5493 3405 5550 alicubi
3431 5496 3599 5552 etiam

1994 5590 2434 5660 sapientissimus
2463 5585 2760 5667 Joannes”:
2802 5606 2821 5639 ι
2879 5587 2984 5655 Qui
3030 5603 3061 5644 e
3100 5588 3356 5657 supernis
3412 5590 3599 5655 venit,

1993 5702 2155 5755 super
2184 5698 2375 5740 omnes
2392 5689 2477 5738 est
2496 5682 2561 5739 ".
2589 5681 2779 5752 iAtqui
2814 5670 3090 5751 quoinodo
3120 5697 3243 5737 cum
3275 5680 3444 5737 Pater
3472 5682 3605 5739 velit

2021 5892 2072 5929 “-
2106 5888 2123 5945 Ι
2165 5889 2291 5947 Cor.
2336 5904 2425 5956 xv,
2462 5889 2548 5944 i7.
2663 5888 2704 5921 ³⁷
2746 5886 3009 5953 Joan.-vt,
3049 5886 3142 5958 53,
3173 5891 3260 5945 59.
3355 5890 3397 5924 ⁸⁸
3435 5888 3596 5947 Iona.
