3996 6468
509 416 642 475 1351

1511 416 1569 472 S.
1611 413 1885 473 CYRILLI
1924 412 2402 469 ALEXANDRINI
2440 411 2765 470 ARCHIEP.

3639 417 3769 472 155i

506 534 834 590 resuscitare
853 548 1012 587 omne
1054 533 1195 601 quod
1241 532 1427 586 datum
1473 544 1558 588 est
1588 534 1661 597 ei,
1708 541 1765 588 et
1826 547 1947 586 cum
1989 544 2076 585 res

2192 528 2479 596 ἱναστῆναι
2516 530 2625 581 πᾶν
2652 528 2712 580 τὸ
2756 526 2909 581 δοθὶν
2953 527 3123 597 αὐτῷ,
3157 527 3255 581 καὶ
3286 527 3500 596 ἀγαθοῦ
3544 544 3605 595 γε
3630 528 3770 592 baro;

505 627 647 683 bona
693 626 784 687 sit,
822 634 983 693 atque
1030 625 1163 678 adeo
1209 623 1390 677 dit-ina
1440 623 1718 695 (convenit
1766 623 1910 677 enim
1972 622 2084 677 Deo

505 718 761 783 salvare),
805 715 921 784 ipse
951 714 1084 769 dixit
1116 715 1447 769 descendere
1470 731 1550 783 se,
1578 730 1687 770 non
1725 726 1781 770 ut
1808 717 1973 770 faciat
1998 732 2089 769 vo-

506 808 765 863 luntatem
817 821 1008 873 suam,
1064 810 1156 860 sed
1217 807 1440 863 Patris?
1504 807 1863 862 Existimetne
1923 808 2089 871 igitur

504 900 785 971 quisquam
824 907 1091 965 nostrum,
1131 914 1157 951 a
1196 898 1288 952 Dei
1316 908 1368 953 et
1402 898 1580 953 Patris
1616 901 1953 969 benignitate
1994 898 2083 954 Fi-

504 989 634 1045 lium
664 990 754 1059 qui
786 1005 849 1045 ex
890 991 1005 1058 ipso
1030 989 1245 1059 genitus
1271 999 1374 1055 est,
1415 990 1860 1059 degenerare2et
1884 991 2084 1046 bonum

502 1080 720 1152 quidem
750 1081 1247 1148 neutiquamesse,
1298 1080 1626 1134 resuscitare
1668 1094 1797 1134 vero
1849 1080 1899 1133 id
1942 1080 2086 1148 quod

502 1174 688 1225 datum
714 1180 797 1226 est
818 1170 869 1223 ei
894 1182 947 1225 et
979 1170 1048 1224 ab
1108 1171 1329 1225 interitu
1391 1170 1626 1226 liberare
1653 1171 1755 1242 ipsi
1795 1170 1958 1242 772
1982 1172 2087 1227 dis-

502 1264 702 1336 plicere
729 1261 752 1316 3

568 1352 629 1407 Β.
670 1351 1071 1407 Periclitemur.

571 1445 636 1501 Λ.
668 1445 827 1516 Atqui
848 1443 1040 1498 merito
1057 1442 1277 1513 quidem
1309 1442 1381 1497 ita
1408 1451 1737 1522 statuamus,
1763 1455 1891 1497 cum
1920 1440 2083 1505 Pater

500 1539 676 1596 bonus
713 1539 805 1602 sit,
843 1535 1039 1591 Filium
1068 1550 1283 1605 quoque
1308 1551 1464 1590 suum
1502 1535 1677 1605 reipsa
1702 1539 1901 1590 bonum
1939 1549 2082 1591 ene.

501 1626 634 1683 Nam
668 1642 698 1681 a
733 1627 909 1679 fructu
950 1626 1114 1679 arbor
1144 1623 1491 1694 cognoscitur
1516 1623 1581 1682 ³³.
1609 1624 1763 1694 juxta
1801 1623 1971 1694 ipsius
2003 1623 2084 1677 di-

501 1732 670 1774 ctum.
702 1717 840 1773 Vere
900 1716 1053 1779 dicit,
1086 1730 1211 1770 cum
1264 1715 1342 1768 ait
1376 1728 1390 1765 :
1435 1732 1454 1764 ι
1485 1712 1587 1780 Qui
1624 1715 1754 1769 vidit
1790 1729 1913 1779 me,
1950 1712 2084 1769 vidit

503 1817 557 1862 et
579 1804 790 1859 Patrem
821 1804 889 1859 “.
919 1801 1033 1872 Ego
1067 1812 1119 1858 et
1157 1803 1317 1858 Pater
1340 1818 1506 1857 unum
1532 1818 1721 1859 sumus
1742 1803 1810 1858 “.
1849 1820 1868 1854 ι

573 2096 638 2154 Β.
695 2096 859 2152 Recte
904 2096 1003 2152 ais.
1061 2092 1287 2153 Declara
1349 2097 1533 2168 itaque
1586 2106 1644 2153 ιιι
1681 2097 1797 2169 ipse
1850 2096 1902 2153 id
1938 2100 2083 2169 quod

501 2191 731 2248 obscure
763 2192 965 2245 dictum
1000 2199 1104 2245 est.

574 2288 641 2345 Α.
688 2281 927 2337 Dicimus
962 2296 1071 2336 non
1118 2280 1287 2337 fuisse
1338 2288 1534 2351 prater
1578 2280 1909 2337 voluntatem
1958 2280 2078 2337 Filii

501 2374 717 2431 abolere
755 2382 1003 2439 mortem,
1030 2382 1085 2429 et
1136 2374 1202 2429 ab
1236 2372 1488 2428 humanis
1538 2373 1861 2443 corporibus
1910 2374 2081 2430 inter-

501 2468 637 2524 itum
678 2465 1002 2535 prot‘ligare:
1055 2482 1073 2516 t
1112 2465 1297 2536 Neque
1332 2466 1475 2520 enim
1522 2465 1823 2522 delectatur
1856 2467 2079 2521 interitu

500 2556 817 2613 viventium.
842 2555 1118 2611 Salutares
1137 2571 1265 2610 vero
1281 2565 1405 2611 sunt
1424 2557 1803 2625 generationes
1833 2558 2074 2625 mundi,»

500 2650 920 2720 sicutscriptont
943 2657 1025 2703 est
1040 2648 1142 2702 ".t
1161 2648 1364 2702 invidia
1389 2656 1570 2703 autem
1594 2650 1791 2704 diaboli
1822 2665 1967 2705 mors
1996 2651 2083 2704 iu-

501 2742 685 2798 troivit
716 2742 769 2795 in
793 2742 978 2795 orbem
1006 2750 1271 2795 terrarum
1291 2738 1357 2793 ⁸³.
1381 2762 1399 2791 ι
1418 2740 1489 2794 At
1531 2740 1900 2796 tristissimum
1936 2757 2083 2796 mor-

504 2834 570 2889 tis
598 2833 885 2905 imperium
920 2848 1023 2887 non
1054 2832 1157 2885 alia
1191 2832 1398 2886 ratione
1438 2832 1617 2886 ext-uti
1647 2843 1884 2901 poterat,
1918 2850 2080 2904 quam

501 2939 598 2995 per
625 2925 795 2979 solam
834 2921 1114 2992 Unigeniti
1143 2924 1600 2977 incarnationem.
1656 2921 1864 2979 Idcirco
1895 2927 1944 2979 in
1982 2945 2083 2981 no-

501 3028 611 3073 ειη
647 3016 817 3071 forma
854 3016 1131 3087 apparuit,
1161 3018 1549 3086 propriumque
1580 3018 1683 3071 sibi
1733 3018 1861 3072 fecit
1890 3034 2085 3088 corpus

502 3110 645 3183 quod
680 3108 919 3163 interitui
947 3107 1247 3163 obnoxium
1296 3117 1456 3172 erat,
1503 3111 1798 3163 secundum
1842 3112 2084 3164 rationes

502 3216 623 3274 qua:
664 3211 869 3255 natura:
912 3202 1118 3267 insunt,
1159 3209 1217 3255 ut
1260 3215 1381 3254 cum
1416 3202 1529 3270 ipse
1575 3200 1646 3255 sit
1696 3203 1803 3255 vita
1846 3202 2081 3273 (genitus

500 3296 644 3350 enim
682 3302 764 3349 est
809 3310 875 3351 ex
916 3293 1029 3348 vita
1086 3292 1287 3359 Patris)
1344 3292 1625 3363 proprium
1680 3308 1837 3347 suum
1880 3294 2079 3349 bonum

503 3386 578 3442 illi
604 3387 833 3452 inserat,
866 3385 969 3440 hoc
1004 3393 1112 3450 est,
1142 3385 1330 3437 vitam.
1361 3382 1499 3437 Cum
1526 3392 1707 3437 autem
1730 3383 1832 3453 ipsi
1863 3385 2085 3439 omnino

502 3478 766 3549 placuerit
797 3477 1133 3548 benignitate
1163 3486 1329 3545 atque
1363 3476 1741 3530 benevolentia
1799 3491 1926 3546 erga
1986 3477 2086 3530 hu-

505 3585 722 3625 manum
750 3584 939 3639 genus,
971 3580 1210 3623 nostram
1239 3567 1647 3621 similitudinem
1674 3568 1884 3634 subire,
1915 3583 2076 3637 opor-

506 3664 605 3719 tuit
638 3677 852 3732 quoque
878 3676 1002 3716 eum
1040 3662 1149 3731 pati
1213 3659 1407 3729 impias
1453 3657 1763 3715 Judmornm
1800 3673 2083 3715 contume-

505 3754 628 3808 lias.
667 3753 796 3807 Erat
824 3766 956 3805 vero
1012 3750 1090 3803 illi
1126 3751 1304 3820 gravis
1336 3750 1623 3820 conjuncta
1663 3766 1788 3805 cum
1830 3750 2083 3821 passione

502 3843 820 3914 ignominia.
861 3842 1068 3896 idcirco
1099 3842 1418 3895 imminente
1463 3842 1577 3912 jam
1626 3850 1905 3911 tempore,
1962 3856 2075 3912 quo

505 3938 656 3994 illum
684 3950 782 4005 pro
809 3934 1054 3990 omnium
1085 3934 1193 3988 vita
1229 3948 1447 3988 crucem
1483 3935 1638 3988 adire
1672 3935 1979 4003 oportebat,
2023 3944 2084 3988 ut

503 4027 809 4098 passionem
848 4037 1047 4095 prtetcr
1102 4024 1433 4079 voluntatem
1474 4039 1629 4078 suam
1674 4024 1923 4078 accidere
1977 4024 2079 4077 sibi

500 4118 825 4182 declararet,
867 4119 1100 4170 humano
1134 4130 1283 4170 more
1323 4114 1391 4169 ad
1438 4129 1558 4169 eam
1616 4115 1890 4179 accessit,
1936 4124 1989 4169 et
2029 4116 2080 4169 in

502 4208 721 4263 modum
750 4207 1085 4276 precatibnis
1116 4206 1191 4259 ita
1219 4204 1435 4261 Patrem
1468 4202 1736 4261 allocutus
1763 4215 1883 4260 est:
1920 4224 1937 4257 ι
1975 4205 2081 4261 Pa-

506 4308 606 4363 ter,
648 4300 692 4353 si
728 4296 845 4353 ﬂeri
884 4306 1085 4367 potest,
1137 4307 1379 4352 transeat
1416 4312 1447 4350 a
1487 4312 1572 4351 me
1611 4298 1747 4352 calix
1786 4300 1907 4352 iste.
1961 4298 2080 4353 Cae-

505 4400 677 4446 terum
704 4403 808 4444 non
836 4398 894 4443 ut
917 4404 1016 4460 ego
1041 4388 1181 4456 volo,
1210 4389 1305 4444 sed
1338 4392 1483 4443 sicut
1502 4398 1558 4442 tu
1576 4387 1641 4442 “.
1679 4407 1699 4442 ι
1730 4388 2084 4445 Descendisse

502 4496 568 4537 ex
618 4480 756 4536 caelo
782 4480 876 4547 ait,
918 4497 1023 4535 non
1064 4480 1238 4535 invite
1274 4479 1545 4534 facturum
1581 4477 1633 4533 id
1663 4479 1805 4547 quod
1842 4478 2082 4534 dolorem

2191 620 2286 673 τοῦ
2317 621 2662 691 πράγματος,
2692 620 2783 673 καὶ
2812 621 3033 691 προσέτι
3061 619 3408 691 θεοπρεποῦς
3452 618 3655 691 (ἐοικὸς
3673 621 3771 691 γὰρ

2191 712 2312 783 Θεῷ
2342 714 2402 764 τὸ
2430 708 2624 777 σώζειν
2663 711 2852 782 ἐστιν),
2890 712 3050 774 αὐτὸς
3082 712 3187 783 ἔφη
3220 712 3529 775 κατελθεῖν,
3556 714 3654 782 οὐχ
3695 713 3771 764 ἶνα

2194 807 2319 873 ποιῇ
2355 805 2413 856 τὸ
2448 805 2658 874 θέλημα
2690 805 2749 858 τὸ
2790 804 2981 858 ἑαυτοῦ
3014 804 3235 873 μᾶλλον,
3263 804 3403 865 ἀλλὰ
3438 806 3500 858 τὸ
3542 804 3637 859 τοῦ
3669 806 3773 858 Πα-

2192 894 2351 965 τρός;
2387 891 2513 966 'Ap‘
2541 892 2634 948 οῦν
2660 896 2889 966 οἰήσαιτ’
2918 895 2984 948 ἄν
3014 912 3098 957 τις
3140 895 3247 948 τῶν
3290 897 3349 948 έν
3375 898 3533 967 ῆμῖν,
3559 897 3659 966 τῆς
3684 895 3773 949 τοῦ

2192 984 2326 1038 Θεοῦ
2360 987 2454 1037 καὶ
2502 987 2715 1055 Πατρὸς
2748 985 3081 1057 ἡμερότητος
3129 986 3266 1040 ἰέναι
3306 987 3540 1039 κατόπιν
3582 986 3677 1039 τὸν
3721 987 3774 1052 ἐξ

2193 1074 2357 1128 αὐτοῦ
2389 1076 2561 1145 φύντα
2590 1076 2741 1140 Υἱὸν,
2774 1077 2866 1129 καὶ
2895 1071 3034 1130 εἶναι
3076 1076 3174 1146 μὲν
3204 1076 3410 1145 ἀγαθὸν
3442 1076 3648 1147 ἣκιστά
3692 1092 3773 1143 γε,

2192 1170 2252 1222 ab
2292 1169 2349 1221 δὲ
2399 1168 2701 1237 ἀναστῆσαι
2752 1169 2811 1221 τὸ
2869 1167 3021 1224 δοθὲν
3063 1168 3157 1221 καὶ
3198 1167 3505 1235 ἀπαλλάξαι
3548 1168 3777 1238 φθορᾶς,

2193 1261 2463 1335 ἀπᾴδει[ν]
2506 1263 2651 1332 αὑτῷ
2678 1280 2692 1328 ;

2265 1355 2323 1409 Β.
2358 1356 2646 1417 Κινδυνεύο
2654 1373 2717 1425 με
2726 1374 2773 1410 ν.

2262 1448 2326 1501 Α.
2363 1447 2553 1500 Καίτοι
2584 1445 3085 1517 καταλογισαιμεθα
3104 1445 3191 1513 ἂν,
3227 1445 3321 1500 καὶ
3354 1442 3501 1517 μάλα
3524 1446 3777 1508 εἰκότως.

2194 1540 2421 1611 έπεεπερ
2446 1539 2594 1592 ἐστὶν
2620 1538 2823 1607 ἀγαθοῦ
2847 1539 3057 1610 Harpe;
3078 1542 3305 1611 γνήσιον
3323 1541 3591 1610 γέννημα,
3618 1538 3780 1591 νοοῖτ⁹

2194 1629 2306 1703 [ἂν]
2326 1631 2590 1702 ὑπάρχειν
2607 1632 2699 1683 καὶ
2718 1631 2880 1695 αὐτὸς
2897 1630 3301 1702 ἀγαθὸς,ῆγουν
3323 1632 3675 1703 αὐτόχρημα,
3698 1630 3781 1682 ὅτι

2191 1722 2413 1792 ἀγαθόν.
2454 1723 2582 1776 Ἀπὸ
2637 1722 2743 1794 γὰρ
2795 1722 2890 1776 τοῦ
2914 1722 3132 1795 καρποῦ
3160 1725 3221 1776 τὸ
3263 1723 3478 1795 δένδρον
3504 1722 3781 1791 γινώσκε-

2189 1833 2298 1878 ται,
2329 1834 2346 1865 ι
2382 1816 2523 1868 κατὰ
2551 1814 2647 1887 τὴν
2694 1814 2857 1868 αὑτοῦ
2904 1816 3123 1886 φωνήνο
3153 1815 3445 1883 ἀληθεύσει
3490 1816 3573 1878 δὲ,
3633 1816 3783 1870 οὕτω

2118 1909 2158 1963 Β
2187 1906 2381 1975 λέγων·
2423 1909 2481 1960 '0
2507 1905 2768 1979 ἑωρακὼς
2804 1908 2923 1978 ἐμὲ,
2961 1906 3172 1978 ἑώρακε
3214 1908 3304 1960 τὸν
3345 1908 3585 1980 Πατέρα.
3632 1906 3782 1977 ἐγὼ

2186 2000 2278 2053 καὶ
2310 2004 2339 2053 ὀ
2367 2000 2576 2072 Πατὴρ,
2613 2001 2671 2054 ἕν
2696 2002 2881 2071 ἐσμεν.
2917 2019 2935 2051 ι

2257 2092 2317 2145 Β.
2343 2088 2419 2145 Εὖ
2464 2092 2621 2164 ἔφης.
2670 2093 2933 2162 Διασάφει
2959 2092 3023 2163 δὴ
3076 2086 3168 2145 οῦν
3198 2092 3359 2157 αὐτὸς
3389 2093 3449 2147 τὺ
3511 2093 3781 2166 ἀμυδρῶς

2184 2184 2437 2254 εἰρῆσθαι
2462 2184 2670 2238 δοκοῦν.

2255 2278 2318 2330 Δ.
2349 2277 2461 2329 Οὐκ
2491 2276 2787 2347 ἀϐούλητον
2816 2279 2915 2348 μὲν
2967 2280 3219 2348 γενέσθαι
3252 2281 3431 2351 φαμὲν
3459 2279 3539 2350 τῷ
3571 2279 3693 2350 Υἱῷ
3718 2280 3781 2333 τδ

2183 2369 2528 2439 καταργῆσαι
2556 2370 2804 2438 θάνατον,
2845 2373 2941 2427 καὶ
2965 2374 3307 2443 ἀποσοϐῆσαι
3337 2375 3449 2428 τῶν
3489 2374 3779 2446 ἀνθρωπί-

2182 2477 2287 2513 νων
2333 2462 2598 2531 σωμάτων
2639 2462 2739 2533 τὴν
2794 2463 3019 2537 φθοράν.
3054 2483 3072 2517 ι
3114 2468 3188 2519 Οὐ
3217 2467 3325 2538 γὰρ
3370 2467 3638 2538 τέρπεται
3692 2464 3781 2520 ἐπ’

2181 2553 2429 2624 ἀπωλείᾳ
2460 2553 2677 2619 ζώντων
2705 2573 2719 2587 ο
2762 2560 3016 2628 σωτήριοι
3053 2558 3108 2612 δὲ
3158 2559 3252 2613 καὶ
3296 2561 3351 2611 αἱ
3383 2559 3632 2627 γενέσεις
3682 2558 3778 2613 τοῦ

2183 2645 2413 2717 κόσμου,
2458 2665 2475 2699 ι
2517 2647 2660 2700 κατὰ
2697 2649 2756 2701 τὸ
2804 2650 3207 2721 γεγραμμένον,
3248 2668 3266 2698 ι
3305 2650 3491 2719 Φθόνῳ
3517 2650 3781 2704 aestase-

2182 2735 2275 2790 λου
2331 2738 2558 2803 Θάνατος
2592 2740 2837 2810 εἰσῆλθεν
2884 2743 2963 2804 εἰς
2988 2743 3078 2795 τὸν
3104 2744 3328 2813 κόσμον.
3368 2762 3385 2794 ι
3409 2743 3551 2795 Ἀλλ’
3578 2738 3648 2814 ἦν
3676 2745 3776 2814 οὐχ

2184 2832 2385 2901 ἑτέρως
2404 2832 2465 2885 τὸ
2494 2832 2713 2901 ἀμειδὲς
2745 2833 2839 2886 τοῦ
2868 2832 3098 2888 θανάτου
3127 2835 3516 2889 κατασείεσθαι
3548 2836 3774 2907 κράτος,

2183 2921 2323 2991 πλὴν
2351 2922 2434 2975 ὅτι
2461 2922 2549 2975 διὰ
2581 2922 2747 2994 μόνης
2775 2925 2873 2993 τῆς
2903 2924 3364 2995 ὲνανθρωπήσεως
3398 2926 3495 2979 τοῦ
3528 2928 3777 2994 Μονογε-

2183 3014 2324 3078 νοῦς.
2346 3013 2614 3087 Ταύτητοι
2636 3017 2843 3087 πέφηνε
2866 3018 2987 3071 καθ’
3006 3020 3169 3089 ἡμᾶς,
3203 3020 3297 3071 καὶ
3322 3019 3452 3072 ἴδιον
3475 3021 3778 3092 ἐποιήσατο

2184 3104 2342 3176 σῶμα
2372 3104 2431 3159 τὺ
2461 3106 2566 3159 ὑπὸ
2593 3106 2820 3178 φθορὰν,
2844 3108 2985 3162 κατά
3018 3125 3081 3177 γε
3111 3109 3238 3171 τοὺς
3271 3109 3490 3173 ἐνόντας
3515 3114 3586 3181 τῇ
3614 3110 3777 3178 φύσει

2181 3196 2393 3265 λόγους,
2441 3197 2507 3250 ἶν’
2538 3198 2769 3270 ἐπείπερ
2803 3199 2951 3252 ἐστὶν
2993 3200 3155 3263 αὐτὸς
3194 3201 3227 3271 ἡ
3274 3197 3386 3270 ζωὴ
3426 3202 3779 3273 (γεγέννηται

2184 3292 2290 3361 γὰρ
2325 3294 2388 3344 ὲκ
2418 3292 2561 3362 ζωῆς
2590 3292 2681 3345 τοῦ
2713 3292 2971 3363 Πατρὸς),
3002 3292 3319 3367 ὲμφυτεύσῃ
3356 3294 3419 3347 τὸ
3459 3294 3596 3348 ἴδιον
3643 3298 3779 3365 ἀγα-

2186 3382 2277 3435 θὸν
2311 3382 2478 3453 αὐτῷ,
2514 3384 2759 3437 τουτέστι
2790 3385 2890 3450 τὴν
2932 3383 3101 3455 ζωήν.
3142 3386 3414 3455 Ἐλομένῳ
3452 3385 3511 3439 δὲ
3544 3386 3698 3452 ἅπαξ
3720 3385 3779 3451 ἐξ

2184 3474 2521 3544 ἡμερότητος
2566 3474 2661 3527 καὶ
2704 3474 3140 3547 φιλανθρωπίας,
3174 3492 3272 3548 την
3318 3477 3452 3548 πρὸς
3492 3478 3777 3551 ἡμετέραν

2185 3567 2444 3636 ὁμοίωσιν
2476 3565 2748 3632 ὑπελθεῖν,
2778 3566 2885 3620 ἔδει
2910 3566 3181 3638 συμϐῆναι
3213 3568 3308 3622 καὶ
3341 3568 3403 3620 τὸ
3424 3569 3647 3635 παθεῖν,
3676 3569 3778 3639 τῆς

2199 3658 2464 3713 Ἰουδαίων
2513 3659 2858 3731 ἀνοσιότητος
2914 3658 3355 3731 ἐμπαροινούσης
3398 3660 3570 3732 αὐτῷ.
3636 3661 3777 3714 Ἀλλ’

2182 3746 2251 3822 ἦν
2304 3749 2454 3821 αὐτῷ
2497 3753 2750 3822 φορτικὸν
2792 3751 2853 3805 τὸ
2882 3755 2939 3805 ὲν
2978 3752 3056 3823 τῷ
3106 3751 3299 3807 παθεῖν
3347 3751 3629 3817 δυσκλεές.
3670 3754 3777 3807 Καὶ

2183 3841 2314 3910 γοῦν
2347 3842 2631 3905 ὲνστάντος
2660 3841 2877 3912 καιροῦ,
2914 3843 3033 3895 καθ’
3062 3842 3121 3895 ὃν
3151 3842 3257 3895 εδει
3280 3843 3372 3896 τὸν
3399 3843 3542 3915 ὑπέρ
3578 3860 3657 3913 γε,
3670 3843 3773 3913 τῆς

2186 3933 2440 3986 ἁπάντων
2493 3932 2640 4002 ζωῆς
2685 3935 2974 4004 ὑπομεῖναι
3032 3932 3288 4007 σταυρὸν,
3337 3934 3423 3987 ἵνα
3469 3935 3533 3987 τὸ
3580 3934 3777 3989 παθεῖν

2186 4024 2481 4093 ἀϐούλητον
2529 4024 2804 4095 ἀποφήνῃ,
2854 4023 3300 4096 ἀνθρωποπρεπῆ
3366 4026 3464 4097 τὴν
3510 4027 3779 4097 πρόσοδον

2185 4118 2279 4169 καὶ
2309 4116 2383 4178 ὼς
2416 4117 2473 4167 ὲν
2507 4118 2750 4187 σχήματι
2778 4117 3091 4189 προσευχῆς
3119 4119 3352 4171 ιποιείτο
3382 4118 3576 4187 λέγων·
3614 4136 3634 4171 ι
3671 4119 3776 4173 Πά-

2182 4225 2302 4279 τερ,
2337 4210 2383 4260 εἰ
2430 4207 2671 4274 δυνατὸν,
2731 4209 3053 4280 παρελθέτω
3085 4211 3179 4264 ἀπ’
3219 4209 3353 4280 ἐμοῦ
3402 4210 3464 4264 τὸ
3513 4213 3773 4283 ποτήριον

2182 4301 2362 4354 τοῦτο’
2395 4300 2532 4373 πλὴν
2568 4302 2665 4371 οὐχ
2703 4302 2777 4365 ὡς
2812 4300 2924 4371 ἐγὼ
2970 4302 3129 4367 Θέλω,
3159 4303 3276 4357 ἀλλ’
3308 4303 3384 4367 ὡς
3410 4303 3496 4359 σύ.
3536 4323 3555 4356 ι
3583 4306 3773 4358 Καταο

2185 4393 2344 4463 ϐῆναι
2382 4393 2475 4445 τὸν
2506 4391 2565 4457 ἐξ
2591 4392 2821 4465 οὐρανοῦ
2853 4410 3042 4464 φησιν,
3084 4395 3184 4448 οὐκ
3208 4386 3507 4465 ἀϐούλῖῃω
3547 4399 3771 4467 ποιησό-

2187 4501 2347 4554 μενον
2376 4484 2439 4537 τὸ
2488 4483 2715 4548 λυποῦν,
2749 4484 2834 4537 ἵνα
2868 4484 3192 4559 κατορθώσῃ
3236 4487 3347 4548 τοῖς
3391 4487 3484 4539 ἐπὶ
3523 4488 3629 4558 γῆς
3675 4488 3771 4558 τήν

511 4571 761 4637 all'erret,
810 4579 871 4626 ut
909 4584 1097 4626 eorum
1127 4570 1221 4640 qui
1273 4570 1326 4624 in
1360 4569 1516 4623 terris
1552 4578 1678 4624 sunt
1719 4570 2082 4624 resurrectio-

2192 4579 2503 4644 ἀνάστασιν,
2534 4576 2600 4649 ἢν
2633 4576 2697 4649 δὴ
2738 4577 2831 4631 καὶ
2864 4577 3021 4649 μόνος
3050 4578 3210 4642 αὐτὸς
3236 4569 3670 4651 κεκαινοτόμηκε
3703 4583 3770 4651 τῇ

506 4676 628 4717 netu
656 4660 1031 4725 constitueret,
1063 4660 1218 4729 cujus
1243 4659 1462 4730 quidem
1490 4659 1605 4728 ipse
1644 4658 1793 4714 solus
1823 4660 2076 4716 humanae

2192 4668 2468 4740 ivepdmou
2504 4667 2684 4738 φύσει.
2716 4669 2911 4737 Γέγονε
2938 4670 3047 4739 γὰρ
3092 4672 3431 4742 πρωτότοκος
3461 4674 3528 4726 ὲκ
3559 4674 3771 4745 νεκρῶν

506 4765 714 4810 natura:
740 4765 931 4807 auctor
972 4750 1094 4807 fuit.
1145 4750 1345 4806 Factus
1384 4762 1466 4807 est
1514 4752 1657 4805 enim
1692 4753 2081 4821 primogenitus

2192 4762 2326 4816 κατὰ
2352 4762 2551 4833 σάρκα,
2580 4763 2676 4816 καὶ
2705 4764 2930 4834 ἀπαρχὴ
2975 4764 3087 4818 τῶν
3117 4766 3561 4836 κεκοιμημένων.
3589 4767 3768 4821 Αὑτοῦ

499 4863 568 4904 ex
594 4846 821 4902 mortuis
854 4844 1147 4899 secundum
1178 4857 1399 4898 carnem
1424 4842 1468 4873 "
1496 4884 1511 4909 ,
1530 4852 1583 4898 et
1617 4844 1869 4913 primitia:
1892 4858 2080 4899 eorum

2192 4853 2466 4924 τοιγαροῦν
2494 4853 2555 4907 τὸ
2584 4853 2775 4919 πάθος,
2801 4854 2895 4907 καὶ
2915 4853 3014 4924 οὐχ
3034 4855 3247 4925 ἑτέρου,
3281 4855 3493 4925 λέγοιτο
3521 4859 3611 4922 ἂν,
3636 4857 3770 4912 καθὸ

505 4940 595 5011 qui
631 4938 1044 4994 obdormierant
1085 4936 1152 4991 “.
1210 4936 1386 4999 Ipsius
1416 4933 1582 5005 igitur
1623 4946 1676 4990 et
1716 4952 1825 4991 nntt
1856 4937 2082 4992 alterius

2192 4948 2420 5019 πέφηνεν
2455 4948 2760 5018 ἄνθρωπος,
2786 4950 2833 5002 εἰ
2878 4949 2973 5002 καὶ
3004 4948 3309 5019 μεμένηκεν
3352 4950 3590 5022 ἀπαθὴς,
3634 4952 3771 5006 καθὸ

504 5032 684 5101 passio
712 5030 835 5095 fuit,
863 5040 1127 5100 quatenus
1155 5028 1317 5083 homo
1342 5025 1516 5081 factus
1544 5034 1650 5091 est,
1686 5027 1899 5083 tametsi
1930 5044 2082 5081 tuan-

2192 5043 2385 5094 νοεῖται
2419 5040 2572 5103 Θεὸς.

504 5125 634 5181 serit
656 5125 921 5193 passionis
941 5138 1155 5193 expers,
1192 5128 1466 5191 quatenus
1492 5129 1580 5174 est
1609 5118 1778 5175 Deus.

576 5218 635 5271 Β.
673 5215 750 5270 lta
776 5216 976 5272 sentio.

2260 5217 2320 5271 B.
2358 5216 2514 5272 Οῦτω
2549 5216 2707 5289 φημί.

576 5310 635 5362 Α.
666 5309 846 5363 Sacra:
876 5322 1003 5363 vero
1048 5305 1345 5377 Scriptura
1381 5307 1547 5361 etiam
1608 5304 1957 5370 memineris,
1996 5306 2079 5359 tli-

2258 5313 2321 5364 Α.
2356 5310 2705 5381 Διαμέμνησο
2735 5310 2791 5364 δὲ
2812 5311 2909 5381 τῆς
2939 5310 3291 5364 θεοπνεύστου
3320 5309 3586 5383 λεγούσης
3630 5311 3769 5382 Γρα-

504 5398 715 5453 centis:
745 5416 763 5448 ι
799 5396 995 5452 Factus
1027 5408 1110 5465 est
1138 5397 1344 5468 primus
1372 5398 1534 5452 homo
1562 5395 1731 5451 Adam
1767 5394 1820 5449 in
1840 5395 2077 5448 animam

2192 5402 2316 5472 φῆς·
2350 5422 2366 5454 t
2423 5403 2668 5471 Ἐγένετο
2705 5406 2733 5457 ὁ
2762 5402 2978 5475 πρῶτος
3029 5403 3312 5474 ἄνθρωπος
3357 5401 3529 5473 Ἀδὰμ
3555 5406 3633 5468 εἰς
3662 5404 3765 5472 ψυ-

508 5492 831 5553 viventem;
893 5489 1114 5546 ultimus
1171 5492 1345 5547 Adam
1394 5493 1447 5546 in
1489 5491 1739 5561 spiritum
1801 5489 2081 5545 viviﬁcan‘

2192 5495 2285 5565 χὴν
2306 5495 2506 5560 ζῶσαν,
2532 5497 2559 5549 ὁ
2588 5496 2811 5567 ἔσχατος
2841 5496 3033 5567 Ἀδὰμ,
3062 5497 3142 5560 εἰς
3170 5493 3384 5566 πνεῦμα
3410 5495 3761 5560 ζωοποιοῦν.»

507 5591 613 5639 teni
636 5583 702 5635 ⁵⁷.
737 5603 753 5633 ›

2354 5778 2399 5809 δ’
2440 5777 2566 5849 Sap.
2594 5792 2632 5847 l,
2663 5777 2748 5848 1'5,
2780 5776 2864 5833 14.

582 5786 625 5819 ³⁹
665 5784 854 5841 Matth.
886 5800 986 5847 xu.
1017 5785 1106 5839 53.
1210 5784 1255 5817 “
1299 5783 1455 5839 Joan.
1486 5796 1599 5845 τιν,
1628 5746 1691 5837 9.
1802 5780 1856 5820 ⁵¹ι
1884 5778 2042 5837 Joan.
2080 5780 2247 5845 1,50.
2275 5846 2309 5849 η
2354 5778 2399 5809 δ’
2440 5777 2566 5849 Sap.
2594 5792 2632 5847 l,
2663 5777 2748 5848 1'5,
2780 5776 2864 5833 14.
2976 5777 3021 5811 ⁸³
3060 5777 3189 5849 Sap.
3224 5776 3399 5849 11,24.
3481 5778 3526 5813 ⁵⁸
3565 5777 3757 5837 Iattb.

506 5872 656 5926 xxvr,
684 5856 773 5912 39.
849 5856 894 5889 “
934 5846 1142 5913 Coloss.
1178 5870 1219 5922 t,
1249 5855 1335 5912 i8.
1416 5853 1462 5887 “
1499 5851 1518 5909 l
1556 5852 1681 5911 Cor.
1718 5866 1808 5919 xv,
1842 5850 1932 5909 20.
2009 5852 2055 5885 "

2192 5850 2227 5907 l.
2261 5846 2349 5905 45.
