3996 6450
257 443 392 498 ιῦῦι

1402 436 1593 504 ρῦοῡ
1636 434 1823 491 υΝυδ
1865 436 1974 491 SIT
2013 435 2389 492 CHRISTUS.

3422 427 3556 483 1369

255 557 419 619 ὕλαις
447 554 719 625 όμιλῆσαν
741 551 802 605 τὸ
829 551 960 621 πῦρ,
993 551 1171 605 καίτοι
1198 550 1407 620 θερμὰς
1429 550 1531 602 οὐκ
1555 548 1723 612 οὔσας
1752 547 1839 601 αὑ-

1958 564 2065 604 ηοη
2101 560 2204 605 est.
2239 549 2373 604 Nam
2412 550 2457 605 si
2494 564 2680 605 verum
2719 557 2803 603 est
2840 545 2985 617 quod
3026 542 3167 615 ignis
3201 544 3344 598 circa
3387 554 3559 597 matc-

254 649 361 709 τὰς
390 648 508 700 κατ’
543 647 680 700 ίδίαν
708 644 893 713 φύσιν,
924 644 1215 713 ἀποφαίνει
1245 641 1457 712 θερμάς
1478 657 1492 671 θ
1529 642 1711 711 ἐνίησι
1741 640 1852 712 γὰρ

254 741 359 793 καὶ
402 727 581 809 μάλλα’
601 736 876 799 πλουσίως
908 736 1099 799 αὑταῖς
1127 734 1228 803 τῆς
1254 732 1482 803 ἐνούσης
1510 731 1659 804 αὐτῷ
1687 732 1852 786 δυνά-

258 848 410 900 μεως
442 831 539 901 τὴν
564 829 849 899 ἐνέργειαν
870 845 883 857 ·
910 828 1028 891 πῶς
1053 828 1116 881 οὐ
1167 826 1370 898 μᾶλλον
1399 826 1576 897 ἐνίησι
1612 825 1751 905 Θεὸς
1776 824 1853 880 ὣν

253 925 286 975 ὁ
316 923 491 989 Λόγος
517 924 584 992 τῇ
615 920 726 992 ἰδίᾳ
764 921 952 991 σαρκὶ,
977 919 1075 991 τὴν
1106 918 1373 984 ζωοποιδν
1400 917 1598 972 ἑαυτοῦ
1620 917 1853 988 δύναμιν

256 1012 359 1068 καὶ
408 1015 689 1085 ἐνέργειαν
714 1051 731 1077 ,
796 1012 1089 1066 ἑνωθεῖσαν
1140 1012 1279 1082 αὐτῇ
1330 1011 1428 1064 καὶ
1491 1010 1626 1065 ίδίαν
1678 1010 1851 1080 αὐτὴν

252 1107 568 1178 ἀποφήνας,
614 1106 959 1177 ἁσυγχύτως,
992 1104 1297 1181 ἀτρέπτως,
1336 1105 1431 1159 καὶ
1469 1104 1593 1157 καθ’
1634 1103 1694 1157 ὃν
1742 1102 1850 1158 οἶδε

252 1199 459 1270 τρόπον
488 1200 650 1260 αὐτός
671 1216 685 1257 ξ

330 1373 393 1427 Β.
446 1374 766 1443 Ἀναγκαῖον
826 1368 921 1427 οὖν
972 1373 1081 1446 ἄρα
1151 1373 1567 1443 συνομολογεῖν,
1629 1372 1848 1435 οὐδενὸς

250 1465 449 1536 ἑτέρου
484 1465 935 1536 μεωλαόοῦντοζ,
983 1465 1266 1527 παντελῶς
1317 1465 1449 1519 ῐδιον
1494 1464 1749 1531 γενέσθαι
1787 1464 1849 1516 τὸ

253 1557 422 1627 σῶμα
464 1557 559 1612 τοῦ
592 1558 657 1611 ὲκ
695 1558 789 1611 τοῦ
821 1559 1032 1629 Πατρδς
1058 1558 1210 1621 ὄντος
1241 1557 1442 1625 Λόγου,
1488 1556 1593 1610 κᾶν
1629 1555 1845 1625 ὲψυχω-

250 1648 419 1719 μένον
449 1651 618 1703 νοοῖτο
646 1651 793 1721 ψυχῇ
820 1652 1003 1722 νοερᾷ.

323 1744 389 1794 Α.
419 1741 567 1795 Πάνυ
598 1742 698 1811 μὲν
722 1740 839 1806 οὖν,
866 1744 915 1796 εί
936 1743 1027 1795 τὸν
1054 1741 1271 1812 ἀπλανῆ
1298 1744 1399 1812 τῆς
1428 1741 1665 1805 πίστεως
1695 1739 1848 1811 ὀρθο-

244 1831 526 1902 τομοῦμεν
574 1832 751 1901 λόγον,
790 1834 886 1887 καὶ
931 1834 1041 1886 τῶν
1088 1834 1190 1904 τῆς
1237 1832 1497 1903 ἀληθείας
1548 1832 1841 1903 δογμάτων

1957 643 2093 695 riam
2125 642 2365 711 aliquam
2398 656 2652 707 versans,
2688 656 2810 695 eam
2842 653 2965 709 qua:
2996 636 3199 705 alioqui
3230 651 3297 690 ex
3328 650 3427 690 sua
3462 651 3558 690 na-

1953 744 2073 789 tura
2110 734 2286 789 calida
2323 750 2428 789 non
2465 743 2545 790 est
2568 774 2584 798 ,
2620 733 2854 788 calidam
2891 728 3056 787 elIicit
3093 728 3378 799 (immittit
3411 728 3556 783 enim

1952 826 2002 881 ei
2043 824 2258 880 abunde
2302 823 2577 879 facultatis
2615 838 2721 892 qua
2766 820 3026 892 pmditus
3065 826 3149 872 est
3184 816 3553 883 efﬁcaciam),

1952 932 2060 988 quo
2085 927 2245 987 pacto
2272 932 2376 972 non
2407 915 2589 984 palius
2615 911 2866 969 immittit
2893 909 3036 964 Deus
3056 906 3296 961 Verbum
3324 902 3557 975 proprim

1952 1010 2106 1066 carni
2142 1009 2511 1063 viviﬁcantem
2548 1021 2703 1061 suam
2738 1004 2996 1057 virtutem
3045 1008 3212 1070 atque
3268 996 3553 1067 operatio-

1951 1118 2100 1167 nem,
2128 1118 2251 1157 cum
2284 1101 2429 1156 illam
2460 1099 2560 1155 sibi
2594 1098 2804 1153 unitam
2834 1106 2887 1151 et
2904 1093 3206 1165 propriam,
3244 1091 3380 1145 citra
3413 1103 3547 1143 con-

1948 1195 2218 1250 fusionem
2257 1203 2351 1248 aut
2384 1192 2745 1248 mutationem
2780 1198 2836 1245 et
2873 1201 2982 1259 quo
3018 1186 3135 1257 ipse
3170 1184 3322 1239 novit
3359 1182 3544 1245 modo,

1948 1285 2283 1342 dcclararit?

2020 1381 2080 1435 Β.
2127 1378 2505 1435 Necessarium
2537 1378 2718 1447 itaque
2743 1385 2829 1432 est
2859 1373 3016 1430 fateri
3035 1416 3049 1439 ,
3084 1371 3301 1428 nemine
3330 1368 3437 1423 alio
3466 1368 3551 1423 in-

1947 1475 2314 1540 terveniente,
2354 1473 2595 1543 perfecte
2631 1470 2914 1541 proprium
2954 1468 3157 1523 factum
3193 1477 3318 1520 esse
3351 1476 3550 1531 corpus

1948 1566 2128 1622 Verbo
2160 1581 2224 1621 ex
2264 1566 2448 1632 Patre,
2484 1564 2703 1619 tametsi
2739 1563 2923 1618 anima
2966 1559 3303 1631 intelligente
3335 1555 3547 1610 anima-

1946 1670 2058 1716 tum
2090 1660 2419 1717 censeatur?

2014 1752 2080 1806 A.
2121 1748 2381 1816 Omnino,
2417 1751 2462 1806 si
2507 1758 2713 1805 rectum
2757 1756 2813 1804 et
2850 1746 3124 1803 sincerum
3168 1741 3291 1797 ﬁdei
3335 1753 3548 1795 sermo.

1944 1858 2067 1899 nem
2104 1853 2293 1899 tenere
2322 1841 2585 1908 velimus,
2618 1851 2676 1897 et
2706 1839 2877 1912 778
2910 1839 3223 1908 dogmatum
3257 1831 3545 1887 veritatem

242 1920 420 1990 ἐσμὲν
467 1922 734 1994 ἐρασταὶ,
782 1925 877 1978 καὶ
907 1925 1018 1978 τῶν
1057 1925 1229 1993 ἁγίων
1260 1925 1521 1995 Πατὲρων
1568 1925 1671 1979 οὐκ
1707 1926 1839 1979 ἁπο-

1950 1949 2229 1999 amamus,
2259 1944 2425 2005 atque
2455 1949 2484 1987 a
2517 1933 2724 1989 sanctis
2754 1930 3014 1987 Patrihus
3038 1942 3143 1984 non
3173 1924 3543 1992 deﬂectimus.

244 2014 545 2085 φερόμενοι
593 2016 695 2087 τῆς
754 2017 1004 2081 εὐθείας,
1058 2017 1183 2071 οὕτε
1241 2017 1351 2088 μὴν
1401 2017 1502 2089 τὴν
1555 2017 1843 2090 βασιλικὴν

241 2107 486 2175 ὰςρέντες
531 2108 741 2179 τρίϐον,
792 2110 888 2163 καὶ
937 2112 1057 2174 ταῖς
1109 2128 1272 2165 τινων
1317 2110 1725 2182 εἰκαιομυθίαις
1763 2113 1845 2175 είς

242 2197 501 2270 κίϐδηλον
533 2199 657 2254 νοῦν
689 2202 1155 2274 ἀποκομιζόμενοι
1175 2244 1190 2269 ,
1226 2202 1745 2274 ἐποικοδομούμενοι
1784 2203 1841 2257 δὲ

244 2291 455 2369 μᾶλλον
500 2295 590 2347 ἐπ’
634 2295 787 2366 αὐτῷ
833 2295 911 2368 τῷ
955 2296 1231 2368 θεμελίῳ,
1292 2295 1542 2351 τουτέστι
1594 2294 1839 2367 Χριστῷ.

246 2405 266 2436 ι
305 2386 572 2456 Θεμέλιον
598 2387 711 2461 γὰρ
734 2389 892 2443 ἄλλον
913 2389 1087 2454 οὐδεὶς
1113 2389 1341 2443 δύναται
1368 2391 1543 2443 θεῖναι
1571 2388 1725 2461 παρὰ
1745 2388 1840 2443 τὸν

238 2478 518 2549 κείμενον,
559 2498 579 2532 ι
618 2480 761 2535 καθὰ
809 2481 1091 2552 γέγραφεν
1116 2482 1333 2552 ἀληθῶς
1382 2484 1411 2536 ὁ
1457 2480 1623 2551 σοφὸς
1681 2482 1842 2552 ἀρχι-

234 2570 469 2637 τέκτων,
499 2574 592 2626 καὶ
618 2573 729 2626 τῶν
757 2573 922 2627 αὐτοῦ
962 2574 1279 2646 μυστηρίων
1337 2574 1643 2647 ίερουργός.
1698 2574 1839 2627 Ἕνα

234 2663 536 2736 τοιγαροῦν
573 2667 666 2719 τὸν
711 2667 841 2719 Υἰὸν
886 2665 983 2719 τοῦ
1015 2666 1153 2720 Θεοῦ
1201 2666 1296 2720 καὶ
1325 2665 1543 2737 Πατρὸς
1571 2660 1713 2719 εἶναι
1754 2681 1837 2717 πι-

238 2754 532 2826 στεύομεν,
559 2759 654 2811 καὶ
684 2759 743 2810 ἐν
765 2758 845 2811 ἑνὶ
874 2758 1153 2830 προσώπῳ
1180 2759 1473 2828 νοούμενον
1504 2756 1597 2810 τὸν
1626 2756 1836 2828 Κύριον

231 2847 401 2917 ἡμῶν
437 2848 643 2917 Ἰησοῦν
678 2850 936 2922 Χριστὸν,
973 2850 1304 2922 γεννηθέντα
1346 2851 1445 2922 μὲν
1475 2853 1542 2904 ὲκ
1568 2847 1663 2902 τοῦ
1690 2847 1828 2902 Θεοῦ

232 2940 339 2993 καὶ
368 2940 600 3013 Πατρὶς,
647 2940 845 3008 θεῖκῶς
869 2984 884 3007 ,
930 2943 1005 3006 ὼς
1028 2945 1223 3011 Λόγον,
1257 2944 1365 3012 πρὸ
1397 2944 1600 3006 παντὸς
1633 2940 1833 3005 αίῶνος

234 3031 339 3084 καὶ
365 3033 559 3103 χρόνου
584 3050 599 3064 ο
637 3036 697 3087 ὲν
725 3035 978 3106 ἐσχάτοις
1009 3034 1063 3088 δὲ
1095 3032 1191 3088 τοῦ
1219 3034 1419 3099 αἰῶνος
1462 3036 1699 3106 καιροῖς,
1738 3031 1832 3085 τὸν

233 3124 406 3178 αὐτὸν
433 3126 699 3193 γεγονότα
731 3127 874 3181 κατὰ
920 3128 1101 3199 σάρκα
1145 3128 1211 3180 ἐκ
1242 3127 1505 3195 γυναικὸς
1526 3164 1544 3191 ,
1579 3124 1731 3195 αὑτῷ
1769 3142 1831 3178 τε

234 3216 662 3286 προσνεμοῦμεν
709 3219 779 3272 τά
819 3235 880 3270 τε
913 3217 1194 3289 θεοπρεπῆ
1230 3218 1327 3271 καὶ
1370 3218 1439 3271 τὰ
1482 3216 1823 3288 ἀνθρώπινα,

234 3309 337 3361 καὶ
358 3307 522 3361 αὐτοῦ
550 3308 806 3377 γενέσθαι
836 3309 1017 3379 φαμὲν
1040 3286 1139 3381 τὴν
1162 3286 1305 3364 κατὰ
1338 3309 1518 3380 σάρκα
1547 3286 1826 3380 γέννησιν,
1855 3286 1899 3345 C

230 3404 335 3454 καὶ
375 3400 438 3453 τὸ
476 3401 569 3453 ἐπὶ
610 3401 704 3454 τοῦ
750 3400 985 3474 σταυροῦ
1036 3402 1209 3467 πάθος
1236 3445 1251 3470 ,
1299 3400 1675 3472 οἰκειουμένου
1728 3401 1829 3472 μὲν

230 3491 458 3546 ἅπαντα
500 3493 569 3546 τὰ
614 3494 713 3565 τῆς
754 3493 892 3558 ἰδίας
928 3495 1130 3566 σαρκὸς
1155 3538 1169 3561 ,
1208 3493 1588 3566 μεμενηκότος
1626 3510 1689 3562 γε
1723 3492 1830 3564 μὴν

230 3584 488 3649 ἀπαθοῦς
524 3586 622 3657 τῆς
671 3586 927 3657 θεότητος
975 3586 1155 3656 φύσει.
1198 3586 1460 3658 Κάμπτει
1504 3588 1615 3656 γάρ
1652 3582 1828 3647 οὕτως

230 3676 393 3746 αὐτῷ
435 3678 543 3730 πᾶν
575 3677 739 3745 γόνυ,
789 3680 880 3732 καὶ
924 3680 1073 3731 πᾶσα
1119 3679 1344 3746 γλῶσσα
1384 3676 1822 3748 ὲξομολογεῖται,

225 3770 321 3821 ὅτι
364 3768 567 3835 Κύριος
610 3770 818 3842 Ἰησοῦς
872 3772 1106 3843 Χριστὸς
1149 3772 1229 3837 είς
1269 3770 1427 3837 δόξαν
1456 3770 1551 3825 τοῦ
1585 3770 1821 3841 Πατρός.

247 3862 303 3914 Ἀ
314 3862 446 3933 μήν.

1947 2040 2133 2096 neque
2158 2029 2374 2083 deserta
2404 2027 2490 2081 via
2522 2026 2703 2098 regia,
2733 2024 2965 2081 aliorum
2995 2036 3137 2079 vana
3168 2030 3331 2091 atque
3359 2017 3543 2073 inania

1945 2128 2255 2173 commenta
2284 2127 2584 2184 sectamur,
2612 2117 2665 2171 in
2695 2116 2987 2188 reprobam
3015 2123 3253 2171 mentem
3279 2110 3496 2165 abducti
3525 2125 3540 2162 :

1945 2206 2043 2263 sed
2091 2210 2272 2277 potius
2323 2222 2488 2278 super
2560 2208 2737 2276 ipsum
2791 2205 3240 2268 fundamentum,
3308 2202 3411 2257 hoc
3460 2209 3546 2255 est

1943 2297 2243 2365 Christum,
2279 2298 2638 2355 aedificamus.
2679 2315 2699 2349 ι
2738 2295 3178 2352 Fundamentum
3215 2294 3359 2349 enim
3396 2292 3543 2345 aliud

1942 2405 2104 2447 nemo
2127 2400 2306 2463 potest
2328 2405 2551 2461 ponere,
2578 2398 2776 2459 praeter
2800 2388 2854 2445 id
2876 2388 3020 2459 quod
3046 2386 3286 2458 positum
3311 2384 3485 2444 est";
3516 2402 3538 2436 ι

1942 2494 2001 2541 ιιι
2027 2499 2156 2540 vere
2186 2483 2410 2554 scripsit
2435 2487 2656 2554 sapiens
2686 2482 2776 2537 ille
2802 2479 3228 2547 architectus",
3256 2487 3313 2533 et
3342 2489 3541 2548 myste-

1938 2577 2147 2633 riorum
2191 2577 2289 2633 Dei
2333 2576 2754 2633 administrator
2774 2577 2845 2631 ".
2893 2574 3072 2631 Unum
3118 2574 3300 2644 itaque
3339 2569 3539 2626 Filium

1936 2668 2033 2724 Dei
2071 2683 2136 2723 ac
2170 2668 2350 2724 Patris
2383 2683 2504 2724 esse
2540 2668 2842 2735 credimus,
2870 2674 2925 2721 et
2955 2666 3010 2721 in
3042 2680 3151 2720 una
3185 2678 3416 2735 persona
3456 2663 3538 2715 in-

1937 2760 2214 2816 tellectum
2245 2760 2534 2815 Dominum
2568 2769 2815 2815 nostrum
2845 2757 3031 2815 Jesum
3060 2757 3363 2819 Christum,
3389 2756 3540 2825 geni-

1934 2861 2052 2907 tum
2079 2853 2299 2922 quidem
2331 2867 2396 2908 ex
2431 2852 2543 2907 Deo
2570 2862 2626 2906 et
2655 2851 2820 2907 Patre
2850 2852 3142 2915 divinitus,
3177 2858 3235 2904 ut
3260 2848 3497 2904 Verbum
3522 2890 3537 2913 ,

1933 2955 2061 3000 ante
2104 2944 2288 2999 omnia
2328 2943 2525 2999 saecula
2568 2952 2623 2998 et
2668 2951 2946 3013 tempora,
2990 2941 3305 2997 novissimis
3349 2949 3535 2995 autem

1931 3035 2119 3091 surculi
2157 3035 2493 3105 temporibus
2528 3034 2780 3089 eumdem
2815 3034 3018 3089 factum
3050 3046 3275 3088 carnem
3312 3047 3380 3086 ex
3420 3048 3541 3085 nin-

1929 3126 2088 3192 liere,
2118 3128 2333 3198 ipsique
2368 3127 2659 3183 tribuimus
2681 3140 2737 3181 et
2773 3126 2986 3182 divinas
3017 3137 3073 3181 et
3109 3130 3376 3181 humanas
3414 3140 3537 3193 pro-

1934 3210 2201 3291 prietates
2235 3240 2247 3276 :
2281 3231 2337 3278 et
2369 3221 2513 3276 illius
2549 3222 2750 3275 factam
2779 3234 2904 3275 esse
2932 3220 3164 3275 dicimus
3196 3219 3536 3273 nativitatem

1934 3314 2234 3368 secundum
2261 3308 2523 3377 'carnem,
2560 3321 2616 3366 et
2653 3312 2965 3381 passionem
3005 3310 3060 3365 in
3101 3325 3299 3375 cruce,
3336 3311 3533 3381 quippe

1936 3404 2028 3472 qui
2068 3404 2251 3457 omnia
2294 3402 2397 3457 sibi
2437 3400 2709 3470 adaptarit
2744 3414 2865 3471 qna:
2903 3400 3054 3455 carni
3094 3414 3209 3455 sua:
3243 3408 3372 3454 sunt
3412 3414 3537 3469 pru-

1938 3496 2088 3566 pria;
2119 3505 2373 3550 manente
2409 3495 2625 3551 interim
2664 3503 2857 3548 natura
2907 3492 3126 3549 deitatis
3156 3502 3379 3563 experte
3413 3509 3533 3562 pas-

1935 3587 2133 3645 sionis.
2164 3584 2277 3641 Hac
2306 3584 2453 3641 enim
2487 3585 2700 3640 ratione
2730 3582 2804 3638 illi
2836 3581 3071 3638 ﬂectitur
3098 3598 3259 3639 omne
3286 3598 3449 3655 genu,
3482 3580 3569 3636 ρι’

1934 3679 2115 3737 omnis
2140 3679 2321 3749 lingua
2348 3679 2638 3734 confitetur
2661 3678 2786 3749 quia
2814 3677 3073 3735 Dominus
3095 3676 3254 3735 Jesus
3281 3677 3533 3735 Christus

1934 3774 1988 3830 in
2018 3773 2185 3846 gloria
2219 3772 2395 3830 Patris
2418 3772 2485 3828 "‘.
2517 3773 2709 3828 Amen.

308 4043 356 4075 η
390 4041 412 4096 ι
448 4040 577 4098 ρος,
604 4055 691 4105 ιιι,
729 4040 816 4096 Η.
892 4039 938 4074 ⁷⁸
980 4040 1114 4098 Ibid.
1154 4041 1238 4097 lO.
1320 4042 1366 4075 "
1408 4041 1423 4095 Ι
1463 4040 1592 4099 Cor.
1642 4058 1714 4111 iv,
1753 4045 1801 4098 l.

1972 4043 2207 4115 Philipp.
2248 4058 2308 4111 ιι,
2348 4042 2435 4113 10,
2474 4044 2563 4101 ll.
