3996 6460
3490 70 3495 75 ·
3523 57 3564 82 ⁸’Ἆ
3693 77 3698 82 .
3743 75 3752 80 .
3785 57 3802 66 ⁵

3512 87 3548 103 λ
3617 93 3628 100 Ι
3677 97 3688 100 ..
3737 93 3756 100 -

3518 126 3523 131 .
3546 102 3760 136 "fw-3,3;

3566 134 3579 143 ’

3608 178 3629 191 εἴ
3654 184 3665 193 «.
3690 173 3732 186 η’

3758 200 3765 209 ε

534 426 673 481 15ὖῖ
1559 437 1613 491 S.
1659 437 1933 494 CYRILLI
1976 441 2111 497 ALE

1559 437 1613 491 S.
1659 437 1933 494 CYRILLI
1976 441 2441 499 ALEXAhDRlNI
2481 447 2799 505 ARCHIEP.

1500 792 2071 927 SANCTI
2166 802 2822 932 CYRILLI

1736 1050 2014 1111 ALEXAN
2024 1054 2207 1111 DRlNl
2246 1056 2287 1112 Α
2299 1057 2569 1117 RCHIEP.

890 1245 1399 1340 SCHOLIA
1494 1253 1641 1342 DE
1698 1256 2635 1350 .INCARNATIONE
2714 1262 3422 1353 UNIGENITI.

578 1460 671 1523 (lix
707 1465 826 1513 edit.
859 1463 914 1515 1³.
946 1467 1191 1528 Garnerii,
1222 1469 1346 1533 Opp
1378 1470 1515 1525 Marii
1542 1472 1847 1534 Hercatoris,
1880 1475 2373 1600 additmragmteptis
2401 1477 2588 1530 (irasci:
2610 1492 2722 1543 qua:
2750 1480 2965 1531 Joannes
2983 1479 3265 1531 Aulbertus
3298 1491 3364 1529 ex
3390 1474 3567 1527 codice
3592 1476 3755 1539 Regio

2114 1553 2140 1587 u
2181 1553 2203 1586 r

2114 1553 2203 1587 uer

1768 1854 2531 1960 ADMONITIO.

2108 2086 2177 2098 -ο

596 2228 883 2288 Tractates
916 2231 1037 2297 iste.
1075 2248 1179 2288 non
1212 2236 1557 2304 praestantior
1582 2250 1747 2305 quam
1777 2235 1986 2301 utilior,
2015 2236 2331 2293 inscribitur
2380 2240 2600 2295 Scholia
2630 2242 2694 2294 de
2722 2242 3089 2296 incarnatione
3125 2241 3402 2313 Unigem'ti
3434 2260 3453 2296 :
3508 2256 3805 2315 propterea

488 2324 657 2390 quod
686 2324 927 2379 continet
956 2340 1059 2380 non
1100 2334 1309 2380 tantum
1336 2327 1756 2396 explicationem
1800 2327 1962 2382 trium
2010 2343 2205 2384 vocum
2241 2330 2538 2386 dilﬁcilium
2584 2331 2887 2397 intellectu,
2924 2331 3194 2398 Christus,
3241 2331 3591 2401 Emmanuel,
3622 2334 3804 2398 Iesus,

513 2431 745 2482 quarum
781 2419 1113 2485 praznOtione
1147 2434 1284 2489 opus
1318 2429 1402 2474 est
1433 2421 1499 2475 ad
1534 2420 1851 2489 mysterium
1894 2420 2289 2479 incarnationis
2339 2412 2635 2481 Dominica:
2686 2427 3060 2492 tractandum;
3113 2428 3208 2482 sed
3245 2427 3418 2482 etiam
3472 2428 3804 2485 solutionem

516 2510 807 2578 implicat-L-
840 2516 1176 2581 quaestionis,
1222 2518 1495 2585 quomodo
1539 2518 1661 2571 dua:
1710 2528 1948 2584 natura,
1985 2518 2106 2572 sine
2145 2521 2463 2576 confusione
2508 2532 2566 2576 et
2600 2523 2979 2588 conversione,
3020 2526 3379 2579 convenerint
3426 2526 3483 2580 in
3533 2527 3803 2582 unitatem

516 2621 760 2673 personae
804 2610 1019 2677 divinae,
1054 2626 1283 2681 eamque
1326 2631 1434 2670 non
1490 2617 1749 2685 σχετικὴν
1806 2621 1862 2667 et
1911 2613 2203 2683 moralem,
2250 2616 2345 2672 sed
2396 2616 2633 2688 φυσικὴν
2683 2626 2738 2673 et
2780 2619 3169 2673 substantivam
3220 2638 3232 2672 :
3275 2623 3370 2690 qui
3411 2622 3591 2678 cardo
3640 2622 3804 2677 totius

514 2703 830 2769 qnazstionis
867 2714 1013 2759 tanta
1047 2707 1412 2762 commotione
1443 2709 1608 2763 totius
1634 2709 1784 2763 orbis
1814 2710 2053 2779 agitatae.

584 2797 701 2862 Quo
725 2809 947 2854 auctore
971 2799 1208 2869 scriptus
1239 2802 1334 2867 sit,
1353 2801 1603 2856 dubitare
1638 2816 1747 2855 non
1777 2802 1925 2869 licet,
1952 2818 2076 2858 cum
2106 2800 2486 2855 Theodoretus
2513 2801 2565 2855 in
2591 2802 2833 2858 secundo
2857 2803 3073 2874 dialogo
3094 2804 3187 2873 qui
3215 2805 3423 2860 dicitur
3452 2806 3800 2875 Inconftmu,

513 2888 625 2946 Leo
649 2891 873 2961 Magnus
898 2893 1124 2963 epistola
1154 2892 1248 2958 97,
1271 2893 1562 2946 concilium
1588 2891 2036 2950 Chalcedonense
2063 2894 2279 2949 actione
2302 2893 2338 2947 2
2364 2893 2417 2949 in
2449 2892 2579 2959 ﬁne,
2610 2893 2899 2949 Faeundus
2927 2896 3335 2953 llermianensis
3358 2898 3519 2954 libris
3538 2915 3613 2954 ut
3644 2909 3699 2955 et
3723 2916 3800 2965 xt,

515 2984 781 3040 Leontius
815 2984 1174 3041 scholasticus
1196 2985 1331 3040 libro
1354 3001 1369 3039 t
1396 2996 1583 3040 contra
1608 2984 1965 3043 Nestorianos
1986 2996 2040 3043 et
2066 2987 2453 3057 Eutycbianos,
2480 2986 2699 3056 aliique,
2735 3004 2839 3043 non
2866 2998 3074 3045 tantum
3106 2990 3271 3059 huius
3302 2992 3511 3061 operis,
3540 3000 3796 3063 tanquam

514 3099 546 3132 a
583 3080 785 3149 Cyrillo
813 3082 963 3147 editi,
1000 3082 1380 3148 meminerint,
1419 3082 1515 3138 sed
1552 3097 1618 3138 ex
1656 3096 1722 3136 eo
1753 3096 1970 3152 quoque
2007 3082 2074 3135 ad
2112 3082 2543 3136 conﬁrmandam
2584 3082 2741 3137 ﬁdem
2784 3084 3096 3138 testimonia
3137 3085 3606 3155 deprompserint.
3648 3086 3795 3141 Adde

514 3173 657 3238 quod
700 3174 753 3226 in
794 3172 1121 3229 bibliotheca
1176 3173 1339 3245 Regia
1394 3175 1617 3229 Parisiis
1660 3188 1765 3227 non
1814 3174 2027 3229 modica
2066 3188 2197 3243 pars
2244 3172 2435 3229 Graece
2484 3174 2735 3240 habetur,
2782 3174 2972 3247 Cyrilli
3015 3177 3238 3233 nomine
3292 3178 3586 3248 inscripta,
3638 3195 3799 3250 quant

511 3266 751 3319 Joannes
778 3266 1073 3320 Autbertus
1104 3267 1379 3320 transtulit
1406 3267 1456 3321 in
1491 3282 1643 3320 suam
1672 3266 1907 3335 Operum
1930 3266 2117 3337 Cyrilli
2148 3265 2622 3322 Graeco-Latinam
2650 3268 2966 3333 editionem,
2994 3278 3139 3323 tomo
3170 3267 3236 3333 Υ,
3280 3280 3438 3339 parte
3472 3286 3511 3326 ι.

586 3364 703 3429 Quo
761 3373 1004 3432 tempore
1058 3364 1392 3431 compositus
1450 3363 1633 3428 fuerit,
1680 3362 1950 3431 conjicere
1995 3377 2063 3415 ex
2104 3376 2168 3417 eo
2217 3361 2366 3427 licet,
2420 3364 2565 3431 quod
2623 3362 2727 3417 etsi
2778 3372 2968 3418 contra
3029 3364 3344 3419 Nestorium
3396 3377 3628 3421 sanctus
3675 3366 3796 3421 ﬁdei

516 3460 768 3511 defensor
816 3459 1077 3526 disputet,
1116 3473 1238 3511 eum
1274 3464 1455 3511 tamen
1498 3458 1717 3512 nomine
1747 3474 1853 3511 non
1900 3456 2163 3527 appellet,
2207 3457 2403 3511 solitus
2442 3456 2644 3526 alioqui
2686 3473 2794 3514 non
2836 3466 3054 3526 tacere,
3091 3469 3214 3530 post
3248 3462 3796 3531 condemnationem,

517 3552 627 3604 imo
655 3563 706 3606 et
742 3566 868 3607 ante
901 3552 1431 3616 condemnationem,
1478 3552 1661 3607 statim
1705 3563 1866 3621 atque
1914 3552 1982 3605 lis
2029 3552 2188 3621 quasi
2230 3552 2499 3607 intentata
2533 3562 2658 3618 est,
2700 3560 3048 3622 captumque
3090 3552 3174 3623 agi
3220 3551 3375 3619 jure,
3422 3554 3475 3608 id
3515 3564 3639 3620 est,
3679 3569 3797 3625 post

516 3650 738 3703 missam
786 3662 908 3702 cum
961 3648 1158 3701 summi
1202 3648 1474 3715 pontiﬁcis
1548 3646 1741 3700 litteris
1788 3646 2143 3715 depositionis
2184 3646 2512 3701 sententiam
2550 3646 2961 3701 continentibus
3007 3649 3324 3717 synodicam
3362 3663 3431 3702 ex
3467 3648 3793 3720 Egyptian

518 3744 725 3815 synodo
752 3742 1063 3810 epistolam,
1095 3743 1381 3811 capitaque
1423 3741 1731 3805 duodecim,
1764 3743 1856 3810 qui
1907 3741 2354 3798 anathematismi
2389 3742 2670 3798 dicuntur.
2715 3742 3061 3812 Compositus
3106 3744 3271 3814 igitur
3313 3744 3421 3799 diei
3469 3746 3637 3802 debet
3674 3754 3795 3802 ante

518 3835 808 3889 concilium
836 3834 1188 3903 Ephesinum.

590 3931 695 3987 Sed
731 3948 837 4001 quo
876 3934 926 3985 in
974 3931 1115 3999 loco,
1149 3947 1322 4000 quove
1362 3932 1669 3987 distinctius
1710 3931 1992 4001 tempore?
2032 3930 2253 4001 Ephesi,
2302 3931 2614 4002 opinabitur
2654 3932 2795 3987 forte
2831 3931 3136 4001 quispiam,
3178 3942 3305 3988 tunc
3352 3950 3477 3989 enm
3524 3935 3789 4006 Cyrillus,

517 4032 647 4101 ipsis
685 4032 1025 4099 exigentibus
1076 4029 1395 4095 catholicis,
1442 4045 1717 4099 exponere
1770 4039 1994 4085 coactus
2046 4038 2129 4083 est
2173 4031 2456 4095 nonnulla,
2508 4046 2629 4101 qua:
2674 4030 2837 4101 paulo
2893 4030 2976 4083 vel
3033 4029 3291 4095 duriora,
3343 4031 3427 4085 vel
3474 4034 3789 4088 obscuriora

518 4128 840 4179 videbantur
887 4126 938 4177 in
986 4125 1487 4189 anathematismis,
1528 4124 1825 4194 pratsertim
1867 4135 1925 4177 ut
1962 4123 2302 4193 prepulsaret
2346 4124 2601 4179 invidiam
2638 4124 2741 4178 sibi
2784 4124 2849 4177 ab
2898 4123 3231 4177 adversariis
3269 4124 3596 4189 conﬂatam,
3640 4130 3789 4194 quasi

519 4234 641 4272 cum
669 4218 1069 4286 Apollinaristis
1101 4218 1350 4285 sentiret,
1383 4220 1593 4272 unicam
1626 4233 1745 4273 esse
1782 4218 1835 4271 in
1869 4218 2090 4272 Christo
2126 4228 2399 4282 naturam,
2436 4233 2761 4286 versumque
2786 4218 2837 4271 in
2866 4232 3082 4271 carnem
3118 4216 3351 4272 Verbum
3377 4220 3648 4274 divinum.

584 4312 694 4382 Ego
728 4328 855 4365 vero
890 4312 1234 4365 Alexandriae
1264 4312 1523 4379 scriptum
1554 4321 1703 4380 puto,
1732 4311 1886 4380 longe
1912 4320 2069 4365 antea
2100 4327 2112 4363 :
2149 4312 2383 4381 Cyrillus
2433 4325 2667 4380 namque
2702 4320 2990 4378 antequam
3030 4312 3401 4379 responderet,
3439 4314 3524 4367 vel
3560 4314 3791 4369 Δηὼ-επ

518 4412 911 4473 Samosateno,
968 4408 1051 4463 vel
1093 4407 1465 4473 Theodoreto,
1515 4408 2008 4463 anathematismos
2055 4408 2617 4478 reprehendentibus,
2677 4408 2728 4461 id
2780 4407 2961 4476 operis
3009 4408 3274 4476 suscepit,
3333 4426 3441 4479 quo
3495 4410 3789 4466 instrueret

518 4505 891 4571 disputaturos
924 4517 1020 4570 pro
1052 4500 1178 4564 ﬁde,
1207 4499 1273 4553 de
1302 4499 1490 4569 primis
1522 4500 1674 4568 quasi
1706 4499 2023 4554 notionibus
2052 4514 2278 4566 vocum,
2312 4508 2476 4567 atque
2510 4498 2629 4552 aliis
2660 4498 2953 4561 nonnullis,
2986 4498 3181 4566 quibus
3216 4499 3357 4554 inter
3399 4501 3786 4569 disputandum

518 4614 646 4651 usus
678 4598 835 4649 foret.
867 4593 1129 4648 Instruxit
1162 4607 1309 4654 vero,
1350 4591 1451 4645 nisi
1497 4606 1581 4645 me
1624 4590 1761 4645 fallit
1794 4591 2010 4661 opinio,
2048 4606 2169 4646 cum
2206 4591 2439 4661 primum
2482 4589 2720 4645 ferveret
2766 4591 2993 4659 quaestio
3028 4590 3165 4658 apud
3213 4592 3652 4657 Alexandrinos,
3690 4614 3787 4652 nec

517 4694 651 4749 satis
674 4692 848 4745 adhuc
882 4691 1043 4743 animi
1085 4688 1472 4743 exercitatione
1504 4688 1701 4741 eruditi
1730 4696 1944 4752 essent;
1978 4702 2213 4757 eumque
2259 4688 2372 4757 ipse
2411 4688 2575 4740 etiam
2617 4686 2849 4753 primum
2884 4685 3117 4755 Cyrillus
3162 4702 3260 4755 pro
3300 4687 3523 4741 Christo
3554 4705 3786 4761 pugnant

515 4805 637 4841 eum
670 4784 920 4840 Nestorio
958 4784 1140 4845 iniret,
1179 4781 1318 4836 datis
1356 4782 1632 4850 prioribus
1670 4779 1864 4835 litteris
1897 4780 2055 4833 cilicii
2094 4780 2489 4834 monitricibus.
2535 4778 2782 4847 Scriptus
2814 4789 2896 4832 est
2936 4779 3099 4847 igitur
3142 4787 3405 4834 tractatus
3448 4781 3553 4835 iste
3594 4785 3781 4837 eodem

517 4882 632 4936 fere
666 4893 905 4949 tempore
938 4890 1044 4946 quo
1068 4875 1295 4946 epistola
1345 4878 1411 4929 ad
1456 4876 1751 4930 monachos
1797 4872 2039 4945 Egypti,
2105 4874 2155 4927 id
2197 4886 2301 4938 est,
2346 4875 2445 4927 sub
2490 4872 2725 4926 medium
2769 4881 2859 4925 aut
2904 4873 3095 4925 saltem
3137 4871 3237 4926 sub
3285 4874 3447 4928 ﬁnem
3484 4892 3616 4929 ann.
3660 4878 3781 4932 429.

516 4978 661 5033 idem
692 4979 834 5032 enim
856 4986 938 5031 est
966 4976 1248 5045 utriusque
1276 4985 1677 5045 argumentum,
1703 4990 1802 5029 nec
1829 4976 1975 5029 aliud
2000 4978 2210 5029 videtur
2241 4978 2536 5031 discrimen
2567 4988 2729 5043 quam
2758 4976 3021 5039 methodi,
3052 4990 3171 5045 qua:
3199 4975 3251 5028 in
3278 4973 3505 5043 epistola
3544 4976 3781 5031 oratoria

518 5073 689 5142 magis
720 5081 821 5137 est,
862 5073 912 5125 in
948 5069 1181 5124 Seboliis
1218 5068 1331 5122 fere
1366 5069 1708 5124 scholastica.

592 5168 645 5219 In
671 5182 790 5221 eam
821 5180 905 5219 me
937 5166 1260 5219 sententiam
1292 5163 1569 5231 impellunt
1605 5164 1727 5217 tria.
1761 5164 2025 5231 Primum,
2052 5168 2193 5236 quod
2220 5166 2438 5222 Scholia
2478 5176 2605 5222 ante
2639 5167 2928 5223 concilium
2968 5166 3296 5236 Ephesinum
3326 5165 3531 5236 scripta
3563 5168 3697 5231 sint,
3726 5176 3781 5219 nt

514 5272 670 5313 antea
705 5258 1008 5313 conlectum
1034 5268 1155 5311 est:
1201 5272 1297 5310 nec
1328 5271 1492 5324 parvo
1531 5269 1709 5311 tamen
1745 5268 2005 5326 tempore,
2044 5276 2164 5313 eum
2209 5262 2453 5315 Andreas
2498 5260 2889 5315 Samosatenns
2938 5263 3077 5328 apud
3119 5258 3470 5315 Anastasium
3514 5260 3777 5314 Sinaitam

519 5353 741 5418 hujusce
784 5351 961 5418 operis
1008 5362 1259 5419 tanquam
1306 5352 1599 5418 pervulgati
1652 5352 1979 5405 meminerit.
2036 5352 2300 5419 Alterum,
2343 5356 2485 5423 quod
2535 5356 2780 5409 videatur
2814 5355 3163 5411 elementaria
3204 5354 3450 5416 quaedam
3496 5353 3775 5415 doctrina,

519 5446 737 5502 rudibus
801 5447 1186 5502 controversiae
1249 5446 1476 5513 ingeniis
1529 5448 1721 5499 tradita
1765 5469 1777 5501 :
1834 5450 2141 5503 continetur
2196 5452 2341 5505 enim
2404 5452 2744 5521 expositione
2824 5468 3052 5518 vocum,
3105 5450 3658 5520 distinetionibusque
3713 5454 3775 5504 ad

518 5543 844 5605 τιήτςίιιίοιιεε
878 5540 1160 5595 solvendas
1196 5540 1542 5603 necessariis,
1570 5552 1621 5594 et
1664 5542 1926 5609 exemplis
1961 5544 2025 5596 ad
2074 5560 2185 5599 rem
2219 5546 2591 5613 explicandam
2642 5546 2817 5601 factis.
2872 5546 3137 5609 Tertium,
3171 5544 3311 5613 quod
3355 5544 3407 5596 in
3451 5558 3617 5612 onere
3668 5552 3774 5598 toto

518 5634 655 5686 nulla
685 5648 777 5700 per
808 5647 863 5685 se
892 5632 981 5684 ﬁat
1011 5632 1213 5683 mentio
1246 5630 1333 5683 Dei
1365 5632 1668 5697 pontiﬁcis;
1715 5636 1806 5689 sed
1853 5652 2039 5690 eorum
2091 5646 2300 5691 tantum
2339 5654 2457 5708 qua:
2494 5639 2544 5690 in
2575 5640 2749 5705 primo
2783 5638 3012 5691 Nestorii
3054 5651 3303 5691 sermone
3338 5635 3687 5706 secundoque
3724 5646 3771 5690 ct

514 5728 673 5779 tertio
705 5737 889 5777 contra
934 5724 1054 5777 ﬁdei
1097 5723 1334 5791 regulam
1370 5723 1637 5792 leguntur,
1674 5744 1791 5779 cum
1826 5738 2003 5783 tamen
2042 5731 2202 5799 digna
2246 5731 2383 5784 foret
2426 5733 2523 5785 ista
2556 5733 2810 5798 quazstio,
2848 5747 2965 5800 quea
3002 5739 3330 5785 tractaretur
3368 5737 3590 5797 propter
3621 5743 3768 5781 suam

516 5820 627 5874 sin:
657 5816 1027 5877 subtilitatem,
1065 5815 1177 5867 sive
1207 5816 1600 5868 necessitatem.
1640 5819 1765 5870 Uria
1813 5838 1938 5875 vero
1966 5833 2047 5876 est
2086 5839 2149 5875 ex
2189 5824 2403 5875 humilia
2450 5821 2623 5875 Procli
2667 5838 2693 5874 a
2734 5822 2977 5879 Nestorio
3024 5820 3271 5880 acerbius
3322 5822 3673 5893 reprehensa,
3711 5821 3770 5875 de

516 5930 620 5983 qua
647 5910 778 5964 nihil
817 5910 990 5964 διαίτη
1028 5910 1197 5975 potuit
1224 5909 1391 5961 nuntii
1427 5910 1806 5966 Aie-xandtinm
1848 5928 1969 5971 ante
2000 5918 2283 5972 detinituttt
2317 5918 2579 5971 hactenus
2609 5926 2837 5987 ltilnpUs.

3926 56 3949 179 ἓ

3926 182 3949 279 i
