3996 6444
281 413 431 471 I565
1224 416 1518 474 SCHOLIA
1560 418 1645 471 DE
1690 415 2210 474 INCARNATIONE
2251 417 2629 477 UNlGENlTi.
3466 414 3605 471 i366

354 531 433 586 De
462 532 757 606 interprete
786 536 951 604 paulo
977 532 1249 591 dilucilior
1276 544 1360 591 est
1385 538 1639 605 quasti".
1678 536 1940 607 Quisquis
1980 538 2074 592 ille
2114 537 2299 603 fuerit,
2330 540 2508 609 ipsum
2547 543 2767 605 oportet
2801 534 2997 605 quinto
3044 530 3249 588 saeculo
3285 531 3598 600 scripsisse,

280 623 401 681 imo
433 632 763 699 temporibus
792 630 981 703 Cyrilii
1016 649 1030 686 :
1077 632 1343 702 siquidem
1378 647 1446 687 ex
1484 633 1585 688 hac
1618 634 1734 701 ipsa
1776 634 2048 698 versione,
2091 650 2214 703 quae
2263 649 2405 689 nunc
2447 634 2704 695 habetur,
2739 640 2796 686 et
2825 629 2937 685 Leo
2972 627 3200 699 Magnus
3234 623 3419 679 statim
3477 635 3601 692 post

277 717 495 775 obitum
521 722 706 794 Cyrini
738 733 994 793 tanquam
1026 740 1093 779 es
1125 724 1363 793 vulgata,
1393 734 1447 780 et
1474 726 1765 779 concilium
1798 725 2269 792 Chalcedonense,
2313 737 2369 781 et
2412 724 2701 780 Facundos
2731 720 3143 777 llermianeusis
3205 717 3602 785 decerpserint.

278 824 412 878 quin
437 812 571 869 locis
595 825 756 871 antea
778 817 965 872 citatis
983 817 1246 873 referunt.
1264 818 1574 874 Crediderit
1594 834 1701 874 non
1730 820 2003 875 immerito
2026 820 2322 888 quispiam,
2338 818 2688 873 tribuendum
2712 817 2816 871 hoc
2838 829 2977 885 opus
2994 813 3089 866 uni
3111 824 3178 865 ex
3211 806 3601 863 Alexandrinis

280 896 402 957 illis
432 920 661 974 quorum
692 906 1045 964 Latinitatem
1071 911 1211 979 apud
1239 920 1490 965 sanctum
1521 910 1881 965 leestinum
1904 910 2142 979 Cyrillus
2168 910 2492 973 excusabat,
2520 923 2645 962 cum
2674 908 2898 961 chartas
2923 903 3171 957 mitteret
3192 898 3262 953 ab
3285 900 3353 953 iis
3382 911 3597 952 versas.

282 988 493 1049 Verum
524 998 857 1066 opinabilius
890 1002 1127 1067 videtur,
1166 1002 1518 1073 interpretem
1562 1005 1748 1060 dicere
1796 1002 2029 1058 Marium
2072 1003 2476 1069 Mercatorem,
2518 1002 2696 1055 virum
2742 998 2953 1067 alioqui
3002 994 3246 1049 melioris
3285 990 3603 1045 Latinitatis

277 1084 593 1143 scientem:
627 1106 751 1145 nam
786 1101 842 1145 et
872 1092 1012 1145 inter
1030 1090 1151 1160 ejus
1178 1107 1341 1163 opera
1372 1094 1645 1163 reperitur
1687 1094 1740 1148 iu
1775 1103 2008 1163 utroque
2041 1092 2415 1161 manuscripto
2453 1090 2663 1152 codice,
2701 1103 2813 1158 quo
2857 1087 2941 1142 usi
2982 1099 3211 1147 sumus;
3245 1090 3300 1135 et
3338 1097 3399 1135 ea
3440 1092 3602 1135 aetate

278 1178 443 1243 vixit,
470 1194 574 1248 qua
608 1184 974 1250 scribebatur,
998 1194 1053 1241 et
1085 1187 1283 1243 ardore
1312 1188 1434 1241 tidei
1466 1188 1718 1242 incensus
1744 1185 1937 1240 Latina
1978 1186 2107 1240 fecit
2170 1200 2293 1256 quae
2334 1183 2513 1237 Graeci
2545 1183 2866 1237 defensores
2898 1177 3025 1232 ﬁdei
3071 1176 3416 1236 scriberent;
3460 1182 3513 1226 et
3545 1173 3598 1226 in

277 1270 605 1337 praefatione
649 1274 719 1329 ad
773 1291 1054 1334 sermones
1098 1277 1338 1334 Nestorii
1376 1287 1716 1335 contestatus
1764 1290 1878 1345 est,
1933 1294 1994 1334 se
2047 1260 2359 1333 Latinitatis
2409 1279 2554 1347 leges
2608 1274 2885 1345 sprevisse
2927 1271 2982 1323 in
3035 1267 3299 1337 operibus
3356 1264 3598 1319 Nestorii

274 1362 580 1435 Cyrillique
605 1370 901 1425 vertendis.
936 1370 1002 1423 In
1038 1371 1247 1442 quibus,
1286 1372 1482 1440 inquit,
1527 1372 1739 1426 verbum
1790 1372 1852 1426 de

2021 1389 2071 1437 ο,
2107 1373 2160 1425 in
2203 1381 2460 1440 quantum
2490 1370 2608 1437 ﬁeri
2653 1366 2828 1434 potuit
2868 1370 3098 1416 conatus
3141 1375 3259 1413 sum
3302 1355 3599 1410 translator

272 1458 593 1525 exprimere,
627 1476 690 1513 ne
718 1462 869 1530 prius
895 1461 1152 1530 falsaritts
1188 1466 1357 1535 magis
1402 1482 1563 1534 quam
1596 1483 1745 1521 verus
1780 1478 1964 1536 postea
2005 1465 2263 1533 probarer
2305 1466 2590 1531 interpres.
2632 1461 2713 1514 Da
2761 1456 3204 1528 igitur‘veniam,
3234 1453 3317 1523 pie
3345 1452 3528 1514 lector,
3552 1450 3598 1503 si

272 1560 374 1604 aut
407 1552 582 1606 minus
612 1557 783 1633 oratio
840 1557 1131 1623 luculenta,
1171 1568 1265 1613 aut
1300 1564 1575 1615 verborum
1616 1563 1915 1633 ubicunque
1948 1572 2394 1633 prwsumptorum
2442 1560 2644 1614 novitas
2688 1572 2873 1611 aurem
2912 1554 3052 1624 forte
3098 1548 3402 1620 perculerit.
3445 1547 3598 1613 Elegi

272 1632 698 1699 obtrectatorum
758 1647 954 1719 linguis
1007 1654 1177 1722 magis
1214 1654 1433 1721 exponi,
1481 1672 1640 1724 quant
1696 1675 1727 1710 a
1780 1632 1999 1713 veritate
2044 1672 2293 1712 sensuum
2327 1653 2702 1723 exprimenda,
2764 1650 2851 1704 ubi
2909 1664 3061 1702 omne
3109 1654 3186 1699 est
3239 1643 3305 1696 de
3364 1638 3597 1707 falsitate

271 1737 596 1806 periculum,
622 1740 831 1811 longius
864 1745 1132 1801 aberrare.

357 1827 475 1884 Non
516 1832 651 1888 levis
685 1851 851 1905 opera
884 1841 1133 1909 ponenda
1178 1842 1333 1898 nobis
1365 1841 1464 1898 fuit
1506 1843 1557 1898 in
1591 1843 1929 1899 emendanda

2020 1842 2211 1896 :rsione
2251 1846 2361 1892 tam
2394 1837 2645 1905 antiqua,
2669 1834 2899 1904 ideoque
2928 1832 2995 1887 ab
3025 1827 3505 1891 exscribentibus,
3537 1836 3598 1879 ut

274 1920 364 1987 ίὶῐ,
395 1937 651 1996 corrupta
680 1946 693 1983 :
725 1928 984 1998 juverunt
1018 1934 1237 2003 quidem
1266 1939 1621 2007 manuscripti
1654 1939 1871 1993 codices
1895 1945 1951 1991 et
1984 1930 2107 1989 libri
2135 1933 2277 2005 typis
2302 1931 2515 1989 excusi.
2546 1932 2619 1985 At
2652 1944 2777 1983 cum
2821 1941 2926 1981 una
2976 1925 3049 1980 sit
3089 1922 3335 1978 omnium
3385 1917 3594 1978 versio.

268 2032 453 2087 cauae
499 2039 603 2078 non
653 2027 833 2082 minus
866 2045 894 2083 a
939 2033 1169 2088 notariis
1201 2034 1516 2103 depravata,
1548 2052 1710 2106 quam
1766 2036 1835 2090 ab
1890 2035 2189 2103 interprete
2241 2030 2508 2101 neglecta,
2553 2027 2773 2098 quoties
2814 2040 2921 2080 non
2975 2018 3597 2094 przluxeruntGrtera,

270 2116 650 2183 praeluxerant
682 2138 811 2178 vero
844 2140 949 2180 non
996 2142 1160 2198 saepe,
1201 2130 1554 2184 divinandum
1601 2131 1724 2196 l'uit,
1766 2140 1823 2186 ut
1864 2146 2002 2201 quas
2052 2128 2397 2183 adhibuisset
2438 2140 2601 2181 voces
2648 2126 2957 2191 interpres,
3020 2117 3443 2175 restitueremus
3496 2126 3595 2183 pro

268 2212 420 2265 virili
450 2228 462 2263 :
504 2215 745 2286 religioni
769 2218 912 2272 enim
942 2220 1043 2274 fuit
1078 2221 1217 2275 ullas
1251 2234 1486 2286 mutare,
1526 2240 1624 2279 nec
1660 2225 1704 2279 si
1733 2224 1957 2279 aliunde
1988 2222 2258 2286 licuisset,
2288 2220 2662 2291 potuissemus
2700 2227 2903 2280 tamen,
2933 2226 3059 2268 cum
3107 2208 3329 2264 deﬁciat
3368 2208 3597 2263 Graccus

272 2316 461 2362 textus
520 2311 571 2364 in
627 2311 905 2381 pluribus;
950 2328 1114 2385 quem
1161 2318 1306 2373 enim
1363 2320 1663 2389 habemus,
1709 2321 1794 2377 vel
1843 2336 1909 2377 ex
1963 2320 2332 2383 Theodoreto,
2366 2318 2453 2372 vel
2499 2332 2564 2371 ex
2595 2307 3032 2370 Chalcedonensi
3094 2308 3328 2376 synodo,
3390 2306 3473 2359 vel
3527 2320 3597 2357 ex

268 2393 608 2452 bibliotheca
637 2398 802 2470 Regia
838 2413 1096 2471 acceptus
1125 2415 1228 2460 est.

349 2489 537 2546 Prodit
566 2508 695 2549 vero
724 2497 985 2553 eximium
1014 2514 1174 2568 opus,
1206 2508 1261 2555 et
1302 2515 1333 2554 a
1373 2500 1581 2554 sanctis
1614 2497 1869 2553 Patribus
1905 2497 2135 2552 summis
2178 2496 2428 2551 laudibus
2472 2505 2760 2560 ornatum,
2794 2510 2901 2548 non
2946 2500 3157 2549 tantum
3213 2490 3596 2553 emendatius,

266 2583 421 2649 quod
450 2591 594 2639 certe
617 2584 737 2640 leve
772 2603 877 2641 non
906 2600 991 2644 est
1013 2606 1030 2656 ;
1054 2591 1148 2646 sed
1173 2601 1368 2661 quarta
1398 2590 1510 2645 fere
1549 2599 1700 2660 parte
1740 2589 1974 2655 auctius,
2009 2605 2173 2659 quam
2215 2588 2447 2658 legatur,
2486 2588 2568 2642 vel
2615 2589 2757 2658 apud
2806 2586 2995 2657 Cyrilli
3043 2600 3273 2654 operum
3307 2584 3551 2639 editores
3576 2622 3591 2647 ,

268 2672 362 2728 vel
395 2676 535 2745 apud
562 2680 920 2736 conciliorum
945 2684 1291 2741 collectores.
1327 2682 1468 2750 Quid
1498 2694 1679 2739 autem
1707 2684 1844 2738 desit
1874 2684 1926 2738 iu
1962 2683 2195 2753 vulgatis
2224 2682 2379 2737 libris
2414 2682 2802 2747 iudicabimus,
2838 2680 2927 2735 ubi
2957 2679 3065 2751 erit
3092 2693 3253 2747 opus.

356 2768 571 2841 Vulgati
608 2777 826 2833 codices
866 2779 1032 2833 totius
1062 2781 1246 2849 operis
1284 2781 1487 2835 habent
1511 2780 1689 2848 capita
1732 2780 1922 2849 viginti
1963 2790 2019 2835 et
2057 2789 2217 2845 octo;
2255 2779 2659 2847 manuscriptus
2698 2776 2980 2830 Marianus
3027 2773 3250 2843 triginta
3303 2771 3590 2841 quinque;

270 2861 505 2920 letius
543 2882 648 2922 non
675 2869 827 2937 plura
862 2856 1233 2926 novetndecim
1269 2883 1542 2938 numerat,
1570 2874 1807 2929 redactis
1844 2872 2054 2928 scilicet
2082 2874 2147 2926 ad
2194 2873 2339 2927 hunc
2371 2886 2660 2925 numerum
2703 2869 2938 2933 cunctis,
2964 2880 3087 2939 quae
3123 2866 3264 2934 apud
3311 2864 3448 2919 alios
3486 2877 3593 2917 non

269 2961 481 3026 optima
510 2974 641 3017 sane
668 2962 736 3017 de
772 2980 935 3019 causa
967 2979 1311 3035 separantur.
1343 2968 1536 3038 Opera:
1566 2970 1801 3039 pretium
1835 2980 1922 3025 est
1962 2968 2140 3024 Photii
2168 2970 2329 3023 verba
2367 2968 2723 3023 exscribere:
2760 2964 2954 3019 Lectus
3001 2973 3080 3019 est
3112 2964 3239 3017 item
3276 2962 3415 3014 alter
3462 2960 3597 3013 liber

268 3053 355 3107 sic
403 3053 733 3124 inscriptus:
777 3056 1048 3115 Scuouou
1096 3076 1163 3114 os
1219 3059 1504 3118 Uutossm
1547 3077 1972 3118 ISCARNATIONB.
2020 3060 2138 3126 Quo
2174 3060 2286 3113 hwc
2325 3058 2435 3127 fere
2473 3068 2833 3127 exponuntur,
2882 3054 3013 3125 quid
3053 3063 3130 3107 est
3178 3051 3456 3114 Christus;
3490 3065 3597 3119 qua

272 3146 483 3200 ratione
511 3149 881 3220 intelligendus
919 3136 1275 3219 Emmanuel;
1310 3154 1439 3225 quid
1466 3165 1541 3209 est
1574 3154 1735 3209 Iesus
1771 3154 2050 3220 Christus;
2079 3155 2243 3223 juxta
2279 3154 2409 3224 quid
2449 3152 2546 3207 Dei
2593 3150 2823 3206 Verbum
2864 3151 3065 3203 dictum
3105 3158 3182 3202 est
3222 3149 3413 3209 homo;
3431 3145 3597 3214 juxta

270 3239 407 3309 quid
454 3252 763 3296 euacuatum
803 3258 915 3298 esse
959 3242 1058 3297 Dei
1118 3244 1346 3300 Verbum
1387 3247 1626 3311 dicitur;
1685 3247 1950 3318 quomodo
1987 3246 2112 3301 item
2158 3245 2403 3301 Christus
2449 3260 2587 3298 unus
2629 3253 2739 3308 est;
2791 3240 3059 3312 quomodo
3113 3239 3276 3294 etiam
3334 3254 3470 3291 unus
3519 3247 3596 3290 est

274 3334 942 3407 Emmanuel;quamnam
968 3342 1195 3397 dicimus
1219 3360 1330 3398 esse
1356 3345 1813 3399 exinanitionem?
1840 3343 1979 3399 Item
2015 3345 2080 3400 de
2118 3346 2289 3416 ignita
2324 3344 2556 3397 carbone
2594 3342 2706 3395 viso
2755 3341 2820 3394 ab
2853 3339 3030 3405 Isaia,
3071 3338 3290 3408 aliaque
3310 3344 3596 3407 praeterea,

272 3426 361 3481 Itis
395 3436 569 3483 tamen
592 3432 793 3499 a/ﬁuia,
824 3434 999 3500 capita
1026 3437 1224 3488 decem.
1256 3434 1614 3507 Permagnam
1641 3454 1760 3492 vero
1787 3436 2078 3507 legentibus
2107 3438 2399 3492 utilitatem
2428 3437 2562 3491 liber
2586 3437 2673 3489 hic
2700 3434 2898 3504 a/I'erre
2917 3443 3111 3503 potest.

353 3520 529 3576 Aliam
568 3522 738 3578 videri
771 3535 951 3594 potest
990 3523 1276 3582 Facundus
1314 3527 1727 3584 Hermianensis
1759 3529 1811 3583 in
1839 3531 2027 3585 codice
2066 3544 2175 3601 quo
2201 3544 2335 3585 usus
2374 3538 2461 3583 est
2501 3527 2850 3598 partitionem
2908 3526 3229 3581 invenisse:
3284 3540 3410 3581 nam
3446 3524 3595 3597 quod

275 3615 511 3673 Photius
546 3627 800 3674 octavum
830 3633 995 3691 caput
1019 3636 1141 3678 esse
1168 3624 1398 3689 indicat,
1422 3624 1713 3694 septimum
1751 3628 1864 3695 ipse
1897 3636 2091 3692 vocat;
2126 3625 2398 3680 decimum
2430 3637 2579 3683 vero.
2607 3622 2753 3698 quod
2784 3621 2926 3691 apud
2956 3619 3215 3675 Photium
3241 3620 3592 3673 undecimum

275 3710 523 3779 ponitur.
558 3709 649 3767 Sic
675 3713 822 3766 enim
848 3712 1041 3768 scribit
1069 3732 1083 3769 :
1115 3713 1347 3785 Cyrillus
1377 3717 1433 3770 in
1464 3712 1598 3771 libro
1636 3734 1789 3789 quem
1832 3717 2050 3774 Scholia
2101 3718 2449 3787 nuncupavit,
2503 3716 2659 3769 titulo
2701 3717 2956 3785 septimo,
2994 3729 3160 3783 quam
3192 3727 3314 3767 esse
3350 3712 3595 3767 dicimus

273 3802 690 3869 adunationem,
720 3806 923 3871 anima,
958 3806 1153 3876 inquit,
1189 3811 1368 3863 omnia
1406 3827 1525 3877 qua
1550 3820 1674 3866 sunt
1701 3814 1957 3881 corporis,
1989 3821 2094 3867 etc.
2132 3812 2273 3884 (Lib.
2312 3828 2387 3875 χι,
2426 3828 2475 3867 c.
2505 3811 2587 3881 7.)
2619 3811 2681 3865 Et
2706 3818 2896 3879 postea
2923 3824 2935 3859 :
2967 3806 3174 3861 Rursus
3200 3817 3375 3861 autent
3408 3808 3592 3862 eodem

275 3900 443 3955 libro.
469 3900 627 3954 titulo
653 3900 876 3966 decimo,
902 3903 1028 3972 quid
1067 3904 1285 3967 dixerit,
1311 3905 1390 3959 vel
1421 3908 1549 3977 quid
1597 3908 1772 3977 prima
1806 3908 1981 3977 fronte
2016 3912 2160 3964 solus
2196 3912 2307 3979 ipse
2352 3908 2539 3963 titulus
2580 3906 2870 3977 prwfcrat,
2910 3906 3287 3969 advertamus;
3329 3922 3454 3959 nam
3495 3906 3594 3959 hoc

274 3994 335 4046 in
366 3990 463 4046 illo
489 4008 545 4047 se
571 4004 904 4048 ostensurum
930 4012 1041 4050 esse
1068 3999 1311 4066 promisit
1347 4000 1529 4055 dicens
1559 3998 1773 4072 (Ibid.),
1822 4003 1964 4072 quod
1998 4014 2054 4059 et
2082 4004 2321 4058 adunato
2357 4002 2466 4056 Deo
2508 4000 2686 4056 Verbo
2730 4014 2855 4053 vere
2899 3997 3251 4061 humanitati,
3290 3998 3594 4055 iucoiil‘uste

276 4100 463 4142 tamen
486 4087 805 4143 substantia:
834 4092 1257 4158 permanserint.
1296 4091 1469 4163 thue
1513 4095 1610 4150 hoc
1637 4099 1885 4167 probaret
1920 4100 2139 4170 subjecit
2168 4099 2274 4153 ista
2304 4114 2320 4151 :
2350 4097 2605 4152 Erectum
2638 4104 2722 4151 est
2776 4094 3079 4150 secundum
3121 4090 3214 4146 Dei
3253 4092 3590 4148 voluntatem

274 4182 536 4235 sanctum
567 4176 982 4233 tabernaculum
1017 4194 1116 4249 per
1147 4182 1448 4249 desertum,
1476 4194 1584 4239 etc.

352 4271 678 4342 Quanquam
715 4273 768 4326 in
806 4283 1095 4345 utrumque
1136 4276 1313 4332 locum
1353 4278 1511 4335 facile
1541 4281 1718 4350 potuit
1751 4284 2003 4337 mendmn
2053 4283 2315 4351 irrepere,
2362 4281 2406 4334 si
2446 4279 2604 4334 modo
2656 4278 2878 4334 litteris'
2907 4277 3196 4343 Romanis,
3228 4289 3287 4334 ut
3328 4281 3593 4338 credibile

270 4373 387 4428 est,
414 4378 510 4429 vit,
541 4379 622 4429 st,
651 4380 915 4421 numerus
943 4368 1184 4437 scriptus
1210 4368 1280 4423 sit
1310 4382 1324 4421 :
1358 4372 1536 4439 potuit
1566 4372 1711 4426 enim
1745 4372 1903 4427 facile
1940 4373 2155 4427 detrahi
2194 4373 2246 4427 iu
2294 4388 2402 4425 uno
2444 4371 2585 4436 loco,
2617 4378 2670 4423 et
2714 4370 2769 4423 in
2812 4368 2985 4422 altero
3020 4368 3145 4423 addi
3175 4370 3245 4423 ab
3294 4370 3592 4427 incuriosis

278 4458 521 4514 librariis
556 4457 716 4512 tertia
750 4460 977 4516 vocalis.
1012 4463 1194 4529 Quare
1219 4463 1463 4520 Facundi
1499 4467 1661 4522 lectio
1697 4468 2021 4539 corrigenda
2057 4468 2189 4521 mihi
2221 4468 2457 4533 videtur,
2491 4465 2781 4521 retinenda
2815 4462 3019 4529 Photii,
3058 4465 3361 4520 contractis
3397 4476 3584 4522 tamen

277 4557 336 4611 in
384 4569 550 4609 unum
588 4554 860 4625 capitibus
908 4555 1121 4613 duobus
1172 4560 1238 4617 de
1282 4564 1521 4619 carbone
1570 4566 1657 4620 vel
1706 4566 1861 4621 lilio:
1898 4580 2021 4635 qua:
2079 4565 2329 4633 exempla
2374 4564 2443 4618 ad
2492 4563 2566 4628 id,
2597 4562 2741 4631 quod
2790 4560 2850 4615 in
2900 4558 3061 4615 titulo
3098 4561 3437 4629 propositum
3484 4573 3588 4626 est,

278 4649 622 4718 probandum
651 4649 856 4719 pariter
888 4652 1223 4707 conducunt.

356 4740 422 4793 Et
447 4754 576 4795 vero
606 4754 703 4809 par
724 4752 809 4797 est
838 4746 1081 4810 credere,
1114 4763 1272 4801 suum
1302 4748 1534 4817 singulis
1564 4751 1841 4821 capitibus
1870 4750 2199 4821 inscriptum
2229 4750 2397 4805 fuisse
2426 4758 2818 4819 argumentum
2847 4748 2990 4818 quod
3030 4748 3374 4804 tractandum
3407 4749 3585 4818 foret;

283 4852 394 4890 non
442 4836 571 4892 item
606 4837 658 4891 id
706 4838 1026 4909 contigisse,
1071 4839 1217 4910 quod
1268 4840 1321 4896 in
1360 4840 1517 4897 libris
1561 4844 1724 4899 editis
1778 4844 1993 4915 legitur,
2042 4856 2105 4901 ut
2151 4845 2362 4914 singula
2414 4846 2594 4911 capita
2646 4844 2900 4914 singulis,
2926 4845 3042 4900 sive
3076 4846 3431 4909 testimoniis,
3470 4846 3586 4901 sive

275 4930 548 4998 exemplis
580 4930 904 4987 inconcinne
928 4942 985 4988 et
1015 4932 1299 5004 ἁμεθόδως
1335 4935 1726 4992 tribuerentur.
1764 4937 2084 4994 Mercatoris
2120 4953 2291 5006 porro.
2311 4939 2482 4992 codex
2514 4936 2653 5022 pibil
2696 4936 2995 5007 adiumenti
3037 4935 3292 4992 conferre
3318 4938 3489 4991 valuit
3518 4934 3589 4991 ad

278 5018 608 5075 alterutram
645 5022 961 5092 opinionem
991 5025 1442 5092 confirmandam,
1477 5029 1743 5099 siquidem
1788 5030 1970 5087 titulos
1994 5032 2160 5087 habet
2194 5032 2315 5087 sine
2346 5032 2472 5085 ullis
2500 5018 2763 5085 numeris.

364 5111 535 5181 Igitur
569 5116 782 5169 tametsi
814 5115 1127 5171 distributio
1154 5120 1414 5188 capitum,
1442 5137 1563 5191 quae
1608 5139 1706 5178 usu
1738 5134 1954 5191 recepta
1992 5134 2097 5191 est,
2133 5124 2385 5195 religiose
2410 5124 2677 5179 servanda
2710 5124 2802 5190 sit,
2835 5124 3011 5179 visum
3057 5135 3142 5181 est
3180 5136 3361 5181 tamen
3406 5143 3589 5197 operae

283 5204 525 5273 pretium
561 5204 698 5270 fore,
732 5207 777 5261 si
803 5208 1034 5279 singulis
1065 5212 1339 5280 capitibus
1372 5212 1716 5269 Scholiorum
1752 5215 1928 5271 Photii
1956 5218 2168 5273 numeri
2195 5234 2319 5273 cum
2347 5217 2579 5288 vulgatis
2606 5226 3040 5287 apponerentur,
3065 5227 3125 5274 et
3160 5219 3267 5289 hic,
3294 5222 3590 5292 prepositis

282 5296 625 5368 singulorum
656 5300 896 5369 capitum
926 5317 990 5357 ex
1038 5302 1342 5361 Mercatore
1376 5308 1567 5375 titulis,
1606 5324 1704 5377 per
1735 5312 2010 5381 sytmpsim
2050 5321 2222 5367 totum
2264 5325 2402 5381 opus
2434 5311 2810 5366 exhiberetur.

1102 5446 1289 5517 Cyrilli
1319 5451 1548 5519 episcopi
1586 5452 1926 5509 Alexandria:
1962 5456 2024 5509 de
2065 5454 2433 5510 incarnatione
2463 5451 2749 5523 Unigeniti.

355 5581 542 5639 CAPUT
577 5580 617 5635 l.
650 5582 788 5649 Quid
811 5592 895 5639 est
925 5581 1188 5641 Christus.

355 5679 487 5734 Car.
530 5675 591 5732 11.
636 5677 876 5744 Qualiter
903 5676 1125 5748 intelligi
1162 5681 1357 5736 debeat
1392 5681 1729 5738 Emmanuel.

361 5771 493 5825 Car.
538 5767 623 5822 111.
656 5767 792 5836 Quid
822 5779 905 5824 est
937 5767 1115 5823 Iesus.

367 5864 494 5919 Car.
542 5862 631 5918 ιν.
674 5863 847 5929 Quam
874 5862 941 5933 ob
972 5879 1187 5918 causam
1224 5863 1382 5918 homo
1418 5865 1618 5919 dictum
1649 5864 1717 5921 sit
1749 5865 1843 5920 Dci
1874 5862 2135 5921 Verbum.
