3996 6458
521 396 657 453 I367
1509 398 1569 450 S.
1611 394 1884 452 CVRILLI
1924 394 2391 451 ALEXANDRIN
2429 404 2770 464 Attum-4.

584 514 722 610 Car.
764 512 827 569 ν.
863 514 1032 583 Quam
1064 515 1134 569 ob
1154 528 1373 569 causam
1400 514 1736 569 exinanitum
1767 513 1983 569 dicatur
2012 511 2105 570 Dei
2143 514 2399 571 Verbum.
3386 556 3441 610 δ

587 604 717 661 Car.
764 606 847 660 Vl.
888 607 1169 673 Quomodo
1206 622 1346 662 unus
1389 606 1663 661 Christus.

585 697 715 751 Car.
759 697 863 755 VII.
897 700 1177 766 Quomodo
1200 715 1341 755 unus
1377 699 1713 754 Emmanuel.

589 788 719 843 Cap.
757 788 890 846 VllI.
921 797 1092 859 Quam
1126 807 1248 848 esse
1273 792 1503 848 dicimus
1533 790 1935 845 adunationem.

588 878 718 937 Car.
761 879 852 935 IX.
888 882 1041 950 Quod
1088 884 1446 954 incorporalis
1480 883 1783 936 divinitatis
1826 891 2025 946 corpus
2058 873 2196 927 facta
2227 870 2387 925 fuerit
2417 870 2532 939 ipsa
2571 880 2699 922 caro
2744 865 2949 920 habens
2995 860 3230 917 animam
3270 861 3662 919 ratidnabib-m
3689 884 3703 929 ;
3733 877 3781 921 rt

517 966 679 1041 quod
712 971 758 1026 si
794 988 856 1027 ea
908 990 936 1027 a
988 991 1047 1029 se
1098 978 1338 1030 dividere
1391 973 1737 1035 voluerinms,
1796 969 1977 1037 procul
2023 965 2190 1021 dubio
2240 962 2684 1018 labefactabimus
2727 954 3226 1030 dispensationem,
3283 969 3407 1025 qua
3456 959 3511 1011 iu
3568 962 3783 1016 Christo

519 1062 807 1133 Intelligitu
818 1082 860 1119 r.

590 1155 719 1209 Car.
761 1155 828 1210 Χ.
870 1156 1020 1222 Quod
1050 1155 1287 1210 adunato
1320 1155 1428 1210 Deo
1458 1155 1634 1210 Verbo
1668 1169 1790 1209 vere
1825 1148 2172 1214 humanitati,
2202 1146 2499 1202 inconfusze
2541 1158 2718 1200 tamen
2750 1144 3068 1201 substantia
3094 1149 3525 1213 permanserint.

590 1249 719 1303 Car.
760 1247 855 1305 XI.
891 1250 1064 1316 Quod,
1098 1264 1221 1305 cum
1251 1261 1397 1305 esset
1440 1248 1580 1304 Dens
1633 1248 1890 1308 Verbum,
1929 1243 2101 1298 lactus
2146 1244 2215 1297 sit
2251 1244 2429 1305 homo,
2481 1256 2581 1295 nec
2633 1241 2790 1294 homo
2833 1237 3174 1306 simpliciter,
3216 1239 3355 1294 nuda
3390 1240 3787 1311 conjunctione

522 1344 837 1407 honoratus,
868 1354 1093 1398 vocatus
1120 1346 1190 1398 sit
1217 1346 1284 1399 ad
1318 1359 1496 1412 parem
1524 1343 1840 1413 dignitatem
1871 1340 1959 1393 Dei
1996 1337 2178 1401 Verbi,
2213 1337 2325 1391 sive
2360 1336 2760 1397 auctoritatem,
2797 1334 2937 1389 sicut
2968 1329 3289 1400 quibusdam
3324 1332 3570 1386 videtur.

588 1436 716 1491 Car.
761 1436 876 1491 XII.
909 1439 1064 1505 Quod
1088 1439 1338 1494 Christus
1372 1438 1529 1495 Iesus
1552 1447 1771 1491 vocetur
1796 1437 1957 1490 homo
1989 1433 2163 1488 Iactus
2194 1433 2335 1486 Deus
2371 1430 2631 1486 Verbum.

582 1524 713 1582 Car.
757 1528 897 1585 XIII.
934 1529 1084 1597 Quod
1112 1530 1361 1585 Christus
1385 1546 1489 1584 non
1529 1531 1601 1585 sit
1625 1530 1786 1584 homo
1811 1526 2114 1595 Θεοφόρος,
2151 1540 2248 1577 nec
2281 1524 2599 1592 simpliciter
2638 1524 2690 1576 in
2740 1522 2957 1577 homine
3002 1519 3321 1575 inhabitarit
3356 1518 3451 1573 Dei
3507 1515 3784 1581 Verbum;

520 1619 614 1671 88d
638 1622 806 1690 magis
837 1637 964 1677 caro
994 1624 1065 1676 sit
1088 1623 1317 1689 factum,
1345 1622 1460 1675 sive
1487 1623 1649 1676 homo
1680 1621 1969 1689 perfectus,
1996 1617 2293 1671 secundum
2328 1615 2665 1685 Srripturas.

586 1710 718 1767 Car.
762 1710 896 1765 XIV.
937 1712 1084 1765 Dicta
1120 1712 1434 1781 apostolica,
1462 1711 1513 1764 in
1550 1710 1749 1781 quibus
1784 1708 1922 1761 Deus
1956 1708 2263 1760 nominatus
2295 1705 2364 1757 sit
2400 1704 2669 1759 Christus.

586 1804 715 1856 Car.
760 1801 874 1857 XV.
909 1803 1189 1869 Quomodo
1220 1813 1469 1872 oporteat
1498 1802 1835 1874 intelligere:
1874 1798 2094 1853 Verbum
2135 1813 2257 1852 caro
2307 1796 2506 1865 factum
2553 1806 2649 1860 est,
2688 1804 2737 1849 et
2770 1796 3017 1850 habitarit
3061 1796 3114 1850 in
3162 1796 3359 1850 nobis:
3405 1803 3459 1848 ct
3506 1792 3789 1862 quomodo

516 1894 750 1949 mittitur
782 1893 1015 1949 Verbum
1046 1897 1190 1964 quod
1222 1896 1361 1951 Deus
1395 1904 1517 1961 est;
1546 1894 1813 1965 quomodo
1850 1898 2123 1961 proprium
2162 1890 2327 1957 ipsius
2369 1889 2563 1943 dicitur
2596 1902 2814 1958 corpus.

584 1985 716 2039 Car.
759 1985 900 2041 XVI.
935 1986 1221 2054 Quomodo
1259 1986 1591 2057 intelligatur
1623 1987 1883 2049 Θεοτόκος
1920 1985 2079 2054 Virgo
2113 1994 2319 2037 sancta.

585 2080 715 2133 Car.
756 2077 921 2133 XVII.
960 2080 1112 2145 Quod
1143 2081 1281 2134 Deus
1312 2080 1622 2133 nominetur
1645 2089 1698 2133 et
1734 2081 1914 2140 homo,
1955 2091 2224 2145 apparens
2258 2072 2598 2143 Unigenitus.

585 2170 715 2225 Car.
759 2172 946 2227 XVIII.
986 2172 1059 2226 De
1094 2172 1293 2229 Christi
1325 2172 1596 2239 passione,
1630 2170 1773 2240 quod
1803 2170 1930 2223 utile
1964 2171 2053 2224 sit.
2094 2170 2244 2235 Quod
2287 2168 2581 2223 secundum
2620 2165 2761 2219 aliud
2800 2172 2854 2218 ct
2887 2163 3032 2218 aliud
3082 2162 3149 2217 de
3193 2175 3299 2216 uno
3332 2162 3524 2217 eodem
3558 2162 3783 2229 dicitur,

517 2279 616 2319 nec
644 2266 933 2320 dividimus
970 2266 1019 2319 in
1051 2265 1176 2322 duo.

584 2357 715 2411 Car.
756 2356 900 2413 XIX.
944 2357 1215 2414 Adversus
1250 2356 1372 2414 illos
1401 2359 1497 2429 qui
1534 2357 1707 2418 aiunt,
1738 2356 1879 2425 quod
1920 2354 2030 2409 sola
2066 2352 2326 2408 relatione
2360 2350 2526 2405 Deum
2552 2350 2787 2407 Verbum
2813 2350 3040 2405 deceant
3073 2348 3330 2403 humana.

586 2451 697 2505 Etsi
732 2465 892 2521 porro
921 2450 1159 2519 quinque
1198 2452 1399 2520 capita,
1436 2465 1607 2519 eaque
1649 2450 1878 2519 prolixa,
1907 2461 2025 2517 qua:
2060 2445 2217 2515 vulgo
2259 2445 2535 2509 deliciunt,
2575 2441 2847 2496 Mariauus
2892 2440 3061 2494 codex
3105 2441 3428 2509 suppeditet.
3460 2442 3549 2494 vix
3606 2445 3780 2496 ausim

518 2552 696 2598 tamen
718 2545 1003 2614 spondere,
1029 2545 1326 2599 etiaumum
1353 2545 1623 2612 integrum
1646 2560 1781 2614 opus
1810 2543 1918 2610 edi,
1946 2543 1989 2597 si
2019 2558 2123 2611 qua
2150 2542 2282 2597 lldes
2309 2539 2595 2594 Anastasio
2633 2537 2857 2591 Sinaitre
2890 2552 2903 2589 :
2938 2536 3069 2590 citat
3092 2535 3235 2589 enim
3272 2533 3448 2590 locum
3473 2537 3545 2589 de
3578 2546 3783 2590 statere

516 2651 731 2707 repertu
783 2641 835 2695 in
886 2654 984 2696 ore
1027 2642 1215 2709 piscis,
1242 2643 1333 2711 qui
1376 2658 1482 2696 non
1530 2631 1800 2711 reperitur
1846 2643 1899 2697 in
1960 2639 2217 2705 Scholiis,
2263 2638 2560 2706 cuiusmodi
2610 2650 2751 2689 nunc
2804 2634 3091 2689 habentur;
3160 2631 3264 2687 Sed
3300 2631 3457 2687 valde
3497 2634 3778 2703 suspicor,

516 2734 860 2788 Anastasium
889 2735 1150 2789 memoria
1178 2734 1387 2804 lapsum
1422 2750 1520 2804 pro
1543 2737 1648 2789 alio
1677 2751 1841 2807 opere
1889 2735 2105 2789 Scholia
2154 2735 2439 2804 posuisse:
2486 2746 2659 2800 eoque
2708 2727 3041 2800 probabilior
3088 2726 3323 2795 suspicio
3356 2727 3602 2789 videtur,
3636 2728 3777 2797 quod

516 2822 709 2877 librum
735 2825 932 2895 ὁδηγοῦ
965 2827 1341 2882 recordatione
1369 2827 1548 2896 potius
1577 2842 1739 2897 quam
1766 2827 1997 2882 lectione
2025 2835 2306 2881 auctorum
2344 2840 2402 2879 se
2430 2822 2801 2892 composuisse
2832 2828 3060 2875 testatus
3085 2818 3177 2881 sit,
3209 2827 3536 2887 moneatque
3572 2819 3778 2874 idcirco

515 2916 773 2973 lectorem
800 2922 867 2974 de
891 2921 1345 2991 recognoscendis
1375 2921 1458 2975 vel
1493 2922 1656 2976 etlam
1691 2920 2042 2975 restituendis
2076 2920 2421 2975 testimoniis.

586 3006 884 3066 Ocrasione
932 3028 1093 3082 porro
1126 3012 1491 3079 Scholiorum,
1528 3030 1593 3068 ex
1650 3014 1843 3081 quibus
1895 3014 1993 3065 tria
2056 3013 2362 3067 testimonia
2407 3010 2785 3066 Tbeodoretus
2829 3007 3050 3065 adduxit
3102 3023 3153 3061 tn
3204 3005 3444 3061 secundo
3507 3003 3777 3059 Eranistm

516 3098 747 3168 dialogo,
775 3102 1186 3169 praetermittere
1216 3116 1320 3155 non
1351 3115 1597 3171 possum,
1636 3100 1761 3170 quid
1805 3099 2129 3167 conjecerim
2164 3100 2232 3154 de
2281 3101 2605 3155 testimoniis
2638 3099 2772 3166 illis,
2799 3113 2918 3167 qua:
2960 3097 3012 3151 in
3053 3095 3283 3152 concilio
3334 3094 3773 3151 Chalcedonensi

513 3192 685 3244 sancti
723 3190 918 3245 Leonis
941 3192 1182 3261 epistolae
1206 3192 1491 3262 subjuncta
1527 3200 1654 3247 sunt
1684 3210 1697 3246 :
1732 3207 1795 3247 ea
1822 3207 2017 3260 nempe
2038 3207 2067 3245 a
2104 3191 2448 3246 Theodoreto
2488 3191 2739 3260 adjuncta
2776 3205 2932 3254 esse;
2971 3204 3095 3244 nam
3124 3189 3306 3244 omnia
3340 3188 3564 3242 totidem
3593 3189 3775 3242 verbis

516 3279 569 3333 iu
592 3279 804 3348 dialogo
826 3296 984 3350 quem
1008 3280 1145 3345 dixi,
1177 3280 1450 3349 leguntur,
1484 3280 1735 3349 nullaque
1758 3284 1816 3333 llt
1846 3281 1898 3334 in
1927 3291 2035 3335 tota
2062 3281 2291 3349 epistola
2316 3280 2431 3335 sive
2457 3284 2681 3346 mentio,
2710 3280 2827 3334 sive
2851 3279 3141 3349 promissio
3171 3276 3596 3332 afferendorum.
3625 3279 3773 3332 Adde

513 3372 657 3440 quod
689 3371 1062 3428 Tbeodoretus
1090 3388 1119 3427 a
1148 3372 1405 3434 Facundo
1437 3372 1640 3435 dicitur
1669 3372 1971 3432 asseruisse
1996 3375 2257 3427 adversus
2292 3371 2609 3426 Palaestinos
2650 3381 2704 3426 et
2733 3370 3069 3441 lllyricianos
3097 3368 3454 3425 reclamantes
3484 3368 3771 3437 epistolam

514 3465 731 3531 Leonis,
759 3468 992 3522 adducto
1021 3466 1250 3533 scilicet,
1292 3476 1351 3521 ut
1372 3468 1573 3525 habent
1596 3476 1716 3539 acta
1742 3466 1959 3521 concilii
1988 3466 2453 3521 Chalcedonensis
2475 3505 2490 3530 ,
2518 3466 2859 3530 testimonio,
2895 3464 3037 3533 quod
3069 3464 3212 3518 inter
3236 3462 3523 3532 subiuncta
3554 3463 3769 3534 legitur.

512 3557 631 3612 Non
663 3558 851 3613 fuisset
876 3574 1001 3614 vero
1026 3561 1261 3614 adducto
1292 3574 1448 3628 opus,
1473 3559 1519 3613 si
1545 3559 1657 3629 jam
1679 3560 1919 3629 epistolae
1946 3558 2289 3625 subiunctum
2316 3567 2458 3613 esset
2493 3573 2507 3610 :
2538 3558 2726 3611 fuisset
2756 3558 2899 3611 enim
2940 3556 3125 3626 procul
3150 3555 3314 3611 dubio
3353 3555 3521 3610 simul
3549 3555 3769 3624 lectum,

510 3651 727 3722 aliaque
771 3653 1010 3721 pariter,
1062 3654 1107 3707 si
1151 3654 1312 3707 modo
1366 3654 1545 3723 aliqua
1574 3662 1757 3708 essent
1806 3662 1934 3707 tunc
1983 3653 2259 3722 temporis.
2313 3653 2451 3718 Quid
2494 3652 2635 3721 quod
2688 3667 2715 3704 a
2766 3649 3110 3729 Theodoreto
3158 3658 3251 3703 aut
3281 3658 3431 3703 certe
3470 3648 3541 3703 ab
3578 3650 3646 3705 iis
3683 3649 3768 3719 qui

512 3742 837 3799 Theodoreti
892 3745 1132 3813 partibus
1183 3744 1503 3809 studebant,
1556 3758 1766 3799 versam
1824 3743 1876 3797 in
1934 3756 2238 3798 sermonem
2307 3742 2555 3797 Graecum
2627 3742 2909 3810 epistolam
2967 3741 3239 3811 proditum
3292 3748 3422 3804 est,
3471 3740 3583 3796 imo
3638 3751 3695 3796 et
3738 3754 3769 3796 a

514 3838 846 3893 vertentibus
878 3839 1143 3903 vitiatam,
1175 3841 1316 3909 quod
1347 3850 1681 3909 postremum
1716 3838 1826 3893 Leo
1856 3839 1970 3907 ipse
2003 3840 2250 3905 queritur
2290 3839 2430 3907 apud
2460 3837 2793 3892 Marcianum
2841 3838 3247 3907 imperatorem.
3281 3837 3522 3892 Accedat
3560 3839 3727 3894 etiam
3750 3879 3766 3906 ,

513 3930 654 4002 quod
692 3931 741 3988 in
775 3929 997 3998 epistola
1031 3930 1270 3998 pontifex
1303 3929 1453 3999 plura
1488 3929 1609 3984 lidei
1644 3924 1843 3996 capita,
1878 3941 1984 3980 non
2023 3935 2229 3981 tantum
2262 3929 2524 3983 adversus
2560 3926 2879 3998 Eutycbem,
2910 3928 3002 3982 sed
3030 3927 3191 3981 etiam
3224 3937 3413 3982 contra
3455 3927 3768 3985 Nestorium

512 4036 788 4095 exponat;
822 4039 918 4079 nec
943 4023 1047 4077 alia
1080 4034 1256 4077 tamen
1291 4025 1592 4079 testimonia
1618 4025 1943 4091 subdantur,
1967 4042 2127 4095 quam
2155 4040 2275 4093 quae
2308 4025 2375 4078 ad
2406 4023 2810 4078 distinctionem
2842 4030 3155 4076 naturarum
3183 4025 3538 4079 asserendam
3568 4026 3765 4089 valent,

516 4130 744 4185 quicque
768 4116 820 4169 in
847 4116 1058 4185 dialogo
1090 4116 1181 4185 qui
1218 4116 1414 4170 dicitur
1440 4115 1783 4185 Inconfusus,
1816 4118 2058 4172 adhibita
2090 4118 2300 4173 fuerant
2343 4117 2409 4170 ad
2445 4129 2561 4181 eos,
2589 4114 2679 4184 qui
2728 4112 3070 4191 Theodoreto
3110 4114 3519 4183 Apollinarismi
3556 4119 3770 4174 nomine

517 4209 752 4277 suspecti
789 4219 965 4273 erant,
1007 4208 1399 4273 confutandos;
1439 4223 1545 4263 non
1578 4208 1875 4263 amarentur
1902 4226 2021 4281 qua:
2050 4227 2115 4265 ex
2153 4210 2303 4266 libris
2333 4219 2520 4265 contra
2551 4206 2857 4263 Nestorium
2902 4205 3141 4276 scriptis,
3179 4207 3231 4260 in
3269 4207 3385 4277 ipso
3411 4210 3576 4264 etiam
3607 4210 3768 4266 citato

517 4299 730 4368 dialogo
759 4300 1026 4371 leguntur.

588 4390 785 4456 Quanti
821 4406 948 4447 vero
979 4391 1135 4459 pretii
1171 4391 1243 4446 sit
1265 4389 1578 4459 opusculum
1612 4391 1775 4458 istud,
1803 4394 2076 4448 tcstimare
2114 4392 2237 4447 licet
2270 4391 2351 4447 vel
2383 4393 2508 4447 inde
2533 4393 2789 4458 maxime,
2813 4390 2955 4461 quod
2984 4404 3143 4444 nemo
3183 4389 3293 4444 lere
3321 4392 3766 4462 consequentium

516 4493 891 4553 tractatorum,
922 4489 1011 4557 qui
1043 4487 1363 4542 auctoritate
1394 4487 1577 4557 Cyrilli
1613 4488 1667 4542 in
1707 4490 1964 4558 mysterio
1992 4488 2381 4543 lncarnatiouis
2405 4487 2726 4556 exponendo
2757 4485 2833 4541 uti
2874 4485 3122 4549 voluerit,
3145 4484 3512 4539 testimonium
3546 4485 3763 4555 aliquod

514 4592 581 4632 ex
608 4577 838 4642 Scholiis
864 4594 966 4635 non
990 4579 1300 4649 sumpserit.
1334 4579 1485 4641 Adde
1512 4580 1654 4648 quod
1690 4578 1926 4650 Cyrillus
1950 4579 2067 4648 ipse
2091 4578 2254 4631 videri
2283 4579 2451 4645 possit
2484 4579 2626 4632 hanc
2648 4592 2800 4632 suam
2823 4576 3287 4632 elucubrationem
3331 4577 3765 4636 commendasse.

515 4684 639 4724 cum
671 4672 933 4726 scriberet
966 4672 1185 4741 EuIOgio
1214 4689 1226 4723 :
1254 4671 1651 4741 Complectitur,
1671 4673 1868 4741 inquit,
1898 4672 2031 4724 idem
2060 4671 2191 4725 liber
2217 4670 2311 4725 sub
2347 4670 2507 4738 ﬁnem
2551 4669 2724 4722 breves
2751 4670 3007 4738 quasdam
3042 4669 3106 4722 de
3142 4667 3339 4723 Christi
3382 4669 3766 4737 dispensatione

516 4766 887 4833 expositiones,
908 4780 1097 4835 easque
1120 4764 1363 4831 pulchras
1385 4765 1669 4825 admodum
1693 4774 1739 4817 et
1763 4763 1939 4817 utiles.
1970 4762 2193 4831 Oportet
2228 4762 2371 4815 enim
2414 4760 2784 4829 expositiones
2814 4774 2948 4829 quas
2984 4765 3272 4824 memorat,
3318 4758 3400 4815 vel
3445 4774 3474 4813 a
3508 4758 3767 4825 Scholiis,

520 4856 601 4922 vel
634 4870 662 4909 a
698 4867 1066 4925 consequente
1102 4864 1337 4911 tractatu
1369 4859 1435 4913 de
1465 4856 1843 4913 lncarnatione
1876 4854 2172 4921 Verbi,er
2204 4870 2232 4908 a
2268 4854 2480 4925 dialogo
2511 4852 2796 4922 subjuncto
2828 4868 2935 4908 non
2969 4852 3187 4908 dill'erre
3213 4869 3227 4906 :
3253 4866 3430 4923 neque
3452 4852 3601 4908 enim
3627 4853 3767 4909 aliud

518 4948 790 5017 quidpiam
824 4949 1061 5016 scripsit,
1094 4950 1160 5005 de
1187 4965 1296 5019 quo
1331 4950 1550 5004 dubium
1580 4963 1701 5004 esse
1732 4948 1923 5015 possit.
1957 4946 2026 5000 At
2070 4945 2249 5001 dill'ert
2276 4947 2517 5016 profecto
2548 4960 2575 4997 a
2607 4954 2974 5014 consequente
3009 4952 3241 4999 tractatu
3280 4944 3371 5013 qui
3414 4958 3603 5000 revera
3635 4958 3770 5000 unus

521 5044 735 5110 quidam
783 5060 962 5098 sermo
993 5054 1112 5109 est;
1162 5044 1344 5105 dilI'ert
1378 5045 1538 5103 etiam
1588 5058 1616 5095 a
1662 5043 1871 5111 dialogo
1914 5057 2035 5094 mox
2075 5042 2257 5096 dicto:
2300 5042 2423 5110 quis
2465 5040 2608 5095 enim
2653 5040 2919 5111 dialogum
2971 5039 3239 5103 ἐκθέσεως
3286 5039 3504 5096 nomine
3551 5040 3769 5110 proprio

522 5135 792 5204 appellet?
815 5135 1136 5204 Quanquam
1175 5136 1346 5205 potuit
1374 5137 1621 5205 dialogus
1655 5133 1903 5201 subiungi
1938 5132 2190 5197 Scholiis,
2214 5144 2271 5187 ut
2299 5134 2535 5203 epitome
2574 5133 2818 5201 quaedam
2847 5143 2901 5187 et
2931 5131 3076 5186 velut
3099 5130 3421 5200 ὑπόμνημα.

594 5231 764 5298 Quam
825 5242 1075 5286 accurata
1126 5230 1379 5284 methodo
1442 5230 1513 5294 sit
1560 5230 1968 5296 conscriptum,
2025 5244 2089 5283 ex
2145 5229 2287 5283 serie
2342 5237 2589 5297 apertum
2653 5236 2754 5283 est.
2818 5227 3049 5298 Cyrillus
3106 5241 3134 5279 a
3188 5226 3514 5296 simplicium
3578 5240 3766 5283 vocum

524 5327 973 5394 interpretatione
1008 5340 1235 5380 exorsus
1269 5326 1525 5395 exponit,
1558 5326 1686 5395 quid
1728 5326 1798 5379 sit
1839 5325 2088 5383 Christus
2110 5366 2123 5391 ,
2161 5327 2288 5394 quid
2340 5323 2670 5389 Eunnanuel,
2713 5325 2837 5394 quid
2869 5323 3056 5389 Iesus,
3086 5322 3216 5393 quid
3252 5337 3410 5389 unus,
3453 5323 3585 5393 quid
3618 5324 3764 5381 uuio.

523 5416 646 5473 Mox
684 5422 750 5473 ad
786 5419 1202 5487 propositiones,
1235 5435 1353 5489 qua:
1396 5420 1447 5472 in
1484 5421 1582 5474 hac
1618 5418 1841 5473 materia
1889 5418 2138 5487 usurpari
2174 5419 2369 5481 solent,
2418 5418 2716 5473 orationem
2770 5416 3064 5471 deﬂectens
3116 5416 3389 5481 edisserit,
3420 5430 3524 5485 qua
3564 5418 3769 5471 ratione

520 5509 770 5565 Christus
806 5509 875 5562 sit
925 5525 1084 5574 unus,
1140 5525 1276 5563 unus
1317 5508 1655 5573 Emmanuel,
1700 5524 1839 5564 unus
1872 5508 2053 5575 Iesus,
2104 5512 2153 5563 id
2209 5520 2315 5573 est,
2354 5526 2491 5565 unus
2549 5510 2827 5573 Dominus,
2875 5519 2979 5563 etc.
3026 5508 3161 5563 Tum
3215 5512 3486 5579 quomodo
3534 5511 3767 5569 Verbum

525 5604 735 5653 dicatur
755 5599 1114 5662 exinanitum,
1150 5599 1297 5652 carui
1332 5600 1565 5665 unitum,
1599 5601 1797 5654 factum
1832 5601 2029 5666 homo,
2068 5617 2165 5656 nec
2202 5604 2323 5657 ideo
2362 5612 2537 5655 tamen
2572 5614 2833 5655 mutatum
2859 5642 2873 5666 ,
2911 5612 3003 5655 aut
3036 5603 3316 5657 divinitate
3345 5613 3594 5659 exutum.
3634 5604 3769 5663 Hinc

524 5708 630 5755 quo
658 5702 813 5760 pacto
845 5690 1093 5745 Christus
1129 5708 1231 5744 non
1268 5692 1334 5743 sit
1363 5695 1523 5748 homo
1557 5694 1837 5765 Θεοφόρος,
1869 5705 1960 5748 aut
1996 5696 2215 5750 numine
2247 5695 2479 5760 aIIIatus,
2512 5698 2605 5751 sed
2636 5712 2759 5751 vere
2796 5698 2955 5750 homo
2989 5697 3147 5761 Deus,
3185 5698 3379 5752 deinde
3425 5712 3528 5767 qua
3562 5700 3769 5755 ratione

529 5782 762 5859 Verbum
795 5782 1140 5852 perhibeatur
1173 5784 1222 5837 iu
1271 5786 1423 5840 nobis
1452 5785 1714 5853 habitare,
1748 5792 1813 5845 ad
1855 5804 1952 5844 nos
1996 5789 2154 5857 mitti,
2184 5807 2383 5857 corpus
2422 5792 2621 5845 habere
2674 5790 2966 5859 proprium,
3017 5803 3069 5845 ct
3116 5789 3386 5859 quinnodo
3438 5789 3766 5858 intelligatur
