3996 6488
189 472 340 529 1369
1131 467 1423 526 SCHOLIA
1463 467 1552 524 DE
1591 467 2117 527 lNCARNATlONE
2155 469 2531 530 UNlCENlTl.
3361 466 3500 526 15Ἶο

185 589 467 652 Θιοτόκος
495 586 656 658 Virgo
686 590 898 641 sancta.
945 582 1187 639 Tandem
1233 582 1378 653 quod
1424 580 1747 656 Unigenitus
1781 584 1834 639 in
1877 600 2048 641 carne
2093 585 2290 642 visibili
2326 599 2599 655 apparens
2648 581 2959 643 nominetur
2995 580 3137 637 Deus
3178 588 3234 637 et
3289 581 3493 643 homo:

190 683 477 752 quomodo
516 697 733 752 passus,
760 691 816 735 et
846 680 899 734 in
923 695 1030 751 quo
1060 687 1336 748 postremo
1363 676 1561 733 refellit
1586 693 1683 735 eos
1714 679 1806 747 qui
1839 680 2073 735 humana
2098 696 2208 735 non
2256 680 2361 733 alia
2397 678 2609 734 ratione
2650 677 2816 732 Deum
2851 676 3046 731 decere
3073 681 3286 744 putant,
3324 688 3490 743 quam

194 775 472 833 relatione
502 778 636 832 sola.
681 775 974 841 Craterum,
1012 776 1156 846 quod
1199 773 1314 842 jam
1359 774 1569 840 monui,
1615 774 2058 831 distinctionibus
2109 776 2177 831 ad
2239 775 2592 831 declinandas
2651 772 3112 830 heterodoxorum
3164 769 3502 839 obiectiones

193 867 433 925 utilibus
460 864 671 937 singula
705 863 821 920 fere
852 865 1028 936 capita
1058 863 1220 934 plena
1253 869 1407 919 sunt.

997 1249 1301 1367 ΤΟΥ
1374 1244 1839 1363 ΑΓΙΟΥ
1912 1212 2691 1359 ΚΥΡΙΛΛΟΥ

1781 1486 1941 1540 ΠΕΡΙ

424 1686 666 1770 ΤΗΣ
744 1677 1929 1771 ΕΝΛΝΘΡΩΠΗΣΕΩΣ
2002 1677 2268 1766 ΤΟΥ
2343 1673 3295 1765 ΜΟΝΟΓΕΝΟΥΣ.

1189 1982 1762 2170 ΞΆΝρΤΙ
1886 2035 2540 2164 CYRILLI

597 2292 1106 2389 SCHOLIA
1182 2290 1329 2382 DE
1408 2284 2328 2384 INCARNATIONE
2413 2288 3112 2388 UNIGENITI.

816 2624 1076 2706 XEMA.
1118 2652 1195 2705 A'.

2232 2676 2236 2683 ·
2580 2649 2739 2707 CAP.
2780 2652 2821 2707 l.

688 2768 748 2822 Tt’
783 2767 958 2821 ἐστιν
999 2769 1032 2821 ό
1070 2768 1347 2837 Χριστόςε

290 2882 371 2937 Τδ
404 2881 637 2952 Χριστὸς
677 2881 851 2949 ὄνομα
884 2878 1011 2933 οὔτε
1049 2880 1179 2952 ὅρου
1229 2879 1462 2950 δύναμιν
1490 2879 1639 2951 ἔχει,
1686 2878 1812 2933 οὔτε

214 2975 332 3046 μὴν
370 2976 467 3041 τήν
494 2990 637 3036 τινος
668 2972 874 3035 οὐσίαν,
911 2971 940 3025 ὅ
976 2971 1029 3024 τί
1049 2970 1178 3024 ποτέ
1202 2972 1316 3024 ἐστι
1350 2970 1640 3041 σημαίνειν
1675 2970 1811 3024 καθ-

216 3070 373 3139 άπερ
414 3065 606 3136 ἀμέλει
656 3064 750 3117 καὶ
799 3064 860 3116 τὸ
907 3062 1230 3134 ἄνθρωπος,
1266 3061 1299 3132 ἢ
1349 3063 1554 3126 ἵππος,
1588 3061 1622 3135 ἦ
1660 3061 1810 3132 βοῦς.

212 3160 558 3229 [πράγματος
584 3156 641 3210 δὲ
679 3155 881 3226 μᾶλλον
910 3154 1304 3225 ὲνεργουμένου
1329 3154 1459 3226 περί
1496 3172 1618 3207 τινα
1645 3157 1816 3207 ποιεῖ-

208 3268 310 3306 ται
358 3250 610 3322 δήλωσιν.
648 3248 847 3318 Ἐλαίῳ
879 3246 979 3317 μὲν
1015 3247 1260 3317 ἐχρίοντο
1296 3247 1408 3300 τῶν
1442 3246 1814 3319 ἀρχαιοτέρων

207 3344 386 3409 τινὲς,
423 3341 565 3396 κατά
594 3358 658 3411 γε
693 3340 773 3411 τῷ
798 3339 921 3408 Θιῷ
941 3340 1002 3393 τὸ
1032 3339 1285 3410 τηνικάδε
1308 3340 1522 3393 δοκοῦν.
1556 3340 1668 3394 Καὶ
1690 3339 1814 3393 σύν-

209 3439 379 3509 θημα
407 3434 682 3507 βασιλείας
708 3429 777 3504 ἦν
804 3435 837 3504 ή
862 3434 1044 3504 χρίσις
1080 3432 1283 3496 αὐτοῖς.
1317 3431 1597 3503 Ἐχρίοντο
1634 3432 1690 3486 δὲ
1719 3432 1816 3487 καὶ

210 3534 269 3586 οἱ
318 3528 597 3601 προφῆται
655 3524 863 3596 νοητῶς
904 3524 985 3596 τῷ
1025 3525 1167 3595 ἁγίῳ
1193 3523 1497 3596 Πνεύματι,
1531 3523 1673 3577 ὥστε
1722 3525 1817 3578 καὶ

209 3618 473 3675 ἐντεῦθεν
511 3616 873 3688 ὀνομάζεσθαι
912 3616 1190 3688 χριστούς.
1218 3615 1426 3669 Ψάλλει
1464 3615 1595 3685 γοῦν
1635 3618 1664 3669 ὁ
1708 3632 1815 3686 μα-

213 3713 416 3782 κάριος
452 3708 614 3763 Δαδὶδ
640 3710 704 3762 ὲκ
730 3705 1027 3779 προσώπου
1052 3705 1146 3761 τοῦ
1167 3706 1328 3769 Θεοῦ,
1350 3707 1442 3761 καί
1470 3724 1602 3777 φησι
1626 3724 1640 3737 ο
1676 3724 1694 3757 ι
1726 3706 1817 3777 Μὴ

213 3802 465 3866 amastis
495 3801 606 3855 τῶν
635 3799 872 3871 χριστῶν
904 3816 1028 3868 μου,
1049 3799 1145 3852 καὶ
1176 3800 1233 3852 ὲν
1255 3801 1369 3861 τοῖς
1400 3798 1705 3870 προφήταις
1742 3798 1819 3869 μὴ

215 3894 615 3966 πονηρεύεσθε.
646 3914 664 3946 ι
697 3892 834 3964 Φησὶ
864 3893 926 3952 δὲ.
946 3892 1038 3947 καὶ
1068 3895 1097 3947 ὁ
1134 3895 1425 3964 προφήτης
1468 3893 1817 3964 Ἀσϐακούμ’

2442 2766 2586 2834 Quid
2611 2776 2689 2823 sat
2718 2766 2985 2824 Christus.

1989 2879 2380 2951 77901ιτίειι
2414 2896 2611 2936 nomen
2639 2898 2741 2938 nec
2755 2882 3088 2939 deﬁnitionis
3124 2884 3231 2940 vim
3270 2886 3512 2955 obtinet,

1916 2988 2019 3029 nec
2044 2972 2349 3044 cuiuspiam
2393 2974 2783 3043 substantiam,
2835 2976 3012 3045 qualis
3051 2978 3163 3043 sit,
3206 2978 3516 3048 signiﬁcat.

1916 3064 2060 3119 sicut
2093 3063 2234 3118 forte
2264 3064 2448 3128 homo,
2473 3077 2569 3118 aut
2600 3081 2796 3135 equus,
2823 3075 2917 3120 aut
2946 3068 3042 3122 hos
3066 3084 3082 3133 ;
3108 3068 3203 3123 sed
3243 3068 3318 3125 rei
3346 3069 3519 3139 magis

1916 3168 2038 3223 qua:
2069 3153 2122 3207 in
2161 3154 2346 3223 aliquo
2379 3162 2597 3223 agatur,
2646 3155 2812 3210 habet
2845 3156 3302 3228 signiﬁcationem
3332 3177 3345 3211 :
3398 3159 3519 3215 oleo

1919 3261 2157 3316 namque
2184 3245 2525 3315 ungebantur
2544 3246 2766 3315 quidam
2791 3247 3162 3315 superiorum,
3191 3250 3346 3319 juxta
3370 3254 3517 3321 quod

1918 3338 2030 3394 Deo
2074 3348 2204 3394 tunc
2246 3337 2510 3407 temporis
2544 3336 2814 3408 placebat,
2861 3348 2915 3393 et
2962 3341 3176 3411 signum
3214 3342 3366 3412 regni
3415 3341 3521 3399 illis

1916 3437 2040 3482 erat
2065 3429 2275 3483 unctio.
2322 3426 2683 3497 Ungebantur
2722 3442 2904 3483 autem
2945 3440 2997 3485 et
3027 3433 3307 3501 propheta!
3340 3433 3522 3489 sensi-

1919 3522 2102 3577 biliter
2134 3520 2341 3591 Spiritu
2377 3530 2595 3586 sancto,
2628 3532 2690 3576 ut
2716 3521 2842 3577 inde
2862 3538 3079 3592 quoque
3107 3523 3525 3581 nominarentur

1921 3612 2138 3668 christi.
2188 3614 2430 3683 Denique
2476 3611 2669 3667 beatus
2719 3612 2885 3667 David
2935 3613 3117 3682 psallit
3164 3630 3230 3669 ex
3287 3631 3521 3685 persona

1925 3714 2040 3780 Dei,
2070 3723 2123 3769 et
2156 3714 2232 3767 ait
2266 3728 2280 3763 :
2325 3709 2557 3768 t-Nolite
2592 3722 2819 3782 tangere
2860 3713 3095 3767 cltristos
3147 3728 3333 3777 meos,
3369 3722 3423 3768 et
3468 3714 3521 3766 in

1923 3805 2203 3875 prophetis
2250 3804 2385 3859 meis
2431 3803 2596 3859 nolite
2642 3804 2928 3875 malignari
2960 3804 2998 3859 ⁸.
3051 3822 3070 3857 ι
3116 3804 3206 3860 Ait
3247 3814 3430 3860 autem
3468 3814 3527 3861 et

1924 3897 2187 3965 prapheta
2220 3894 2474 3951 Habacuc
2510 3913 2525 3950 :
2567 3912 2587 3947 t
2629 3894 2800 3951 Existi
2829 3896 2898 3952 ad
2932 3895 3163 3953 salutem
3193 3897 3379 3968 papuli
3414 3898 3524 3963 tui,

223 4009 247 4043 ι
281 3988 537 4059 Ἐξῆλθες
585 3990 664 4051 είς
709 3986 982 4057 σωτηρίαν
1024 3986 1158 4041 λαοῦ
1203 4003 1321 4050 σου,
1351 3985 1447 4040 τοῦ
1495 3986 1667 4041 σῶσαι
1694 3988 1821 4051 τοὺς

1935 4000 1984 4043 ιιι
2010 3989 2254 4045 salvares
2286 3983 2526 4046 christos
2548 3997 2671 4045 tuos
2695 3988 2737 4042 '.
2766 4007 2785 4040 ι

218 4079 485 4153 χριστούς
524 4096 640 4133 σου.
674 4096 694 4130 a

308 4171 437 4225 Ἐπὶ
472 4170 530 4224 δέ
561 4187 623 4239 γε
667 4168 762 4223 τοῦ
804 4168 1022 4224 πάντων
1055 4168 1213 4241 ἡμῶν
1249 4169 1505 4241 Σωτῆρος
1548 4169 1791 4241 Χριστοῦ
1796 4213 1819 4249 θ

218 4265 411 4337 κρίσιν
453 4264 552 4335 μὲν
583 4262 837 4331 γενέσθαι
868 4265 1069 4333 φαμέν.
1118 4262 1262 4333 Πλὴν
1296 4263 1421 4315 οὗτε
1466 4262 1823 4335 συμϐολικὴν,

219 4358 306 4421 ὡς
338 4356 526 4428 ἱλαίῳ,
550 4355 857 4427 ὁρωμένην,
886 4354 1011 4408 οὕτε
1036 4355 1142 4426 μὴν
1190 4354 1288 4427 τὴν
1317 4356 1394 4419 ὡς
1429 4356 1487 4408 ἐν
1541 4356 1726 4429 χάριτι
1758 4360 1826 4430 τῇ

222 4451 547 4521 προφητικῇ
566 4465 579 4477 ·
607 4448 720 4503 ἀλλ’
747 4448 869 4502 οὐδὲ
892 4448 1131 4521 ἐκείνην,
1150 4449 1249 4521 τὴν
1280 4448 1357 4513 ὡς
1392 4449 1454 4503 ἓν
1480 4467 1544 4519 γε
1584 4450 1662 4521 τῷ
1690 4469 1825 4522 προσ

224 4540 573 4613 χωρίζεσθαι
606 4539 905 4612 νοουμένην
932 4541 1068 4613 πρὸς
1100 4541 1442 4613 κατόρθωσιν
1467 4542 1564 4597 τοῦ
1585 4542 1826 4599 τοιούτου

223 4635 320 4689 διὰ
340 4648 484 4698 τινος
520 4632 875 4706 πράγματος·
906 4634 1089 4687 ὁποῖόν
1115 4650 1167 4686 τι
1213 4633 1469 4702 γενέσθαι
1500 4635 1701 4706 φαμὲν,
1733 4636 1830 4691 καὶ

226 4726 327 4780 ἐπὶ
352 4724 536 4797 Κύρου
560 4724 654 4780 τοῦ
674 4724 903 4796 Περσῶν
928 4742 985 4779 τε
1018 4727 1112 4779 καὶ
1142 4727 1341 4799 Μήδων
1359 4725 1827 4798 βεϐασιλευκότος,

226 4818 291 4884 ὃς
349 4818 791 4890 κατεπράτευσε
833 4820 932 4889 τῆς
975 4818 1358 4885 Βαϐυλωνίων,
1417 4820 1830 4892 παραθήγοντος

226 4914 313 4976 εἰς
335 4910 497 4964 τοῦτο
528 4910 693 4966 αὐτὸν
743 4910 840 4964 τοῦ
886 4911 1065 4965 πάντα
1106 4913 1381 4983 ἰσχύοντος
1407 4912 1565 4967 Θεοῦ.
1602 4913 1831 4985 Εἴρηται

227 5004 367 5076 γὰρ.
404 5022 424 5055 t
471 5002 630 5058 Οὕτω
666 5004 815 5073 λέγει
865 5003 1072 5075 Κύριος
1102 5005 1180 5075 τῷ
1216 5006 1425 5078 χριστῷ
1482 5025 1584 5077 μου
1626 5007 1829 5079 Κύρῳ,

228 5091 294 5150 οὗ
332 5093 613 5164 ἐκράτησα
648 5093 748 5163 τῆς
794 5093 995 5159 δεξιᾶς.
1033 5112 1050 5146 ι
1093 5096 1289 5150 Καίτοι
1326 5113 1391 5164 γε
1440 5097 1833 5170 εἰδωλολάτρης

233 5187 502 5258 ὑπάρχων
522 5186 684 5257 ἀνὴρ,
718 5186 1034 5257 ὠνόμασται
1071 5188 1312 5257 χριστὸς,
1347 5189 1436 5243 διὰ
1459 5189 1518 5243 τὸ
1541 5191 1705 5243 οἱονεὶ
1738 5208 1823 5243 κε-

232 5277 461 5349 χρῐσθαι
522 5278 658 5349 πρὸς
703 5276 927 5348 βασιλέα
953 5280 1019 5349 τῇ
1056 5279 1263 5333 ἄνωθεν
1306 5280 1503 5351 ψήφιεγ
1539 5283 1831 5353 προκεχεί-

1998 4172 2054 4229 ln
2090 4174 2310 4229 Christo
2340 4181 2525 4229 autem
2575 4171 2823 4227 omnium
2876 4171 3162 4229 Salvatore
3212 4171 3526 4228 unctionem

1928 4264 2148 4336 quidem
2176 4265 2375 4320 tactam
2406 4278 2529 4319 esse
2558 4262 2791 4319 dicimus
2817 4281 2831 4319 :
2865 4272 3125 4320 caterum
3170 4277 3347 4335 neque
3378 4277 3531 4334 syra--

1929 4358 2186 4423 bolicam,
2211 4357 2366 4427 quasi
2381 4357 2511 4412 'oleo
2543 4356 2767 4422 factam,
2797 4371 2898 4411 nec
2924 4356 3087 4427 quasi
3118 4354 3173 4411 in
3202 4356 3375 4427 gratia
3407 4370 3532 4425 pro-

1928 4452 2146 4523 phetica
2170 4468 2185 4518 ;
2213 4452 2308 4506 sed
2343 4464 2444 4506 nec
2477 4448 2650 4516 illam,
2677 4463 2798 4520 qua:
2822 4449 3146 4522 intelligitur
3171 4449 3288 4506 ﬁeri
3313 4450 3381 4504 ad
3407 4466 3530 4519 per-

1932 4546 2222 4601 t'ectionem
2258 4543 2489 4613 alicujus
2522 4542 2833 4613 huiusmodi
2881 4544 3118 4616 negotii,
3178 4545 3393 4615 qualem
3446 4543 3530 4598 fa-

1932 4651 2081 4696 ctam
2118 4653 2241 4695 esse
2261 4638 2496 4695 dicimus
2535 4638 2591 4693 in
2638 4636 2781 4709 Cyro
2811 4636 3106 4694 Persarum
3156 4646 3213 4693 et
3254 4636 3531 4692 Medorum

1934 4745 2081 4802 rege.
2110 4722 2315 4786 Contra
2348 4728 2681 4799 Babylonios
2710 4729 2858 4785 enim
2897 4728 2988 4785 ille
3027 4730 3181 4785 duxit
3207 4728 3533 4788 exercitum.

1933 4822 2231 4893 instigante
2256 4824 2437 4892 ipsum
2462 4822 2515 4876 in
2544 4818 2595 4876 id
2624 4820 2735 4877 Deo
2762 4822 3162 4892 omnipotente.
3203 4820 3413 4877 Dictum
3452 4830 3539 4875 est

1934 4914 2123 4972 enim:
2180 4932 2198 4965 ι
2239 4912 2367 4969 llaec
2418 4913 2554 4969 dicit
2605 4912 2869 4968 Dominus
2918 4913 3131 4968 christo
3186 4927 3305 4967 meo
3355 4911 3534 4984 Cyro,

1937 5006 2096 5077 cujus
2121 5008 2453 5078 apprehendi
2481 5008 2763 5062 dexteram
2789 5007 2831 5062 ³.
2874 5026 2892 5059 ι
2938 5007 3106 5079 Atqui
3146 5006 3236 5062 ille
3276 5008 3376 5069 vir,
3410 5023 3536 5061 cum

1937 5108 2085 5156 esset
2122 5100 2389 5155 idolorum
2424 5101 2622 5165 cultor,
2651 5100 2970 5156 nominatus
2998 5110 3084 5155 est
3117 5100 3382 5166 christus,
3417 5100 3538 5155 ideo

1938 5195 2080 5263 quod
2120 5195 2276 5263 quasi
2314 5204 2513 5250 unctus
2543 5202 2629 5249 est
2655 5194 2708 5248 in
2735 5208 2983 5264 regnum,
3014 5193 3227 5261 ccelesti
3257 5193 3535 5263 suffragio,

1940 5298 1995 5341 et
2032 5287 2319 5342 ordinatus
2364 5298 2446 5344 est
2484 5302 2515 5341 a
2562 5285 2672 5343 Deo
2710 5294 2769 5341 ut
2810 5284 3139 5342 Bahvlonem
3190 5287 3539 5341 vehementer

233 5370 420 5443 ρισταί
449 5388 508 5425 τε
539 5372 689 5441 παρὰ
708 5370 844 5425 Θεοῦ
869 5372 1010 5426 κατὰ
1041 5372 1239 5444 κράτος
1276 5375 1501 5445 αἱρῆσαι
1526 5375 1625 5447 τὴν
1658 5376 1822 5430 Βαϐυ·

1942 5389 2303 5451 expugnaret.

232 5482 294 5516 1ου
301 5481 346 5514 ιν
354 5480 447 5515 ιων
456 5504 469 5517 ο

314 5553 532 5607 Ἐκεῖνο
580 5551 637 5606 δὲ
700 5553 959 5621 μᾶλλον..
990 5595 1003 5609 .
1050 5554 1269 5625 Ἐπε;δὴ
1319 5556 1456 5627 γὰρ.
1497 5558 1585 5613 διὰ
1640 5560 1734 5630 τὴν
1772 5562 1828 5612 ἐν

249 5643 429 5713 Ἀδὰμ
474 5640 829 5715 παρὰὅασιν,
910 5646 1266 5715 βεϐασίλευκε
1328 5650 1469 5703 κατὰ
1535 5650 1828 5722 πάντωνή

234 5736 510 5808 ἁμαρτία,
544 5737 764 5807 ὰπέπτη
794 5739 849 5792 δὲ
870 5739 927 5792 τὸ
950 5739 1172 5810 Πνεῦμα
1207 5740 1267 5793 τὸ
1300 5743 1479 5810 ἅγιον·
1510 5746 1603 5797 καὶ
1638 5747 1830 5814 γέγονε

315 5914 479 5971 tl‘sal
525 5932 631 5984 ειν,
664 5917 744 5973 ιδ.
824 5921 841 5951 ²
873 5918 1069 5975 llabnr.
1101 5935 1185 5990 ιιι,
1213 5922 1459 5994 l5,ju.\t.i
1488 5923 1647 5977 L\X.

1732 5924 1746 5945 ’
1773 5922 1873 5983 ιω.
1912 5940 2031 5989 ην,
2065 5925 2109 5979 l.

2013 5557 2150 5614 Illud
2174 5567 2355 5614 autem
2382 5558 2555 5628 magis
2588 5557 2656 5613 de
2682 5557 2925 5615 Christo.
2958 5559 3223 5627 Quoniam
3247 5559 3391 5616 enim
3420 5576 3541 5629 pro-

1942 5662 2064 5720 pter
2093 5652 2225 5707 Adae
2263 5650 2769 5722 pravaricationem
2801 5652 2822 5684 ⁵
2857 5661 3186 5724 regnaverat
3219 5668 3382 5723 supra
3415 5669 3537 5708 om-

1942 5760 2038 5800 nes
2077 5754 2389 5815 peccatum,
2420 5751 2477 5800 et
2502 5742 2742 5815 Spiritus
2776 5745 2842 5801 ab
2889 5745 3224 5802 humanitate
3267 5745 3538 5803 discesseo

2190 5926 2203 5953 "
2243 5921 2399 5981 Rom.
2429 5941 2482 5994 ν,
2513 5924 2597 5981 Η.
