3996 6458
534 422 667 479 1371

1503 421 1564 479 S.
1600 418 1870 477 CYBILLI
1906 412 2374 474 ALEXANDRINI
2411 410 2728 470 ARCHIEP.

3661 405 3789 464 1372

536 550 622 596 rat
645 540 689 601 ',
723 539 795 595 ob
840 552 1068 608 umque
1115 551 1338 593 causam
1396 539 1451 593 in
1503 539 1662 595 malls
1714 538 1970 594 omnibus
2018 512 2099 589 ills

2210 531 2416 602 ταύτης
2443 530 2605 584 ῑνεκα
2623 528 2725 600 τῆς
2751 526 2929 590 αίτίας
2946 524 3006 579 tv
3026 524 3188 580 παντὶ
3212 524 3393 597 κακῷδ
3417 523 3522 577 ἔδει
3550 523 3608 577 δὲ
3644 525 3792 579 πάλιν

538 632 890 695 versabalur;
936 642 1071 698 opus
1107 639 1290 684 autem
1322 638 1441 685 erat
1490 641 1549 685 ut
1590 645 1832 694 rursum,
1872 645 1966 699 per
2012 628 2105 683 Dei

538 720 970 775 misericordiam
1002 720 1054 773 in
1078 719 1364 789 pristinum
1395 730 1664 785 revocata,
1696 720 1957 791 Spiritum
1992 735 2106 773 me-

539 822 748 865 reretur
775 830 787 865 :
816 812 977 864 homo
1000 809 1201 863 factum
1237 819 1320 866 est
1346 812 1677 879 unigenitum
1726 812 1819 867 Dei
1848 812 2106 879 Verbum,

537 914 590 956 et
638 918 760 955 cum
813 912 1029 956 terreno
1080 915 1308 970 corpore
1367 904 1597 958 terrenis
1648 905 1917 972 apparuit.
1986 904 2109 960 Fuit

535 994 697 1046 etiam
737 994 963 1047 liberum
1008 1008 1039 1046 a
1079 1004 1322 1062 peccato,
1360 1002 1421 1047 ut
1456 1003 1512 1049 et
1561 994 1615 1048 in
1660 996 1797 1062 ipso,
1849 1004 1903 1050 et
1948 996 2003 1049 in
2043 1012 2109 1051 eo

536 1083 672 1148 solo,
707 1084 1027 1137 innocentiae
1052 1083 1295 1138 laudibus
1338 1092 1529 1138 natura
1558 1084 1790 1140 hominis
1816 1096 2105 1154 coronata,

537 1175 742 1242 Spiritu
794 1185 979 1229 sancto
1027 1174 1324 1243 ditaretur,
1366 1191 1433 1231 ac
1483 1177 1563 1231 sic
1618 1174 2010 1233 relormaretur
2039 1178 2107 1233 ad

536 1262 704 1316 Deum
756 1278 852 1331 per
910 1264 1413 1320 sanctiﬁcationem.
1477 1266 1643 1337 780
1690 1266 1907 1323 Transit
1962 1269 2106 1325 enim

533 1355 599 1409 ad
645 1373 740 1410 nos
774 1372 987 1426 quoque
1022 1358 1191 1425 gratia
1246 1368 1422 1428 ctepta
1458 1377 1488 1413 a
1536 1360 1771 1427 Christo,
1806 1362 1896 1431 qui
1931 1372 2016 1417 est
2054 1364 2106 1416 in

534 1448 687 1500 nobis
728 1448 1148 1517 prinmgenitus;
1200 1451 1360 1519 idque
1407 1466 1505 1505 nos
1535 1451 1734 1507 docens
1773 1453 1963 1508 beatus
2006 1453 2111 1506 Da-

530 1538 617 1589 vid
650 1538 823 1604 psallit
872 1540 937 1592 ad
966 1538 1159 1592 Filium
1192 1558 1204 1593 :
1244 1557 1264 1591 ε
1300 1541 1541 1596 Dilexisti
1564 1541 1827 1608 justitiam
1867 1552 1920 1597 et
1946 1544 2107 1598 odisti

530 1629 896 1698 iniquitatem,
934 1632 1052 1685 ideo
1099 1633 1252 1687 unxit
1287 1641 1337 1688 te
1359 1633 1517 1687 'Deus
1544 1633 1686 1688 Deus
1714 1642 1835 1687 tuus
1864 1632 1982 1689 oleo
2011 1634 2106 1690 la:-

533 1721 667 1775 titiae
696 1723 735 1775 ⁸.
777 1739 794 1772 ι

606 1812 807 1867 Unctus
829 1824 912 1868 est
935 1815 1098 1884 igitur
1116 1814 1363 1884 exemplo
1386 1826 1570 1871 nostro
1592 1815 1761 1873 Filius
1785 1819 2105 1874 innocentiae

2210 624 2347 694 ἐλέῳ
2368 622 2528 687 Θεοῦ,
2549 621 2684 694 πρὸς
2704 620 2840 675 τὺῒν
2861 620 3055 691 ἀρχαῖς
3074 618 3479 672 ἀναϐαίνουσαν
3500 617 3793 688 ἀξιωθῆναι

2208 716 2305 770 τοῦ
2332 715 2650 786 Πνεῦματος
2666 732 2681 747 ·
2711 711 3139 786 ἱνηνθρὼπησεν
3164 714 3193 766 6
3216 711 3515 783 μονογενὴς
3542 708 3643 763 τοῦ
3664 709 3790 763 Θεοῦ

2208 808 2398 876 Λόγος.
2430 807 2607 878 Ὠφθη
2638 823 2698 859 τε
2727 807 2841 870 τοῖς
2869 804 2967 859 ἰπὶ
2992 804 3095 874 γῆς
3117 804 3257 875 μετά
3287 804 3482 881 γητγου
3520 802 3789 872 σώματος,

2210 894 2327 952 εἶτα
2354 899 2581 968 γέγονεν
2606 897 2881 971 ἁμαρτίας
2909 895 3216 968 ιλεὺθερος,
3238 896 3326 949 ἴνα
3354 896 3414 949 ὲν
3439 893 3592 964 αὒτῷ
3619 911 3678 947 τε
3703 894 3792 947 καὶ

2212 993 2357 1063 μόνῳ
2372 994 2483 1056 τοίς
2500 993 2597 1063 τῆς
2614 990 2961 1061 ἀμαρτησίας
2981 990 3285 1059 αὐχήμασι,
3314 990 3348 1058 ἡ
3374 986 3671 1057 ἀνθρώπου
3696 986 3793 1052 φύ-

2210 1099 2293 1147 σις
2326 1084 2737 1155 στεφανουμένη
2753 1080 3175 1152 καταπλουτήσῃ
3198 1079 3257 1133 τὸ
3277 1079 3507 1150 Πνεῦμα
3533 1078 3595 1131 τὺ
3620 1079 3791 1147 ἅγιον·

2209 1175 2633 1248 ἀναμορφωθείη
2669 1193 2729 1229 τε
2758 1174 2900 1229 οὕτω
2929 1173 3067 1245 πρὸς
3085 1173 3219 1226 θεὸν
3250 1172 3318 1225 δι’
3350 1170 3652 1240 ἀγιασμοῦ.
3676 1175 3799 1223 Δια-

2208 1267 2381 1322 δαίνει
2412 1267 2469 1321 δὲ
2497 1266 2642 1320 οὕτω
2672 1267 2767 1321 καὶ
2796 1268 2877 1331 είς
2904 1266 3051 1337 ἡμᾶς
3075 1265 3109 1334 ἡ
3134 1264 3319 1334 χάρις,
3346 1263 3524 1335 ἀρχὴν
3551 1261 3798 1314 λαϐοῦσα

2208 1358 2443 1429 Χριστὸν
2472 1358 2564 1411 τὸν
2598 1359 2657 1410 ἑν
2684 1361 2716 1427 ἠ
2726 1360 2817 1428 μίν
2860 1356 3229 1428 πρωτότοκον.
3256 1355 3369 1416 Καὶ
3414 1352 3504 1406 διὰ
3532 1352 3697 1406 τοῦτο
3724 1352 3801 1404 δι-

2208 1448 2419 1503 δάσκων
2436 1450 2583 1519 ἡμᾶς
2606 1451 2634 1502 6
2662 1448 2932 1519 μακάριος
2952 1446 3147 1517 ψάλλει
3177 1444 3344 1497 Δαὸὶδ
3367 1444 3504 1513 πρὸς
3524 1444 3619 1496 τὸν
3647 1443 3796 1495 Υίόν’

2214 1560 2233 1593 ο
2269 1542 2594 1612 Ἠγάπησας
2616 1538 2987 1608 δικαιοσύνην,
3017 1538 3114 1591 καὶ
3148 1537 3419 1606 ἐμίσησας
3443 1534 3686 1596 ἀδικίαν,
3711 1534 3801 1587 διὰ

2206 1634 2368 1685 τοῦτο
2413 1632 2599 1704 ἔχρισὲ
2632 1648 2691 1684 σε
2736 1632 2765 1685 6
2798 1628 2931 1694 Θεὸς
2960 1630 2989 1683 6
3020 1628 3154 1691 Θεός
3192 1644 3286 1680 σου
3317 1626 3498 1680 ἔλαιον
3527 1626 3798 1693 ἀγαλλιά-

2359 1762 2369 1774 .
2407 1742 2427 1775 ι

2209 1742 2580 1885 “tantum
2620 1812 2805 1865 τοίνυν
2845 1811 2971 1865 καθ’
3000 1812 3149 1882 ἡμᾶς
3194 1810 3558 1879 ἀνθρωπίνως
3594 1812 3622 1862 6
3670 1808 3801 1871 Υἱὸς

528 1902 797 1968 laudibus,
837 1914 910 1968 et,
946 1916 1005 1959 ut
1042 1915 1167 1961 ante
1211 1904 1343 1970 dixi,
1392 1906 1444 1960 in
1481 1907 1595 1975 ipso
1635 1916 1828 1964 natura
1870 1910 2099 1968 hominis

2207 1910 2319 1970 τοῖς
2348 1910 2449 1978 τῆς
2477 1904 2897 1977 ἀναμαρτησίας
2937 1903 3207 1966 ἐπαίνοις,
3233 1902 3311 1964 ὡς
3346 1901 3562 1971 ἔφημεν
3583 1917 3597 1930 ⁸
3644 1902 3803 1953 ἐκλε-

526 1992 813 2058 illustrata,
840 2004 892 2050 et
934 1996 1089 2065 digna
1116 1996 1229 2066 jam
1273 1997 1458 2052 sortiri
1500 1996 1767 2068 Spiritum
1814 2010 2061 2055 sanctum
2086 2042 2104 2069 ,

523 2083 634 2153 jam
669 2099 773 2137 non
814 2085 1207 2151 discessurum,
1247 2087 1388 2143 sicut
1432 2099 1615 2156 antea,
1656 2092 1749 2145 sed
1787 2107 2104 2149 mansurum

527 2176 701 2243 magis
726 2175 777 2227 in
804 2176 936 2244 ipsa.
964 2176 1203 2249 ideoque
1218 2178 1484 2249 scriptum
1512 2191 1614 2247 est,
1648 2182 1791 2250 quod
1825 2201 1845 2234 ε
1879 2184 2107 2239 descen-

526 2271 612 2319 utr
648 2268 697 2319 in
738 2283 858 2321 eum
917 2268 1188 2337 Spiritus,
1224 2279 1277 2325 et
1332 2272 1533 2325 mansit
1585 2286 1749 2342 super
1794 2274 1965 2344 ipsum
1998 2276 2042 2331 ⁷.
2075 2294 2097 2330 ι

524 2354 737 2411 Dicitur
786 2373 917 2429 ergo
968 2358 1218 2415 Christus
1264 2362 1359 2417 Dei
1418 2360 1676 2430 Verbum,
1707 2368 1848 2435 quod
1883 2376 2102 2438 propter

520 2462 623 2503 nos
657 2457 710 2503 et
740 2450 908 2505 nostri
951 2450 1147 2507 similis
1194 2452 1357 2508 homo
1383 2461 1468 2507 est
1503 2454 1733 2520 factum,
1769 2464 1825 2511 et
1855 2458 1908 2512 in
1952 2461 2098 2515 servi

521 2536 697 2590 forma
730 2556 743 2591 :
777 2548 829 2592 et
864 2538 1080 2608 ungitur
1110 2541 1330 2610 quidem
1361 2541 1617 2608 humane,
1652 2542 1947 2598 secundum
1976 2561 2101 2599 car-

521 2641 684 2692 nem;
716 2629 866 2699 ungit
908 2640 1088 2686 autem
1134 2631 1314 2688 divine
1364 2648 1464 2688 suo
1520 2632 1728 2705 Spiritu
1771 2649 1866 2693 eos
1903 2638 1996 2708 qui
2042 2639 2097 2695 in

519 2718 698 2788 ipsum
730 2721 981 2778 credunt.

1178 2904 1334 2962 CAP.
1374 2904 1442 2961 ll.

766 3035 1007 3103 Qualiter
1034 3039 1259 3110 intelligi
1290 3038 1472 3094 debeat
1507 3039 1845 3097 Emmanuel.

590 3171 903 3227 Emmanuel
925 3174 1236 3229 nominatur
1259 3173 1400 3230 Deus
1422 3173 1679 3241 Verbum,
1742 3176 1884 3247 quod
1919 3178 2093 3235 Abra-

519 3266 600 3320 hae
632 3272 817 3320 semen
855 3267 1231 3335 apprehendit,
1266 3275 1320 3321 ot
1350 3266 1600 3322 similiter
1639 3283 1704 3323 ac
1734 3284 1834 3325 nos
1861 3272 2087 3340 partici-

514 3359 661 3425 pavit
685 3358 835 3413 carni
860 3367 915 3413 et
936 3359 1184 3430 sanguini
1211 3359 1253 3413 '.
1306 3356 1699 3429 interpretatur
1762 3372 1943 3419 autem
1971 3366 2096 3421 Em-

514 3449 752 3512 manuel,
790 3448 1056 3502 no“scum
1098 3449 1255 3504 Deus.
1298 3450 1635 3505 Conlitemur
1676 3462 1856 3508 autem
1908 3456 2096 3511 nobis-

513 3556 637 3593 eum
673 3540 839 3596 fuisse
873 3542 979 3596 Dei
1000 3541 1251 3606 Verbum,
1309 3556 1415 3596 non
1443 3543 1723 3598 localiter:
1751 3545 1803 3599 in
1829 3562 1936 3618 quo
1954 3548 2098 3603 enim

512 3633 633 3687 loco
681 3650 785 3687 non
823 3643 908 3689 est
952 3634 1123 3699 Deus,
1166 3634 1255 3702 qui
1314 3633 1501 3704 implet
1537 3637 1757 3690 omnia?
1802 3636 1912 3693 Nec
1958 3641 2100 3709 quod

512 3725 705 3779 adesse
729 3725 886 3780 nobis
907 3724 1245 3794 conspicitur
1276 3725 1463 3779 auxilii
1506 3727 1750 3793 ratione;
1787 3728 1988 3783 dictum
2017 3740 2100 3787 est

513 3814 659 3868 enim
689 3814 793 3868 hoc
830 3813 988 3869 modo
1017 3815 1089 3867 ad
1116 3811 1297 3869 Iesum
1344 3812 1513 3868 illium
1554 3814 1738 3871 Nave:
1787 3836 1805 3869 ι
1859 3819 1925 3873 Et
1959 3821 2100 3877 sicut

513 3921 663 3958 erant
706 3920 825 3959 cum
877 3903 1080 3976 Moyse,
1128 3906 1200 3960 ita
1244 3921 1339 3961 ero
1379 3917 1436 3961 ct
1470 3918 1647 3964 tecum
1672 3909 1714 3961 ’ἱ
1752 3928 1772 3961 ›
1822 3910 1925 3965 Sed
1957 3914 2099 3981 quod

513 3996 717 4052 factum
747 4010 832 4053 est
871 4000 923 4052 in
975 4000 1199 4064 nostris,
1240 3999 1291 4053 id
1326 4009 1434 4063 est,
1485 4002 1539 4054 in
1596 4001 1955 4070 humanitate,
1993 4020 2097 4059 non

513 4089 771 4144 derelicta
807 4105 901 4143 sua
935 4099 1126 4144 natura
1161 4104 1176 4143 :
1228 4090 1644 4148 inconvertlblle
1688 4102 1774 4149 est
1817 4096 1960 4150 enim
1998 4112 2099 4151 na-

516 4192 636 4236 tura
671 4181 762 4236 Dei
797 4182 1055 4237 Verbum.

587 4274 858 4329 Caeterum
894 4290 1058 4344 quam
1089 4277 1158 4332 ob
1183 4290 1422 4340 causam,
1460 4290 1583 4331 cum
1612 4276 1769 4347 plane
1794 4279 2007 4333 dicatur
2033 4279 2098 4333 ad

512 4362 695 4418 Jesum
738 4363 905 4418 lilium
935 4364 1106 4430 Nave,
1135 4368 1278 4436 quod
1308 4381 1330 4417 ε
1363 4366 1505 4423 sicut
1532 4383 1681 4422 eram
1724 4384 1846 4422 cum
1887 4368 2087 4440 Moyse,

513 4456 596 4510 sic
622 4469 716 4509 ero
741 4465 949 4521 tecum,
985 4474 1004 4508 ι
1036 4472 1150 4512 non
1193 4465 1277 4513 est
1318 4468 1495 4514 tamen
1534 4459 1843 4515 nominatus
1885 4460 2100 4515 Emma-

514 4548 677 4603 nuel?
711 4547 826 4617 Ipsa
863 4558 1042 4603 autem
1081 4550 1222 4604 ratio
1248 4559 1327 4605 est
1358 4565 1373 4603 :
1418 4552 1522 4606 etsi
1562 4552 1707 4606 enim
1744 4568 1868 4606 cum
1916 4554 2097 4623 aliquo

512 4649 824 4695 sanctorum
856 4640 1020 4695 fuisse
1047 4641 1291 4706 dicatur;
1328 4657 1433 4696 non
1480 4652 1660 4697 tamen
1698 4644 1979 4700 nobiscum
2016 4644 2095 4697 fa-

511 4742 659 4785 ctum
690 4747 810 4788 esse
840 4734 1069 4788 dicimus
1106 4733 1275 4788 Deum
1314 4732 1574 4796 Verbum,
1608 4733 1710 4789 nisi
1741 4750 1805 4789 eo
1856 4744 2097 4803 tempore

490 4838 621 4891 quo
648 4822 802 4891 juxta
843 4825 982 4891 quod
1014 4823 1143 4878 dicit
1189 4822 1396 4877 Barueh
1420 4864 1435 4890 ,
1474 4842 1493 4874 ε
1534 4824 1584 4877 in
1630 4832 1774 4879 terra
1804 4823 1949 4878 visus
1979 4834 2092 4889 est,

510 4920 567 4965 et
600 4913 737 4965 inter
767 4913 1014 4967 homines
1067 4923 1423 4967 conversatus
1466 4921 1570 4977 est,
1596 4922 1657 4967 et
1689 4929 1906 4967 omnem
1952 4914 2092 4967 viam

513 5003 795 5058 inveniens
819 5004 1140 5075 disciplinae,
1173 5012 1228 5058 et
1258 5005 1393 5060 dans
1417 5019 1535 5059 eam
1564 5003 1730 5059 lacob
1764 5020 1930 5073 puero
1968 5020 2091 5069 suo,

512 5106 565 5150 et
590 5094 752 5150 Israel
775 5096 972 5151 dilecto
996 5113 1024 5151 a
1065 5112 1125 5152 se
1156 5112 1171 5149 :
1208 5096 1321 5166 ipse
1348 5104 1431 5151 est
1456 5095 1602 5150 enim
1639 5096 1778 5151 Deus
1807 5106 2009 5162 noster,
2041 5106 2096 5151 et

512 5202 617 5241 non
650 5190 1047 5255 comparabitur
1068 5190 1207 5243 alius
1231 5190 1299 5244 ad
1318 5204 1440 5244 eum
1470 5191 1533 5243 ¹⁰.
1574 5208 1593 5240 ›

584 5280 851 5344 Quantum
890 5283 1031 5334 enim
1076 5282 1141 5336 ad
1172 5281 1263 5336 Dei
1414 5282 1576 5334 Ὅσον
1610 5282 1709 5349 μὲν
1738 5283 1845 5352 γὰρ
1868 5274 2000 5351 ἧκεν
2016 5282 2095 5345 είς

512 5381 755 5423 naturam
809 5374 1063 5441 pertinet,
1130 5389 1263 5428 non-
1338 5374 1399 5427 τὸ
1427 5371 1565 5428 εἶναι
1586 5376 1720 5440 Θεὸς
1740 5377 1881 5431 κατὰ
1913 5376 2093 5445 φύσιν,

512 5463 636 5515 dum
662 5465 1105 5532 eratnobiscum;
1133 5466 1266 5519 mul-
1338 5468 1439 5520 οὐκ
1478 5463 1548 5539 ἦν
1578 5469 1695 5540 μεθ’
1722 5469 1901 5541 ἡμῶν·
1933 5470 2095 5539 daily.

2209 1997 2657 2071 λαμπρυμμένης
2684 1998 2745 2050 ὲν
2790 1995 2940 2067 αὐτῷ
2971 1996 3072 2066 τῆς
3096 1994 3191 2047 τοῦ
3231 1994 3523 2065 ἀνθρώπου
3554 1994 3799 2063 φύσεως,

2204 2093 2363 2158 ἀξίας
2399 2109 2459 2145 τε
2490 2091 2591 2161 ἤδη
2626 2088 2932 2159 γενομένης
2956 2087 3050 2140 τοῦ
3098 2087 3301 2158 χρῆναι
3344 2088 3646 2158 μετασχεῖν
3702 2086 3802 2139 τοῦ

2204 2187 2362 2255 ἁγίου
2415 2182 2735 2253 Πνεύματος
2756 2198 2770 2211 ·
2804 2182 2906 2235 οὐκ
2952 2181 3362 2249 ἀποφοιτῶντος
3395 2180 3477 2233 ἔτι
3509 2180 3659 2233 καθά
3705 2180 3804 2233 καὶ

2201 2278 2261 2330 ἐν
2294 2276 2537 2349 ἀρχαῖς,
2563 2272 3072 2346 ἱμφιλοχωροῦντος
3102 2274 3158 2327 δὲ
3205 2272 3408 2344 μᾶλλον
3452 2274 3617 2345 αὐτῇ.
3653 2274 3802 2327 Ταύ-

2199 2382 2351 2440 τῃτοι
2376 2366 2472 2419 καὶ
2500 2364 2834 2435 γέγραπται,
2868 2363 2951 2415 ὅτι
2976 2378 2996 2413 ‹
3026 2361 3294 2431 Κατέπτη
3328 2360 3429 2430 μὲν
3458 2361 3552 2413 ἐπὶ
3575 2361 3800 2431 Χριστῷ

2199 2458 2261 2512 τὸ
2290 2456 2539 2527 Πνεῦμα,
2574 2455 2853 2526 μεμένηκε
2878 2452 2937 2506 δὲ
2960 2453 3047 2506 ἐπ’
3072 2453 3255 2507 αὐτόν.
3291 2470 3311 2505 ι
3342 2453 3579 2520 Λέγεται
3614 2453 3801 2506 τοίνυν

2199 2549 2433 2621 Χριστὸς
2468 2550 2497 2602 6
2524 2546 2617 2601 τοῦ
2654 2545 2793 2599 Θεοῦ
2826 2546 2999 2614 Λόγος
3026 2546 3056 2598 ὁ
3086 2544 3153 2598 δι’
3188 2545 3338 2615 ἡμᾶς
3368 2546 3466 2598 καὶ
3495 2545 3620 2599 καθ’
3646 2547 3799 2616 ἡμᾶς

2166 2632 2507 2704 ἀνθρωπος,
2536 2633 2631 2687 καὶ
2666 2633 2724 2685 ὲν
2768 2634 2834 2703 τῇ
2876 2631 2971 2685 τοῦ
3008 2632 3202 2687 δούλου
3240 2637 3425 2705 μορφῇ
3449 2650 3461 2662 ·
3504 2634 3603 2687 καὶ
3646 2634 3800 2704 χριό-

2201 2743 2361 2797 μενος
2388 2726 2488 2796 μὲν
2517 2723 2879 2794 ἀνθρωπίνως
2904 2723 3048 2778 κατά
3064 2723 3167 2795 τὴν
3185 2726 3384 2796 σάρκα,
3407 2726 3588 2795 χρίων
3606 2727 3664 2779 δὲ
3688 2726 3797 2779 θεῖ-

2198 2815 2311 2880 κῶς
2336 2815 2413 2887 τῷ
2447 2814 2563 2887 ίδίῳ
2596 2812 2876 2885 Πνεῦματι
2904 2814 3031 2879 τοὺς
3053 2817 3133 2879 είς
3171 2816 3335 2870 αὐτὸν
3374 2817 3758 2881 πιστεύοντας.

2198 3009 2386 3064 κριτον
2450 2989 2561 3063 γὰρ
2623 2990 2685 3044 τὸ
2754 2989 2959 3061 μεταξὺ
3032 3000 3143 3046 tum
3193 2993 3335 3048 enim
3380 2993 3611 3049 interest
3656 2996 3796 3050 inter

2198 3089 2452 3161 θεότητος
2525 3086 2622 3141 καὶ
2675 3085 2959 3157 ἀνθρωπό-
3030 3082 3790 3153 deitatemethumauitatem;

2193 3199 2388 3255 τητοςο
2458 3181 2555 3236 καὶ
2630 3179 2799 3251 πολλή
2871 3196 2959 3245 τις
3029 3183 3084 3230 et
3112 3175 3302 3247 ingens
3334 3187 3421 3232 est
3451 3179 3618 3233 nimis
3641 3178 3794 3235 ὤσε-

2197 3276 2336 3345 ἀγαν
2360 3275 2470 3329 τῶν
2498 3272 2715 3346 φύσεών
2745 3275 2894 3328 εστιν
2920 3274 2956 3345 ή
3030 3271 3202 3326 rentia
3230 3282 3572 3326 naturarum.

2196 3366 2449 3439 διαφορά.

2273 3458 2505 3529 Ideoque
2550 3456 2765 3513 divinus
2807 3456 2977 3511 David
3029 3455 3094 3509 ad
3149 3454 3554 3524 proximitatem
3610 3456 3795 3526 mysti-

2201 3568 2317 3607 cam
2369 3551 2479 3624 [al.
2536 3552 2790 3607 unionem
2838 3545 3262 3619 arctisslmam],
3311 3548 3479 3603 Deum
3533 3547 3789 3613 Verbum,

2201 3644 2342 3714 quod
2392 3644 2631 3698 nondum
2668 3644 2735 3697 ad
2787 3657 2886 3697 nos
2921 3650 3163 3704 venerat,
3212 3639 3464 3706 vocabat,
3514 3642 3705 3697 dicens
3739 3644 3789 3696 in

2200 3734 2430 3806 spiritu:
2466 3753 2485 3787 ι
2514 3733 2594 3790 0b
2623 3733 2775 3805 quid,
2805 3734 3067 3798 Domine,
3115 3730 3408 3788 discessisti
3446 3732 3607 3801 longe
3640 3733 3729 3787 “7
3765 3751 3786 3785 ι

2272 3827 2348 3897 (l)
2383 3826 2521 3897 Ergo
2561 3823 2673 3893 jam
2706 3840 2813 3879 non
2860 3823 3131 3888 discessit,
3175 3821 3270 3877 sed
3321 3824 3604 3876 nobiscum
3663 3823 3784 3889 luit,

2199 3916 2289 3985 qui
2324 3931 2445 3970 cum
2478 3915 2763 3969 mansisset
2794 3913 2846 3968 id
2892 3913 3035 3982 quod
3059 3920 3199 3976 erat,
3239 3912 3598 3982 apprehendit
3626 3916 3786 3967 Abra-

2202 4009 2284 4064 hae
2307 4022 2514 4071 semen,
2542 4015 2602 4061 ut
2626 4006 2736 4060 dixi
2764 4024 2777 4073 ;
2807 4004 3017 4073 accepit
3061 4012 3239 4057 autem
3291 4004 3454 4058 etiam
3488 4006 3634 4059 servi
3676 4005 3787 4059 for-

2202 4114 2370 4164 mam,
2396 4107 2452 4153 et
2479 4104 2803 4165 conspectus
2837 4095 3001 4149 homo
3025 4093 3078 4147 in
3110 4100 3253 4147 terra
3288 4102 3394 4146 est.

2273 4191 2527 4248 Christus
2551 4203 2680 4243 vero
2711 4195 2766 4243 et
2796 4185 3113 4241 Emmanuel
3141 4184 3389 4239 eumdem
3425 4183 3585 4239 nobis
3619 4184 3781 4237 lilium

2203 4286 2504 4354 designant,
2535 4282 2727 4352 partim
2760 4282 2882 4348 quia
2912 4288 3107 4333 unctus
3146 4286 3230 4332 est
3260 4291 3409 4330 more
3437 4286 3661 4342 nostro,
3691 4278 3783 4329 hu-

2202 4393 2377 4434 mana:
2404 4375 2637 4431 hominis
2668 4385 2879 4428 natura:
2915 4372 3164 4442 spiritum
3201 4370 3498 4439 accipiens,
3538 4381 3596 4423 ut
3633 4370 3685 4422 in
3730 4383 3783 4423 se

2202 4472 2317 4541 ipso
2352 4480 2405 4525 et
2454 4469 2626 4539 primo
2671 4465 2766 4537 [al.
2814 4466 3049 4519 humana
3108 4473 3297 4516 natura
3341 4462 3593 4530 spiritum
3646 4462 3782 4515 acci-

2201 4566 2383 4635 piente
2419 4561 2471 4615 in
2504 4561 2643 4629 ipso,
2684 4568 2743 4613 ut
2778 4555 2997 4628 primo].
3028 4554 3241 4610 Positus
3264 4563 3349 4608 est
3371 4553 3517 4607 enim
3547 4557 3783 4621 primor-

2203 4657 2348 4711 dium
2382 4653 2619 4725 generis,
2652 4666 2837 4705 rursus
2874 4651 2989 4717 ipse
3030 4663 3254 4718 ungens,
3279 4656 3338 4700 nt
3376 4645 3544 4709 Deus,
3580 4646 3781 4713 Spiritu

2203 4755 2389 4803 sancto
2415 4760 2510 4799 eos
2537 4742 2625 4811 qui
2671 4743 2722 4795 in
2761 4758 2818 4796 se
2846 4740 3072 4795 credunt
3097 4759 3112 4795 :
3153 4740 3370 4808 partim,
3396 4738 3521 4807 quia
3550 4738 3653 4792 fuit
3693 4754 3784 4791 uo-

2200 4840 2405 4895 biscum
2437 4836 2734 4890 secundum
2758 4848 2894 4903 quas
2923 4832 3082 4886 modo
3111 4832 3315 4887 reddidi
3347 4833 3610 4894 rationes,
3638 4841 3693 4885 et
3723 4832 3785 4884 de

2202 4948 2267 4987 eo
2300 4948 2395 4986 nos
2426 4929 2552 4984 facit
2592 4938 2771 4982 certos
2801 4926 2966 4981 Isaias
3004 4926 3265 4994 propheta
3311 4924 3499 4977 dicens
3530 4940 3541 4975 :
3590 4943 3607 4973 ι
3651 4925 3783 4977 lit-ce

2202 5028 2352 5096 virgo
2384 5023 2437 5076 in
2484 5031 2638 5075 utero
2670 5020 2922 5089 accipiet,
2954 5028 3008 5072 et
3038 5017 3211 5085 pariet
3246 5015 3435 5080 lilium,
3475 5026 3531 5068 et
3563 5018 3779 5070 vocabi-

2202 5126 2288 5171 tur
2322 5129 2515 5170 nomen
2559 5113 2674 5182 ejus
2709 5110 3024 5165 Emmanuel
3058 5109 3120 5161 ".
3160 5128 3177 5159 )
3222 5108 3357 5162 Cum
3404 5107 3549 5160 enim
3596 5119 3780 5161 sancta

2204 5208 2389 5278 Virgo,
2415 5221 2480 5259 ex
2508 5205 2709 5275 Spiritu
2732 5203 2950 5272 quidem
2977 5211 3167 5255 sancto
3192 5213 3475 5269 praegnans
3499 5209 3584 5252 est
3618 5199 3778 5259 farta,

2202 5302 2410 5373 peperit
2432 5309 2611 5353 autem
2646 5296 2942 5352 secundum
2968 5308 3186 5347 carnem
3218 5291 3423 5357 ﬁlium;
3463 5302 3589 5344 tunc
3620 5294 3779 5344 etiam

2205 5392 2523 5449 Emmanuel
2563 5392 2740 5445 dictus
2790 5399 2912 5445 est:
2972 5388 3071 5443 fuit
3117 5388 3260 5440 enim
3321 5386 3623 5447 nobiscum,
3688 5401 3781 5451 per

2202 5486 2476 5543 carnalem
2524 5483 2925 5553 generationem
2977 5478 3367 5549 incorporalis;
3414 5489 3469 5531 et
3525 5478 3575 5530 id
3624 5489 3776 5541 crat,

636 5647 767 5720 lien.
799 5661 871 5720 vt.
896 5648 947 5699 3.
1025 5648 1046 5679 ⁸
1078 5648 1216 5720 Psal.
1246 5667 1388 5718 κων,
1412 5657 1464 5710 8.
1539 5654 1733 5710 'Joan.
1766 5670 1801 5720 t,
1828 5656 1915 5710 52.
1992 5654 2099 5711 “HE

2226 5672 2280 5720 n,
2318 5654 2397 5708 ll.
2475 5652 2824 5715 ’losttet,v.
2908 5645 3180 5701 “Baruch
3236 5660 3317 5708 lli,
3370 5644 3461 5698 38.
3543 5643 3582 5673 ”
3622 5640 3771 5696 Psal.

510 5736 567 5785 κ,
605 5719 648 5769 l.
730 5718 768 5747 ”
806 5718 901 5772 lsa.
935 5718 1145 5781 “1,14.

582 5879 657 5949 (Ι)
691 5878 912 5943 Delum:
951 5878 1223 5947 Discessit,
1258 5882 1348 5938 sed
1409 5881 1673 5937 nobiscum
1730 5879 1866 5949 fuit;
1896 5881 2006 5951 qui,
2064 5889 2166 5936 etc.
2223 5877 2381 5934 Enn‘.
