3996 6466
272 467 424 524 1573

1210 455 1509 515 δειιοιιιι
1545 455 1634 513 DE
1673 454 2190 515 INCARNATIONE
2230 458 2609 519 UNIGENITI.

3445 457 3585 514 1376

267 581 425 650 quod
450 593 543 650 per
572 593 767 634 vocem
803 578 970 635 David
999 576 1445 649 signiﬁcabatur:
1485 595 1503 627 ι
1534 577 1676 632 Deus
1702 575 1876 631 mani-
1905 581 1950 640 Α
1982 580 2230 636 omnium
2266 580 2551 648 Dominus,
2592 589 2781 651 utpote
2810 580 2901 653 qui
2934 587 3132 635 natura
3166 587 3224 635 et
3260 577 3489 634 veritate
3514 592 3583 632 ex

272 673 419 727 teste
466 671 682 732 veniet,
737 670 884 725 Deus
939 682 1145 734 noSter,
1197 676 1253 722 et
1297 683 1402 723 non
1440 668 1623 723 silebit
1655 668 1738 732 ¹⁸;
1772 686 1791 720 ι
1820 676 1875 721 et

271 762 412 814 illud
446 762 678 830 opinor:
709 781 727 814 ι
767 762 885 833 Ipse
916 764 1007 833 qui
1041 762 1254 817 locutus
1278 776 1422 826 sum,
1444 768 1642 829 ιιι-εειο
1667 775 1811 815 sum.
1850 778 1869 812 ι

274 854 519 911 Locutus
545 856 692 909 enim
738 872 834 926 per
863 856 1179 926 prophetas,
1213 864 1270 907 ut
1314 853 1655 924 incorporale
1698 854 1876 910 adhuc

274 947 543 1015 Verbum,
580 948 805 1003 advenit
838 949 1003 1004 etiam
1030 944 1407 1016 corporaliter.

929 1056 1084 1113 CAP.
1133 1054 1226 1112 Ill.

836 1170 979 1237 Quid
1014 1180 1092 1226 est
1127 1169 1308 1227 Iesus.

352 1288 414 1342 Vi
464 1288 681 1359 quidem
734 1286 1135 1351 intentionum,
1188 1302 1293 1357 qua
1347 1295 1595 1357 oporteat
1635 1302 1671 1344 a
1717 1285 1873 1343 nobis

268 1394 446 1432 ιιιιιιιιι
479 1379 585 1434 dici
622 1377 819 1431 Filium
854 1377 969 1443 Dei,
1007 1378 1342 1431 tantumdem
1377 1387 1481 1444 est,
1516 1387 1571 1433 et
1597 1376 1871 1443 Christus,

266 1474 328 1516 et
358 1465 695 1526 Emmanuel.
724 1476 778 1519 et
814 1463 1008 1531 Iesus;
1035 1476 1091 1519 et
1137 1465 1192 1519 id
1235 1466 1453 1534 quidem
1499 1467 1654 1536 quasi
1698 1482 1764 1522 ex
1816 1482 1875 1522 re

270 1571 476 1609 nomen
522 1567 605 1609 est
656 1555 900 1611 factum:
957 1574 976 1607 ι
1012 1555 1129 1624 ipse
1180 1557 1350 1621 enim,
1399 1556 1592 1626 inquit,
1643 1557 1875 1613 salvahit

266 1646 537 1715 populum
570 1662 727 1700 suum
755 1661 783 1701 a
816 1648 1054 1716 peccatis
1087 1651 1202 1703 suis
1232 1647 1298 1702 “.
1340 1667 1359 1702 ι
1404 1648 1872 1715 Quemadmodum

264 1740 420 1791 enim
454 1735 774 1792 Emmanuel
811 1739 1177 1808 signiﬁcabat,
1220 1754 1315 1808 per
1347 1741 1755 1810 generationem
1803 1756 1871 1796 ex

275 1830 513 1884 muliere
570 1830 857 1885 nobiscum
908 1830 1111 1885 factum
1170 1830 1334 1886 fuisse
1376 1831 1468 1885 Dei
1508 1830 1778 1897 Verbum;
1817 1843 1873 1889 et

268 2028 378 2066 nos
423 2012 699 2067 humane:
753 2012 827 2066 ita
864 2015 1030 2068 etiam
1077 2011 1255 2079 Jesus,
1314 2016 1457 2085 quod
1500 2016 1733 2071 salvavit
1770 2032 1870 2073 nos

266 2119 434 2157 suum
463 2105 742 2174 populum,
764 2107 910 2175 quod
943 2107 1180 2162 maxime
1202 2122 1325 2163 eum
1349 2108 1694 2165 demonstrat
1743 2124 1872 2166 vere

264 2203 326 2247 et
364 2204 559 2248 natura
587 2198 832 2251 omnium
873 2197 1181 2253 Dominum.
1215 2198 1423 2269 Neque'
1447 2201 1591 2256 enim
1632 2202 1869 2259 hominis

266 2288 579 2342 communis
608 2300 859 2345 creatura
889 2306 1013 2347 esse
1045 2276 1293 2359 dicatur;
1327 2296 1516 2349 deceat
1545 2304 1726 2350 antem
1755 2310 1872 2350 ma-

266 2378 357 2449 gis
401 2382 581 2436 omnia
655 2384 835 2440 dicere
905 2400 1026 2441 esse
1074 2384 1384 2456 Unigeniti,
1424 2387 1526 2443 etsi
1578 2387 1755 2444 lactus
1799 2388 1872 2445 sit

267 2470 459 2525 homo.

348 2562 501 2617 Dicet
535 2563 675 2618 forte
704 2566 899 2635 aliquis
927 2586 941 2621 :
974 2569 1136 2637 Atqui
1166 2569 1364 2640 Moysis
1390 2570 1567 2625 dictus
1592 2580 1675 2626 est
1703 2586 1869 2641 popu-

264 2653 358 2707 lus
390 2653 574 2709 Israel.
614 2657 693 2711 Ad
734 2657 835 2712 hoc
864 2659 1129 2721 dicemus,
1153 2662 1297 2729 quod
1326 2660 1421 2715 Dei
1447 2661 1671 2730 quidem
1700 2679 1871 2734 popu-

264 2744 358 2798 lus
395 2747 705 2801 nominatus
734 2750 825 2814 sit,
868 2758 922 2804 et
965 2751 1017 2803 id
1060 2762 1179 2805 erat
1224 2768 1434 2806 verum.
1483 2752 1687 2807 Verum
1735 2770 1872 2825 quo-

266 2836 423 2889 niam
452 2838 518 2889 ad
554 2838 913 2893 defectionem
948 2839 1216 2895 deductus
1238 2853 1346 2906 est,
1388 2853 1442 2896 et
1476 2843 1704 2895 vitulum
1742 2841 1870 2897 fecit

265 2943 371 2996 per
399 2928 693 2994 desertum,
726 2930 1082 2985 inhonoratus
1107 2942 1191 2987 est
1212 2949 1239 2984 a
1272 2933 1420 2989 Deo:
1450 2948 1554 2989 non
1586 2934 1730 2987 enim
1754 2933 1867 3004 jam

265 3036 432 3073 suum
461 3021 743 3075 nominare
784 3022 1039 3091 populum
1086 3023 1434 3095 dignabatur,
1466 3025 1559 3079 sed
1594 3040 1716 3081 eum
1756 3026 1867 3095 jam

269 3112 481 3166 homini
510 3112 827 3169 destinavit.
872 3115 942 3169 At
992 3130 1088 3169 nos
1141 3131 1246 3169 non
1302 3116 1420 3171 ita:
1474 3118 1679 3187 proprii
1722 3118 1868 3171 enitn

268 3219 465 3259 sumus
498 3204 612 3267 lilii,
643 3219 709 3258 eo
736 3207 880 3274 quod
907 3216 961 3259 et
1006 3206 1145 3260 Dens
1170 3207 1259 3272 sit,
1291 3218 1345 3262 et
1366 3224 1459 3277 per
1486 3209 1659 3276 ipsum
1685 3218 1865 3264 creata

268 3296 387 3349 sint
418 3297 622 3349 omnia.
676 3296 753 3351 lla
788 3300 935 3353 enim
985 3300 1061 3352 ait
1110 3299 1317 3353 David:
1363 3318 1381 3351 ι
1444 3299 1710 3365 Quoniam
1755 3301 1941 3369 ipseC

270 3390 406 3444 iecit
437 3407 556 3456 nos,
583 3398 637 3445 et
662 3407 767 3445 non
805 3392 907 3461 ipsi
941 3407 1078 3459 nos;
1132 3408 1229 3447 nos
1262 3402 1442 3447 autem
1500 3394 1729 3462 populus
1768 3408 1867 3463 pa-

269 3496 422 3536 scua:
465 3482 603 3550 ejus,
636 3491 693 3536 et
726 3498 855 3537 oves
882 3498 1074 3537 manus
1111 3483 1228 3553 ejus
1256 3484 1319 3537 ¹⁸.
1352 3504 1371 3535 s
1413 3482 1657 3553 Denique
1702 3486 1867 3539 etiam

270 3574 390 3641 ipse
430 3572 496 3627 de
535 3573 690 3627 nobis
716 3574 896 3630 dixit:
927 3591 945 3625 ι
980 3573 1122 3629 Oves
1166 3589 1298 3628 mea:
1332 3589 1518 3628 vocem
1564 3589 1739 3629 meam
1769 3590 1870 3629 au-

269 3666 426 3721 diunt
464 3675 520 3719 et
544 3676 847 3737 sequuntur
869 3683 953 3721 me
980 3668 1043 3719 “.
1091 3687 1108 3719 ι
1141 3668 1211 3722 Et
1253 3683 1477 3722 rursus:
1505 3685 1523 3717 ι
1568 3666 1719 3722 Alias
1740 3684 1871 3725 oves

270 3758 469 3823 ltaheo,
505 3775 625 3827 qua:
656 3775 759 3813 nou
799 3766 926 3812 sunt
960 3775 1026 3813 ex
1059 3760 1161 3813 hoc
1204 3759 1353 3824 ovili,
1392 3769 1445 3814 et
1495 3760 1615 3814 illas
1657 3770 1873 3829 Oportet

271 3867 362 3905 me
384 3867 743 3921 congregare,
769 3862 821 3906 et
851 3854 938 3905 lict
966 3867 1104 3906 unus
1126 3868 1279 3921 grex,
1304 3863 1357 3907 et
1383 3868 1521 3906 unus
1546 3863 1731 3923 pastor
1750 3854 1815 3908 ”.
1846 3873 1865 3906 s

271 3945 566 3998 Mandabat
605 3954 785 3997 autem
812 3944 980 3999 etiam
1013 3945 1170 3999 beato
1199 3944 1359 3998 Petro
1388 3960 1399 3993 :
1436 3964 1454 3996 ι
1491 3945 1677 3999 Simon
1707 3945 1873 4001 Joan-

271 4038 395 4102 nis,
449 4051 600 4090 amas
653 4036 777 4091 me?
833 4036 1002 4092 Pasce
1052 4051 1219 4107 agnos
1279 4053 1430 4093 meos
1464 4073 1481 4101 ,
1522 4053 1688 4108 pasce
1744 4056 1874 4095 oves

272 4144 422 4182 meas
454 4128 517 4183 ".
561 4147 580 4180 ι

920 4242 1075 4297 CAP.
1122 4242 1211 4297 IV.

338 4356 512 4423 Quam
548 4357 610 4409 ob
638 4373 853 4409 causam
886 4356 982 4410 Dei
1025 4355 1246 4410 Verbum
1287 4358 1483 4410 dictum
1524 4360 1591 4412 sit
1624 4362 1796 4415 homo.

341 4469 514 4522 llmno
550 4469 887 4522 nominatum
926 4479 1031 4533 est,

268 4577 394 4614 cum
424 4562 497 4613 sit
534 4571 723 4615 natura
757 4562 915 4623 Deus,
942 4561 1033 4615 Dei

269 4650 450 4705 Patris
473 4650 709 4705 Verbum
738 4668 750 4705 :
776 4654 1031 4720 quoniam
1109 4668 1217 4721 χων
1242 4650 1399 4717 Θεὸς,
1428 4656 1456 4705 ὁ
1495 4657 1559 4707 ἐκ
1596 4656 1731 4709 Θεοῦ
1765 4660 1876 4711 Πα-

1106 4742 1234 4811 τρὸς
1268 4744 1460 4811 Λόγος,
1500 4746 1575 4810 ὡς
1616 4766 1876 4822 μετεσχη-

265 4747 521 4800 simihter
593 4762 657 4800 ac
717 4763 816 4801 nos
906 4762 1032 4800 sau-

263 4839 416 4908 gnini
494 4839 915 4892 communicavit
977 4847 1031 4893 et

263 4930 419 4984 carni
486 4930 551 4981 ¹².
612 4929 703 4983 Sic
742 4931 885 4983 enim
926 4940 1029 4983 ter—

264 5023 415 5077 renis
437 5023 707 5089 apparuit,
736 5040 839 5077 non
872 5025 1031 5076 amit-

266 5125 391 5168 tens
447 5116 498 5168 id
542 5117 684 5184 quod
735 5126 889 5181 erat,
936 5118 1030 5171 sed

262 5223 555 5262 assumens
672 5208 1031 5264 humanitatis

266 5310 521 5352 naturam
584 5300 636 5354 in
671 5315 765 5355 sua
822 5303 1032 5358 ratione

264 5393 588 5461 perfectam.

1183 4469 1504 4540 Ἀνθρωπος
1534 4472 1870 4541 ὠνόμασται,

1109 4557 1287 4609 καίτοι
1333 4559 1475 4612 κατὰ
1501 4561 1663 4629 φύσιν
1700 4564 1875 4634 ὑπάρ-

1111 4833 1222 4897 κὼς
1254 4836 1507 4907 αἵματος,
1546 4842 1637 4893 καὶ
1670 4844 1873 4908 σαρκὸς

1114 4928 1511 5000 παραπλησίως
1529 4935 1681 5001 ἡμῖν.
1695 4936 1872 5008 Ὠφθη

1106 5022 1217 5093 γὰρ
1272 5022 1415 5077 οὕτω
1458 5030 1569 5090 τοῖς
1617 5030 1709 5082 ἐπὶ
1745 5032 1868 5100 γῆς,

1106 5118 1198 5167 καὶ
1257 5118 1317 5170 οὐ
1366 5118 1550 5189 μεθεὶς
1596 5122 1733 5191 ὅπερ
1781 5119 1871 5193 ἦν,

1105 5209 1220 5262 ἀλλ’
1255 5212 1313 5263 ὲν
1360 5213 1665 5285 προσλήψει
1710 5234 1871 5285 γεγο-

1105 5301 1210 5366 νὼς
1256 5304 1355 5374 τῆς
1409 5306 1530 5357 καθ’
1572 5310 1719 5378 ἡμᾶς
1778 5314 1872 5365 ἀν-

1107 5398 1134 5449 Θ
1147 5398 1706 5468 ρωπὸτητος,τεὶείως
1724 5406 1875 5473 ἐχού-

1108 5511 1207 5563 σης
1234 5496 1376 5548 κατὰ
1406 5497 1497 5549 τὸν
1531 5499 1660 5551 ἴδιον
1689 5499 1866 5568 λόγον.

344 5573 735 5633 Verumtamen
783 5590 838 5635 et
887 5582 936 5635 in
990 5584 1327 5642 humanitate
1371 5589 1509 5645 Deus
1548 5596 1769 5659 mansit,
1815 5606 1869 5650 et

339 5756 379 5785 ¹³
419 5755 557 5808 l'sal.
588 5774 730 5825 xm,
759 5759 810 5810 5.

268 5826 309 5856 "
349 5827 512 5879 lleln‘.
542 5844 599 5888 tt,
634 5831 713 5882 li.

270 5896 309 5926 ’θ
344 5897 443 5950 lett.
479 5915 619 5962 μιν,
652 5901 701 5951 3.

925 5762 963 5791 ¹”
1004 5763 1187 5817 Matth.
1221 5783 1253 5821 I.
1284 5767 1374 5819 ⁸21.

796 5833 838 5860 ²⁰
875 5832 889 5882 l
922 5835 1043 5885 (Zur.
1080 5852 1163 5895 μ’,
1210 5836 1282 5888 ιδ.

780 5904 823 5931 ’⁸
858 5904 869 5953 l
905 5906 1026 5958 Cur.
1062 5923 1171 5973 un,
1196 5907 1242 5975 ὃ,
1278 5911 1329 5962 ϋ.

1366 5842 1402 5869 ¹¹
1440 5840 1595 5897 Juun.
1629 5860 1703 5908 tll,
1738 5846 1821 5899 51.

1488 5772 1525 5800 ’δ
1566 5770 1704 5825 l'sul.
1739 5791 1877 5828 χειν.
1910 5776 1959 5828 .‘i.

1867 5816 1959 5839 ,
2348 5816 2396 5839 λ.

1922 5850 1964 5878 ’³
1999 5847 2154 5907 Joan.
2193 5870 2307 5916 ιιιι,
2334 5855 2423 5909 ‘25.

1983 672 2093 727 Deo
2133 685 2291 729 natus
2323 684 2407 730 est
2437 676 2623 729 Patre.
2660 674 2728 729 Et
2758 674 2811 730 id
2847 674 3006 731 nobis
3041 671 3455 729 evidentissime
3494 686 3585 723 ss-

1979 764 2356 834 pientissimus
2404 766 2600 821 Paulus
2646 766 2932 822 ostendit:
2968 785 2987 817 ι
3020 765 3239 820 Primus
3280 764 3453 826 enim,
3502 762 3585 815 in-

1977 857 2119 927 quit,
2153 857 2315 911 homo
2340 873 2407 913 ex
2431 868 2577 912 terra
2603 858 2670 913 de
2703 858 2867 921 limo;
2910 856 3188 912 secundus
3224 871 3257 911 ο
3292 854 3433 911 caelo
3456 853 3527 907 ”.
3559 871 3577 903 ι

2050 948 2213 1019 Διιιυί
2250 946 2414 1021 Virgo
2444 960 2633 1005 sancta
2670 948 2886 1019 peperit
2922 949 3181 1020 templum
3235 947 3418 1003 Verbo
3458 946 3582 999 uui-

1977 1050 2128 1108 tum;
2168 1043 2263 1097 sed
2292 1055 2325 1098 e
2354 1044 2496 1099 coelo
2536 1041 2758 1108 dicitur,
2792 1050 2847 1097 et
2902 1052 3051 1097 recte
3092 1042 3311 1111 quidem
3360 1037 3585 1093 Emma-

1958 1133 2103 1189 ~nuel
2136 1135 2411 1206 :desuper
2449 1136 2593 1190 enim
2632 1144 2687 1191 et
2725 1150 2791 1191 ex
2834 1134 3144 1190 substantia
3188 1132 3282 1188 Dei
3324 1142 3381 1186 et
3405 1129 3581 1186 Patris

1975 1235 2164 1280 natum
2202 1236 2289 1282 est
2337 1226 2573 1282 Verbum
2618 1226 2787 1299 ipsius
2817 1245 2831 1281 :
2856 1226 3139 1282 descendit
3181 1240 3313 1280 vero
3344 1225 3413 1279 ad
3457 1238 3582 1289 nos,

1977 1325 2108 1372 tunc
2140 1332 2266 1372 cum
2296 1317 2500 1373 factum
2529 1326 2614 1373 est
2654 1318 2855 1384 homo;
2888 1326 3072 1373 tamen
3113 1317 3193 1371 sic
3230 1331 3451 1387 quoque
3481 1314 3583 1370 de-

1974 1426 2141 1482 super
2166 1421 2270 1467 est.
2300 1410 2559 1467 Testatus
2596 1420 2679 1467 est
2709 1420 2892 1465 autem
2930 1411 3093 1481 781
3127 1408 3371 1465 Joannes
3412 1411 3478 1465 de
3515 1424 3582 1465 eo

1976 1504 2223 1559 dicens:
2275 1521 2294 1555 ι
2358 1504 2461 1571 Qui
2530 1504 2816 1560 desursum
2874 1504 3063 1569 venit,
3153 1517 3320 1573 supra
3389 1517 3582 1557 omnes

1974 1599 2147 1652 est“.
2186 1616 2204 1649 ι
2246 1597 2314 1652 Et
2361 1598 2477 1669 ipse
2520 1598 2771 1654 Christus
2820 1598 2899 1651 ait
2942 1599 3011 1653 ad
3063 1596 3321 1667 populum
3366 1595 3581 1651 Judteo-

1977 1705 2139 1745 rum:
2170 1708 2190 1743 ι
2222 1690 2329 1747 Vos
2369 1692 2625 1748 deorsum
2676 1690 2811 1745 estis
2833 1728 2850 1755 ,
2891 1706 2997 1760 ego
3034 1691 3273 1759 desuper
3316 1704 3435 1743 sum
3458 1688 3525 1741 θ’.
3558 1706 3575 1738 ι

1974 1781 2044 1838 Et
2082 1798 2271 1839 rursus
2298 1801 2311 1836 :
2346 1802 2366 1836 ‹
2400 1784 2514 1855 Ego
2538 1799 2645 1839 non
2672 1797 2798 1837 sum
2836 1797 2902 1837 ex
2944 1785 3048 1838 hoc
3080 1781 3281 1835 mundo
3303 1781 3375 1843 ",
3404 1798 3423 1833 ι
3456 1779 3581 1833 licet

1975 1890 2105 1944 pars
2127 1875 2311 1930 mundi
2337 1877 2480 1932 sicut
2505 1877 2671 1931 homo
2695 1886 3037 1946 nuncupatus
3062 1875 3158 1940 sit;
3185 1873 3280 1927 sed
3312 1883 3430 1926 erat
3456 1886 3579 1925 cum

1974 2059 2119 2115 enim
2145 2059 2303 2127 plane
2327 2060 2565 2114 dicentis
2594 2076 2609 2113 :
2644 2077 2663 2111 ι
2696 2058 2765 2111 Et
2790 2072 2952 2113 nemo
2986 2057 3241 2112 ascendit
3269 2055 3323 2122 iq
3353 2053 3579 2118 cmlmn,

1974 2151 2079 2207 nisi
2120 2152 2211 2221 qui
2250 2152 2533 2207 descendit
2574 2151 2641 2205 de
2673 2151 2816 2206 casio
2846 2149 3017 2204 Filius
3054 2147 3291 2201 hominis
3314 2148 3383 2200 ".
3420 2165 3437 2197 ι
3476 2145 3582 2199 De-

1975 2242 2258 2299 scendisse
2305 2252 2489 2298 autem
2526 2242 2763 2297 dicimus
2790 2243 2857 2295 de
2908 2240 3049 2294 casio
3089 2239 3285 2292 Filium
3318 2238 3580 2302 hominis,

1975 2349 2073 2403 per
2102 2335 2364 2389 unitatem
2399 2335 2887 2405 dispensatoriam,
2932 2333 3111 2387 Verbo
3152 2332 3429 2385 tribuente
3456 2344 3582 2399 pro-

1975 2430 2106 2498 prire
2140 2427 2293 2483 carni
2336 2427 2525 2498 gloriae
2549 2442 2664 2483 sum
2703 2436 2760 2483 et
2792 2427 2988 2482 divinae
3030 2424 3335 2496 inajestatis
3360 2421 3585 2479 claritu-

1976 2522 2181 2576 dinem.

2646 2633 2800 2690 CAP.
2841 2632 2908 2688 V.

1976 2749 2151 2817 Quam
2192 2746 2256 2804 ob
2295 2764 2515 2803 causam
2568 2749 2902 2803 exinanitum
2948 2750 3149 2803 dicitur
3181 2747 3279 2805 Dei
3330 2748 3581 2806 Verbum.

2046 2862 2273 2921 Plenum
2320 2869 2619 2923 secundum
2675 2877 2968 2933 naturam,
3022 2876 3077 2923 et
3123 2882 3192 2922 ex
3230 2866 3377 2923 omni
3426 2875 3584 2937 parte

1972 2955 2278 3028 perfectum
2327 2955 2498 3013 Deum
2551 2959 2814 3024 Verbum,
2860 2970 2913 3013 et
2966 2959 3301 3014 distribuens
3359 2972 3427 3013 ex
3482 2974 3579 3012 sua

1972 3046 2314 3118 plenitudine
2350 3045 2491 3103 bona
2536 3064 2634 3103 sua
2675 3060 2968 3115 creatura,
3012 3065 3078 3105 eo
3104 3049 3250 3118 quod
3281 3048 3357 3103 ait
3388 3065 3402 3102 :
3435 3066 3455 3100 ι
3487 3047 3584 3101 Ei-

1973 3138 2197 3192 fundam
2242 3139 2310 3194 de
2342 3138 2549 3209 Spiritu
2598 3155 2719 3196 meo
2745 3156 2909 3212 super
2948 3157 3170 3197 omnem
3206 3156 3428 3196 carnem
3456 3142 3520 3193 ’⁵.
3561 3161 3579 3193 ι

1976 3232 2327 3286 Esinanitum
2362 3232 2637 3299 dicimus;
2674 3233 2810 3288 nihil
2843 3236 2897 3289 iu
2933 3246 3127 3290 natura
3166 3235 3386 3306 propria
3414 3236 3587 3290 viola-

1978 3332 2117 3389 tum,
2161 3338 2283 3389 nec,
2318 3333 2377 3378 ut
2418 3324 2579 3381 aliter
2626 3341 2685 3383 se
2733 3327 2981 3393 haberet,
3012 3338 3433 3392 commutatum,
3484 3345 3587 3385 nec

1979 3412 2210 3468 inferius
2241 3430 2307 3469 ex
2339 3414 2446 3469 ulla
2470 3425 2627 3486 parte
2645 3415 2851 3471 factum
2878 3420 3333 3474 :inconvertihile
3360 3420 3507 3476 enim
3532 3431 3589 3475 et

1978 3502 2319 3559 immutabile
2357 3512 2442 3561 est
2487 3508 2663 3576 ipsum
2700 3522 2951 3579 quoque,
3001 3509 3147 3563 sicut
3188 3519 3246 3563 et
3295 3519 3589 3580 generator

1979 3596 2176 3664 ipsius,
2228 3604 2284 3651 et
2361 3612 2637 3667 nunquam
2691 3597 2793 3653 fuit
2848 3600 3124 3669 passionis
3175 3602 3339 3656 ullius
3392 3618 3587 3673 capax.

1979 3688 2209 3753 Quando
2240 3702 2369 3743 vero
2402 3688 2611 3744 factum
2644 3689 2746 3745 fuit
2771 3707 2924 3759 caro,
2961 3692 3013 3747 id
3043 3701 3129 3748 est
3176 3694 3363 3759 homo,
3399 3696 3589 3748 huma-

1980 3780 2173 3834 nitatis
2209 3791 2588 3849 paupertatem
2638 3784 2915 3851 propriam
2972 3783 3075 3838 sibi
3128 3784 3275 3839 fecit.
3321 3784 3590 3854 Primum,

1979 3875 2123 3945 quod
2154 3874 2324 3927 semel
2363 3875 2528 3929 homo
2556 3876 2629 3929 sit
2659 3875 2859 3941 factus,
2901 3878 3004 3932 etsi
3041 3878 3370 3932 remanserit
3401 3878 3544 3933 Deus
3574 3902 3587 3936 :

1980 3967 2181 4021 deinde
2208 3967 2352 4037 quod
2386 3969 2527 4022 servi
2560 3969 2794 4023 formam
2831 3970 3134 4039 acceperit,
3161 3970 3252 4037 qui
3290 3972 3589 4026 secundum

1980 4073 2137 4112 suam
2187 4070 2437 4113 naturam
2496 4060 2634 4114 liber
2680 4071 2786 4127 est,
2834 4072 3023 4130 utpote
3067 4062 3264 4120 Filius.
3302 4063 3480 4135 Atque
3514 4065 3589 4119 ita

1981 4163 2103 4201 cum
2136 4148 2209 4202 sit
2252 4151 2365 4216 ipse
2401 4150 2587 4219 gloria:
2614 4149 2898 4216 Dominus,
2929 4154 3158 4223 gloriam
3204 4156 3405 4209 dicitur
3436 4158 3591 4212 acci-

1982 4254 2149 4307 pere;
2187 4256 2309 4295 cnm
2344 4242 2415 4295 sit
2459 4242 2572 4311 ipse
2609 4244 2742 4309 vita,
2776 4244 3037 4299 viviticari
3075 4246 3414 4314 perhibetur,
3452 4259 3505 4303 et
3536 4250 3589 4304 in

1982 4346 2172 4385 omnes
2197 4333 2399 4402 accipit
2425 4343 2775 4403 potestatem,
2800 4352 2923 4391 eum
2956 4338 3023 4392 sit
3051 4341 3165 4407 ipse
3190 4356 3279 4394 res
3309 4341 3589 4409 omnium;

1983 4440 2217 4493 cumque
2247 4425 2358 4480 Deo
2382 4428 2452 4481 sit
2477 4428 2709 4497 aequalis
2742 4428 2913 4496 Patri,
2943 4430 3204 4486 obediens
3231 4432 3334 4486 luit
3366 4450 3587 4489 crucem

1984 4531 2196 4587 passus,
2236 4529 2290 4570 et
2330 4530 2549 4572 caetera.
2580 4518 2783 4574 Verum
2818 4536 2943 4575 cum
2991 4523 3107 4577 hanc
3141 4523 3358 4592 quidem
3392 4524 3588 4578 Imma-

1986 4610 2171 4663 uitatis
2212 4626 2483 4665 mensura:
2539 4614 2871 4667 conveniant
2898 4652 2912 4676 ,
2951 4630 3012 4669 ea
3067 4625 3247 4669 tamen
3292 4614 3586 4671 familiaria

1910 4672 1951 4727 υ
1984 4701 2134 4755 ducit
2184 4718 2306 4758 esse
2352 4719 2475 4757 cum
2532 4720 2726 4771 carne,
2768 4716 2822 4759 et
2858 4706 3046 4776 implet
3094 4710 3585 4779 dispensationem,

1986 4810 2212 4849 manens
2240 4797 2382 4866 quod
2414 4806 2554 4851 erat.

2637 4912 2789 4969 CAP.
2838 4914 2927 4969 Vl.

2344 5024 2623 5089 Quomodo
2659 5045 2796 5081 unus
2835 5040 2909 5082 est
2949 5026 3217 5085 Christus.

2054 5133 2281 5192 Divinus
2319 5136 2523 5193 Paulus
2564 5141 2756 5195 scribit
2789 5158 2800 5195 :
2844 5160 2861 5192 ι
2908 5142 3022 5197 Etsi
3063 5154 3190 5198 sunt
3228 5146 3302 5199 dii
3339 5147 3491 5201 multi
3529 5157 3583 5201 et

1981 5228 2183 5282 domini
2225 5230 2377 5284 multi
2427 5232 2480 5285 in
2514 5234 2676 5300 cutio,
2707 5244 2761 5287 et
2795 5234 2847 5288 in
2882 5248 3063 5303 terra;
3113 5239 3205 5292 sed
3254 5239 3409 5293 nubis
3442 5256 3583 5295 unus

1978 5322 2119 5375 Deus
2152 5322 2332 5383 Pater.
2381 5339 2446 5379 ex
2481 5342 2587 5393 quo
2628 5330 2833 5390 omnia,
2874 5339 2926 5381 et
2977 5346 3073 5383 nos
3104 5347 3167 5383 ex
3218 5347 3317 5394 eo;
3348 5342 3402 5386 et
3440 5349 3581 5387 unus

1976 5413 2241 5467 Dominus
2283 5414 2445 5471 Jesus
2482 5418 2761 5483 Christus,
2810 5436 2907 5489 per
2942 5438 3100 5489 quem
3141 5426 3349 5488 οιιιιιιιι,
3385 5435 3438 5476 ct
3483 5440 3581 5480 nos

1971 5520 2067 5574 per
2088 5522 2209 5560 eum
2237 5510 2301 5562 ".
2338 5529 2355 5560 ›
2387 5511 2456 5563 At
2480 5527 2610 5567 vero
2635 5513 3073 5579 sapientissimus
3101 5514 3341 5571 Joannes
3366 5520 3432 5571 de
3467 5518 3578 5572 Deo

1973 5599 2148 5656 Verbo
2175 5602 2330 5669 dixit,
2369 5607 2511 5674 quod
2552 5625 2569 5655 ι
2605 5606 2783 5658 omnia
2814 5622 2908 5675 per
2941 5608 3115 5676 ipsum
3156 5609 3294 5664 facta
3336 5622 3483 5675 sunt,
3518 5622 3573 5667 et

2086 5781 2125 5808 “
2162 5780 2314 5836 Joun.
2346 5801 2396 5839 κ,
2424 5784 2511 5838 ‘27.
2621 5786 2660 5815 ’⁷
2705 5785 2835 5840 Ibid.
2873 5785 2953 5839 l6.

2538 5858 2579 5887 ”
2611 5856 2767 5913 Joan.
2798 5875 2906 5925 MV,
2943 5858 3023 5911 l0.

3071 5786 3113 5817 "
3148 5784 3305 5841 .luan.
3336 5804 3450 5854 xu,
3484 5788 3567 5841 l7.

3105 5862 3145 5889 "
3179 5858 3335 5915 Juan.
3366 5875 3450 5926 tu,
3482 5859 3571 5917 l5.
