3996 6476
469 413 610 465 1375

463 624 576 669 tem
615 615 806 670 beatus
838 615 1061 672 Gabriel
1101 624 1306 674 sanctae
1342 618 1546 692 Virgini
1589 621 1778 677 dicens
1807 640 1823 677 :
1860 641 1879 675 ι
1905 622 2048 679 Ecce

463 707 740 776 concipies
773 708 827 761 in
857 718 1035 774 utero,
1067 718 1122 766 et
1153 711 1335 779 paries
1362 711 1584 780 Filium,
1615 723 1671 768 et
1703 714 1926 770 vocabis
1951 730 2047 771 no-

463 813 587 853 men
623 800 742 868 ejus
783 797 967 854 Iesum
989 800 1057 855 ".
1087 820 1105 853 ι
1136 799 1271 857 Cum
1319 801 1481 873 igitur
1514 818 1612 874 per
1641 803 1918 862 Christum
1957 804 2047 863 Je-

463 908 581 945 sum
610 892 791 947 omnia
823 892 1044 949 divinus
1071 893 1271 949 Paulus
1299 893 1442 951 facta
1458 910 1582 952 esse
1612 906 2041 966 commemoret;

464 982 753 1038 conﬁrmet
779 993 959 1039 autern
987 984 1093 1039 vim
1121 985 1427 1051 sententia,
1454 994 1511 1041 et
1529 986 1779 1057 opiﬁcem
1799 988 2044 1043 omnium

461 1074 635 1131 fuisse
673 1075 842 1130 Deum
870 1076 1230 1147 evangelizet,
1266 1091 1384 1133 rem
1417 1092 1601 1133 veram
1650 1078 1840 1135 dicens
1869 1095 2040 1135 evan-

460 1166 655 1236 gelista
702 1167 953 1235 divinus;
986 1168 1233 1241 designet
1262 1179 1444 1225 autem
1490 1172 1654 1227 etiam
1704 1171 1882 1239 angeli
1914 1186 2038 1238 vox,

460 1271 592 1312 vere
614 1273 680 1313 ex
705 1267 892 1314 sancta
921 1256 1141 1329 Virgine
1166 1269 1351 1314 natum
1383 1274 1504 1316 esse
1533 1260 1717 1317 Jesum
1740 1262 2041 1328 Christum,

462 1362 567 1402 nec
600 1348 808 1417 absque
835 1348 1177 1405 humanitate
1204 1350 1557 1423 intelligimus
1579 1350 1747 1407 Deum
1768 1352 2043 1421 Verbum;

459 1438 555 1494 sed
591 1455 759 1495 unum
791 1440 1020 1497 dicimus
1049 1457 1117 1498 ex
1157 1443 1423 1500 ambobus
1465 1442 1743 1511 effectum,
1791 1454 1847 1501 et
1876 1445 2041 1502 Deum

461 1533 736 1588 hominem
782 1532 1007 1601 factum,
1053 1535 1305 1599 eumdem
1340 1551 1407 1593 ex
1455 1534 1639 1603 Patre,
1683 1546 1742 1593 ut
1784 1537 2043 1606 Verbum,

460 1633 653 1678 natum
684 1623 892 1690 divine,
921 1634 978 1681 et
996 1639 1064 1680 ex
1094 1625 1323 1681 muliere
1350 1626 1611 1693 humane,
1637 1636 1695 1682 ut
1716 1628 1994 1685 hominem
2026 1649 2039 1686 :

460 1728 567 1768 non
615 1723 870 1783 tanquam
916 1724 976 1771 ut
1008 1716 1307 1772 secundum
1334 1717 1658 1773 substantia:
1696 1718 1908 1773 initium
1944 1734 2041 1776 vo-

460 1814 646 1859 catum
680 1815 808 1861 tunc
841 1821 965 1861 cum
1012 1810 1307 1864 secundum
1343 1823 1565 1864 carnem
1606 1810 1805 1865 dicitur
1840 1822 2035 1879 natus;

1496 410 1554 467 S.
1596 408 1869 468 CYRILLI
1910 409 2382 467 ALEXANDRINI
2423 409 2740 468 ARCHIEP.

464 526 671 592 absque
709 539 776 580 eo
818 523 1022 579 factum
1053 532 1139 580 est
1169 524 1303 581 nihil
1332 526 1399 580 ".
1433 545 1452 579 ι
1488 525 1914 599 Evangelizabat
1952 546 2049 585 au-
2076 534 2125 592 Α

3619 404 3755 461 1378·

2787 525 2948 583 CAP.
2984 524 3096 582 VII.

2472 622 2748 689 Quomodo
2793 636 2930 674 unus
2964 629 3040 674 est
3082 615 3420 672 Emmanuel.

2208 712 2528 771 Novissimis
2577 711 2793 769 seculis
2849 709 2993 766 Dens
3043 709 3280 764 Verbum
3333 710 3504 766 homo
3550 708 3745 764 dicitur

2146 803 2352 869 lactus,
2400 811 2475 872 et,
2525 804 2667 861 sicut
2711 804 2787 859 ait
2823 800 3043 858 divinus
3082 800 3306 865 Paulus,
3339 817 3368 852 Ἰ
3400 816 3503 872 per
3538 800 3746 856 sacriﬁ-

2146 897 2289 953 cium
2340 910 2498 951 suum
2533 894 2916 950 manilcstatus
2960 890 3133 947 est“.
3167 909 3186 941 ι
3227 890 3297 946 Et
3340 894 3623 961 quodnam
3668 898 3746 945 est

2146 985 2529 1041 sacriﬁcium?
2561 1004 2581 1038 ι
2616 985 2788 1039 Suum
2819 983 2963 1038 enim
2987 996 3189 1050 corpus
3213 981 3419 1036 obtulit
3459 996 3563 1052 pro
3595 980 3746 1034 nobis

2147 1074 2203 1130 in
2237 1077 2461 1132 odorem
2504 1073 2798 1129 suavitatis
2842 1071 2953 1128 Deo
3001 1080 3056 1127 et
3094 1069 3270 1135 Patri,
3318 1079 3375 1125 et
3408 1070 3644 1125 intravit
3694 1071 3746 1124 in

2147 1174 2335 1223 sancta
2386 1164 2578 1232 semel,
2627 1180 2735 1220 non
2784 1178 2885 1235 per
2931 1164 3253 1234 sanguinem
3304 1162 3613 1229 hircorum,
3659 1172 3750 1217 aut

2147 1267 2449 1325 taurorum,
2480 1259 2577 1314 sed
2612 1272 2709 1327 per
2739 1271 2899 1311 suum
2941 1255 3289 1327 sanguinem.
3320 1255 3417 1309 Sic
3442 1253 3595 1309 enim
3625 1268 3748 1307 cre-

2148 1349 2401 1406 dentibus
2435 1351 2487 1404 in
2531 1364 2592 1406 se
2638 1348 3014 1405 remissionem
3057 1351 3110 1403 in
3155 1357 3426 1403 aeternum
3468 1360 3751 1415 compara-

2150 1441 2227 1495 vit
2252 1440 2317 1494 ".
2354 1458 2374 1491 ι
2427 1440 2574 1511 Ergo
2616 1438 2837 1510 plurimi
2875 1440 3095 1512 quidem
3152 1449 3280 1496 ante
3334 1440 3516 1510 ipsum
3564 1441 3750 1495 sancti

2145 1533 2337 1599 luere;
2385 1534 2480 1589 sed
2518 1546 2681 1588 nemo
2708 1544 2895 1587 eorum
2927 1531 3250 1587 Emmanuel
3294 1530 3611 1586 nominatus
3639 1540 3745 1585 est.

2144 1624 2320 1693 Quam
2366 1625 2437 1680 ob
2482 1623 2752 1681 causam?
2787 1621 3039 1680 Nondum
3083 1624 3229 1680 enim
3262 1632 3489 1679 venerat
3535 1634 3752 1694 tempus

2144 1731 2252 1787 quo
2281 1717 2502 1773 deberet
2532 1730 2657 1771 esse
2698 1714 3005 1782 nobiscum,
3054 1715 3107 1771 id
3135 1725 3240 1781 est,
3273 1715 3327 1770 in
3371 1724 3620 1771 nostram
3654 1730 3753 1770 ve.

2144 1809 2265 1865 nire
2291 1819 2546 1865 naturam
2575 1822 2673 1878 per
2706 1822 2957 1873 carnem,
2986 1808 3035 1864 is
3070 1807 3163 1877 qui
3192 1816 3278 1863 est
3307 1807 3456 1862 omni
3490 1807 3754 1877 superior

461 1895 557 1951 sed
590 1904 774 1951 natum
808 1897 1025 1967 quidem
1061 1906 1189 1955 ante
1211 1899 1395 1955 omnia
1427 1900 1647 1967 secula,
1690 1902 1928 1958 instante
1958 1911 2043 1958 ta-
2074 1884 2117 1942 Β
2148 1908 2421 1956 creatura.
2473 1897 2624 1954 Unus
2658 1897 2821 1969 igitur
2864 1897 3208 1965 Emmanuel,
3255 1898 3427 1954 semel
3466 1899 3619 1955 enim
3669 1898 3756 1953 fa—

458 2000 582 2041 men
628 1994 899 2058 tempore,
942 2004 1052 2059 quo
1094 1988 1359 2045 debuerat
1405 1992 1634 2063 implere
1681 1993 2045 2063 dispensatio-

459 2091 608 2143 nem,
643 2086 829 2133 natum
876 2080 1044 2135 etiam
1081 2094 1148 2136 ex
1190 2081 1421 2138 muliere
1456 2082 1755 2139 secundum
1798 2101 2043 2144 carnem.

462 2165 653 2239 [ΕΙ-σο,
676 2168 782 2223 etsi
818 2168 909 2223 alii
940 2169 1105 2224 simili
1139 2171 1503 2243 appellatione
1547 2174 1722 2228 vocati
1752 2185 1878 2230 sunt
1905 2178 2049 2232 chri-

459 2259 553 2323 stl,
582 2273 722 2313 unus
754 2266 936 2314 tamen
985 2268 1071 2315 est
1109 2274 1209 2331 per
1236 2276 1399 2331 quem
1447 2263 1653 2329 omnia,
1680 2263 1845 2321 Jesus
1876 2266 2042 2322 Chri-

456 2357 613 2415 stus;
663 2364 769 2404 non
804 2351 947 2419 quod
989 2352 1156 2407 homo
1188 2352 1262 2408 sit
1309 2352 1486 2410 lactus
1529 2355 1711 2425 opifex
1751 2358 2042 2432 omnium,j

454 2439 550 2494 scd
597 2442 741 2511 quod
776 2440 921 2499 Deus
963 2442 1239 2500 Verbum:
1279 2464 1298 2498 ι
1328 2446 1431 2501 l’er
1463 2463 1623 2518 quem
1672 2451 1853 2506 omnia
1899 2450 2042 2507 facta

454 2542 605 2596 sunt,
659 2531 911 2587 similiter
960 2547 1025 2588 ac
1076 2549 1177 2589 nos
1224 2536 1570 2607 partlciparit
1618 2542 1769 2596 carni
1815 2550 1871 2596 et
1918 2558 2045 2597 san-

455 2622 604 2693 guini
628 2625 694 2690 ",
730 2642 748 2674 ι
780 2634 836 2680 et
862 2637 1205 2696 nuncupatus
1230 2629 1304 2684 sit
1336 2631 1522 2697 homo,
1566 2649 1671 2687 non
1706 2644 1887 2690 tamen
1918 2650 2045 2705 per-

455 2711 657 2767 diderit
682 2727 827 2779 esse,
861 2716 1003 2784 quod
1030 2726 1151 2771 erat
1182 2735 1195 2771 :
1231 2720 1306 2774 ita
1333 2722 1481 2776 enim
1514 2733 1569 2778 et
1600 2724 1651 2778 in
1680 2738 1847 2780 carne
1870 2724 2046 2782 lactus

460 2804 783 2879 intelligitur
839 2811 1037 2868 merito
1068 2813 1251 2884 opifex
1280 2794 1545 2871 omnium.

978 3147 1142 3219 733
1172 3146 1326 3203 cap.
1370 3148 1509 3205 vm.

738 3260 913 3328 Quam
948 3278 1061 3317 esse
1098 3264 1324 3317 dicimus
1354 3263 1756 3319 adunationem.

531 3395 611 3463 (Ι)
647 3394 919 3451 Adunatio
942 3396 1125 3453 multis
1143 3398 1319 3454 modis
1339 3396 1593 3467 impletur
1614 3419 1626 3453 :
1644 3398 1877 3468 sejuncti
1897 3397 2042 3452 enim

458 3488 704 3543 nonnulli
738 3488 935 3543 all'ectu
976 3489 1061 3544 vel
1089 3490 1388 3554 voluntate,
1413 3499 1469 3545 et
1503 3491 1878 3546 discordantes
1904 3491 2046 3545 inter

457 3594 539 3643 se,
579 3580 809 3635 adunari
855 3579 1134 3648 dicuntur,
1173 3596 1275 3650 per
1328 3582 1825 3638 reconciliationem
1869 3584 2047 3640 socia-

458 3670 595 3737 lem,
629 3673 875 3741 deposita
910 3672 1210 3727 simultate.
1262 3673 1504 3728 Adnnari
1543 3674 1671 3730 item
1719 3675 1952 3731 dicimus
1980 3691 2043 3730 ea

457 3775 581 3831 qua
613 3761 717 3816 sibi
754 3760 1222 3833 conglutinantur,
1249 3762 1366 3817 sive
1394 3761 1571 3819 modis
1601 3763 1724 3819 aliis
1750 3764 2043 3820 conferun-

460 3861 573 3918 tur,
601 3861 695 3906 aut
726 3866 822 3922 per
844 3854 1324 3923 compositionem,
1348 3864 1442 3908 aut
1466 3868 1561 3925 per
1590 3856 1920 3923 mistionem,
1950 3865 2045 3912 aut

458 3961 559 4015 per
590 3944 1057 4015 temperationem.
1086 3944 1319 4015 eQuoties
1357 3956 1537 4001 autem
1582 3946 1881 4003 adunatum
1921 3962 2046 4005 esse

458 4046 661 4093 nostra:
689 4046 895 4092 naturae
928 4036 1021 4093 Dei
1054 4038 1293 4095 Verbum
1326 4037 1577 4103 dicimus,
1605 4040 1757 4095 omni
1798 4040 2042 4096 humana

458 4129 787 4200 cogitatione
808 4130 1155 4187 adunationis
1181 4129 1301 4200 ejus
1334 4130 1526 4186 modus
1550 4130 1770 4187 videtur
1790 4144 1917 4188 esse
1946 4148 2044 4188 su-

457 4222 663 4292 perior.
698 4220 885 4293 Neque
915 4222 1061 4279 enim
1096 4238 1193 4293 per
1218 4238 1382 4293 supra
1410 4223 1651 4293 scriptos
1686 4223 1878 4281 modos
1900 4224 2041 4280 facta

457 4318 545 4364 est
584 4323 786 4365 arcana
836 4309 946 4377 illa,
985 4319 1043 4366 et
1084 4310 1218 4366 nulli
1256 4309 1473 4380 penitus
1516 4320 1668 4378 nota,
1716 4313 1820 4369 nisi
1867 4316 1916 4368 el
1954 4314 2042 4371 cui

456 4400 641 4457 omnia
670 4409 794 4456 nota
822 4409 972 4468 sunt,
1002 4400 1156 4457 unio.

2147 1998 2271 2045 ctus
2301 2000 2387 2046 est
2430 1990 2592 2045 homo
2641 1987 2989 2062 Unigenitus,
3032 1998 3163 2044 tunc
3192 2005 3317 2046 cum
3350 2006 3449 2060 per
3493 2002 3752 2046 sanctam

2149 2079 2431 2151 Virginem
2492 2081 2901 2151 generationem
2955 2082 3233 2137 carnalem
3297 2099 3596 2154 perpessus
3642 2096 3753 2141 est.

2148 2171 2368 2229 Dictum
2394 2182 2477 2229 est
2507 2172 2655 2228 enim
2692 2182 2748 2228 et
2794 2173 2862 2227 ad
2892 2172 3077 2229 Jesnm
3108 2172 3278 2229 lilium
3306 2174 3457 2239 Nave
3485 2193 3500 2229 :
3536 2195 3556 2227 ι
3591 2176 3754 2243 Quod

2146 2278 2245 2319 ero
2294 2272 2472 2319 tecum
2495 2264 2560 2318 “.
2598 2281 2617 2315 ι
2652 2263 2723 2317 At
2764 2280 2869 2319 non
2914 2276 3038 2319 erat
3086 2264 3176 2321 ille
3225 2265 3573 2322 Emmanuel.
3624 2266 3761 2322 Fuit

2148 2356 2315 2412 etiam
2348 2371 2472 2411 cum
2505 2355 2728 2429 Moyse;
2759 2357 2855 2411 sed
2886 2372 2987 2413 nec
3024 2356 3113 2413 ille
3142 2357 3465 2412 Emmanuel
3494 2359 3756 2413 nomina-

2148 2458 2236 2505 tus
2266 2457 2372 2505 est.
2410 2448 2581 2520 lgitur
2613 2448 2831 2520 quoties
2861 2449 3113 2505 audimus
3143 2463 3342 2504 nomen
3386 2447 3528 2503 Filio
3554 2449 3752 2505 datum

2148 2556 2293 2611 esse,
2351 2560 2371 2595 ι
2405 2542 2693 2597 nobiscum
2740 2542 2907 2607 Deus,
2938 2560 2958 2594 ι
3014 2541 3294 2612 sapienter
3345 2541 3749 2611 intelligamus,

2149 2648 2256 2689 non
2298 2633 2372 2687 ita
2414 2634 2588 2703 ipsum
2618 2632 2791 2689 fuisse
2818 2634 3103 2689 nobiscum
3138 2634 3458 2690 novissimis
3484 2634 3756 2704 tempori-

2149 2724 2275 2793 bus,
2308 2727 2453 2780 sicut
2480 2725 2681 2780 dicitur
2707 2725 3003 2794 aliquando
3025 2724 3194 2781 fuisse
3215 2735 3339 2781 cum
3371 2726 3614 2781 salictis:
3643 2728 3753 2784 illis

2148 2816 2295 2870 enim
2345 2826 2465 2871 erat
2510 2825 2721 2870 tantum
2765 2816 3017 2887 adiutor;
3060 2816 3344 2873 nobiscum
3394 2827 3583 2872 autem
3625 2816 3747 2881 fuit,

2150 2906 2205 2962 id
2231 2917 2335 2973 est,
2365 2908 2543 2964 lactus
2561 2915 2648 2963 est
2677 2906 2876 2963 similis
2906 2908 3105 2974 nostri,
3138 2923 3259 2963 cum
3284 2924 3441 2965 snam
3477 2925 3586 2963 non
3614 2910 3752 2964 ami-

2151 3000 2312 3056 sisset
2351 3010 2599 3055 naturam
2628 3012 2644 3052 :
2673 3009 2756 3056 est
2790 3001 2935 3055 enim
2983 3000 3439 3068 inconvertibilis,
3488 3011 3551 3056 ut
3582 3001 3749 3058 Deus.

2755 3135 3009 3189 KEQAA.
3051 3136 3133 3192 H'.

2310 3248 2468 3313 Τίνα,
2503 3247 2681 3319 φησι,
2703 3250 2963 3322 λέγομεν
2990 3246 3143 3306 εῖναι
3175 3250 3291 3319 τὴν
3324 3252 3575 3306 ἕνωσιν.

2217 3385 2293 3440 Τὸ
2327 3386 2427 3456 τῆς
2472 3385 2722 3451 ἕνώσεως
2751 3387 2944 3458 χρῆμα
2977 3388 3127 3465 mea
3150 3387 3381 3453 πολλοὺς
3411 3389 3752 3444 ἐπιτελεῖται

2146 3474 2411 3547 sponsor
2456 3475 2778 3549 διῃρημένοι
2821 3479 2933 3551 γᾶρ
2973 3496 3121 3543 τινες
3161 3478 3305 3532 κατὰ
3349 3479 3591 3536 διάθεσιν
3656 3484 3752 3536 καὶ

2148 3566 2396 3640 γνώμην,
2432 3569 2528 3623 καὶ
2559 3568 2924 3639 διχονοοῦντες
2979 3570 3115 3643 πρὸς
3149 3571 3451 3643 ἀλλήλους,
3493 3572 3749 3627 ὲνοῦσθαι

2149 3659 2395 3728 λέγονται
2424 3660 2567 3714 κατὰ
2597 3660 2873 3731 σύμϐασιν
2893 3662 3136 3734 φιλικὴν,
3168 3663 3234 3716 ὲκ
3263 3664 3435 3734 μέσου
3462 3663 3751 3728 ποιοῦντες

2144 3752 2247 3817 τὰς
2283 3752 2581 3824 διαφοράς”
2629 3751 2883 3806 ἑνοῦσθαι
2933 3753 2992 3807 δέ
3035 3771 3217 3825 φαμεν
3249 3757 3345 3809 καὶ
3390 3754 3460 3809 τὰ
3490 3756 3751 3826 ἀλλήλοις

2147 3845 2488 3916 κολλώμενα,
2520 3846 2691 3916 ἤγουν
2757 3844 3137 3916 συνηνεγμένα
3188 3845 3311 3900 καθ’
3364 3846 3590 3918 ἑτέρους
3624 3848 3750 3917 τρός

2148 3952 2306 4001 τιους,
2350 3935 2385 4007 ἢ
2433 3934 2577 3989 κατὰ
2612 3931 2938 4005 παράθεσιν,
2972 3934 3005 4003 ἢ
3047 3932 3281 4005 μίξιν,ῆ
3327 3935 3529 4005 κρᾶσιν
3556 3951 3570 3966 ο
3616 3934 3749 3988 ὅταν

2147 4021 2244 4080 οὗν
2273 4025 2529 4080 ἑνοῦσθαι
2567 4023 2802 4096 λέγομεν
2834 4026 2901 4095 τῇ
2947 4022 3067 4077 καθ’
3114 4025 3263 4097 ἡμᾶς
3312 4025 3475 4094 φύσει
3518 4024 3615 4079 τὸν
3648 4024 3748 4080 τοῦ

2148 4116 2286 4172 Θεοῦ
2310 4118 2507 4187 Λόγον,
2537 4115 2804 4187 κρείττων
2829 4115 3028 4186 ὁρᾶται
3056 4115 3159 4186 τῆς
3176 4115 3469 4188 ἀνθρώπου
3499 4117 3745 4182 διανοίας

2146 4210 2176 4261 ό
2196 4210 2297 4281 τῆς
2320 4208 2565 4272 ὲνώσεως
2588 4207 2786 4279 τρόπος
2812 4222 2825 4236 ·
2855 4207 2916 4259 οὐ
2946 4207 3055 4280 γάρ
3079 4225 3162 4261 τοι
3183 4209 3306 4263 καθ’
3332 4209 3429 4263 ἕνα
3456 4208 3571 4263 τῶν
3600 4213 3744 4282 εἰρη-

2150 4301 2328 4372 μένων
2384 4302 2565 4356 ἐστίν·
2616 4300 2935 4371 ἀπόρρητος
2966 4300 3023 4353 δὲ
3070 4302 3371 4370 παντελῶς,
3418 4304 3517 4357 καὶ
3560 4303 3743 4359 οὐδενὶ

2145 4394 2290 4467 τάχα
2316 4394 2427 4449 τῶν
2484 4394 2656 4450 ὅντων
2697 4393 3098 4465 διεγνωσμὲνος
3117 4436 3133 4461 ,
3164 4395 3304 4468 πλὴν
3343 4397 3426 4450 ὅτι
3458 4396 3610 4469 μόνῳ
3663 4398 3743 4467 τῷ

2147 4486 2326 4542 πάντα
2363 4486 2528 4541 εἰδότι
2554 4485 2695 4556 Θεῷ.

563 4576 633 4633 Et
678 4577 814 4634 nihil
876 4578 1106 4646 mirum,
1144 4578 1189 4635 si
1235 4577 1289 4634 in
1351 4578 1661 4649 huiusmodi
1713 4579 2042 4651 cogitatione

2221 4578 2332 4630 Καὶ
2367 4576 2679 4649 θαυμαστὸν
2729 4579 2915 4644 οὐδὲν,
2953 4580 3003 4632 εί
3040 4577 3151 4631 τῶν
3208 4577 3465 4631 τοιούτων
3520 4579 3744 4632 ἐννοιῶν

455 4670 765 4737 vincamur,
812 4685 933 4725 cum
969 4686 1059 4726 res
1091 4682 1333 4738 nostras,
1378 4674 1651 4745 quomodo
1695 4688 1755 4730 se
1784 4674 2037 4740 habeant,

457 4761 822 4832 inquirentes,
867 4762 1007 4817 ultra
1043 4766 1263 4819 modum
1294 4773 1495 4820 nostrae
1541 4764 1738 4819 mentis
1774 4765 2037 4821 inventio-

456 4870 579 4909 nem
624 4869 744 4910 esse
785 4855 1183 4923 conliteamur;
1216 4868 1569 4927 quonamque
1614 4856 1773 4912 modo
1800 4857 2039 4912 animam

2149 4667 2468 4741 ἡττώμεθα·
2505 4670 2596 4724 ὅτε
2626 4671 2696 4725 τὰ
2730 4670 2853 4726 καθ’
2890 4673 3040 4744 ἡμᾶς
3071 4670 3267 4735 αὐτοὺς
3321 4671 3471 4734 ὅπως
3514 4668 3585 4724 ἂν
3629 4670 3743 4742 ἔχοι

2148 4762 2590 4834 διερευνώμενοι,
2619 4766 2718 4834 τῆς
2768 4764 3004 4835 ἐνούσης
3044 4765 3176 4835 ἡμῖν
3206 4762 3443 4825 διανοίας
3477 4762 3744 4815 ἐπέκεινα

2148 4854 2249 4925 τὴν
2279 4853 2586 4924 κατάληψιν
2610 4855 2987 4928 ὁμολογοῦμεν
3014 4854 3300 4928 ὑπάρχειν.
3315 4852 3450 4908 Τίνα
3476 4852 3589 4924 γὰρ
3621 4854 3741 4926 τρό-

456 4946 696 5003 hominis
738 4962 837 5003 suo
870 4948 1088 5017 corpori
1124 4949 1416 5003 adunatam
1443 4961 1566 5005 esse
1597 4949 1884 5019 putemus?
1908 4949 2040 5017 Quis

2151 4962 2251 4999 πον
2283 4945 2527 5018 ἡνῶσθαι
2568 4946 2800 5018 νοοῦμεν
2844 4948 2943 5022 τὴν
2976 4947 3073 5004 τοῦ
3121 4948 3412 5022 ἀνθρώπου
3453 4946 3639 5020 ψυχὴν
3667 4948 3744 5019 τῷ

454 5047 541 5093 est
573 5039 665 5108 qui
697 5036 750 5092 id
774 5038 946 5106 possit
974 5038 1324 5107 exprimere?
1348 5038 1453 5095 Sed
1488 5039 1531 5093 si
1562 5049 1777 5108 oportet
1806 5055 1919 5108 eos,
1945 5042 2035 5110 qni

2152 5037 2269 5108 ἰδίῳ
2294 5040 2544 5110 σώματι;
2579 5040 2675 5104 Τίς
2725 5042 2753 5093 ό
2791 5042 2999 5111 φράσαι
3042 5040 3373 5111 δυνάμενοςς
3402 5040 3465 5093 El
3502 5040 3561 5093 δὲ
3614 5042 3742 5112 χρὴ,

453 5144 619 5200 parva
653 5143 717 5185 ea
766 5130 855 5184 vix
908 5129 1212 5201 intelligere
1262 5132 1506 5197 soleant;
1556 5133 1664 5186 imo
1712 5143 1764 5187 et
1813 5149 1907 5189 eos
1944 5135 2036 5204 qui

2150 5132 2323 5204 μικρὰ
2358 5133 2455 5185 καλ⁷
2474 5132 2627 5203 μόλις
2656 5133 2860 5187 ἐννοεῖν
2900 5134 3179 5199 εἰωθότας,
3206 5134 3300 5188 καὶ
3317 5132 3502 5186 λαλεῖν
3532 5133 3745 5203 ἰσχύον-

455 5222 667 5277 valeant
702 5221 1027 5293 intelligere,
1074 5234 1183 5279 tam
1215 5224 1441 5280 subtiles
1477 5240 1562 5281 res
1599 5235 1653 5281 ct
1681 5240 1896 5281 omnem
1946 5243 2036 5281 ra-

2150 5242 2274 5293 τας,
2309 5225 2418 5279 τῶν
2452 5224 2625 5288 οὕτως
2679 5227 2876 5296 ἰσχνῶν
2901 5269 2916 5294 ,
2955 5228 3050 5281 καὶ
3098 5225 3237 5297 ὑπὲρ
3288 5224 3415 5279 νοῦν
3452 5225 3551 5277 καὶ
3584 5224 3745 5292 λόγον

456 5318 659 5371 tionem
708 5316 1162 5374 transcendentes
1210 5317 1520 5387 conjectare
1559 5339 1571 5374 :
1607 5321 1840 5376 dicimus
1892 5322 2034 5391 quod

2150 5319 2492 5389 πραγμάτων
2514 5320 3063 5394 κατατεκμήρασθαι,
3091 5318 3293 5389 φαμὲν,
3319 5319 3400 5371 ὅτι
3435 5317 3641 5388 πρέποι
3678 5316 3745 5369 ἂν

456 5406 647 5462 deceat
680 5408 923 5477 cogitare
954 5410 1229 5480 (quamvis
1276 5413 1454 5483 minor
1486 5412 1556 5467 sit
1584 5412 1760 5467 oratio
1791 5410 1857 5467 ad
1894 5412 2033 5466 veri-

2150 5416 2373 5469 ἐννοεῖν·
2408 5412 2575 5485 μείων
2595 5416 2653 5471 δὲ
2685 5416 2907 5481 πάντως
2931 5415 3032 5486 τῆς
3062 5413 3320 5485 ἀληθείας
3344 5414 3372 5466 ὁ
3399 5412 3559 5481 λόγος
3580 5428 3591 5440 ·
3625 5427 3744 5465 τοι·

526 5638 569 5668 ⁸⁷
602 5635 754 5694 Joan.
804 5656 841 5706 ι,
896 5640 951 5694 3.
1045 5643 1088 5673 "
1122 5640 1249 5697 an.
1305 5643 1456 5707 |,'5l.
1562 5646 1606 5675 "
1642 5644 1803 5700 llcbr.
1859 5660 1916 5710 ll.
1974 5643 2033 5698 Η

2162 5643 2207 5675 ⁸ο
2242 5642 2406 5700 Hebr.
2440 5660 2515 5708 Ix,
2550 5644 2634 5701 l2.
2751 5644 2788 5673 "
2825 5643 2959 5700 Ibid.
3043 5645 3085 5678 ³³
3117 5644 3279 5701 Josue
3306 5660 3342 5709 ι,
3371 5660 3426 5698 ν.

527 5844 599 5909 (l)
664 5846 959 5905 Autbcrtus
1010 5849 1311 5907 versionem
1377 5851 1692 5909 llcrcato'is
1752 5852 2041 5910 emendare
2081 5851 2249 5909 voluit
2291 5868 2355 5911 cx
2385 5852 2595 5911 Graeco.
