3996 6472
258 444 404 501 1-5Π

1192 418 1487 492 8011οι1Λ
1534 434 1619 489 DE
1662 428 2183 487 INCARNATIONE
2227 427 2610 486 UNIGENITI.

3442 435 3577 494 1378

259 559 441 628 αὐτην
469 554 609 611 εἶναι
638 556 737 628 τὴν
768 557 966 610 ἕνωσιν
1002 551 1098 606 τοῦ
1154 550 1529 622 Ἐμμανουήλ,
1573 550 1857 617 ὀποίανπει

1985 544 2174 613 tatem)
2212 542 2374 598 talem
2407 557 2529 598 esse
2573 542 2967 599 adunationem
3019 543 3192 613 Ipsius
3224 542 3580 608 Emmanuel,

258 651 333 703 ἂν
368 650 646 718 λογίσαιτό
679 665 764 710 τις
797 648 892 699 καὶ
915 646 1015 715 τὴν
1044 645 1167 716 [τσ.
1200 645 1303 713 τῆς
1328 642 1423 696 τοῦ
1452 642 1611 711 ἀνορ.
1641 637 1861 710 ψυχῆς]

256 741 361 795 τοῦ
385 742 680 811 ἀνθρώπου
712 740 891 809 ψυχὴν
922 738 1057 809 πρὸς
1078 739 1141 791 τὸ
1164 738 1298 790 ἴδιον
1332 736 1515 805 σῶμα.
1552 732 1864 787 Οξκειοῦται

255 833 376 903 γὰρ
400 835 434 904 ἡ
461 832 609 903 ψυχὴ
628 830 697 884 τὰ
727 830 821 883 τοῦ
855 830 1128 900 σώματος,
1157 824 1336 880 καίτοι
1368 826 1509 880 κατά
1540 826 1702 895 φύσιν
1728 822 1863 877 ἰδίαν

255 926 534 996 ἀμέτοχος
559 919 699 976 οὖσα
737 920 845 974 τῶν
880 920 1048 974 αὐτοῦ
1081 918 1275 973 παθῶν
1322 915 1572 986 φυσικῶν
1618 932 1678 968 τε
1720 914 1860 985 ἅμα,

256 1017 360 1069 καὶ
391 1015 502 1068 τῶν
530 1013 734 1079 ἔξωθεν
774 1011 1158 1080 ἐπαγομένων.
1191 1010 1443 1063 Κινεῖται
1497 1007 1595 1079 μὲν
1639 1007 1751 1078 γὰρ
1781 1009 1863 1069 εἰς

254 1103 474 1174 ὀρέξεις
502 1103 564 1155 τὸ
600 1102 761 1172 σῶμα
795 1100 1055 1170 φυσικὰς.
1078 1100 1174 1153 καὶ
1198 1098 1620 1152 συναισθάνεται
1650 1096 1739 1149 διὰ
1762 1096 1862 1167 τὴν

252 1194 457 1247 ῐνωσιν
488 1194 522 1263 ὴ
564 1192 762 1246 ἐνοῦσα
795 1192 973 1263 ψυχή’
1006 1189 1374 1261 συμμετεσχει
1410 1187 1469 1242 δὲ
1513 1189 1635 1241 κατ’
1670 1187 1863 1241 οὐδένα

246 1285 495 1357 τρόπον’
526 1283 698 1337 οἴεταί
729 1300 792 1351 γε
827 1284 934 1353 μὴν
969 1281 1108 1334 ἰδίαν
1155 1279 1460 1335 ἀπόλαυσιν
1493 1272 1634 1331 εἶναι
1671 1278 1734 1331 τὸ
1761 1277 1862 1347 τῆς

246 1378 490 1447 ὀρέξεως
522 1378 897 1446 ἀποτέλεσμα·
928 1374 1033 1427 κᾶν
1063 1375 1111 1426 εἰ
1153 1372 1540 1437 καταξαίνοιτο
1587 1370 1752 1441 τυχὸν
1798 1368 1861 1421 τὸ

251 1468 446 1538 σῶμα,
495 1470 589 1521 καὶ
629 1467 835 1537 σιδήρῳ
892 1464 1280 1531 καταξαίνοιτο
1311 1463 1570 1531 συναλγεῖ
1622 1463 1743 1534 μὲν,
1783 1462 1861 1526 ὡς

252 1560 392 1613 ἰδίου
418 1561 722 1631 πάσχοντος
752 1559 1036 1629 σώματος·
1074 1558 1213 1627 αὐτὴ
1244 1574 1308 1625 γε
1341 1558 1448 1628 μὴν
1483 1559 1566 1620 εἰς
1596 1554 1732 1609 ἰδίαν
1758 1554 1860 1625 φύ-

248 1670 341 1706 σιν
376 1653 477 1706 οὐκ
506 1653 574 1707 ἀν
599 1670 652 1705 τι
689 1651 853 1705 πάθοι
879 1653 989 1704 τῶν
1021 1650 1499 1721 ἐπενηνεγμένων.

326 1744 479 1816 Πλὴν
502 1745 597 1797 καὶ
638 1744 780 1814 ὑπὲρ
810 1742 969 1796 τοῦτό
1013 1759 1197 1812 φαμεν
1231 1743 1325 1796 ἐπὶ
1354 1741 1453 1795 τοῦ
1501 1739 1860 1812 Ἐμμανουήλ

243 1836 353 1907 τὴν
385 1831 728 1893 ἓνω,σιν.⁷Ην
760 1837 857 1905 μὲν
895 1836 1001 1906 γὰρ
1034 1837 1359 1902 ἀναγκαῖον,
1390 1834 1469 1904 τῷ
1494 1835 1608 1905 ἰδίῳ
1640 1835 1857 1905 σώματι

1974 638 2190 707 qualem
2241 639 2366 707 quis
2416 636 2683 708 intelligat
2724 641 2965 691 animam
3017 637 3256 692 hominis
3301 638 3368 691 ad
3418 652 3580 693 suum

1972 744 2174 799 cOrpus
2212 729 2434 784 habere.
2471 728 2579 801 [(l)
2623 729 2821 783 Anima
2862 730 3009 783 enim
3052 729 3236 783 omnia
3285 744 3408 800 qua:
3450 737 3581 785 sunt

1971 821 2243 891 corporis,
2274 834 2398 875 esse
2441 830 2656 889 reputat
2691 835 2812 885 sua,
2854 820 2983 876 licet
3014 836 3112 892 per
3145 832 3402 876 naturam
3447 837 3577 893 pro-

1972 914 2148 985 priam
2179 927 2377 982 expers
2409 913 2479 967 sit
2512 911 2593 984 (2)
2626 914 2975 982 passiouibus
3016 914 3291 984 corporis,
3318 924 3376 969 et
3413 922 3577 969 uatu-

1973 1006 2203 1069 ralibus,
2232 1014 2287 1059 et
2305 1019 2430 1074 quae
2456 1008 2802 1059 extrinsecus
2829 1005 3130 1059 accedunt:
3150 1015 3404 1061 movetur
3424 1007 3575 1062 enim

1952 1113 2171 1168 corpus
2218 1097 2271 1151 iu
2322 1096 2802 1166 concupiscentia:
2844 1097 3146 1163 naturales,
3186 1105 3243 1153 et
3292 1099 3573 1155 consentit

1971 1191 2173 1256 anima,
2222 1200 2278 1244 et
2329 1190 2482 1245 nullo
2527 1190 2653 1244 licet
2700 1189 2863 1242 modo
2904 1190 3263 1260 participans,
3303 1191 3573 1262 concupi-

1969 1279 2193 1333 scentia:
2231 1287 2415 1332 tamen
2460 1279 2668 1333 exitum
2704 1277 3127 1333 delectationem
3159 1283 3436 1351 propriam
3471 1281 3579 1337 du-

1970 1371 2066 1425 cit.
2108 1370 2174 1425 Et
2206 1372 2252 1426 si
2304 1369 2447 1425 forte
2476 1369 2624 1425 ferro
2668 1384 2871 1440 corpus
2909 1371 3277 1440 percutiatur,
3315 1380 3411 1426 aut
3458 1382 3577 1428 tor-

1968 1474 2225 1533 queatur,
2268 1462 2523 1518 coudolet
2563 1461 2654 1517 illa
2688 1461 2936 1533 quidem,
2969 1464 3116 1532 quod
3163 1478 3323 1517 suum
3371 1478 3575 1534 corpus

1966 1559 2214 1627 patiatur
2244 1574 2259 1612 :
2288 1557 2404 1626 ipsa
2455 1570 2585 1610 vero
2616 1554 2672 1611 in
2722 1568 2821 1610 sua
2872 1564 3069 1609 natura
3120 1555 3331 1609 nullum
3365 1555 3575 1625 patitur

1967 1650 2191 1705 omnino
2221 1657 2577 1703 tormentum.

2039 1740 2249 1796 Tamen
2294 1756 2461 1811 super
2510 1740 2615 1796 hoc
2664 1754 2888 1811 quoque
2924 1739 3158 1795 dicimus
3207 1756 3330 1797 esse
3364 1744 3573 1797 aduna-

1969 1834 2196 1899 tionem,
2249 1848 2370 1904 qua!
2421 1833 2592 1889 estin
2646 1832 3006 1887 Emmanucle
3034 1833 3179 1888 facta
3209 1852 3222 1886 :
3255 1844 3377 1890 erat
3424 1835 3574 1890 enim

248 1928 546 1995 συναλγεῖν
574 1929 673 1997 τὴν
709 1927 1006 1979 ἐνωθείσαν
1055 1926 1237 1995 ψυχήν
1260 1943 1272 1954 ο
1312 1926 1399 1979 ἵνα
1436 1925 1716 1994 φεύγουσα
1754 1924 1857 1989 τὰς

1971 1938 2195 1979 necesse
2238 1939 2362 1978 cum
2395 1938 2496 1978 suo
2525 1938 2760 1993 corpore
2788 1925 3083 1979 aduualam
3117 1924 3165 1979 ei
3200 1924 3441 1980 animam
3473 1926 3571 1979 da-

246 2019 462 2080 αἰκίας,
502 2021 714 2089 εὐήνιον
762 2020 1028 2089 ὑποφέροι
1076 2020 1156 2089 τῷ
1196 2018 1318 2090 Θεῷ
1338 2018 1431 2071 τὸν
1463 2018 1689 2088 αὐχένα.
1728 2017 1856 2071 Ἐπὶ

246 2112 309 2165 δέ
348 2128 410 2179 γε
443 2111 537 2163 τοῦ
556 2110 692 2163 Θεοῦ
730 2112 909 2179 Λόγου
944 2112 1001 2163 τὸ
1038 2111 1498 2166 συναισθάνεσθαι
1528 2110 1635 2163 τῶν
1662 2111 1858 2165 αἰκιῶν

245 2203 458 2257 ἄτοπον
484 2204 661 2255 εἰπεῖν
686 2222 698 2233 ·
736 2204 951 2267 ἀπαθὲς
976 2205 1085 2275 γὰρ
1114 2205 1175 2259 τὸ
1220 2203 1399 2267 Θεῖον,
1444 2204 1537 2257 καὶ
1562 2204 1664 2257 οὐκ
1694 2204 1754 2257 ἐν
1793 2220 1858 2273 γε

250 2298 369 2357 τοῖς
392 2296 510 2348 καθ’
543 2297 692 2366 ἡμᾶς
715 2312 726 2322 ·
895 2297 1077 2367 ἠνωτο
1106 2297 1205 2367 μὲν
1234 2296 1424 2367 σαρκὶ,
1449 2295 1627 2367 ψυχὴν
1653 2296 1859 2370 ἐχούσῃ

246 2387 355 2454 τὴν
382 2386 606 2457 λογικήν
628 2402 640 2415 ·
676 2387 996 2458 πασχούσης
1021 2388 1080 2442 δὲ
1110 2390 1302 2459 αὐτῆς,
1335 2387 1566 2452 ἀπαθῶς
1590 2384 1658 2460 ἦν
1689 2390 1748 2442 ὲν
1777 2392 1856 2442 εἰ·

244 2480 409 2548 δήσει
444 2481 552 2531 τῶν
585 2481 665 2539 εἰς
696 2480 867 2548 αὐτὴν
892 2480 1198 2550 γινομένων
1222 2497 1237 2511 '
1267 2487 1361 2533 καὶ
1385 2480 1617 2550 ἠφάνιζε
1653 2482 1752 2551 μὲν
1780 2481 1858 2545 ὡς

244 2572 386 2632 Θεὸς
432 2572 529 2633 τὰς
570 2573 668 2640 τῆς
704 2572 907 2639 σαρκὸς
954 2572 1277 2635 ἀσθενείας,
1330 2573 1595 2643 ᾠκειοῦτό
1638 2590 1701 2641 γε
1749 2573 1856 2644 μὴν

244 2664 423 2725 αὑτὰς
461 2664 534 2725 ὡς
564 2665 695 2715 ἰδίου
728 2664 984 2733 σώματος
1007 2680 1020 2694 ⁸
1050 2663 1195 2717 οὕτω
1228 2666 1320 2718 καὶ
1349 2665 1607 2737 πει-δῆσαι
1637 2667 1856 2735 λέγεται

245 2758 347 2810 καὶ
381 2760 602 2826 καμεῖν,
642 2758 736 2811 καὶ
775 2756 968 2811 παθεῖν
1006 2759 1147 2829 ὑπὲρ
1174 2757 1360 2828 ήμῶν.

321 3021 540 3074 Οὐκοῦν
567 3022 958 3093 παρεικάζοιτο
994 3022 1060 3075 ἂν
1088 3024 1119 3092 ἠ
1154 3023 1347 3087 ἓνωσις
1386 3022 1481 3075 τοῦ
1512 3024 1688 3091 Λόγου
1719 3025 1854 3094 πρὸς

242 3116 307 3166 τὸ
331 3114 675 3185 ἀνθρώπινον
706 3117 807 3168 οὐκ
834 3116 944 3169 ἀπὸ
982 3115 1189 3168 σκοποῦ
1219 3120 1334 3180 τοῖς
1367 3116 1491 3170 καθ’
1528 3119 1695 3187 ἡμᾶς.
1725 3118 1855 3170 Ὥσ-

242 3224 360 3278 περ
382 3208 492 3277 γὰρ
523 3208 820 3277 ἐτεροφυὲς
855 3209 956 3278 μὲν
981 3208 1041 3262 τὸ
1074 3209 1235 3279 σῶμα
1262 3210 1399 3281 πρὸς
1419 3210 1518 3280 τὴν
1546 3209 1745 3280 ψυχὴν,
1772 3203 1854 3273 εἷς

244 3316 313 3368 γε
350 3299 459 3368 μὴν
502 3298 562 3363 ἐξ
594 3299 802 3367 ἀμφοῖν
844 3297 1135 3370 ἄνθρωπος
1162 3299 1513 3352 ἀποτελεῖται
1550 3301 1646 3354 καὶ
1696 3300 1853 3369 λέγε-

242 3407 341 3443 ται
364 3407 377 3419 ·
410 3388 554 3441 οὕτω
588 3390 682 3441 καὶ
705 3391 771 3441 ὲκ
801 3389 1017 3452 τελείας
1048 3388 1406 3453 ὑποστάσεως
1453 3388 1549 3442 τοῦ
1583 3388 1719 3443 Θεοῦ
1751 3390 1854 3443 Λό-

242 3498 373 3551 γου,
408 3480 505 3533 καὶ
542 3479 650 3550 μὴν
690 3480 788 3535 καὶ
819 3480 879 3544 ἐξ
906 3481 1333 3552 ἁνθρωπότητος
1365 3480 1588 3545 τελείως
1618 3482 1855 3554 ἐχούσης

244 3573 395 3629 κατά
416 3572 509 3626 τὸν
539 3574 672 3626 ἴδιον
694 3573 875 3641 λόγον,
905 3567 988 3637 εἷς
1014 3575 1042 3626 ό
1072 3574 1330 3644 Χριστὸς,
1350 3576 1378 3627 ὁ
1402 3575 1565 3637 αὐτὸς
1590 3575 1855 3646 ὑπάρχων

244 3671 306 3721 ἂν
327 3665 514 3735 ταυτῷ
542 3664 675 3728 Θεὸς
699 3681 759 3717 τε
784 3665 922 3736 ὁμοῦ
956 3666 1051 3718 καὶ
1080 3664 1390 3738 ἄνθρωπος.
1418 3666 1529 3719 Καὶ
1556 3668 1854 3721 οἰκειοῦται

249 3761 356 3831 μὲν
383 3760 412 3811 ό
440 3756 635 3825 Λόγος,
670 3757 747 3820 ὡς
777 3756 937 3829 ἔφην,
977 3757 1049 3809 τὰ
1076 3759 1176 3829 τῆς
1217 3757 1353 3821 ἰδίας
1386 3759 1611 3830 σαρκὸς,
1644 3759 1725 3811 ὅτι
1765 3760 1857 3813 καὶ

246 3853 420 3907 αὖτοῦ
450 3853 511 3906 τὸ
543 3852 723 3921 σῶμτ.
782 3853 877 3904 καὶ
920 3851 1019 3920 οὐχ
1074 3850 1299 3921 ἑτέρου·
1356 3854 1747 3905 χοινοποιεῖται
1798 3854 1856 3906 δὲ

245 3948 442 4018 ὥσπερ
480 3948 546 4017 τῇ
587 3946 693 4015 ἰδίᾳ
728 3944 896 4015 σαρκὶ
924 3944 1025 4013 τῆς
1062 3944 1290 4014 ἐνούσης
1330 3943 1482 4015 αὑτῷ
1514 3944 1855 4017 θεοπρεποῦς

245 4037 535 4107 δυνάμεως
576 4035 676 4107 τὴν
728 4035 1045 4105 ἐνέργειαν⁹
1092 4034 1233 4088 ὥστε
1282 4034 1543 4088 δύνασθαι
1574 4038 1669 4090 καὶ⁵
1720 4038 1857 4101 ζωο-

248 4131 430 4182 ποιεῖν
472 4127 602 4192 τοὺς
662 4126 927 4198 νεκροὺς,
987 4126 1080 4179 καὶ
1133 4126 1315 4180 ἰᾶσθαι
1373 4128 1501 4191 τοὺς
1554 4130 1611 4181 ὲν
1664 4130 1850 4202 ἀρῤωο

247 4217 457 4282 στίαις.

866 4353 1120 4407 ΚΕΦΑΛ.
1162 4354 1239 4406 Θθ.

737 4467 877 4533 Περὶ
908 4466 1017 4521 τοῦ
1058 4466 1379 4537 ἄνθρακος.

1966 2013 2103 2080 lere,
2138 2013 2219 2085 (3)
2252 2023 2310 2067 ut
2355 2014 2483 2069 dum
2518 2014 2746 2069 timebat
2781 2016 3092 2086 passiones,
3139 2016 3417 2072 subditam
3447 2032 3574 2073 cer-

1962 2106 2138 2159 vicem
2168 2105 2280 2160 Deo
2303 2107 2703 2181 submitteret].
2741 2107 2817 2164 De
2847 2106 2962 2163 Deo
2998 2116 3181 2163 autem
3210 2108 3387 2165 Verbo
3441 2126 3575 2165 cou-

1963 2196 2150 2253 dolere
2178 2200 2529 2268 passionibus
2558 2201 2713 2257 nefas
2740 2212 2823 2257 est
2849 2201 3039 2256 dicere
3067 2219 3081 2254 :
3113 2202 3284 2273 783
3318 2202 3574 2272 impassi-

1964 2292 2088 2347 bilis
2112 2293 2258 2347 enim
2290 2292 2436 2347 Deus
2463 2306 2568 2361 est,
2605 2306 2661 2349 et
2692 2306 3008 2351 nostrarum
3038 2312 3220 2351 rerum
3266 2296 3425 2367 longe
3455 2296 3573 2351 dis.

1960 2385 2195 2451 similis;
2251 2387 2346 2441 sed
2390 2388 2663 2441 adunatus
2698 2389 2918 2456 quidem
2967 2398 3088 2443 erat
3136 2389 3290 2442 carni
3340 2389 3571 2444 habenti

1962 2478 2202 2531 animam
2246 2479 2648 2543 rationabilem,
2679 2495 2786 2549 qua
2815 2481 3062 2549 patiente
3094 2480 3212 2550 ipse
3256 2480 3575 2549 impassibi-

1963 2568 2051 2633 Iis,
2093 2585 2159 2623 ea
2195 2585 2315 2637 qua:
2362 2571 2558 2623 animm
2605 2572 3015 2641 contingerent,
3064 2572 3462 2642 cognoscebat,
3518 2582 3575 2629 et

1960 2662 2329 2717 contundebat
2374 2663 2619 2732 quidem,
2651 2672 2707 2716 ut
2749 2662 2914 2728 Deus,
2952 2668 3140 2721 carnis
3184 2665 3569 2735 infirmitates;

1960 2767 2090 2807 suas
2127 2762 2309 2807 tamen
2350 2768 2465 2817 eas,
2502 2763 2761 2822 tauquam
2804 2754 2885 2807 sui
2926 2756 3200 2823 corporis,
3232 2768 3357 2809 esse
3398 2754 3570 2810 duce-

1962 2847 2075 2901 bat.
2111 2845 2300 2914 Itaque
2324 2849 2589 2903 esuriisse
2626 2848 2847 2915 dicitur,
2888 2847 3151 2920 fatigatus
3184 2865 3330 2919 esse,
3370 2864 3571 2920 passus

1963 2938 2133 2993 fuisse
2164 2956 2264 3008 pro
2307 2940 2482 2995 nobis.

2034 3028 2181 3097 Ergo
2229 3028 2394 3083 Verbi
2445 3030 2730 3095 aduuatio,
2763 3047 2885 3100 quas
2930 3042 3015 3088 est
3050 3050 3173 3089 cum
3227 3035 3573 3091 humanitate

1961 3120 2133 3185 facta,
2180 3137 2289 3176 non
2336 3123 2794 3178 irrationabiliter
2829 3126 2990 3180 rebus
3035 3126 3240 3182 nostris
3279 3143 3571 3200 compare-

1962 3223 2072 3269 tur.
2110 3212 2245 3267 Nam
2283 3215 2427 3269 sicut
2459 3229 2660 3286 corpus
2704 3218 2936 3272 alterius
2978 3228 3065 3272 est
3118 3229 3330 3274 natura:
3370 3232 3574 3291 praeter

1966 3308 2235 3373 animam,
2268 3318 2324 3363 et
2352 3323 2495 3363 unus
2528 3317 2711 3363 tamen
2742 3323 2811 3363 ex
2863 3318 3097 3380 utroque
3144 3313 3307 3367 homo
3338 3311 3573 3369 eﬂicitur

1962 3407 2020 3455 et
2051 3410 2317 3463 vocatur;
2349 3400 2426 3454 ita
2470 3399 2637 3455 etiam
2668 3413 2737 3455 ex
2774 3399 3017 3470 perfecta
3047 3401 3145 3458 Dei
3182 3403 3345 3459 Verbi
3392 3405 3572 3459 subsi-

1957 3490 2157 3546 stentia
2199 3500 2256 3545 et
2303 3505 2371 3546 ex
2421 3489 2770 3545 humanitate
2799 3488 3043 3559 perfecta
3103 3507 3244 3547 unus
3295 3503 3377 3548 est
3410 3492 3573 3550 Chri-

1959 3594 2099 3648 stus,
2138 3584 2284 3638 ident
2317 3584 2370 3638 in
2417 3584 2607 3638 eodem
2646 3584 2792 3639 Deus
2821 3585 2985 3640 simul
3031 3594 3089 3640 et
3131 3586 3332 3652 homo;
3366 3597 3420 3641 et
3470 3603 3568 3643 sua

1958 3676 2177 3747 quidem
2227 3676 2379 3731 ducit
2412 3676 2558 3731 Deus
2598 3675 2866 3741 Verbum,
2915 3687 2976 3732 ut
3008 3689 3139 3733 ante
3173 3679 3310 3745 dixi,
3353 3694 3418 3734 ea
3449 3697 3572 3751 quae

1959 3779 2087 3822 sunt
2143 3770 2331 3823 carnis
2368 3771 2612 3839 propria,
2654 3770 2782 3839 quia
2838 3770 3011 3839 ipsius
3058 3781 3143 3827 est
3190 3788 3412 3843 corpus,
3462 3792 3571 3829 unu

1959 3858 2211 3915 alterius.
2249 3858 2584 3917 Communes
2618 3870 2803 3915 autem
2846 3860 2983 3917 facit
3014 3872 3280 3933 tanquam
3316 3881 3442 3921 cum
3470 3882 3571 3920 sua

1959 3966 2130 4007 carne
2163 3952 2362 4006 divinae
2392 3966 2507 4007 suae
2563 3953 2875 4024 majestalis
2916 3960 3296 4027 operationes,
3351 3940 3412 4013 ut
3444 3973 3575 4029 pos-

1959 4055 2043 4100 set
2075 4045 2243 4101 etiam
2276 4045 2558 4102 viviﬁcare
2589 4058 2857 4117 mortuos,
2884 4059 2941 4107 et
2970 4065 3170 4107 sanare
3200 4051 3471 4110 iutlrmos.

2625 4358 2783 4415 CAP.
2820 4359 2913 4417 IX.

2576 4468 2655 4523 De
2691 4487 2753 4523 ra
2762 4472 2940 4527 rbone.

323 4578 389 4631 Εἰ
419 4576 477 4630 δὲ
525 4576 653 4648 χρὴ,
699 4578 796 4631 καὶ
834 4581 945 4643 τοῖς
986 4580 1051 4633 ὲκ
1084 4581 1181 4651 τῆς
1217 4581 1581 4638 θεοπνεύστου
1627 4587 1853 4661 Γραφῆς

2036 4580 2114 4653 (4)
2155 4582 2228 4637 At
2276 4583 2321 4637 si
2360 4578 2617 4641 convenit
2662 4574 2934 4658 exentplis
2977 4589 3145 4643 etiam
3180 4590 3380 4649 divinae
3417 4592 3568 4651 Scri-

247 4667 668 4738 παραδείγμασι
702 4671 1102 4740 κεχρημένους,
1130 4672 1386 4744 καθάπερ
1423 4676 1480 4728 ἐν
1515 4676 1708 4742 τύποις
1763 4680 1855 4735 τὸν

1968 4686 2175 4745 ptum,
2219 4677 2374 4745 quasi
2432 4692 2533 4747 per
2578 4677 2809 4750 figuram
2836 4722 2850 4746 ,
2898 4679 3298 4739 adunationem
3346 4686 3569 4743 demon-

246 4762 350 4832 τῆς
382 4760 628 4823 ὲνώσεως
663 4761 982 4826 καταδεῖξαι
1026 4765 1247 4834 τρόπον,
1287 4768 1419 4838 φέρε
1469 4768 1744 4841 λέγωμεν.
1795 4775 1853 4827 '0

1968 4782 2143 4824 strare
2164 4807 2180 4833 ,
2220 4783 2342 4838 age,
2371 4769 2639 4837 dicamus,
2686 4782 2744 4826 ut
2777 4788 3092 4842 possumus.
3128 4774 3327 4832 Beatus
3359 4779 3569 4835 Isaias:

253 4854 529 4923 μακάριος
558 4853 804 4917 Ἡσαΐας,
851 4854 1209 4928 Ἀπεστάλη,‹
1240 4861 1395 4930 φησὶ,
1418 4862 1551 4932 πρός
1577 4881 1642 4933 με
1662 4864 1719 4915 ἓν
1739 4864 1851 4918 τῶν

1970 4879 1986 4911 ι
2019 4859 2216 4915 Missus
2245 4870 2349 4929 est,
2384 4861 2584 4932 inquit,
2621 4864 2689 4916 ad
2736 4879 2823 4918 me
2868 4881 3011 4921 unus
3055 4882 3121 4922 ex
3155 4866 3468 4939 Seraphim,
3518 4885 3567 4926 et

254 4945 514 5016 Σεραφίμ
538 4959 550 4971 ·
584 4945 677 4998 καὶ
711 4947 767 4998 ὲν
792 4950 859 5018 τῇ
903 4950 1051 5019 χειρὶ
1079 4945 1224 5019 εἶχεν
1268 4950 1536 5023 ἄνθρακα,
1562 4954 1621 5009 ὃν
1664 4959 1731 5027 τῇ
1759 4957 1849 5010 λα-

1968 4955 2018 5008 iu
2057 4970 2222 5010 manu
2268 4954 2509 5011 habebat
2555 4957 2873 5024 carbonem,
2908 4975 3072 5030 quem
3108 4960 3317 5033 forcipe
3362 4967 3569 5035 accepit

248 5036 363 5089 είδι
392 5035 584 5089 ἔλασεν
608 5038 716 5090 ἀπὸ
747 5037 844 5091 τοῦ
870 5040 1265 5111 θυσιαστηρίου
1287 5060 1300 5073 ο
1323 5044 1417 5095 καὶ
1438 5038 1570 5114 ἦλθε
1596 5047 1733 5115 πρός
1763 5065 1854 5119 με,

1968 5048 2033 5100 ab
2073 5046 2258 5112 altari,
2291 5059 2347 5102 et
2392 5049 2545 5104 venit
2584 5050 2653 5105 ad
2698 5066 2807 5117 me,
2841 5064 2897 5108 et
2937 5055 3113 5124 tetigit
3151 5056 3294 5111 labia
3343 5073 3484 5124 mea,
3516 5069 3569 5113 et

250 5131 347 5181 καὶ
372 5130 553 5199 ἥψατο
578 5129 688 5181 τῶν
720 5130 947 5200 χειλέων
989 5150 1116 5203 μου,
1159 5135 1256 5187 καὶ
1288 5130 1470 5189 εἶπεν·
1508 5138 1647 5192 Ἰδοὺ
1677 5140 1857 5210 ἥψατο

1968 5139 2103 5192 dixit
2142 5139 2209 5193 ad
2249 5155 2379 5195 me:
2418 5140 2556 5197 Ecce
2590 5143 2770 5214 tetigit
2820 5145 2922 5201 hoc
2954 5145 3097 5201 labia
3144 5158 3257 5214 tua,
3283 5160 3337 5205 et
3368 5152 3566 5206 adimet

248 5220 413 5273 τοῦτο
448 5222 559 5273 τῶν
589 5223 815 5291 χειλέων
842 5240 959 5289 σου,
995 5227 1091 5279 καὶ
1126 5227 1323 5296 ἀφελεῖ
1346 5228 1445 5293 τάς
1471 5230 1704 5301 ἀνομίας
1735 5249 1855 5298 σου,

1968 5235 2279 5303 iniquitates
2338 5243 2497 5303 tuas,
2548 5248 2605 5291 et
2674 5249 2898 5307 peccata
2954 5249 3044 5294 tua
3101 5243 3510 5313 repurgabit".
3546 5264 3564 5295 ι

251 5315 351 5367 καὶ
389 5314 489 5377 τὰς
514 5314 794 5385 ἁμαρτίας
825 5333 918 5370 σου
950 5319 1360 5390 περικαθαριεῖ.
1388 5341 1406 5374 ι
1441 5323 1628 5394 Φαμὲν
1668 5323 1725 5376 δὲ
1757 5325 1849 5379 τὸν

1968 5326 2268 5383 Carbonem
2302 5338 2486 5383 autem
2520 5328 2762 5385 dicimus
2802 5330 3033 5401 ﬁguram
3066 5342 3119 5387 ct
3150 5334 3443 5405 imaginem
3476 5353 3565 5391 uo.

328 5492 373 5522 ”
412 5490 513 5546 lsa.
542 5508 615 5557 Vl,
640 5494 693 5561 6,
719 5494 776 5547 7.

336 5672 414 5737 (l)
459 5671 572 5726 lloc
618 5673 983 5743 fragmentum
1016 5676 1207 5734 iisdem
1256 5680 1426 5735 ferme
1455 5682 1637 5737 verbis
1682 5682 1850 5737 refert
2057 5688 2113 5757 5)
2155 5690 2473 5757 Facundus,
2514 5706 2569 5749 ut
2611 5698 2867 5753 timendo.

336 5744 547 5829 gurdus
580 5745 674 5829 lib_.
711 5761 790 5813 χι,
820 5762 938 5826 cap.
974 5748 1022 5801 7.
1352 5823 1363 5829 _
1725 5826 1752 5829 Α
2029 5690 2108 5829 ξι)
2155 5761 2251 5816 llic
2286 5766 2484 5818 iterum
2515 5769 2866 5829 interpolavit

254 5740 1099 5838 Fi‘th'lg‘lsmlfPI-j'.fil);A7:__
1172 5837 1175 5838 ν
1352 5823 1363 5833 ,
1467 5833 1476 5838 _
1598 5835 1605 5838 _
1722 5826 1753 5838 μ
2155 5740 2867 5838 iti'éiié'riliil
2898 5772 3206 5824 Autbertus
3234 5769 3561 5825 Mercatoris

329 5812 405 5883 (2)
450 5812 751 5890 Facuttdus,
797 5812 1103 5883 positionum
1155 5823 1388 5890 corporis
1430 5833 1477 5875 et
1521 5826 1844 5880 naturalium

598 5832 1121 5911 ξῗξιξξτ.-Ριξξδῄιριθίιξ-ιξι-
1155 5833 1477 5911 corporiset
1521 5832 1844 5911 naturalium
1958 5832 2288 5911 versionem,
2317 5844 2405 5911 _ut
2443 5846 2496 5889 ct
2545 5838 2595 5891 iu
2645 5832 3027 5911 sequentibus,
3074 5857 3305 5910 quorum
3350 5853 3562 5898 textum

256 5894 300 5936 et
330 5900 448 5951 quia
474 5890 796 5941 extrinsecus
836 5890 1123 5953 accidunt;
1160 5894 1301 5962 quod
1339 5895 1533 5948 melius
1566 5908 1669 5949 cst.

1955 5900 2204 5957 Graecum
2244 5904 2456 5962 habuit.
