3996 6458
217 391 361 452 1581

1153 389 1448 445 SCHOLIA
1492 388 1579 442 DL
1618 387 2135 442 ΙΜΞΜΠῚΑΉΟΝΕ
2178 385 2558 445 UNIGENITI.

3390 392 3528 447 L38!

212 513 287 567 hc
328 509 500 576 ξύλων
530 507 816 579 ἀσήπτων,
841 506 934 561 δύο
968 506 1191 578 πήχεων
1225 506 1320 559 καὶ
1347 506 1585 576 ἡμίσους
1625 504 1687 556 τὸ
1721 502 1808 574 μῆ·

1932 506 2099 559 monii
2132 521 2197 561 ex
2234 507 2396 578 lignis
2430 508 2885 578 imputribilihnsa
2911 506 3075 580 785
3112 508 3342 563 duorum
3375 513 3527 566 cnhi-

214 620 320 665 κος
349 619 361 630 ·
389 601 481 654 καὶ
504 601 707 671 πήχεος
736 600 830 653 καὶ
864 599 1095 670 ἡμίσους
1128 599 1189 650 τὸ
1212 598 1412 660 πλάτος
1435 614 1448 627 ·
1478 597 1574 650 καὶ
1606 596 1810 666 πήχεος

210 694 320 748 καὶ
382 690 609 763 ἡμίσους
666 691 728 743 τὸ
785 690 950 761 ὕψοςο
1005 691 1101 745 καὶ
1151 688 1603 761 καταχρυσὼσεις
1639 689 1809 758 αὐτὴν

212 785 435 857 χρυσίῳ
460 781 707 854 καθαρῷ,
737 782 938 849 ἔξωθεν
995 782 1090 835 καὶ
1124 778 1329 833 ἔσωθεν
1369 778 1677 851 χρυσώσεις
1707 778 1808 830 αὑ-

206 874 345 945 τήν.
388 873 547 927 Ἀλλὰ
576 873 638 925 τὸ
666 872 768 941 μὲν
798 872 1044 943 ἄσηπτον
1078 869 1236 937 ξύλον
1270 869 1355 941 ετη
1396 869 1466 923 ἂν
1512 869 1590 932 εἰς
1641 868 1812 922 τύπον

210 966 316 1021 τοῦ
343 966 620 1037 ἀφθάρτου
654 965 909 1035 σώματος
934 980 945 992 ·
980 963 1226 1032 ἄσηπτος
1266 962 1376 1034 γὰρ
1418 964 1452 1032 ἡ
1484 960 1704 1033 κέδρος·
1750 963 1813 1015 τὸ

203 1058 276 1112 δὲ
308 1058 555 1128 χρυσίον,
609 1057 683 1121 ὡς
725 1057 827 1126 ὕλη
875 1054 985 1108 τῶν
1037 1054 1215 1108 ἄλλων
1269 1053 1666 1126 ὑπερηρμένη,
1711 1056 1813 1125 τῆς

207 1148 374 1211 θείας
402 1152 534 1220 ἡμῖν
554 1149 743 1212 οὐσίας
769 1147 1218 1220 κατασημήνειεν
1249 1146 1317 1201 ἂν
1350 1147 1449 1218 τὴν
1477 1147 1773 1217 ὑπεροχήν.

292 1240 488 1311 ’Δθρει
514 1241 591 1306 δὲ,
616 1242 764 1304 ὅπως
790 1241 823 1309 ὴ
856 1238 1087 1302 κιϐωτὸς
1114 1239 1211 1311 ὅλη
1242 1239 1560 1311 κεχρύσωτο
1602 1238 1815 1311 χρυσίῳ

206 1330 449 1405 καθαρῷ
518 1332 721 1387 ἔσωθεν
772 1332 867 1386 καὶ
910 1330 1130 1397 ἔξωθεν.
1178 1329 1396 1385 Ἦνωτο
1446 1333 1546 1402 μὲν
1586 1332 1694 1403 γὰρ
1743 1332 1811 1402 τῇ

209 1425 354 1496 ἁγίᾳ
380 1427 544 1497 σαρκὶ
568 1424 702 1488 Θεὸς
730 1424 806 1478 ὢν
832 1428 862 1479 ὁ
892 1425 1100 1494 Δόγοξ¹
1143 1425 1237 1478 καὶ
1262 1424 1443 1489 τοῦτο,
1479 1420 1657 1495 οἶμαι,
1696 1424 1815 1478 εστὶ

208 1518 278 1572 τὸ
320 1515 519 1584 ἔξωθεν
563 1516 945 1590 κεχρυσῶσθαι
966 1516 1064 1588 τὴν
1086 1516 1341 1572 κιϐωτόν.
1369 1518 1492 1571 Ὀτι
1512 1516 1571 1571 δὲ
1602 1516 1695 1569 καὶ
1716 1515 1815 1586 τὴν

207 1610 447 1664 ἐνοῦσαν
466 1609 543 1679 τῷ
576 1612 791 1681 σώματι
822 1609 1001 1681 ψυχὴν
1033 1608 1259 1681 λογικὴν
1300 1611 1441 1665 ιδίαν
1488 1612 1811 1683 ἐποιήσατο,

208 1703 584 1769 καταδείξειεν
606 1703 674 1758 ἂν
704 1704 763 1755 τὸ
785 1702 882 1759 καὶ
897 1702 1100 1756 ἔσωθεν
1130 1703 1301 1775 αὐτὴν
1332 1704 1814 1775 καταχρυσοῦσθαι

203 1793 329 1847 δεῖν
375 1791 648 1858 ἀπιτάξαι.
684 1792 810 1846 Ὀτι
842 1793 934 1846 καὶ
981 1793 1280 1864 ἀσύγχυτοι
1330 1797 1711 1867 μεμενήκασιν
1755 1796 1813 1849 αἱ

1923 606 2098 653 torum
2126 610 2180 655 et
2204 601 2412 656 dimidii
2442 603 2812 672 longitudine;
2846 612 2898 655 et
2937 602 3217 655 inanrahis
3240 618 3361 655 eam
3392 618 3529 657 auro

1921 708 2075 760 puro,
2112 700 2265 747 extra
2294 700 2350 749 et
2388 693 2532 749 intra
2571 695 2854 748 inaurahis
2883 710 3004 747 eam
3022 695 3089 747 ’³.
3123 713 3141 745 ι
3178 695 3285 748 Sed
3321 696 3527 766 lignum

1920 782 2161 852 quidem,
2198 798 2323 836 cum
2356 783 2691 853 imputribile
2724 784 2816 849 sit,
2842 794 2927 839 est
2953 786 3125 852 ligura
3164 786 3414 853 corporis
3444 785 3527 839 in-

1921 875 2163 942 corrupti
2199 892 2212 928 :
2245 875 2598 944 imputribilis
2645 876 2793 931 enim
2844 878 3076 942 cedrus;
3140 892 3339 932 aurum
3373 894 3527 944 vero,

1920 966 2075 1036 quasi
2115 968 2371 1023 materies
2403 967 2533 1022 aliis
2553 970 2871 1038 pretiosior,
2896 971 3096 1025 divina:
3127 970 3286 1025 nobis
3314 972 3525 1027 indicat

1920 1057 2248 1115 substantiae
2286 1057 2655 1128 majestatern.

1990 1237 2274 1294 Attendite
2323 1238 2487 1309 igitur
2532 1239 2793 1310 quoniam
2829 1254 2957 1295 arca
3007 1250 3117 1295 tota
3168 1243 3418 1297 inaurata
3451 1245 3528 1301 sit

1920 1342 2055 1387 auro
2084 1343 2223 1399 puro
2264 1339 2419 1385 extra
2456 1340 2513 1385 et
2559 1330 2727 1386 intra.
2762 1332 3049 1388 Adunatus
3086 1334 3307 1401 quidem
3342 1333 3525 1389 fuerat

1920 1429 2123 1476 sancta
2167 1420 2319 1474 carui
2371 1418 2514 1476 Deus
2544 1417 2806 1482 Verbum.
2838 1431 2895 1475 et
2947 1420 3001 1475 itl
3046 1430 3151 1485 est,
3198 1430 3259 1474 ut
3306 1422 3523 1490 opinor,

1922 1523 2106 1566 arcam
2131 1509 2301 1566 fuisse
2330 1518 2485 1567 extra
2512 1510 2844 1567 inauratam.
2865 1509 3020 1578 Quod
3048 1527 3177 1567 vero
3198 1519 3254 1568 et
3279 1513 3522 1567 animam

1922 1601 2325 1668 rationabilem,
2351 1618 2478 1675 quae
2507 1604 2731 1675 corpori
2759 1606 2957 1668 inerat,
2989 1604 3264 1676 propriam
3304 1604 3522 1671 iecerit,

1921 1708 1991 1751 ex
2024 1694 2129 1749 hoc
2154 1704 2398 1766 apparet,
2428 1695 2573 1767 quod
2601 1706 2661 1752 et
2686 1696 2827 1763 intra
2858 1712 3044 1752 arcam
3081 1697 3401 1765 pra'ceperit
3432 1698 3519 1750 in-

1923 1785 2128 1842 aurari.
2160 1785 2184 1859 Ι
2192 1787 2345 1855 Quod
2378 1798 2558 1842 autem
2593 1799 2805 1844 natura!
2832 1789 2950 1845 sive
2976 1788 3298 1845 substantia:
3330 1788 3521 1846 incon-

207 1885 430 1955 φύσεις,
480 1886 650 1957 ἦγουν
699 1884 1048 1952 ὑποστάσεις,
1094 1886 1347 1939 ἐντεῦθεν
1406 1887 1686 1958 εἰσόμεθα.
1740 1887 1808 1941 Τὸ

1920 1876 2055 1934 fuste
2110 1879 2433 1946 manserint,
2464 1881 2591 1940 hinc
2636 1883 2846 1937 scimus
2876 1900 2891 1937 :
2922 1897 3116 1936 aurum
3148 1881 3292 1935 enim
3328 1894 3522 1951 snper-

205 1976 327 2049 γάρ
353 1995 433 2031 τοι
458 1976 681 2049 χρυσίον
708 1976 1183 2049 ἑπαληλειμμένον
1208 1977 1287 2049 τῷ
1308 1978 1471 2049 ξύλῳ,
1504 1980 1815 2051 μεμένηκεν

204 2071 357 2142 ιπερ
382 2066 451 2143 ἦν
470 2088 484 2101 ·
534 2071 630 2125 καὶ
656 2070 1015 2125 κατεπλούτει
1048 2071 1148 2142 μὶν
1180 2071 1242 2125 τὸ
1269 2071 1426 2138 ξύλον
1452 2072 1546 2128 τοῦ
1588 2074 1813 2145 χρυσίου

204 2162 315 2231 τὴν
339 2161 497 2229 δόξαν
514 2179 529 2193 ⁸
563 2163 705 2235 πλὴν
730 2164 830 2219 οὐκ
859 2166 1074 2239 ἀπέστη
1098 2166 1193 2221 τοῦ
1218 2162 1359 2223 εἶναι
1387 2165 1566 2233 ξύλον.
1602 2169 1725 2223 Ὅτι
1754 2169 1813 2225 δὲ

205 2252 245 2323 ἧ
282 2252 518 2316 κιϐωτὸς
560 2254 643 2317 εἰς
670 2253 843 2309 τύπον
886 2256 1387 2327 παραλαμϐάνεται
1427 2258 1524 2313 τοῦ
1550 2258 1811 2330 Χριστοῦ,

199 2342 301 2396 διὰ
334 2342 543 2397 πολλῶν
572 2346 637 2401 ἄν
664 2361 751 2410 τις
771 2347 1107 2403 πιστώσεται
1131 2348 1332 2418 λόγων·
1349 2349 1677 2422 προεσάδιζε
1704 2351 1813 2423 γὰρ

200 2433 323 2489 τῶν
350 2431 412 2500 ἑξ
443 2436 681 2508 Ἰσραὴλ,
715 2437 959 2511 ζητοῦσα
983 2440 1170 2503 αὐτοῖς
1196 2441 1530 2499 ἀνάπαυσιν.
1569 2443 1717 2514 Ἔφη
1753 2441 1812 2495 δέ

203 2544 320 2580 που
337 2529 433 2580 καὶ
452 2531 482 2583 ὁ
507 2530 761 2601 Χριστός·
794 2550 812 2581 ι
835 2530 1211 2603 Πορεύσομαι,
1230 2534 1328 2588 καὶ
1350 2533 1630 2605 ἑτοιμάσω
1646 2534 1813 2589 τόπον

201 2618 368 2689 ὗμτν.
394 2639 416 2673 s

848 2755 1003 2813 CAP.
1042 2756 1163 2812 XII.

202 2859 369 2937 Quod
398 2874 666 2937 («inesset
710 2864 847 2920 Deus
891 2864 1136 2933 Verbum,
1170 2867 1347 2937 factus
1386 2870 1455 2923 sit
1498 2870 1676 2937 homo,
1717 2888 1811 2928 nec

282 2933 443 2985 homo
488 2934 839 3011 simillia-iter.
890 2933 1449 3011 ntideeonjuuftioge
1496 2933 1807 3011 honoratus,

282 3012 501 3076 vocatus
523 3005 589 3057 sit
612 3006 690 3076 ad,
707 3020 886 3067 parem
909 3005 1221 3075 dignitatem
1250 3007 1345 3061 Dei
1384 3008 1562 3076 Verbi,
1584 3012 1691 3067 sive
1712 3005 1810 3067 att;

279 3073 607 3136 claritatem,
646 3075 786 3128 sicut
825 3073 1143 3144 quibusdam
1181 3078 1411 3134 videtur.

281 3183 750 3281 Divinas-Paulus
773 3187 815 3218 ³¹
860 3203 1113 3281 magnum
1145 3190 1361 3259 quidem
1391 3192 1470 3247 ait
1525 3209 1646 3250 esse
1694 3210 1809 3265 myo
1836 3221 1882 3281 ο

199 3275 441 3329 sterinm
490 3275 727 3345 pietatis.
778 3278 844 3332 Et
872 3294 997 3333 vere
1028 3280 1100 3334 ita
1159 3296 1222 3336 se
1266 3298 1353 3338 res
1402 3285 1808 3345 habenulam-

203 3365 439 3421 lestatus
469 3377 553 3422 est
574 3368 721 3421 enim
758 3371 810 3422 in
843 3385 1027 3436 carne,
1076 3387 1196 3425 cum
1229 3373 1300 3427 sit
1332 3373 1473 3429 Deus
1525 3374 1802 3449 Verbum;

195 3458 537 3527 jnstillcatus
560 3469 643 3516 est
670 3473 849 3515 autem
890 3461 942 3513 in
976 3461 1203 3530 Spiritu.
1244 3461 1403 3517 Nullo
1445 3464 1589 3517 enim
1646 3465 1807 3525 modo

200 3551 415 3604 nostris
445 3550 656 3605 videtur
688 3552 1097 3605 inlirmitatibus
1144 3554 1437 3620 contineri,
1474 3555 1603 3609 licet
1647 3554 1807 3624 juxta

202 3655 309 3695 nos
357 3642 520 3695 homo
560 3642 633 3695 sit
678 3641 899 3697 laetus:
940 3656 1046 3695 non
1095 3643 1241 3697 enim
1288 3644 1425 3698 fecit
1473 3657 1805 3714 peccatum:

200 3718 467 3800 apparuit
500 3739 683 3784 autem
740 3740 796 3797 et
853 3733 1082 3802 angelis.
1139 3730 1329 3799 Neque
1387 3734 1531 3787 enim
1580 3751 1808 3805 genera-

205 3816 601 3887 tionemipsius
620 3820 918 3872 secundum
941 3834 1159 3873 carnem
1221 3821 1645 3889 ignoraverunt:
1668 3840 1807 3893 prae-

199 3908 424 3963 dicatus
474 3920 653 3964 autem
708 3920 762 3963 et
811 3912 1091 3980 gentibus,
1145 3913 1300 3980 quasi
1363 3914 1505 3969 Deus
1538 3915 1699 3969 homo
1725 3916 1807 3971 fa-

200 4010 363 4065 etus;
413 4000 486 4053 ita
531 3983 1007 4055 autem'creditns
1058 4014 1142 4055 est
1223 4004 1275 4056 in
1334 4007 1554 4059 mundo.
1601 4005 1805 4063 Proha-

201 4092 284 4143 vit
340 4100 518 4145 autem
554 4093 775 4146 divinus
810 4091 1010 4148 Paulus
1058 4095 1133 4148 ita
1189 4095 1479 4150 scribens:
1519 4114 1539 4148 ι
1575 4097 1805 4170 Propter

200 4181 354 4248 quod
386 4195 653 4235 memores
680 4189 878 4246 estote,
908 4184 1052 4251 quod
1082 4184 1379 4254 aliquando
1411 4201 1502 4240 vos
1534 4200 1723 4257 gentes
1748 4191 1801 4247 iu

200 4288 399 4337 carne,
420 4274 508 4341 qui
563 4274 806 4328 dicimini
856 4275 1201 4343 praeputium,
1230 4278 1298 4330 ab
1348 4291 1409 4331 ea
1453 4293 1573 4348 qua:
1604 4281 1803 4340 dicitur

201 4364 552 4419 circumcisio
606 4364 659 4418 in
716 4379 881 4419 carne
929 4365 1239 4420 manuiacta
1276 4384 1291 4420 :
1324 4368 1449 4436 quia
1504 4371 1674 4426 eratis
1708 4360 1799 4426 illo

204 4465 452 4524 tempore
480 4458 600 4510 sine
615 4454 837 4513 Christo
865 4457 1084 4511 alienati
1120 4474 1149 4510 a
1174 4460 1593 4519 conversatione
1610 4459 1799 4531 Israel,

1916 1971 2155 2043 positum
2204 1971 2351 2041 ligno
2406 1974 2610 2028 mansit
2664 1974 2717 2029 id
2761 1977 2907 2044 quod
2956 1986 3111 2037 erat,
3133 1981 3190 2028 et
3220 1974 3522 2033 ornabatur

1915 2064 2134 2134 quidem
2159 2063 2364 2135 lignum
2395 2066 2514 2119 auri
2540 2067 2777 2133 decore;
2812 2079 2997 2121 tamen
3030 2070 3235 2137 lignum
3262 2082 3517 2123 essenon

1916 2154 2094 2211 desiit.
2121 2154 2275 2222 Quod
2310 2170 2441 2210 vero
2470 2173 2597 2211 arca
2637 2157 2689 2212 in
2724 2157 2925 2213 Christi
2977 2158 3279 2229 accipiatur
3322 2158 3519 2228 imagi-

1916 2263 2063 2314 nem,
2094 2248 2341 2318 pluribus
2386 2258 2567 2319 potest
2602 2249 3027 2321 probationibus
3075 2248 3340 2305 declarari
3372 2245 3519 2322 (1).]

1915 2339 2349 2396 P'raaambulabat
2376 2342 2523 2396 enim
2555 2342 2639 2397 bis
2672 2342 2765 2410 qui
2797 2351 2927 2399 sunt
2951 2358 3018 2398 ex
3044 2342 3230 2407 Israel,
3260 2355 3518 2411 quarens

1915 2433 2051 2504 ipsis
2103 2432 2372 2501 requiem.
2408 2433 2502 2489 Ait
2551 2432 2753 2489 alicubi
2804 2441 2861 2488 et
2904 2431 3204 2489 Christus:
3250 2449 3272 2486 ι
3304 2430 3419 2498 ibo,
3464 2441 3522 2487 et

1914 2525 2121 2595 parabo
2152 2524 2306 2581 vobis
2335 2525 2513 2583 locum
2530 2525 2600 2582 ⁸⁸.
2633 2545 2654 2579 ι

1984 2704 2273 2762 Credimus
2302 2705 2491 2779 igitur,
2515 2721 2621 2762 non
2654 2706 2709 2761 in
2739 2720 2908 2761 unum
2940 2706 3116 2761 nostri
3150 2705 3384 2766 similem
3409 2705 3523 2762 dei-

1915 2805 2026 2853 tate
2052 2811 2150 2868 per
2174 2798 2409 2869 gratiam
2441 2798 2793 2863 honoratum,
2828 2812 2899 2852 ne
2928 2797 3170 2853 cultores
3194 2812 3320 2854 esse
3346 2798 3522 2855 homi-

1914 2890 2001 2944 nis
2027 2890 2381 2960 detegamur;
2412 2888 2509 2946 sed
2534 2891 2588 2945 in
2619 2891 2907 2946 Dominum
2930 2889 3125 2961 magis,
3146 2889 3312 2959 quiin
3331 2889 3519 2945 servili

1912 2974 2092 3036 forma
2130 2981 2456 3050 comparuit,
2489 2992 2546 3039 et
2578 2982 2670 3053 qui
2704 2980 2807 3037 fuit
2839 2996 2967 3037 vere
3006 2982 3179 3038 nostri
3213 2982 3433 3046 similis,
3464 2991 3520 3038 et

1914 3071 1968 3126 in
2000 3071 2343 3127 humanitate
2370 3082 2551 3127 tamen
2584 3072 2729 3128 Deus
2762 3074 2966 3137 mansit
2994 3094 3007 3131 :
3035 3073 3181 3131 Deus
3209 3076 3354 3130 enim
3387 3073 3520 3131 Ver-

1913 3159 2064 3231 bum,
2095 3180 2259 3221 carne
2284 3175 2585 3237 assumpta,
2621 3182 2728 3221 non
2767 3168 3020 3238 deposuit
3061 3169 3211 3239 quod
3231 3180 3391 3238 erat;
3427 3171 3519 3225 in-

1914 3255 2178 3329 telligitur
2202 3266 2386 3312 tamen
2416 3258 2559 3313 idem
2593 3258 2739 3315 Deus
2769 3260 2935 3315 simul
2964 3268 3020 3315 et
3046 3261 3232 3318 homo.

1984 3351 2050 3405 Et
2090 3350 2214 3406 ﬁdei
2263 3353 2482 3421 quidem
2529 3353 2671 3409 ratio
2706 3354 2781 3408 ita
2814 3368 2876 3409 se
2904 3352 3089 3420 habet,
3125 3364 3180 3409 et
3212 3365 3358 3410 recte
3394 3358 3519 3426 qui-

1911 3444 2056 3500 dem.
2085 3442 2193 3499 Sed
2239 3446 2283 3499 si
2330 3444 2471 3500 l‘orte
2517 3444 2723 3514 aliquis
2765 3445 2935 3511 dicat,
2973 3445 3119 3513 Quid
3157 3446 3284 3501 mali
3331 3456 3436 3513 est,
3467 3450 3515 3501 si

1912 3531 2249 3602 intelligatur
2294 3532 2459 3587 homo
2510 3533 2710 3588 similis
2748 3534 2922 3588 nostri
2956 3537 3366 3605 apprehendere
3399 3538 3517 3591 dei-

1911 3631 2105 3686 tatem,
2139 3638 2205 3678 ac
2242 3639 2348 3677 non
2376 3623 2553 3695 magis
2581 3623 2726 3680 Deus
2760 3626 2922 3679 homo
2956 3626 3111 3681 ﬁeri?
3159 3630 3516 3699 respondebi-

1910 3729 2033 3767 mus
2088 3714 2237 3768 mille
2286 3731 2410 3771 esse
2453 3731 2575 3785 quae
2604 3718 2885 3773 contrario
2926 3730 3156 3787 possunt
3206 3722 3431 3789 opponi,
3459 3734 3514 3776 et

1910 3821 2046 3877 pene
2080 3808 2244 3861 etiam
2298 3818 2430 3861 nutu
2479 3809 2868 3880 significantia,
2897 3826 2997 3866 nos
3040 3821 3299 3882 oportere
3348 3814 3514 3871 reniti

1908 3908 2244 3965 constanter,
2278 3913 2379 3953 nec
2410 3900 2639 3955 credere
2670 3901 2743 3955 ita
2774 3916 2919 3958 esse.

1980 3990 2096 4060 Age
2124 3993 2294 4058 enim,
2315 4005 2441 4047 ante
2462 3992 2567 4047 alia
2597 3993 3047 4063 dispensationis,
3064 4012 3186 4067 quae
3203 4013 3325 4053 cum
3345 4017 3516 4057 carne

1908 4081 2050 4137 facta
2101 4094 2206 4146 est,
2243 4084 2462 4139 modum
2517 4100 2838 4151 cernamus,
2875 4096 2931 4141 et
2978 4100 3289 4145 nostrarum
3328 4108 3510 4147 rerum

1906 4186 2157 4231 naturam
2183 4177 2439 4231 subtilius
2470 4188 2880 4247 perscrutemur
2908 4197 2922 4233 :
2958 4182 3261 4251 periclitata
3295 4193 3379 4239 est
3410 4185 3513 4241 ho~

1906 4265 2068 4327 minis
2102 4282 2320 4335 natura,
2348 4280 2404 4327 et
2438 4274 2697 4343 depressa
2728 4281 2812 4329 est
2840 4273 3001 4328 malis
3025 4277 3309 4345 extremis,
3344 4280 3512 4334 malev

1903 4363 2142 4419 dictione
2174 4374 2229 4416 et
2259 4374 2432 4418 morte
2460 4365 2741 4429 damnata,
2774 4374 2827 4420 et
2862 4368 3075 4436 peccati
3120 4368 3329 4437 laqueis
3369 4371 3512 4426 irrc-

1903 4455 2024 4519 tita,
2060 4458 2300 4520 errabat,
2334 4466 2391 4512 et
2427 4466 2546 4512 erat
2580 4446 2753 4531 786
2801 4458 2853 4513 in
2907 4462 3179 4526 tenebris;
3215 4463 3381 4518 Deum
3417 4481 3513 4519 ne-

199 4557 257 4602 et
298 4548 541 4617 hospites
584 4555 1058 4611 testamentorum,
1095 4550 1473 4619 promissionis
1505 4569 1656 4623 spem
1686 4571 1796 4613 non
1830 4564 1875 4620 υ
1903 4548 2113 4603 εείθδθῐ
2159 4533 2307 4613 θίιιην
2341 4549 2433 4619 qui
2482 4559 2568 4605 εει
2614 4561 2807 4625 natura
2856 4560 2910 4607 ει
2959 4554 3224 4621 veritate;
3273 4572 3370 4626 pro
3401 4559 3511 4613 Deo

199 4637 484 4697 habentes,
504 4646 560 4692 et
574 4638 690 4691 sine
709 4637 817 4693 Deo
836 4638 886 4692 in
923 4639 1023 4693 hoc
1050 4639 1249 4695 mundo
1265 4641 1405 4697 ³²·⁸¹.
1431 4662 1450 4695 s
1480 4641 1650 4697 Erant
1676 4660 1808 4719 ergo

198 4737 395 4796 gentes
419 4726 472 4780 in
505 4729 706 4784 mundo
748 4730 870 4784 sine
904 4729 1036 4795 Deo,
1070 4746 1191 4784 cum
1229 4731 1436 4803 absque
1463 4732 1683 4790 Christo
1714 4752 1801 4794 es-

196 4828 347 4875 sent.
384 4817 585 4873 Verum
625 4821 881 4889 quoniam
936 4837 1059 4877 eum
1107 4837 1235 4879 vere
1286 4834 1341 4878 et
1387 4834 1582 4881 natura
1629 4827 1800 4886 Deum

195 4926 326 4965 esse
372 4922 733 4982 agnoverunt,
775 4914 903 4982 ipsa:
938 4930 1155 4986 quoque
1198 4918 1266 4972 ab
1300 4934 1367 4975 eo
1400 4922 1598 4988 agnita:
1642 4933 1793 4989 sunt,

200 5002 365 5057 adem
390 5004 731 5069 conﬁtentes,
753 5017 808 5060 et
834 5007 948 5075 ipse
984 5020 1296 5079 assumptus
1344 5022 1428 5067 est
1483 5015 1535 5068 in
1599 5015 1793 5086 gloria,

193 5109 350 5154 certe
380 5100 587 5155 divina.
626 5100 811 5156 Psallit
841 5103 985 5155 enim
1020 5104 1211 5158 beatus
1240 5104 1408 5160 David
1436 5124 1451 5160 :
1492 5125 1510 5158 ι
1538 5109 1797 5166 Ascendit

197 5191 345 5246 Deus
390 5192 443 5246 in
486 5193 746 5264 iubilo”.
776 5214 796 5247 ι
834 5196 1096 5251 Ascendit
1144 5199 1291 5252 enim
1326 5209 1475 5255 certe
1504 5215 1630 5256 cum
1672 5218 1796 5257 cor-

194 5298 351 5353 pore,
376 5298 476 5339 nec
503 5285 556 5339 in
590 5288 734 5342 nuda
764 5288 967 5344 deitate
995 5307 1008 5343 :
1042 5288 1184 5345 Deus
1215 5289 1364 5347 enim
1394 5300 1513 5347 erat
1540 5293 1794 5351 incarna-

196 5386 308 5429 tus.

268 5531 314 5563 "
378 5530 548 5585 Exod.
573 5548 704 5599 xxv,
731 5534 819 5589 10.

926 5536 972 5568 ⁸⁸
1013 5537 1171 5594 loan.
1195 5553 1306 5606 xw,
1332 5539 1389 5596 5.

193 5611 240 5645 ιι
277 5602 434 5656 llom.
464 5618 502 5661 ι.
528 5602 619 5657 25.

1494 5538 1536 5571 ³¹
1572 5540 1589 5593 l
1620 5540 1761 5595 Tim.
1810 5558 1892 5607 ιιι,
1948 5542 2035 5599 16.

1909 4639 2077 4695 coluit
2100 4640 2495 4695 creaturam”.
2519 4640 2803 4710 Quomodo
2825 4643 2991 4714 igitur
3018 4645 3327 4715 huiusmodi
3353 4650 3509 4707 malis

1905 4740 2120 4805 poterat
2161 4732 2426 4788 liberari?
2470 4734 2553 4789 An
2599 4734 2732 4791 illud
2776 4736 3047 4802 dicemus,
3080 4743 3224 4810 quod
3266 4741 3347 4796 fas
3389 4753 3510 4797 erat

1905 4826 2522 4883 humanitati-divinam
2583 4840 2837 4884 naturam
2887 4832 3342 4899 apprehendere,
3387 4851 3507 4905 qua:

1906 4922 2143 4977 nesciret
2173 4923 2420 4986 omnino,
2460 4921 2639 4992 qualis
2668 4931 2817 4978 esset
2844 4924 3081 4994 dignitas
3109 4937 3214 4979 nati
3272 4944 3315 4981 π
3342 4930 3511 4983 cmic-

1904 5014 2042 5075 stis,
2088 5028 2212 5067 cum
2262 5022 2409 5069 esset
2453 5014 2779 5083 ignoranth
2828 5018 3067 5071 tenebris
3114 5032 3412 5090 occupata,
3453 5034 3509 5079 et

1904 5107 2113 5176 peccati
2147 5106 2402 5161 sordibus
2432 5108 2763 5177 inquinata?
2800 5108 3088 5176 Quomodo
3120 5124 3331 5180 poterat
3386 5116 3505 5170 ﬁeri

1902 5209 1959 5253 ut
2006 5200 2439 5268 apprehenderet
2488 5211 2734 5257 sanctam
2782 5212 3079 5266 naturam,
3130 5214 3185 5258 et
3232 5205 3506 5275 acciperet

1900 5293 2150 5361 gloriam,
2177 5307 2339 5361 quam
2388 5308 2550 5347 nemo
2584 5292 2847 5360 inveniat,
2877 5296 2979 5349 nisi
3019 5297 3327 5365 acceperit?
3354 5298 3503 5353 Cou-

1901 5386 2161 5441 cedamus
2201 5387 2349 5441 enim
2403 5388 2551 5455 quod
2590 5389 2908 5458 cognoverit
2940 5385 3195 5453 fortasse,
3228 5399 3284 5443 et
3314 5392 3503 5447 scierit

2142 5544 2261 5577 ³¹·³³
2296 5542 2494 5614 Ephes.
2526 5560 2587 5608 ll,
2644 5544 2733 5613 ll,
2786 5547 2874 5605 12.
2996 5550 3039 5581 ³³
3071 5548 3215 5606 Psal.
3268 5565 3410 5613 xui,
3443 5550 3498 5604 6.

263 5740 537 5832 (llmﬂtgnc
570 5756 783 5832 quoque
823 5742 1109 5832 locum'ex
1142 5734 1340 5832 "eadem
1372 5745 1625 5802 versione
1651 5748 1781 5803 citat
1826 5748 2115 5809 Facuudus
2174 5754 2396 5813 ibidem.
2459 5758 2602 5813 Citat
2630 5758 2795 5816 etiam
2833 5758 3090 5818 Leontius
3113 5760 3409 5832 Bylaulius
3442 5757 3498 5813 in

191 5810 296 5869 ﬁne
341 5813 463 5867 libri
504 5810 663 5882 primi
699 5810 969 5870 adversus
1013 5813 1404 5885 Eutychianos,
