3996 6460
501 452 635 510 1587

497 666 715 720 interse
732 662 918 718 sortita
942 671 1211 728 naturam,
1231 664 1457 719 collecta
1477 665 1528 718 in
1554 663 1934 718 adnnatiunem
1980 674 2073 730 per

494 754 933 825 compositionem
951 754 1201 809 videmur
1230 771 1243 807 :
1269 754 1459 810 deinde
1475 754 1792 808 alterutrum
1821 767 1883 807 es
1912 750 1998 806 his
2022 751 2072 804 in

495 847 758 901 alterutro
785 845 1032 901 habitare
1065 847 1281 909 dicitur,
1316 860 1421 900 non
1463 845 1805 899 dividendum
1852 844 1904 898 in
1946 843 2072 905 duo,

497 939 838 993 adunationis
884 936 1241 993 conventione
1284 936 1504 991 minime
1534 935 1910 999 viulata,licet
1962 937 2076 989 suis

499 1028 807 1084 nominibus
844 1043 943 1098 per
991 1041 1112 1083 sese
1153 1042 1216 1080 ea
1274 1042 1395 1096 quae
1444 1026 1675 1080 adunata
1724 1037 1849 1081 sunt
1899 1026 2075 1078 nomi-

498 1128 695 1173 nentur
720 1132 750 1171 a
785 1115 958 1171 nobis.
992 1115 1197 1169 Dicitur
1228 1129 1481 1184 namque,
1518 1124 1576 1168 ut
1614 1123 1740 1168 ante
1768 1114 1899 1178 dixi,
1935 1123 1989 1167 et
2020 1114 2072 1167 in

499 1210 718 1265 homine
768 1208 1009 1263 habitare
1066 1207 1291 1276 spiritus
1333 1222 1503 1272 suus,
1532 1220 1631 1261 nec
1691 1216 1867 1260 tamen
1914 1206 2074 1259 homo

497 1298 718 1361 dicitur,
738 1306 791 1352 et
816 1310 1057 1351 seorsum
1083 1296 1307 1363 spiritus
1328 1307 1477 1359 suus,
1513 1309 1755 1350 seorsum
1779 1304 1832 1348 et
1857 1309 2071 1363 corpus.

496 1388 563 1442 Et
588 1389 689 1443 tale
708 1388 841 1458 quid
876 1389 1028 1442 nobis
1053 1386 1271 1441 divinus
1314 1385 1506 1441 Paulus
1537 1386 1756 1454 obliqua
1796 1383 2072 1455 signiﬁca-

496 1482 641 1534 tione
690 1478 708 1552 [
750 1480 801 1533 id
825 1487 909 1533 est
954 1480 1184 1532 obscure
1221 1485 1277 1531 et
1308 1477 1461 1546 quasi
1492 1476 1830 1544 :enigmntice
1863 1473 1873 1545 |
1922 1488 2065 1528 coin-

496 1579 791 1633 memorat,
817 1571 1002 1625 dicens
1037 1588 1049 1622 :
1084 1584 1104 1620 ι
1140 1568 1274 1621 Nam
1302 1567 1403 1622 etsi
1444 1568 1680 1622 exterior
1709 1578 1892 1620 noster
1916 1568 2074 1617 homo

495 1662 918 1731 corrumpitur;
968 1660 1060 1715 sed
1116 1659 1343 1713 interior
1413 1666 1701 1711 renovatur
1759 1658 1825 1709 de
1876 1654 1963 1707 die
2020 1655 2070 1705 in

498 1755 637 1809 diem
671 1754 733 1806 “.
762 1772 787 1804 ο
820 1752 873 1807 Si
902 1754 1023 1821 quis
1050 1751 1209 1820 igitur
1234 1750 1429 1803 dixerit
1487 1748 1798 1802 interiorem
1830 1754 2067 1799 nostrum

497 1845 768 1898 hominem
788 1843 839 1896 in
860 1843 1128 1897 exteriore
1149 1841 1365 1894 homine
1390 1838 1713 1900 inhabitare,
1746 1852 1927 1890 verum
1952 1837 2070 1905 qui-

1514 450 1573 507 s.
1618 446 1891 506 CY'RlLLI
1932 447 2396 506 ALEXANDRINI
2442 448 2759 506 ARCIllEl’.

569 572 790 639 Quoties
847 571 1008 641 igitur
1059 570 1361 645 quispiam,
1409 585 1528 641 qua:
1580 553 1897 626 dissimilem
1955 576 2079 624 sunt
2110 575 2151 629 Α

3631 449 3763 507 I388

2253 570 2419 624 Ὅταν
2442 570 2622 623 τοίνυν
2649 569 2767 624 τινὰ
2801 569 2906 622 τῶν
2940 568 3191 642 ἀλλήλοις
3219 570 3321 639 οὐχ
3350 569 3550 640 όμοίαν
3582 569 3763 641 λαχόν-

2178 677 2285 713 των
2333 662 2432 732 τὴν
2483 661 2646 731 φύσιν
2686 660 2857 732 ὁρῷτο
2904 662 3295 732 συνειλεγμένα
3336 661 3479 733 πρὸς
3537 663 3761 734 ἑνότητα

2180 751 2325 803 κατὰ
2374 751 2660 805 σύνθεσιν
2740 748 2856 804 εἶτα
2911 751 2970 804 τδ
3015 751 3073 805 δέ
3122 770 3174 805 τι
3232 753 3401 822 τυχὸν
3461 757 3521 807 ἐν
3578 758 3765 826 ἐκείνῳ

2180 838 2391 905 λέγοιτο
2439 843 2734 901 κατοικεῖν,
2784 841 2845 893 οὐ
2907 841 3207 912 διοριστέον
3247 844 3329 904 εἰς
3361 827 3499 906 ’δύο,
3537 844 3644 913 τῆς
3692 845 3767 908 είς

2183 932 2410 1002 ἑνότητα
2442 931 2746 1001 συνδρομῆς
2775 931 2896 984 κατ’
2918 931 3108 985 οὐδένα
3139 932 3341 1003 τρόπον
3378 933 3766 1006 ἀδικουμένης,

2178 1022 2281 1074 κᾶν
2319 1025 2365 1074 εί
2408 1022 2512 1076 τῶν
2564 1022 2857 1092 ὴνωμὲνων
2898 1023 3159 1093 ἑκάτερον
3210 1022 3392 1087 ίδικῶς
3446 1025 3768 1096 ὀνομάζοιτο

2178 1112 2313 1182 πρὸς
2344 1112 2524 1183 ἡμῶν,
2551 1112 2699 1166 τοῦθ’
2741 1115 2877 1185 ὅπερ
2926 1114 2991 1167 ἂν
3035 1110 3145 1168 εἷεν
3183 1115 3498 1186 ἀμφότερα.
3528 1119 3764 1186 Λέγεται

2175 1204 2304 1274 γάρ,
2346 1204 2419 1267 ὡς
2449 1204 2603 1274 ἔφην,
2645 1208 2734 1258 καὶ
2762 1208 2818 1259 ἐν
2846 1206 3119 1277 ἀνθρώπῳ
3147 1210 3429 1263 κατοικεῖν
3458 1209 3521 1262 τὸ
3548 1208 3768 1281 πνεῦμα

2177 1295 2379 1348 αὑτοῦ·
2442 1296 2581 1365 πλὴν
2625 1296 2911 1369 ἄνθρωπος
2980 1297 3219 1366 λέγεται,
3288 1301 3385 1354 καὶ
3462 1300 3647 1365 ίδικῶς
3708 1302 3769 1356 τὺ

2179 1384 2420 1453 πνεῦμα,
2450 1387 2543 1439 καὶ
2581 1387 2687 1456 μὴν
2718 1388 2811 1441 καὶ
2839 1388 2897 1440 τὸ
2928 1386 3107 1456 σῶμα.
3144 1390 3338 1443 Καίτοι
3368 1390 3611 1445 τοιοῦτον
3635 1394 3767 1463 ὴμιν

2176 1476 2547 1529 ὑπαινίττεται
2569 1479 2597 1529 ό
2632 1479 2940 1546 σοφώτατος
2970 1478 3183 1544 Παῦλος
3222 1481 3419 1550 λέγων’
3468 1501 3490 1535 ι
3512 1484 3576 1538 El
3602 1484 3714 1556 γὰρ
3735 1486 3765 1539 6

2176 1566 2281 1633 ἔξω
2305 1566 2459 1637 ἡμῶν
2484 1568 2766 1639 ἄνθρωπος
2794 1569 3187 1638 διαφθείρεται,
3211 1572 3328 1626 ἀλλ’
3356 1576 3384 1627 6
3411 1575 3521 1628 km
3540 1575 3769 1642 ἀνακαι-

2173 1658 2357 1712 νοῦται
2376 1660 2558 1730 ἡμέρα
2597 1661 2689 1714 καὶ
2710 1662 2909 1732 ἡμέρα.
2928 1680 2944 1711 ι
2965 1662 3133 1716 Ὅταν
3147 1659 3239 1717 οὖν
3254 1681 3339 1729 τις
3356 1664 3506 1733 λέγοι
3528 1666 3621 1720 τὸν
3656 1667 3771 1721 ἔσω

2170 1747 2328 1817 ἡμῶν
2355 1748 2638 1818 ἄνθρωπον
2676 1752 2733 1803 ὲν
2768 1751 2841 1821 τῷ
2877 1753 2980 1815 ἔξω
3014 1753 3284 1826 ἀνθρώπῳ
3301 1760 3602 1821 κατοικεῖν,
3623 1758 3768 1830 ἁλη-

2174 1837 2318 1889 Θεύει
2351 1839 2466 1908 μὲν,
2505 1840 2585 1903 είς
2607 1839 2699 1893 δύο
2716 1856 2777 1909 γε
2814 1840 2917 1911 μὴν
2948 1842 3040 1895 τὸν
3065 1842 3159 1895 ἕνα
3180 1842 3364 1913 τεμὼν
3396 1845 3495 1915 οὐχ
3523 1846 3721 1917 ὁρᾶται
3746 1863 3763 1877 ο

493 1936 613 1990 dem
647 1933 998 1997 memoravit,
1038 1932 1091 1986 in
1125 1932 1231 1986 duo
1268 1942 1445 1985 tamen
1487 1944 1650 1983 unum
1682 1928 1920 1983 dividere
1969 1942 2071 1983 nun

2179 1930 2311 1999 φησὶ
2343 1929 2399 1981 δέ
2441 1948 2542 1982 που
2584 1932 2679 1984 καὶ
2706 1934 2734 1985 6
2756 1936 3039 2005 προφήτης
3080 1934 3308 1999 Ἡσαΐας
3330 1953 3343 1965 ·
3384 1954 3400 1987 ι
3424 1937 3519 1990 Ἐκ
3567 1938 3769 2001 νυκτὸς

494 2026 780 2081 videbitur.
832 2026 920 2078 Ait
954 2034 1131 2077 autem
1156 2022 1349 2076 alicubi
1373 2022 1535 2076 etiam
1574 2022 1832 2090 propheta
1866 2021 2069 2073 Isaias:

502 2138 518 2167 ι
553 2116 625 2171 De
649 2124 804 2171 nocte
833 2115 1020 2185 vigilat
1044 2116 1264 2185 spiritus
1295 2129 1445 2168 mens
1471 2114 1535 2165 ad
1567 2120 1649 2177 te,
1688 2110 1910 2167 Domine
1940 2112 2005 2165 “.
2049 2131 2066 2163 ι

500 2210 762 2265 Utrumne
812 2217 1068 2276 tanquam
1113 2207 1249 2259 alius
1292 2212 1484 2272 praeter
1522 2206 1691 2271 ipsum
1738 2204 1959 2271 spiritus
1989 2206 2070 2271 ip-

497 2304 607 2356 sius
633 2302 698 2353 ad
745 2305 906 2354 Deum
936 2299 1137 2353 dicitur
1167 2298 1398 2366 vigilare
1429 2295 1452 2347 7
1488 2294 1678 2349 Nonne
1712 2297 1761 2348 id
1794 2296 2067 2362 ineptissi-

496 2409 641 2448 mum
674 2390 959 2446 videatur?
1011 2390 1150 2459 Ergo
1182 2389 1323 2442 scire
1348 2387 1564 2457 quidem
1590 2400 1812 2441 necesse
1835 2395 1919 2439 est
1943 2401 2068 2439 ora-

496 2486 658 2540 tionis
716 2485 947 2554 tiguras,
984 2500 1090 2537 non
1138 2494 1314 2535 tamen
1357 2481 1424 2534 ab
1483 2480 1753 2534 intellectu
1794 2478 2070 2533 discedam

493 2576 822 2647 competenti
842 2614 858 2637 ,
890 2575 982 2629 sed
1012 2572 1217 2627 referre
1252 2572 1420 2642 magis
1449 2571 1840 2625 sententiarum
1868 2569 1974 2621 vim
2003 2570 2068 2622 ad

494 2684 713 2723 sensum
750 2667 841 2736 qui
878 2667 1165 2734 unicuique
1207 2665 1279 2718 rei
1308 2664 1615 2717 conveniat.

556 2759 722 2830 789
742 2757 806 2811 Et
828 2758 871 2813 si
901 2758 1109 2810 dicatur
1135 2775 1152 2806 ι
1184 2759 1445 2822 prolicere
1472 2752 1629 2807 Jesns
1652 2762 1833 2815 aetate,
1867 2752 2071 2822 sapien-

497 2852 570 2903 tia
612 2860 667 2904 et
695 2850 862 2919 gratia
896 2847 966 2910 “,
1008 2866 1025 2897 ι
1060 2845 1476 2913 dispensationis
1520 2844 1636 2899 haec
1664 2857 1751 2896 res
1794 2850 1893 2895 est.
1932 2840 2070 2894 Deus

495 2942 692 2997 etenim
747 2940 975 2995 Verbum
1037 2938 1427 2994 humanitatem
1475 2950 1625 2989 more
1676 2948 1775 2988 suo
1808 2933 2071 3001 proiicere

496 3032 859 3103 permittebat,
900 3042 951 3086 et
975 3030 1125 3100 quasi
1166 3029 1422 3097 paulatim
1467 3027 1766 3082 divinitatis
1797 3040 1908 3078 sua:
1955 3024 2069 3093 glo-

497 3126 628 3177 riam
692 3122 904 3177 volebat
967 3122 1282 3182 declarare,
1320 3130 1374 3173 et
1432 3134 1553 3173 cum
1608 3119 1850 3187 corporis
1884 3126 2069 3170 atate

492 3218 654 3271 etiam
713 3230 805 3269 sua
850 3216 1175 3276 extendere,
1222 3226 1291 3265 ne
1349 3212 1475 3280 quid
1532 3225 1726 3265 novum
1772 3209 2063 3273 videretur,

2174 2021 2416 2091 ὀρθρίζει
2443 2023 2501 2073 τὸ
2522 2023 2741 2093 πνεῦμά
2770 2042 2869 2095 μου
2893 2026 3027 2096 πρὸς
3055 2027 3388 2092 σὲ,όΘεός..ι
3408 2025 3534 2100 Ἆρ’
3568 2025 3665 2084 οὖν
3686 2029 3767 2094 ὡς

2175 2111 2358 2181 ἕτερον
2393 2116 2521 2183 παρ’
2549 2116 2710 2168 αὑτὸν
2732 2117 2792 2169 τὸ
2818 2116 3033 2187 πνεῦμα
3064 2118 3227 2173 αὐτοῦ
3256 2123 3393 2192 πρὸς
3426 2122 3559 2176 Θεὸν
3578 2123 3765 2196 ὀρθρί-

2174 2204 2286 2267 ζειν
2338 2205 2588 2272 λέγεται;
2647 2209 2836 2261 Καίτοι
2897 2210 3012 2273 πῶς
3064 2212 3161 2264 οὐκ
3207 2213 3405 2267 ἄτοπον
3465 2215 3528 2267 τὸ
3589 2216 3766 2284 φάναι

2171 2295 2414 2348 τοιοῦτόν
2446 2314 2531 2361 τι;
2582 2298 2791 2352 Οὐκοῦν
2831 2301 3029 2356 εἰδέναι
3067 2302 3167 2372 μὲν
3207 2304 3505 2372 ἀναγκαῖον
3538 2306 3609 2359 τά
3651 2306 3767 2360 τῶν

2171 2388 2342 2457 λόγων
2386 2391 2669 2461 σχήματα,
2718 2391 2777 2443 οὐ
2810 2422 2811 2425 η
2839 2393 2946 2461 μὴν
2983 2394 3076 2446 καὶ
3131 2394 3443 2460 ἐξίστασθαι
3485 2397 3582 2451 τοῦ
3620 2399 3768 2453 al.16-

2170 2497 2283 2544 τος,
2330 2482 2616 2553 περιάγειν
2655 2481 2711 2534 δὲ
2763 2482 2961 2551 μᾶλλον
3008 2484 3116 2535 τῶν
3167 2488 3585 2557 σημαινομένων
3662 2488 3764 2557 τὴν

2170 2570 2397 2640 δύναμιν
2429 2572 2521 2622 ἐπὶ
2549 2571 2639 2623 τὸν
2672 2572 2887 2641 ἑκάστῳ
2915 2574 3198 2643 πράγματι
3224 2575 3502 2646 πρέποντα
3533 2578 3757 2633 σκοπόν.

2243 2749 2305 2803 Εἰ
2326 2750 2381 2804 δὲ
2403 2750 2466 2821 δὴ
2488 2753 2583 2804 καὶ
2607 2752 2817 2820 λέγοιτο
2843 2774 2859 2803 ι
2889 2754 3211 2821 προκόπτειν
3243 2759 3270 2809 6
3304 2758 3513 2829 Ἰησοῦς
3547 2760 3757 2833 ἡλικίᾳ,

2173 2840 2265 2894 κα)⁸
2319 2840 2481 2912 σοφίᾳ
2524 2842 2618 2894 καῖ⁵
2668 2842 2916 2913 χάριτι,ι
2991 2845 3090 2915 τῆς
3137 2848 3452 2917 οἰκονομίας
3503 2848 3661 2904 ἔσται
3700 2853 3763 2905 τὸ

2171 2933 2381 3002 χρῆμα.
2424 2933 2728 3005 Συνεχώρει
2760 2936 2868 3006 γὰρ
2907 2938 2935 2989 6
2978 2936 3113 3013 φεοῦ
3156 2938 3330 3006 Λόγος
3379 2940 3467 2993 διὰ
3508 2942 3619 2996 τῶν
3660 2943 3761 3016 τῆς

2174 3022 2309 3085 ιδίας
2367 3022 2585 3092 φύσεως
2628 3023 2765 3079 ἐθῶν
2810 3027 2948 3080 ίέναι
2987 3027 3048 3080 τὸ
3090 3028 3467 3099 ἀνθρώπινον⁸
3513 3034 3609 3087 καὶ
3648 3030 3758 3090 οἷον

2171 3114 2311 3166 κατὰ
2350 3112 2524 3185 βραχὺ
2554 3114 2653 3185 τῆς
2684 3117 2880 3170 ἑαυτοῦ
2910 3117 3160 3189 θεότητος
3198 3116 3360 3191 ἤθελε
3399 3127 3759 3198 κατευρύνειν

2175 3203 2236 3255 τὸ
2288 3206 2625 3274 περιφανές·
2684 3207 2777 3259 καὶ
2825 3211 2888 3280 τῇ
2918 3205 3010 3262 τοῦ
3072 3208 3324 3281 σώματος
3365 3214 3555 3288 ἡλικία
3617 3235 3755 3289 συμ-

497 3307 655 3376 idque
704 3306 987 3359 nonnullus
1036 3305 1200 3359 nimia
1262 3303 1496 3357 novitate
1550 3309 1895 3371 perterreret.
1930 3297 2063 3355 Cum

2179 3295 2553 3365 παρεκτείνειν
2578 3299 2647 3352 τά
2671 3298 2862 3352 ἑαυτοῦ
2888 3316 2901 3329 ·
2930 3300 3006 3363 ὡς
3030 3300 3095 3354 ἂν
3126 3303 3201 3373 μή
3228 3320 3281 3356 τι
3298 3303 3360 3358 τὸ
3381 3304 3537 3367 ξένον
3556 3310 3753 3383 ὁρῷτο,

495 3395 795 3465 praesertim
850 3398 929 3451 sic
975 3409 1189 3465 quoque
1233 3397 1474 3449 dicerent
1517 3411 1531 3446 :
1575 3411 1593 3443 I
1654 3392 1933 3459 Quomodo
1980 3390 2069 3443 bic

495 3490 702 3539 litteras
753 3485 878 3550 scit,
916 3500 1035 3539 cum
1075 3499 1179 3539 non
1219 3485 1473 3539 didicerit
1503 3483 1598 3535 “‘l
1633 3502 1653 3535 ι
1690 3484 1832 3552 Ergo
1883 3496 2067 3551 corpo-

497 3577 605 3631 rale
634 3587 1008 3646 augmentum,
1033 3588 1087 3630 et
1139 3576 1409 3645 profectus
1440 3577 1627 3645 gratiae
1670 3588 1733 3628 ac
1771 3574 2064 3643 sapientiae,

494 3669 843 3723 humanitatis
878 3682 1145 3721 mensurae
1182 3672 1474 3733 convenit;
1504 3669 1677 3737 ipsum
1724 3680 1854 3720 vero
1898 3664 2065 3720 Deum

500 3759 729 3813 Verbum
763 3774 857 3830 per
888 3775 1038 3813 suam
1070 3769 1312 3813 naturam
1345 3758 1794 3827 perfectissimum
1840 3756 2065 3810 conme-

498 3865 652 3912 mur,
703 3864 805 3903 non
848 3864 1075 3920 egenum
1130 3850 1429 3916 profectus,
1461 3864 1563 3902 non
1606 3849 1918 3917 sapientiae,
1963 3862 2065 3899 non

496 3940 700 4007 gratiae.
731 3940 911 4007 Ipsum
951 3954 1094 3993 enim
1136 3950 1398 3994 creatura:
1435 3952 1487 3993 et
1526 3939 1843 4009 sapientiam
1873 3950 2065 4009 etgra.

498 4032 649 4094 tiam,
679 4042 733 4086 et
766 4033 900 4085 bona
931 4032 1397 4100 omnia-impertit.

569 4207 624 4262 Si
661 4222 787 4261 vero
817 4206 971 4261 .lesus
1001 4222 1189 4276 passus
1214 4221 1333 4261 esse
1372 4208 1616 4271 dicatur,
1644 4207 1821 4275 passio
1849 4208 2064 4277 quidem

496 4303 599 4356 erit
639 4301 1091 4369 dispensationis;
1122 4302 1286 4370 ipsius
1334 4311 1513 4356 tamen
1564 4303 1784 4366 dicitur,
1831 4312 1884 4357 et
1925 4312 2069 4358 recte

497 4395 735 4463 quidem,
760 4394 887 4463 quia
938 4407 1135 4462 corpus
1176 4393 1343 4463 ipsius
1384 4394 1655 4463 pr0prium
1706 4409 1923 4463 passum
1964 4378 2065 4459 est,

497 4497 553 4541 et
577 4497 694 4542 crat
718 4487 769 4537 in
793 4499 1017 4553 corpore
1052 4485 1284 4552 patiente
1306 4486 1440 4554 ipse,
1461 4480 1551 4554 qui
1575 4486 1685 4555 pati
1708 4502 1812 4541 non
1837 4496 2067 4555 poterat,

500 4579 847 4650 impassibilis
876 4588 961 4635 est
984 4580 1152 4645 enim,
1181 4588 1240 4633 ut
1272 4576 1416 4633 Deus
1446 4594 1461 4631 :
1493 4591 1755 4647 quantum
1779 4589 1960 4634 tamen
2000 4583 2069 4635 ad
2102 4616 2145 4670 ι)

501 4675 922 4729 conviciatorum
949 4670 1293 4741 petulantiam
1320 4673 1597 4742 pertinuit,
1621 4688 1810 4741 passus
1831 4684 1995 4736 esset,
2020 4675 2063 4728 si

496 4766 607 4833 pati
635 4778 835 4834 posset.
880 4762 1018 4834 Ergo
1055 4765 1306 4833 quoniam
1345 4764 1514 4819 nostri
1542 4765 1735 4821 similis
1775 4764 1947 4819 lactus
1984 4777 2065 4819 est

499 4855 837 4928 Unigenitus,
867 4856 1288 4925 quotiescunque
1320 4855 1480 4911 homo
1501 4856 1810 4910 nominatur
1831 4872 1861 4910 a
1885 4856 2063 4911 divina

497 4946 1107 5016 Scriptura,iutuentes
1164 4947 1641 5016 dispensationem,
1673 4946 1839 5003 Deum
1893 4948 2065 5019 ipsum

498 5049 687 5093 natura
716 5039 795 5094 sic
822 5052 1034 5109 quoque
1066 5042 1437 5095 contueantur.

2173 3386 2269 3439 καὶ
2322 3387 2400 3457 τῷ
2456 3388 2576 3441 λίαν
2630 3390 2891 3460 ἀσυνήθει
2940 3394 3193 3464 ταράττοι
3246 3398 3424 3461 τινάς.
3478 3401 3611 3455 Ὅτε
3661 3404 3757 3459 καὶ

2173 3476 2345 3541 οὕτως
2374 3478 2611 3546 ἔφασκον
2631 3496 2643 3509 ·
2683 3500 2702 3533 ι
2735 3481 2859 3546 Πῶς
2884 3478 3037 3548 οὗτος
3060 3480 3164 3538 οἶδε
3204 3489 3508 3559 γράμματα
3544 3494 3623 3566 μὴ
3658 3513 3757 3567 με-

2178 3569 2473 3640 μαθηκιίκς
2508 3590 2528 3625 ι
2573 3573 2783 3628 Οὐκοῦν
2811 3578 3095 3647 σωματικὴ
3126 3580 3224 3650 μὲν
3258 3582 3289 3651 ἡ
3330 3581 3494 3654 αὔξη,
3550 3589 3645 3640 καὶ
3698 3588 3757 3641 τὸ

2175 3662 2503 3733 προκόπτειν
2536 3666 2595 3723 ἐν
2622 3667 2802 3735 χάριτι
2844 3668 2935 3721 καὶ
2979 3671 3159 3741 σοφίᾳ,
3187 3676 3390 3742 πρέποι
3417 3677 3484 3731 ἂν
3517 3681 3631 3743 τοίς
3655 3679 3754 3751 τῆς

2172 3753 2589 3826 ἀνθρωπότητος
2634 3757 2877 3829 μέτροις.
2937 3761 3109 3814 Αὐτόν
3154 3779 3216 3831 γε
3277 3766 3385 3835 μὴν
3439 3768 3562 3822 κατ’
3622 3770 3754 3823 ίδίαν

2174 3844 2333 3911 φύσιν
2367 3847 2677 3900 παντέλειον
2704 3846 2841 3902 εἶναί
2870 3867 3048 3920 φαμεν
3087 3853 3175 3905 τὸν
3205 3857 3270 3907 ἐκ
3300 3855 3435 3909 Θεοῦ
3464 3859 3660 3927 Λόγον,
3694 3862 3753 3913 οὗ

2176 3938 2459 4008 προκοπῆς
2478 3938 2753 4009 δεόμενον,
2771 3942 2832 3994 οὐ
2862 3945 3070 4012 σοφίας,
3100 3947 3157 3999 οὗ
3184 3950 3405 4019 χάριτος
3429 3967 3444 3981 ο
3478 3952 3753 4024 διανέμειν

2173 4026 2230 4079 δὲ
2258 4027 2459 4098 μᾶλλον
2484 4034 2550 4099 τῇ
2573 4031 2748 4084 κτίσει
2785 4034 2977 4101 σοφίαν
3011 4035 3104 4089 καὶ
3145 4038 3323 4110 χάριν,
3357 4043 3455 4093 καὶ
3486 4042 3553 4096 τὰ
3583 4045 3651 4097 δι’
3680 4037 3754 4099 ὧν

2174 4118 2286 4187 ἔχοι
2322 4119 2519 4185 καλῶς.

2245 4210 2307 4263 El
2333 4210 2389 4263 δὲ
2417 4210 2481 4281 δὴ
2527 4211 2737 4280 λέγοιτο
2773 4215 2963 4269 παθεῖν
3004 4218 3033 4269 6
3076 4218 3299 4289 Ἰησοῦς,
3343 4222 3405 4275 τὸ
3443 4224 3546 4295 μὲν
3582 4224 3753 4291 πάθος

2175 4298 2325 4354 ἔσται
2350 4300 2450 4371 τῆς
2483 4303 2824 4373 οἰκονομίαςδ
2856 4305 3022 4360 αὐτοῦ
3066 4309 3123 4363 δὲ
3149 4309 3387 4379 λέγεται,
3418 4317 3517 4370 καὶ
3546 4319 3755 4390 σφόδρα

2173 4393 2397 4456 εἰκότως
2417 4412 2429 4425 ·
2461 4395 2543 4448 ὃτι
2576 4395 2669 4448 καὶ
2698 4397 2827 4451 ἴδιον
2850 4400 3015 4453 αὐτοῦ
3045 4401 3107 4454 τὸ
3138 4406 3422 4470 πεπονθός.
3459 4408 3575 4473 Καὶ
3598 4407 3668 4482 ἦν
3692 4414 3750 4466 ιν

2173 4482 2251 4553 τῷ
2286 4483 2545 4552 πάσχοντι
2584 4482 2817 4555 σώματι,
2848 4487 3079 4558 πάσχειν
3109 4490 3210 4558 μὲν
3238 4493 3336 4545 οὐκ
3376 4494 3537 4560 εἰδώς
3559 4515 3571 4525 ·
3609 4501 3754 4553 άπα-

2176 4572 2274 4643 θὴς
2306 4572 2415 4647 γάρ
2462 4574 2611 4627 ἐστιν
2640 4574 2711 4641 ὡς
2741 4576 2870 4640 Θεός
2897 4594 2911 4607 θ
2950 4579 3073 4633 ὅσον
3104 4580 3160 4635 δὲ
3187 4576 3321 4654 ἧκεν
3360 4584 3444 4649 είς
3467 4602 3533 4654 γε
3558 4588 3623 4642 τὸ
3645 4590 3754 4643 τῶν

2173 4666 2948 4739 ὲμπαροινησάντωνεθράσος,
2985 4672 3192 4738 παθὼν,
3231 4677 3335 4729 κᾶν
3364 4679 3411 4729 εί
3447 4678 3525 4750 μὴ
3560 4682 3752 4735 παθεῖν

2173 4754 2411 4808 ἐδύνατο.
2464 4756 2670 4811 Οὐκοῦν
2724 4760 3025 4834 ἐπειδήπερ
3070 4765 3191 4819 καθ’
3250 4768 3396 4837 ἡμᾶς
3452 4772 3680 4839 γέγονεν
3724 4776 3752 4827 ό

2173 4847 2506 4916 Μονογενὴς,
2544 4849 2735 4914 ὁσάκις
2777 4852 2844 4906 ἂν
2885 4840 3171 4925 ἄνθρωπος
3223 4858 3559 4932 ὀνομάζηται
3600 4868 3749 4937 παρὰ

2174 4938 2273 5010 τῆς
2322 4938 2683 4996 θεοπνεύστου
2733 4945 2978 5017 Γραφῆς,
3028 4949 3335 5016 ἐννοοῦντες
3394 4953 3495 5024 τὴν
3541 4959 3747 5012 οἰκονο-

2180 5028 2330 5099 μίαν,
2361 5029 2493 5084 Θεδν
2518 5032 2645 5088 ὄντα
2673 5035 2813 5091 κατὰ
2833 5037 2997 5106 φύσιν
3032 5041 3194 5096 αὐτὸν
3234 5044 3532 5111 καὶ-οὕτως
3556 5050 3747 5118 ὁμολο-

2174 5120 2450 5191 γήσωμεν.

1974 5228 2130 5289 CAP.
2152 5232 2291 5292 XIV.

696 5336 951 5407 Exempla
978 5336 1165 5395 divina
1210 5338 1499 5410 Scriptura
1531 5340 1668 5413 quod
1705 5344 1799 5399 Dei
1853 5345 2074 5404 Verbum
2120 5351 2271 5408 homo
2309 5355 2510 5424 factum
2546 5362 2793 5415 manserit
2830 5361 2991 5418 Deus.
3044 5364 3117 5419 De
3144 5371 3532 5437 propitiatorio.

565 5447 656 5501 Ait
679 5445 873 5503 alicubi
900 5446 1039 5501 Deus
1061 5448 1129 5501 ad
1155 5452 1459 5519 pontiﬁcem
1484 5452 1700 5526 Moysen
1734 5472 1749 5512 :
1787 5457 1881 5513 «Et
1906 5458 2070 5515 facies

498 5538 929 5607 propitiatorium
959 5540 1305 5609 impositione
1340 5544 1454 5597 auri
1490 5548 1604 5615 puri
1643 5550 1868 5603 duorum
1919 5552 2068 5605 cubi-

500 5646 672 5691 torum
710 5644 762 5688 et
811 5635 1013 5690 dimidii
1052 5637 1459 5707 longitudinem,
1497 5652 1548 5695 et
1594 5646 1759 5697 cubiti
1800 5647 1958 5699 unius
2012 5658 2066 5701 et

501 5727 707 5781 dimidii
743 5726 1074 5783 altitudinem
1115 5748 1127 5783 :
1163 5740 1216 5782 et
1266 5731 1426 5785 facies
1486 5736 1615 5787 duos
1647 5734 1935 5791 Cltcrubim
1968 5755 2065 5791 an-

2182 5483 2301 5523 reos
2356 5482 2617 5539 ornatos,
2678 5484 2733 5529 et
2783 5476 3065 5547 imponens
3104 5482 3221 5537 illos
3263 5500 3329 5539 ex
3385 5500 3617 5559 utroque
3669 5493 3747 5547 la-

2180 5570 2309 5615 tere.
2359 5560 2576 5619 Clierub
2612 5583 2749 5623 unus
2780 5571 2845 5627 de
2880 5572 3047 5651 latere
3103 5576 3224 5644 hoc,
3260 5588 3315 5633 et
3345 5580 3561 5637 Cberub
3614 5601 3749 5641 unus

2177 5654 2240 5707 de
2268 5653 2434 5709 latere
2463 5656 2565 5710 isto
2596 5661 2973 5730 pmpitiatorii.
3010 5665 3073 5720 Et
3102 5667 3266 5723 facies
3300 5670 3433 5727 duos
3459 5672 3745 5731 Clientbim

2177 5760 2339 5815 super
2362 5746 2465 5799 duo
2501 5749 2689 5811 latera.
2718 5753 2889 5809 Erunt
2919 5756 3209 5814 Cherubim
3240 5765 3595 5820 extendentes
3619 5781 3751 5834 pen-

574 5905 619 5938 “
644 5907 683 5961 ll
708 5904 830 5960 Cor.
860 5923 930 5973 tv,
958 5908 1041 5959 lli.
1118 5908 1161 5938 “
1192 5910 1291 5963 lsa.
1322 5925 1464 5971 xxvi,
1494 5909 1544 5961 9.
1625 5912 1664 5941 ⁵⁵
1699 5910 1824 5965 an.
1856 5930 1911 5979 ιι,
1941 5916 2027 5968 52.

2189 5918 2341 5974 Joau.
2368 5937 2467 5988 vn,
2504 5922 2587 5978 l5.
