3996 6490
300 477 445 537 1389

1227 469 1516 529 SCHOIJA
1563 473 1647 528 DE
1689 467 2207 529 INCAltNATIONE
2254 463 2630 521 UNIGENITI.

3464 464 3605 520 1590

296 608 406 649 nas
453 604 667 645 sursum
721 586 1274 657 superolnnnhrantes
1326 590 1521 656 pennis
1562 592 1675 644 suis
1728 604 1893 659 super
1923 596 1965 649 Α
1999 585 2178 639 minus
2246 594 2434 638 noster
2491 584 2648 637 Jesus
2686 581 2957 644 Christus,
3014 580 3249 647 imagine
3290 590 3347 634 et
3408 580 3599 651 figura,

294 683 735 758 propitiatorium
755 699 771 747 ;
789 692 840 735 et
859 681 1036 734 vultus
1053 696 1241 736 eorum
1267 681 1571 736 adinvicem
1590 682 1893 751 respicien-

297 792 384 834 tes
410 774 842 848 propitiatoriqu
868 784 1028 827 erunt
1046 774 1109 827 "'.
1134 792 1152 825 ι
1184 772 1437 843 ιΕιιῑειηιι
1455 775 1820 828 certissimum
1841 774 1891 827 id

295 871 398 931 sit,
433 868 597 921 Deum
629 864 865 919 Verbum
892 865 1055 917 etiam
1086 864 1138 917 in
1175 864 1511 919 humanitate
1544 866 1708 919 Demn
1741 880 1893 917 man-

292 962 547 1024 sisse,et
577 957 628 1010 in
680 972 776 1010 sua
822 956 991 1026 gloria
1039 970 1102 1009 ac
1155 956 1469 1023 majestate.
1512 958 1612 1011 etsi
1669 967 1893 1026 propter

296 1048 767 1119 dispensationem
823 1048 999 1101 lactus
1063 1048 1131 1101 sit
1182 1048 1378 1101 similis
1438 1048 1656 1103 nostri:
1705 1049 1892 1117 Propi-

293 1143 575 1196 tiatorium
610 1153 842 1207 namque
866 1152 960 1205 per
992 1140 1147 1192 tidem
1185 1140 1360 1192 lactus
1382 1149 1466 1193 est
1491 1140 1648 1195 nobis
1675 1138 1893 1191 Emma-

294 1231 447 1284 nuel.
488 1228 543 1283 Id
590 1239 768 1282 autem
825 1228 977 1281 nobis
1023 1228 1396 1297 comprobavit
1453 1230 1891 1297 sapientissintus

290 1319 538 1375 Joannes
595 1322 779 1374 dicens
830 1335 842 1370 :
890 1337 907 1369 ι
946 1318 1154 1383 Filioli,
1189 1320 1372 1373 scribo
1430 1321 1614 1383 vobis,
1666 1332 1723 1374 ut
1784 1337 1887 1374 non

295 1416 577 1481 peccetis;
608 1415 701 1466 sed
735 1413 781 1465 si
821 1412 945 1481 quis
991 1414 1327 1480 peccaverit,
1359 1413 1762 1467 consolatorem
1798 1413 1891 1465 ha-

304 1504 499 1558 bemus
551 1506 693 1572 apnd
760 1502 1010 1565 Patrem,
1072 1499 1256 1556 .lesutn
1307 1502 1581 1556 Christum
1628 1502 1829 1569 justum
1873 1520 1886 1567 ;

297 1605 361 1648 et
393 1596 507 1665 ipse
536 1605 619 1649 est
681 1594 989 1663 propitiatio
1050 1608 1145 1661 pro
1192 1595 1427 1661 peccatis
1466 1595 1664 1651 nostris
1694 1594 1832 1647 ⁸⁸⁸⁸⁸.
1865 1615 1882 1642 ι

295 1686 411 1741 Nec
444 1704 546 1740 non
595 1688 756 1740 etiam
797 1686 989 1739 Paulus
1014 1728 1027 1749 ,
1084 1706 1101 1734 ι
1132 1684 1301 1751 Quem
1360 1688 1655 1754 proposuit,
1693 1687 1886 1753 inquit,

296 1776 447 1833 Delus
485 1780 888 1848 propitiatorent
923 1792 1017 1846 per
1063 1778 1216 1831 lident
1254 1778 1303 1829 in
1336 1793 1434 1831 suo
1468 1780 1731 1847 sanguine
1774 1778 1882 1827 ⁸⁸.»

371 1870 638 1926 Cancrum
678 1886 840 1925 cerne
863 1869 1156 1924 Cherubim
1186 1871 1601 1925 circumstantes
1628 1870 1887 1938 propitia-

291 1963 528 2025 torium,
558 1973 612 2018 et
642 1962 1200 2030 superobumbrantes
1232 1965 1450 2031 quidem
1478 1964 1671 2031 pennis
1700 1981 1714 2028 ;
1744 1980 1878 2017 eou-
1918 1945 1959 1999 Β

290 2068 483 2107 versos
549 2064 730 2108 autem
784 2056 850 2107 ad
904 2055 1371 2131 propitiatorium,
1419 2066 1472 2109 et
1538 2070 1673 2122 pene
1733 2057 1882 2109 nntui

290 2141 578 2199 Dominico
602 2146 816 2200 oculum
867 2147 1225 2201 intendentes.
1263 2148 1341 2199 Ad
1382 2146 1472 2199 Dei
1503 2147 1647 2199 enim
1690 2146 1882 2200 volun-

288 2242 457 2287 tatem
491 2243 696 2289 tantum
743 2235 963 2303 respicit
997 2246 1183 2290 sancta
1236 2236 1541 2290 caelestium
1593 2235 1881 2303 spirituum

287 2324 616 2386 multitudo,
647 2335 703 2379 et
750 2341 1023 2394 nunquam
1072 2327 1163 2381 Dei
1217 2329 1448 2381 satiatur
1505 2338 1748 2394 aspectu.
1805 2328 1881 2378 Ita

286 2414 487 2469 Filium
543 2419 805 2487 propheta
867 2420 1033 2476 Isaias
1086 2421 1287 2475 vidisse
1332 2435 1391 2473 se
1441 2421 1570 2473 dicit
1640 2421 1691 2472 in
1754 2421 1879 2473 se-le

284 2508 551 2561 altissima
600 2521 654 2563 et
696 2512 1152 2571 eminentissima.
1203 2512 1683 2565 rirrumstantituts
1712 2510 1877 2564 Sera-

284 2600 437 2667 pltint
464 2612 517 2654 et
540 2600 957 2670 obsequentibus
985 2604 1030 2654 ei
1065 2614 1121 2654 ιιι
1148 2602 1255 2655 Deo
1281 2603 1322 2631 ³¹
1344 2630 1356 2640 -

842 2733 1006 2804 790
1037 2734 1187 2788 cae.
1224 2733 1342 2788 xv.

748 2851 904 2902 Aliud
944 2851 1008 2903 de
1040 2852 1185 2919 virga
1220 2850 1405 2903 Mosis.

362 2965 739 3021 Destinabatur
787 2965 1075 3033 aliquando
1109 2966 1322 3017 divinus
1372 2964 1581 3034 Moyses
1624 2977 1680 3017 ut
1714 2966 1877 3018 Israel

279 3057 355 3113 ab
379 3056 757 3127 {Egyptiurutn
781 3056 1031 3109 violentia
1070 3056 1343 3108 liberaret.
1380 3056 1575 3109 Verum
1617 3058 1874 3125 quoniam

280 3164 509 3203 necesse
563 3158 680 3201 erat
734 3163 858 3210 eos,
901 3148 990 3215 qui
1045 3149 1143 3201 sub
1175 3149 1300 3215 iugo
1353 3159 1535 3201 essent
1602 3150 1877 3202 servitutis

280 3241 539 3303 insolitae,
584 3241 731 3306 prius
776 3241 971 3295 docere
1041 3240 1183 3306 quod
1237 3240 1317 3293 cis
1374 3240 1512 3293 Deus
1556 3241 1669 3309 jam
1727 3250 1874 3295 esset

278 3333 691 3395 reconciliatus,
728 3332 966 3400 prodigia
996 3345 1119 3384 eum
1157 3331 1334 3385 facere
1360 3333 1682 3398 imperabat
1712 3350 1725 3385 :
1764 3332 1869 3399 ple-

279 3437 512 3490 rumque
534 3424 679 3475 enim
721 3422 1044 3475 miraculum
1087 3437 1183 3476 nos
1220 3423 1439 3477 adducit
1480 3426 1530 3475 in
1559 3424 1739 3477 lidem.
1780 3426 1869 3478 Ait

280 3515 449 3586 igitur
476 3513 687 3583 Moyses
718 3514 784 3567 ad
817 3512 984 3567 Deum
1017 3514 1444 3582 omnipotentem
1478 3531 1489 3565 :
1531 3531 1549 3563 ι
1589 3513 1644 3567 Si
1683 3522 1864 3567 autem

278 3618 389 3657 non
416 3604 744 3658 crediderint
773 3604 926 3663 mihi.
964 3617 1137 3672 neque
1163 3603 1427 3657 audierint
1460 3617 1641 3656 vocem
1666 3619 1864 3679 meam,

276 3695 521 3750 dicentes
555 3712 568 3747 :
606 3694 720 3748 Non
753 3697 1000 3764 apparuit
1031 3695 1121 3747 tibi
1155 3694 1295 3747 Deus
1325 3712 1339 3759 ;
1365 3696 1493 3763 quid
1519 3695 1694 3748 dicant
1727 3697 1868 3751 illis?

281 3783 429 3838 Dixit
462 3784 655 3836 deinde
697 3784 953 3838 Dominus
993 3801 1005 3835 :
1046 3782 1185 3848 Quid
1224 3785 1323 3838 hoc
1376 3796 1460 3839 est
1502 3788 1641 3853 quod
1680 3796 1765 3841 Cal
1813 3790 1863 3839 in

279 3891 443 3929 manu
488 3885 573 3928 tua
606 3876 628 3926 τ
662 3874 957 3944 Respondit
992 3894 1006 3927 :
1042 3875 1220 3945 Virga.
1279 3877 1339 3929 Et
1378 3879 1453 3931 ait
1496 3878 1567 3931 illi
1606 3897 1617 3931 :
1658 3879 1866 3946 Projiee

279 3965 426 4019 illam
451 3964 501 4018 in
534 3974 731 4018 terram
761 3984 773 4029 ;
804 3977 858 4019 et
881 3965 1020 4019 facta
1044 3976 1125 4020 est
1152 3981 1397 4035 serpens,
1423 3978 1477 4022 et
1504 3970 1634 4039 fugit
1657 3969 1867 4040 Moyses

276 4056 350 4109 ab
378 4069 461 4109 ea.
503 4055 567 4108 Et
601 4056 735 4109 dixit
763 4054 1021 4110 Domintts
1052 4058 1116 4109 ad
1156 4055 1367 4128 Moysen
1408 4073 1422 4110 :
1458 4059 1701 4115 Extende
1748 4077 1864 4114 ma-

278 4163 407 4199 nmn
443 4155 585 4199 tuam
607 4187 621 4211 ,
659 4158 713 4201 et
746 4149 1087 4217 apprehende
1132 4153 1356 4204 caudam
1391 4150 1507 4218 ejus
1540 4171 1553 4217 ;
1587 4164 1642 4206 et
1674 4164 1863 4208 exten-

276 4241 415 4293 dens
444 4254 660 4292 manum
703 4241 1057 4309 apprehendit
1083 4249 1330 4309 caudam,
1362 4256 1416 4296 et
1447 4244 1584 4297 facta
1615 4258 1695 4300 est
1719 4249 1864 4317 virga

276 4330 337 4386 in
383 4347 541 4384 manu
579 4334 714 4399 ejus.
748 4332 807 4384 Et
858 4333 993 4385 dixit
1033 4333 1103 4386 illi
1148 4352 1160 4387 :
1193 4334 1260 4390 Ut
1299 4338 1518 4390 credant
1571 4338 1700 4406 tibi,
1739 4342 1863 4408 quia

275 4422 525 4490 apparuit
557 4422 650 4475 tibi
694 4421 949 4477 Dominus
1000 4426 1135 4479 Deus
1177 4436 1388 4493 patrnut
1432 4444 1689 4494 suorum,
1726 4434 1864 4486 Deus

277 4515 574 4576 Abraham.
612 4525 666 4568 et
710 4515 846 4569 Deus
872 4517 1040 4582 Isaac,
1072 4528 1125 4571 et
1163 4518 1299 4573 Deus
1330 4518 1583 4575 JaCob".
1622 4542 1640 4573 ι
1677 4524 1865 4578 Anim-

276 4605 502 4658 adverte
564 4606 618 4659 in
666 4604 752 4658 his
803 4615 996 4659 natura
1058 4616 1111 4660 et
1188 4609 1416 4662 veritate
1486 4608 1684 4663 Filium
1742 4611 1857 4675 Dei,
1897 4637 2158 4693 orm-sus
2219 4624 2515 4693 prunam"),
2572 4638 2626 4682 οι

277 4707 536 4766 tauquam
597 4699 841 4767 quaedam
896 4699 1045 4768 virga
1098 4700 1167 4753 sit
1217 4700 1435 4767 Patris;
1475 4702 1620 4769 virga
1682 4715 1860 4759 autem

276 4789 491 4858 insigne
521 4799 604 4842 est
652 4789 848 4858 regni:
890 4808 909 4841 ι
951 4789 1090 4845 Filio
1122 4792 1265 4846 cnim
1322 4793 1469 4847 dedit
1508 4796 1709 4849 habere
1741 4811 1861 4851 om-

274 4880 427 4934 nium
474 4890 792 4947 potestatem
835 4881 899 4933 ³³.
952 4900 970 4933 ι
1003 4881 1153 4938 Unde
1188 4884 1353 4938 etiam
1393 4885 1608 4942 divinus
1639 4888 1805 4943 David
1847 4908 1861 4944 :

278 4992 299 5025 ι
347 4970 595 5026 Thronus
625 4982 767 5037 tuus,
798 4975 990 5044 inquit,
1024 4975 1186 5041 Deus,
1216 4976 1268 5030 in
1291 4979 1545 5034 smeulum
1569 4982 1771 5045 smculi,
1812 4992 1867 5036 et

274 5066 420 5133 virga
442 5065 735 5132 azquitatis,
758 5070 905 5136 virga
934 5066 1079 5137 regni
1104 5070 1295 5123 tui“.t
1333 5070 1436 5124 Sed
1473 5088 1592 5126 eam
1630 5075 1859 5143 projecit

269 5156 327 5212 in
358 5166 580 5220 terram,
610 5158 801 5222 idest,
836 5174 1061 5227 corpore
1087 5170 1301 5216 terreno
1330 5165 1707 5229 circumdedit,
1741 5168 1856 5223 sive

270 5265 370 5320 per
418 5250 806 5305 humanitatem
865 5252 1010 5305 misit
1048 5251 1099 5304 in
1155 5262 1353 5307 terram
1393 5274 1404 5309 :
1442 5266 1569 5311 tunc
1604 5258 1746 5311 enim
1801 5262 1851 5313 in

266 5340 619 5395 similitudine
648 5340 823 5397 factus
853 5352 935 5396 est
970 5345 1327 5414 malignorum
1370 5346 1674 5415 hominum,
1701 5351 1852 5406 scili-

266 5443 353 5487 cet
385 5434 734 5503 malignitatis
773 5435 981 5503 signum
1016 5448 1097 5490 est
1127 5452 1370 5507 serpens.

300 5524 454 5593 Quod
478 5536 654 5578 autem
683 5541 864 5580 verum
890 5529 977 5592 sit,
1008 5529 1130 5583 hinc
1157 5532 1379 5587 scimus.
1421 5532 1537 5603 Ipse
1567 5536 1710 5589 enim
1739 5535 1813 5591 Do
1832 5566 1848 5578 -

266 5690 310 5721 ⁸⁷
416 5690 856 5767 l§xod.x_xv,_l7.
932 5695 1047 5727 ’δ”-⁸³
1082 5695 1280 5753 lJoan.
1313 5716 1373 5767 ιι,
1421 5703 1469 5767 l,
1508 5704 1562 5757 2.

266 5760 484 5837 x_vtt,2._
551 5763 597 5793 ⁵⁵
633 5765 774 5837 Psal.
812 5782 962 5837 xuii,
1023 5769 1071 5819 7.
1153 5772 1197 5801 ⁵⁸
1232 5760 1392 5825 Nutu.
1450 5760 1563 5837 xxI,
1621 5774 1674 5828 8.

266 5831 311 5906 ξ’
342 5826 507 5906 Exod.
538 5848 613 5895 tv,
637 5836 712 5906 6._
806 5836 849 5865 “
880 5826 979 5892 lsa.
1012 5854 1198 5906 vant,
1230 5842 1312 5894 l5.

268 5901 312 5931 "
346 5902 514 5957 chit.
544 5918 664 5967 xm,
688 5904 746 5956 ‘2,

1643 5705 1689 5734 ⁸⁰
1726 5704 1881 5757 Rom.
1910 5721 1993 5770 tu,
2053 5708 2144 5763 25.

1756 5776 1801 5805 ⁸⁸
1866 5776 2022 5831 Joan.
2094 5796 2175 5843 III,

1427 5846 1466 5875 °'
1504 5845 1644 5899 l’sal.
1677 5862 1847 5910 xxxn,
1872 5852 1924 5899 ti.

1999 687 2217 746 propter
2240 675 2703 742 dispensationem
2749 672 2945 728 factam
2973 687 3095 728 cum
3121 687 3287 728 carne
3318 712 3333 737 ,
3369 688 3467 743 pro
3490 688 3605 729 ser-

1998 778 2160 837 pente
2187 768 2452 835 accipitur
2484 779 2649 830 aereo,
2684 780 2844 833 quem
2890 765 3067 819 erexit
3103 764 3348 834 Moyses.
3377 774 3437 819 ut
3483 778 3605 820 ser-

2001 868 2223 928 pentum
2286 872 2499 911 morsus
2540 868 2754 911 arceret
2790 858 2858 911 ".
2920 857 3178 911 Aitetritn
3220 875 3234 910 :
3270 877 3288 909 ι
3351 856 3418 911 Et
3463 858 3608 912 sicut

1998 951 2208 1023 Moyses
2254 951 2513 1005 exaltavit
2553 961 2860 1019 serpentem
2892 950 2942 1003 in
2969 951 3221 1014 deserto,
3259 951 3331 1003 ita
3378 959 3601 1019 oportet

1996 1044 2224 1097 eitaltari
2270 1040 2462 1095 Filium
2503 1042 2762 1102 bntniuis.
2810 1052 2867 1095 ιιι
2903 1056 3095 1095 omnes
3140 1044 3231 1111 qui
3277 1045 3507 1097 credunt
3545 1045 3600 1095 in

1997 1138 2196 1204 ipsum,
2230 1150 2335 1188 non
2364 1146 2609 1204 pereant,
2633 1136 2725 1188 sed
2749 1134 2983 1187 habeant
3004 1134 3170 1188 vitam
3194 1144 3455 1189 aeternam
3478 1134 3547 1189 “.
3577 1153 3595 1186 ι

1996 1226 2464 1293 Quemadmodum
2494 1226 2638 1279 enim
2676 1241 2901 1295 serpens
2947 1227 3125 1281 lactus
3154 1240 3223 1281 ex
3248 1241 3358 1280 acre
3408 1226 3601 1281 salutis

1994 1330 2114 1376 erat
2145 1320 2582 1389 periclitantibus
2605 1334 2768 1375 causa
2803 1322 3182 1391 (sanabantur
3211 1322 3357 1374 enim
3392 1321 3443 1374 in
3471 1335 3597 1375 eum

1998 1417 2352 1483 reSpicientes
2381 1414 2399 1483 )
2434 1432 2446 1467 :
2483 1428 2547 1468 co
2576 1413 2735 1468 modo
2759 1414 2920 1468 etiam
2954 1414 3216 1468 Dominus
3237 1411 3401 1469 Jesus
3441 1413 3600 1469 Chri-

1995 1516 2115 1560 stus
2165 1509 2245 1561 eis
2296 1508 2385 1574 qui
2444 1521 2566 1558 cum
2625 1505 2809 1559 vident
2859 1504 3077 1572 quidem
3120 1506 3173 1557 in
3238 1505 3598 1560 similitudine

1995 1597 2375 1666 malignorum,
2401 1613 2466 1652 eo
2495 1600 2638 1667 quod
2677 1597 2850 1651 factus
2873 1598 2943 1650 sit
2977 1599 3159 1661 homo,
3202 1612 3306 1650 non
3341 1597 3598 1664 ignorant

1996 1700 2177 1741 tamen
2233 1689 2376 1755 quod
2437 1689 2579 1743 Deus
2612 1690 2685 1742 sit
2727 1690 2974 1743 viritlcus
3024 1705 3187 1743 cattsa
3222 1689 3323 1742 erit
3361 1690 3513 1753 νὶιειι,
3542 1702 3595 1742 et

1993 1780 2085 1833 dat
2112 1795 2269 1851 posse
2294 1780 2549 1835 animalia
2580 1794 2845 1836 venenosa
2875 1783 3069 1846 vitare,
3098 1782 3148 1835 id
3166 1793 3269 1845 est,
3293 1784 3596 1835 contrarias

1994 1880 2139 1938 pute~
2152 1882 2307 1924 latcs.

2062 1959 2114 2011 td
2143 1976 2356 2028 quoque
2380 1961 2539 2027 hujus
2568 1963 2643 2016 rei
2679 1964 2849 2030 ligura
2876 1964 2967 2030 sit,
2995 1964 3137 2032 quod
3176 1963 3420 2031 Moyseos
3441 1966 3591 2036 virga

1989 2052 2167 2120 virgas
2214 2052 2349 2104 alias
2378 2052 2746 2119 t'evoraverit,
2782 2071 2919 2125 quas
2950 2056 3001 2109 in
3045 2065 3246 2109 terram
3280 2057 3420 2127 magi
3465 2072 3593 2124 pro-

1981 2141 2222 2210 jeceraut
2267 2143 2333 2195 ⁵⁷.
2378 2140 2554 2211 Igitur
2584 2145 2734 2213 virga
2761 2147 2982 2214 quidem
3024 2146 3078 2201 in
3114 2157 3317 2201 terram
3354 2148 3591 2217 projecta

1985 2244 2066 2286 est
2104 2252 2117 2299 ;
2162 2252 2264 2288 nott
2300 2244 2481 2289 tamen
2516 2252 2732 2305 semper
2757 2241 3040 2294 remansit.
3088 2240 3381 2308 Resumpta
3409 2251 3589 2296 autem

1990 2326 2183 2378 iterum
2256 2328 2353 2380 l'uit
2384 2329 2526 2396 quod
2558 2339 2675 2382 erat
2707 2347 2719 2382 :
2757 2346 2878 2384 nam
2912 2332 3034 2386 licet
3073 2332 3215 2387 facta
3245 2334 3336 2398 sit,
3375 2345 3432 2387 ιιι
3464 2345 3593 2388 ante.

1986 2416 2118 2477 dixi,
2141 2418 2190 2469 in
2212 2417 2564 2472 similitudine
2590 2428 2773 2471 nostra
2804 2418 2980 2475 Patris
3004 2423 3175 2492 virga,
3208 2424 3256 2476 id
3275 2434 3379 2486 est,
3400 2423 3586 2485 Filius.

1987 2525 2081 2578 per
2106 2527 2264 2579 quem
2300 2512 2462 2565 habet
2486 2512 2728 2565 muniunt
2772 2522 3093 2579 potestatem
3130 2532 3143 2579 ;
3185 2525 3453 2580 attamen,
3485 2520 3589 2571 im-

1985 2601 2127 2667 plcta
2188 2603 2626 2671 dispensatione,
2680 2606 2940 2659 revolavit
3001 2607 3051 2660 in
3089 2607 3323 2673 caelum,
3380 2619 3433 2662 et
3484 2610 3585 2664 fuit

1988 2695 2182 2748 iterum
2238 2708 2492 2765 tanquam
2543 2698 2593 2751 in
2652 2716 2809 2752 manu
2858 2700 3032 2754 Patris
3096 2702 3244 2773 virga
3312 2705 3589 2773 aequitatis

1982 2801 2044 2838 ac
2080 2789 2225 2856 regni
2256 2805 2268 2838 :
2296 2791 2445 2843 sedet
2502 2792 2643 2844 enim
2691 2794 2755 2845 ad
2788 2794 3067 2847 dexteram
3113 2795 3388 2849 Genitoris
3414 2799 3493 2850 sui
3526 2799 3578 2850 in

1982 2880 2197 2944 propria
2237 2881 2539 2945 majestate,
2576 2884 2735 2936 sedes
2774 2884 3070 2939 altissitttas
3092 2887 3346 2940 obtinens
3374 2926 3388 2950 ,
3421 2889 3583 2941 etiam

1983 2982 2104 3019 cum
2142 2984 2304 3024 carne
2334 2970 2400 3023 ⁵⁸.

2612 3104 2763 3159 CAP.
2809 3105 2948 3161 XVI.

2052 3214 2212 3267 Aliud
2238 3216 2301 3270 de
2331 3233 2489 3271 niauu
2518 3218 2944 3290 Moysisleprosu
2977 3234 3023 3276 et
3065 3226 3266 3297 integre
3298 3241 3509 3282 sanam.

2053 3349 2069 3380 ι
2104 3329 2242 3383 Dixit
2272 3334 2531 3386 autemad
2555 3349 2676 3387 eum
2721 3337 2861 3390 Deus
2888 3338 3147 3395 Dominus
3171 3342 3367 3396 iterum
3394 3362 3407 3396 :
3440 3344 3583 3401 lnl'er

1977 3439 2193 3475 nranum
2223 3435 2368 3478 tuam
2406 3428 2455 3478 in
2491 3427 2666 3480 sinum
2694 3437 2843 3481 tuum
2873 3448 2887 3493 ;
2919 3442 2973 3484 et
3001 3435 3223 3501 protulit
3254 3452 3471 3491 manum
3512 3439 3582 3493 de

1976 3518 2095 3569 sinu
2133 3531 2251 3580 suo,
2285 3528 2338 3570 et
2368 3517 2509 3572 facta
2541 3528 2623 3573 est
2653 3535 2843 3575 manus
2879 3522 2998 3591 ejus
3038 3524 3178 3580 sicut
3208 3528 3321 3581 nix.
3364 3530 3420 3582 Et
3442 3503 3599 3586 dixit

1977 3608 2167 3659 iterum
2201 3625 2213 3660 :
2246 3605 2389 3662 infer
2424 3622 2641 3661 manum
2680 3620 2823 3663 tuam
2860 3614 2910 3665 in
2961 3616 3138 3669 sinum
3179 3627 3329 3673 luunt
3362 3638 3375 3675 :
3403 3635 3457 3677 et
3494 3623 3576 3677 in-

1977 3698 2093 3749 tulit
2122 3715 2337 3752 manum
2379 3717 2533 3754 suam
2577 3702 2829 3757 insinnm
2874 3722 3029 3760 suum
3055 3750 3068 3771 ,
3108 3718 3162 3763 et
3201 3714 3423 3780 protulit
3454 3731 3574 3771 eam

1973 3789 2039 3841 de
2063 3791 2183 3842 sinu
2215 3805 2405 3853 suo.et
2442 3793 2635 3847 iterum
2669 3797 2915 3851 restituta
2944 3810 3030 3853 est
3064 3801 3115 3854 iu
3137 3802 3373 3859 colorem
3393 3810 3577 3862 carnis

1972 3882 2089 3947 ejus
2113 3883 2176 3936 ⁸³.
2218 3901 2233 3932 ι
2281 3884 2492 3938 Manum
2520 3889 2584 3937 ad
2618 3889 2893 3943 dexteram
2939 3891 3029 3947 Dei
3067 3904 3119 3948 et
3158 3894 3335 3951 Patris
3380 3915 3570 3954 verum

1973 3972 2166 4027 Filium
2192 3974 2305 4041 ejus
2342 3976 2523 4030 divin
2554 3978 2834 4049 Scriptura
2869 3986 3135 4041 nominat.
3167 3988 3385 4045 luduxit
3421 3997 3569 4050 enim

1973 4065 2146 4134 ipsum
2201 4069 2469 4124 dicentem
2510 4090 2521 4123 :
2561 4090 2578 4122 ι
2628 4071 2740 4142 Ego
2799 4091 2960 4131 manu
3016 4096 3132 4135 mea
3184 4085 3393 4141 ﬁrmavi
3456 4106 3573 4146 etB-

1972 4157 2078 4210 lum
2113 4159 2157 4189 ⁸⁰
2201 4176 2215 4223 ;
2259 4179 2277 4211 ι
2333 4176 2432 4214 nec
2486 4176 2591 4215 non
2655 4165 2821 4219 etiam
2865 4168 3029 4223 David
3068 4173 3283 4231 divinus
3331 4190 3515 4235 cantat
3555 4202 3569 4237 :

1976 4268 1993 4299 ι
2022 4250 2196 4304 Verbo
2232 4251 2442 4306 Domini
2478 4256 2597 4309 ρωιὶ
2632 4256 2824 4312 {innati
2860 4272 2985 4315 sunt
3013 4264 3055 4295 "
3116 4285 3135 4319 ι
3181 4268 3354 4326 Cerne
3385 4273 3570 4343 igitur,

1972 4344 2023 4395 in
2058 4346 2236 4398 sinum
2266 4347 2481 4413 quidem
2520 4347 2718 4419 Moysis
2761 4353 2939 4409 adhuc
2975 4373 3196 4413 manum
3234 4361 3353 4431 ejus
3380 4371 3569 4422 occul-

1972 4438 2102 4499 tari,
2142 4448 2196 4492 et
2230 4440 2466 4493 nomium
2524 4441 2722 4497 laetam
2776 4446 3044 4515 leprosam
3070 4491 3083 4513 ,
3123 4456 3395 4523 prolatam
3436 4477 3569 4517 vero

1968 4531 2151 4584 statim
2210 4531 2476 4601 leprosam
2535 4535 2735 4592 factam
2766 4557 2778 4591 :
2812 4540 3009 4597 deinde
3056 4562 3178 4600 mox
3241 4550 3484 4618 illatam,
3514 4567 3569 4609 et

2686 4630 2749 4684 de
2802 4644 2999 4687 caetero
3061 4654 3162 4691 non
3243 4642 3563 4710 leprosam:

1970 4732 1988 4765 ι
2009 4714 2276 4769 Rcstituta
2291 4724 2376 4770 est
2398 4717 2565 4783 enim,
2598 4717 2793 4787 inquit,
2826 4722 2877 4775 in
2908 4724 3144 4779 colorem
3168 4732 3350 4785 carnis
3372 4733 3509 4802 ejus.
3541 4755 3561 4787 ι

1964 4805 2107 4875 Ergo
2157 4808 2393 4876 quandin
2470 4810 2687 4879 quidem
2750 4827 2870 4868 erat
2925 4817 2977 4869 in
3032 4820 3155 4874 sinu
3213 4820 3389 4880 Patris
3423 4827 3565 4883 Deus

1967 4893 2223 4960 Verbum,
2264 4896 2565 4952 divinitatis
2601 4902 2777 4956 nitore
2814 4902 3091 4975 fulgebat;
3130 4926 3316 4966 vermn
3342 4919 3565 4985 quando

1965 4985 2146 5054 aliquo
2209 4990 2367 5040 modo
2431 5002 2583 5044 extra
2636 4992 2735 5046 fuit
2794 5010 2892 5065 per
2952 5000 3381 5061 incarnationem
3446 5010 3564 5065 sive

1966 5079 2416 5151 ἐνανθρώπησιν,
2456 5086 2631 5139 factus
2678 5102 2759 5143 εει
2802 5108 2819 5136 ι
2870 5092 2921 5145 in
2973 5094 3565 5159 similitudinecarnis

1966 5174 2209 5237 peccati,
2250 5186 2303 5227 et
2356 5177 2495 5231 inter
2557 5180 2771 5249 iniquos
2826 5196 3109 5254 reputatus
3160 5202 3243 5245 est
3275 5194 3341 5245 “.
3409 5215 3428 5248 ι
3469 5199 3562 5253 Ait

1963 5264 2105 5317 enim
2133 5266 2347 5318 divinus
2377 5266 2575 5324 Paulus
2600 5314 2613 5335 ,
2651 5291 2668 5321 ι
2712 5288 2835 5327 eum
2873 5278 2962 5345 qui
2998 5291 3283 5347 peccatum
3322 5302 3426 5341 non
3461 5305 3559 5344 no-

1961 5367 2135 5419 verat,
2159 5373 2253 5425 pro
2278 5358 2419 5413 nobit
2457 5375 2737 5429 peceatmn
2770 5366 2956 5435 fuisse,
2983 5382 3039 5425 ut
3070 5389 3167 5429 nos
3196 5375 3451 5435 heremus
3470 5382 3561 5452 ju-

1961 5447 2106 5501 stitia
2150 5450 2200 5501 in
2229 5451 2343 5520 ipso
2382 5452 2448 5507 ⁶².
2496 5473 2515 5506 ο
2554 5453 2665 5510 Hoc
2689 5458 2947 5515 existimo
2979 5462 3180 5535 lepram
3215 5447 3553 5544 signiﬁcare.

1962 5540 2271 5598 immundus
2318 5548 2461 5605 enim
2494 5552 2791 5606 secundum
2834 5555 3004 5627 legem
3048 5540 3293 5630 leprosus
3327 5564 3391 5619 “.
3450 5568 3558 5623 Sed

2226 5711 2591 5791 °_‘_lsa.__w_,_l.
2624 5790 2631 5791 ί
2668 5717 2714 5749 ⁸²
2753 5718 2924 5777 Exod.
2980 5742 3055 5789 IV,
3109 5729 3231 5786 1-5.
3315 5732 3359 5763 ⁸³
3390 5733 3549 5791 Joan.

2236 5783 2321 5836 tt.
2400 5785 2653 5867 ‘1E_xod.
2714 5807 2787 5856 ιν,
2836 5793 2907 5867 9..
2973 5783 3231 5854 ιηἰιεςιιζ
3290 5783 3551 5867 Rufi;

2006 5852 2050 5880 θ’
2085 5850 2242 5907 Rom.
2276 5870 2391 5916 νιιι,
2421 5854 2485 5922 3;
2516 5856 2621 5913 lsa.
2650 5850 2785 5926 ι.ιιι,’
2852 5866 2939 5921 12.
3023 5850 3431 5939 σιἰ”ὲὸτ.”ἷ,”
