3996 6464
508 457 627 514 13m

1516 449 1574 503 S.
1614 443 1887 501 CYRIIJJ
1925 440 2393 496 AI.I-ZX.\NDIII'.\I
2433 435 2753 492 MlCIIII-IP.

3643 428 3771 481 I392

500 571 757 640 quoniam
798 566 990 620 iterum
1020 563 1069 618 iu
1103 564 1221 616 sinu
1267 562 1363 615 fuit
1395 562 1568 617 Patris
1597 564 1947 631 (assumptus
1996 570 2075 612 est
2110 563 2150 617 Α
2181 554 2560 625 Ορωπήσεωςῗ
2587 554 2690 605 Ant
2718 562 2885 620 quare
2920 546 3258 601 incarnatnm
3288 540 3617 640 tIICIl‘Dt‘llm
3647 543 3768 593 Ver-

501 666 553 715 in
590 658 1034 716 resurrectionem
1080 672 1107 708 a
1146 654 1445 725 mortuis),
1480 654 1681 722 prolata
1730 654 1923 705 iterum
1967 667 2081 703 nta-

501 769 601 807 lllls
630 751 909 802 videbatur
943 748 1136 801 munda
1172 762 1185 797 :
1220 747 1468 800 adveniet
1503 747 1646 799 enim
1688 754 1810 815 post
1839 753 2079 812 tempora

506 838 1122 898 ltominusnosterlesus
1150 838 1424 902 Christus,
1452 838 1503 891 itt
1532 838 1844 892 sinceritate
1894 834 2081 888 divini.

502 937 624 989 latis
653 948 705 989 et
730 933 920 1004 gloria,
964 932 1213 1001 quamvis
1244 931 1655 984 similitudinem
1691 938 1929 982 nostram
1972 941 2076 980 non

502 1028 803 1095 proiecerit.
854 1025 943 1078 Ait
978 1025 1121 1079 enim
1153 1034 1207 1077 et
1240 1024 1429 1077 beatus
1471 1020 1671 1076 Paulus
1717 1022 1784 1076 de
1806 1019 2023 1075 Christo
2057 1036 2070 1072 :

505 1135 524 1168 ι
556 1118 690 1184 Quia
723 1118 886 1172 semel
920 1126 1163 1169 mortuus
1185 1125 1267 1168 est
1296 1115 1361 1168 ad
1392 1113 1675 1168 multorum
1710 1112 2074 1167 exhauriendo

500 1221 741 1275 peccata.
785 1208 1031 1263 Secundo
1065 1208 1180 1261 sine
1211 1218 1429 1273 peccato
1450 1205 1727 1275 apparebit
1757 1214 2075 1272 exspectan-

504 1303 643 1353 tibus
685 1315 741 1353 se
795 1300 847 1352 in
882 1300 1108 1353 salutem
1141 1299 1204 1350 “.
1260 1318 1277 1349 ι
1313 1297 1454 1366 Ergo
1481 1298 1691 1366 quoties
1731 1296 1887 1351 nobis
1920 1310 2073 1350 sacra

498 1390 703 1446 Littera
735 1391 978 1444 nominat
1006 1389 1277 1444 Christum
1294 1387 1498 1451 Jesum,
1526 1388 1685 1458 791
1713 1403 1777 1441 ne
1802 1390 2073 1459 hominem

497 1498 735 1537 seorsum
796 1481 1095 1551 putaveris,
1147 1496 1251 1534 non
1306 1496 1429 1535 vere
1491 1483 1724 1534 adunato
1803 1480 1900 1548 ipsi
1968 1480 2075 1533 Deo

504 1574 676 1627 Verbo
711 1591 722 1637 ;
766 1574 858 1627 sed
888 1572 1286 1627 existimaveris
1318 1572 1486 1641 ntagis
1508 1572 1680 1638 ipsum
1718 1585 1835 1625 esse
1857 1587 1921 1624 ex
1968 1569 2073 1621 Deo

498 1675 552 1715 et
586 1662 749 1720 Patre
796 1662 1031 1718 Verbum
1069 1660 1257 1715 Jesunt
1297 1662 1605 1724 Christum,
1630 1678 1749 1715 cum
1778 1660 1958 1714 faettts
2003 1661 2072 1714 sit

500 1756 675 1812 It-uno.

1107 1886 1255 1942 CAP.
1292 1888 1449 1941 XVII.

499 1999 647 2064 Qttoa
682 1998 921 2055 Christus
954 2018 1051 2054 non
1079 2013 1187 2055 erat
1211 2003 1361 2054 homo
1386 2000 1660 2070 Ome/190;,
1686 2016 1775 2053 nec
1803 1999 2061 2067 simplici-

498 2084 574 2121 ter
617 2074 669 2124 iu
714 2073 919 2123 homine
974 2072 1278 2123 ittJtttbitat'it
1321 2070 1454 2123 Deus
1506 2070 1769 2132 Verbum;
1802 2072 1889 2125 sed
1929 2070 2065 2138 quod

500 2142 662 2261 Langia
689 2156 812 2192 caro
842 2141 908 2193 sit
932 2141 1149 2209 factum,
1178 2143 1281 2193 sive
1304 2143 1455 2193 homo
1477 2142 1749 2209 perfectus,
1786 2144 2068 2193 secundum

542 2223 816 2261 crmturas.

542 2223 816 2277 crtptums.

568 2344 667 2410 Qui
718 2344 877 2398 Iidem
927 2344 1125 2399 habent
1176 2347 1227 2399 in
1283 2344 1498 2401 Christo
1558 2345 1954 2401 immaculatum
2016 2355 2069 2400 et

498 2435 658 2488 rectis
687 2436 938 2489 omnibus
958 2434 1225 2507 snlIragiis
1257 2440 1680 2507 comprobatam,
1720 2438 1900 2492 dicant
1923 2438 2068 2492 vitle-

499 2528 619 2581 licet
659 2529 800 2596 quod
830 2528 942 2597 ipse
958 2543 1020 2582 es
1044 2528 1155 2582 Deo
1177 2528 1333 2583 Patre
1361 2530 1498 2584 Deus
1528 2526 1761 2583 Verbum
1790 2529 1842 2585 in
1879 2530 2067 2583 exina-

498 2620 720 2672 nitatem
808 2619 1181 2682 descenderit,
1265 2621 1492 2673 tormam
1557 2620 1698 2675 servi
1774 2620 2065 2690 accipiens,

499 2712 877 2779 propriumque
918 2711 1017 2764 sibi
1053 2709 1254 2765 faciens
1299 2726 1518 2780 corpus,
1570 2711 1712 2779 quod
1754 2721 1839 2765 est
1881 2720 2065 2765 ttatunt

499 2817 561 2855 ex
586 2802 797 2870 Virgine
823 2819 838 2865 ;
863 2802 1000 2869 quod
1038 2801 1211 2856 factus
1241 2802 1312 2855 sit
1345 2804 1509 2857 nostri
1544 2801 1756 2865 similis,
1784 2814 1838 2856 et
1864 2818 2069 2857 nuncu-

502 2902 655 2958 patus
678 2890 842 2945 Filius
868 2890 1118 2944 hominis.
1152 2891 1245 2944 Est
1270 2900 1447 2947 autem
1470 2889 1610 2945 Deus
1632 2892 1843 2962 quidem
1871 2908 2066 2951 secun-

500 2983 621 3033 dum
644 2982 887 3048 spiritum
917 2997 932 3045 ;
963 2982 1123 3035 homo
1144 2993 1321 3036 autem
1348 2983 1487 3036 idem
1512 2983 1805 3037 scentulum
1827 2998 2065 3039 carnem.

503 3071 701 3125 Deinde
726 3071 938 3125 divinus
965 3071 1161 3127 Paulus
1184 3072 1491 3129 Judteorum
1531 3074 1781 3145 populum
1825 3078 2066 3145 alloque-

502 3162 657 3217 batur
696 3164 920 3219 dicens:
952 3184 968 3215 ι
1002 3164 1341 3219 Multifariam
1390 3167 1677 3237 multisque
1725 3169 1896 3223 modis
1940 3170 2065 3223 olim

504 3254 639 3309 Deus
656 3256 879 3324 loquens
902 3259 1146 3326 patribus
1166 3259 1216 3312 in
1242 3259 1537 3327 prophetis,
1556 3260 1864 3315 novissimis
1882 3262 2068 3316 diebus
2095 3265 2137 3324 C

504 3347 849 3403 istislocotus
872 3357 953 3403 est
978 3350 1132 3403 nobis
1163 3351 1213 3403 itt
1242 3351 1373 3405 Filio
1395 3350 1459 3405 “.
1503 3371 1520 3403 ι
1552 3354 1613 3405 Ιίὶι
1639 3368 1870 3421 quonam
1915 3354 2073 3409 modo

504 3438 834 3509 intelligatur
867 3440 1076 3495 locutus
1111 3440 1277 3497 fuisse
1308 3442 1446 3498 Deus
1485 3454 1539 3498 et
1571 3444 1731 3498 Pater
1766 3446 2073 3501 novissimis

501 3528 690 3582 diebus
722 3528 772 3581 itt
797 3528 978 3584 Filio?
1017 3529 1250 3585 Locutus
1283 3543 1365 3587 est
1390 3534 1532 3587 enitn
1563 3536 1959 3606 antiquioribus
1979 3550 2074 3604 per

504 3621 674 3696 ipsum
717 3626 849 3681 dans
880 3626 1070 3697 legem,
1099 3640 1151 3683 et
1204 3630 1404 3685 idcirco
1428 3632 1540 3699 ipse
1578 3629 1616 3684 F
1626 3630 1745 3685 ilius
1781 3647 1907 3687 suos
1942 3631 2074 3687 dicit

501 3733 621 3773 esse
651 3734 954 3781 sermones,
979 3736 1073 3790 per
1095 3722 1546 3789 sapientissimum
1572 3722 1787 3794 Moysen
1813 3725 2069 3795 prolatos.

502 3809 587 3862 Ait
610 3809 751 3861 enim
783 3825 796 3862 :
838 3827 855 3859 ι
886 3809 1059 3863 Nolite
1091 3823 1279 3877 putare
1308 3813 1429 3880 quia
1470 3814 1591 3867 veni
1638 3814 1847 3869 solvere
1874 3816 2063 3887 legem,

503 3912 591 3955 aut
615 3906 920 3971 prophetas.
957 3900 1070 3957 Non
1101 3905 1218 3959 veni
1260 3904 1487 3969 solvere,
1529 3907 1895 3977 sedimplere.
1936 3908 2069 3963 Dico

500 3995 643 4047 enim
683 3995 855 4061 vobis,
882 3996 987 4047 iota
1012 4012 1196 4059 unum,
1224 4006 1321 4051 aut
1346 4012 1485 4053 unus
1515 4013 1649 4068 apex
1676 4015 1781 4054 non
1820 4000 2068 4055 transibit

501 4104 529 4137 a
555 4087 872 4156 lege,donee
892 4088 1070 4141 omnia
1099 4090 1244 4143 tiam.
1273 4090 1476 4145 Cretum
1493 4101 1548 4145 et
1576 4101 1712 4145 terra
1742 4094 2062 4158 transibunt,

503 4180 662 4231 verba
704 4189 880 4233 autem
928 4196 1043 4235 mea
1092 4196 1196 4235 non
1237 4184 1540 4239 transibunt
1578 4183 1642 4238 ".
1676 4202 1694 4235 ι
1730 4184 1878 4240 Adde
1900 4186 2063 4239 etiam

501 4272 771 4340 propheta:
828 4287 1011 4327 vocem
1067 4290 1080 4327 :
1141 4292 1157 4323 ι
1209 4271 1325 4341 Ipse
1393 4277 1481 4343 qui
1537 4275 1813 4345 loquebar,
1868 4289 2064 4347 prtBSIO

499 4387 618 4425 smn
648 4369 713 4426 “.
752 4387 771 4420 ι
816 4367 957 4438 Ergo
1004 4382 1125 4421 cum
1188 4368 1359 4420 laetus
1412 4377 1495 4421 est
1546 4366 1713 4423 Filios
1764 4369 1815 4421 in
1876 4383 2059 4435 carne,

502 4475 627 4517 tune
676 4464 883 4516 locutus
932 4469 1015 4515 est.
1074 4461 1226 4514 nobis
1279 4461 1437 4515 Pater
1507 4461 1557 4514 in
1593 4461 1727 4530 ipso,
1795 4460 1935 4517 sicut
1986 4464 2063 4517 ait

499 4554 688 4607 beatus
752 4551 969 4615 Paulus,
1024 4552 1327 4606 novissimis
1377 4553 1643 4606 diebus".
1715 4549 1821 4607 Sed
1861 4567 1926 4606 Ite
1964 4568 2057 4623 pa-

501 4662 614 4698 tum
639 4645 941 4709 credamus,
974 4648 1118 4715 quod
1150 4647 1259 4713 ipse
1290 4646 1357 4699 sit
1390 4645 1476 4699 ille
1500 4646 1588 4713 qui
1616 4646 1779 4699 etiam
1811 4654 1934 4699 ante
1962 4660 2059 4699 sa:-

497 4738 615 4793 Cttla
678 4735 864 4802 Filius,
920 4738 1097 4790 intulit
1148 4740 1375 4792 statim:
1417 4757 1434 4789 ι
1465 4736 1565 4792 Per
1613 4753 1769 4807 quem
1830 4737 1958 4790 fecit
2009 4745 2063 4790 et

496 4831 687 4886 SJtcula
722 4829 799 4895 "°,
836 4848 853 4881 ι
905 4830 1244 4899 splendorem
1299 4832 1459 4884 etiam
1497 4830 1678 4899 glorize
1724 4839 1777 4883 et
1835 4828 2059 4892 ﬁguram

496 4920 807 4975 substantia:
840 4919 1014 4972 Patris
1047 4935 1165 4974 eSse
1202 4934 1633 4974 connncmorans
1658 4919 1724 4972 “.

568 5016 737 5085 Ilomo
768 5015 926 5081 igitur
956 5016 1127 5069 lactus
1153 5024 1235 5069 est
1278 5026 1403 5066 vere
1444 5011 1489 5065 is
1529 5025 1625 5079 per
1657 5022 1815 5079 quem
1847 5007 1975 5064 fecit
2005 5016 2060 5063 et

494 5112 686 5166 smcnla
717 5109 854 5164 Deus
883 5108 1076 5174 Pater;
1104 5115 1159 5161 et.
1188 5122 1314 5169 non,
1348 5116 1403 5157 ut
1435 5101 1672 5158 nonnulli
1716 5100 2048 5163 existimant,

495 5206 547 5255 ιιι
582 5202 797 5257 homine
836 5200 952 5265 luit,
987 5211 1041 5254 ut
1086 5206 1243 5252 homo
1293 5196 1617 5265 intelligatur
1658 5209 1688 5248 a
1735 5193 1886 5248 nobis
1935 5202 2053 5245 tan-

494 5309 649 5361 quam
682 5292 846 5345 Deum
869 5288 1070 5343 habens
1096 5286 1508 5341 inhabitantetn.
1540 5282 1672 5335 Nam
1700 5281 1743 5336 si
1773 5282 1886 5335 batc
1910 5288 2055 5333 recte

495 5398 550 5436 se
582 5383 779 5436 habere
830 5393 953 5433 vere
980 5379 1274 5438 conlidunt,
1302 5384 1740 5442 supervacaneus
1762 5384 1883 5423 esse
1909 5369 2049 5422 vide-

496 5475 637 5526 bitur
659 5472 845 5525 beatus
870 5470 1195 5538 evangelista
1231 5465 1471 5521 Joannes
1506 5467 1693 5519 dicens
1727 5476 1741 5515 :
1778 5480 1797 5513 ι
1828 5461 1891 5515 Et
1922 5460 2053 5515 Vero

496 5564 616 5616 hom
650 5579 774 5618 caro
803 5562 996 5615 factum
1021 5570 1103 5615 est
1129 5558 1198 5612 7’.
1231 5576 1250 5610 ι
1287 5556 1384 5612 Ubi
1411 5557 1551 5610 enim
1582 5555 1873 5610 necessitas
1900 5553 2052 5604 ἐναν-

561 5708 605 5739 ⁶⁸
642 5706 802 5763 Hebr.
833 5723 906 5769 Ix,
931 5705 1018 5759 28.
1095 5706 1138 5737 ⁸⁸
1172 5705 1333 5759 Hebr.
1362 5720 1399 5769 t,
1425 5704 1477 5758 1.
1552 5703 1593 5735 ⁸⁷
1630 5705 1817 5759 Matth.
1847 5720 1896 5767 ν,
1926 5705 2011 5758 l7.

493 5776 536 5808 ’⁸
568 5777 719 5831 Joan.
751 5779 899 5840 1,Μ.
1008 5776 1055 5808 ’³
1091 5776 1257 5831 Levit.
1308 5790 1447 5837 xxvi,
1483 5774 1575 5836 1‘2;
1607 5776 1621 5828 l
1650 5778 1773 5831 Cor.
1828 5792 1898 5839 vr,
1943 5777 2023 5831 IG.

492 5848 536 5878 ἰ
566 5848 584 5900 l
616 5847 739 5903 Cor.
766 5863 836 5911 γε,
874 5849 950 5902 Ill.

2088 5706 2133 5737 ⁸⁸
2172 5704 2269 5759 lsa.
2302 5721 2400 5767 ιιι,
2426 5703 2479 5757 8.

2136 5779 2181 5806 7"
2216 5781 2383 5845 Apoc.
2428 5790 2504 5837 ιιι,
2559 5772 2656 5839 2ος
2711 5770 2865 5827 Joan.
2898 5785 3005 5835 xtv,
3064 5774 3147 5826 16.

2181 648 2329 708 bttttt,
2374 647 2417 699 si
2467 661 2571 699 non
2613 645 2791 698 Iactus
2824 650 2906 694 est
2944 638 3113 692 caro?
3152 637 3248 690 Vis
3291 634 3772 704 ἐνανθρωπήσεως

2177 753 2228 793 et
2255 741 2485 795 similem
2515 738 2683 793 nostri
2709 751 2829 791 eum
2854 733 3055 787 laetum
3082 745 3204 784 esse
3223 729 3524 798 signiﬁcat,
3551 738 3605 779 et
3626 742 3770 780 man-

2177 830 2309 884 sisse
2336 838 2513 883 tamen
2549 829 2628 883 sic
2653 838 2866 896 quoque
2920 822 3094 893 ipsum
3149 834 3313 888 supra
3365 833 3496 881 nos,
3545 818 3656 871 into
3682 833 3770 871 stt-

2178 938 2271 991 pra
2307 924 2613 976 universam
2645 920 2814 990 ipsam
2841 926 3170 972 creaturam.

2246 1015 2509 1084 Oportere
2552 1022 2731 1066 autem
2768 1009 3041 1069 existimo,
3072 1021 3133 1061 ea
3176 1020 3298 1075 qua:
3327 1005 3465 1067 dixi,
3505 1002 3767 1071 exemplis

2176 1107 2337 1159 etiam
2382 1105 2735 1174 comprobare
2781 1110 2835 1155 et
2878 1099 3226 1169 persuadere,
3262 1097 3408 1165 quod
3442 1094 3766 1162 Unigenitus

2178 1197 2355 1252 factus
2390 1196 2461 1248 sit
2497 1196 2677 1257 homo,
2710 1207 2763 1247 et
2804 1193 2874 1245 sit
2903 1189 3061 1251 Deus,
3095 1188 3257 1241 etiam
3297 1201 3420 1239 cum
3472 1200 3663 1247 carne,
3707 1201 3766 1238 ac

2177 1307 2282 1345 non
2321 1300 2530 1343 tantttm
2563 1285 2878 1342 inhabitarit
2912 1284 2965 1338 iu
3008 1282 3249 1341 homine,
3291 1279 3563 1349 Θεοφὸρον
3594 1280 3763 1347 ipsum

2173 1382 2428 1444 t-llicicns,
2466 1390 2723 1450 tanquam
2768 1378 2920 1439 alios,
2950 1376 3040 1444 qui
3073 1374 3375 1429 divinitatis
3408 1373 3583 1441 ipsius
3618 1371 3763 1424 fuere

2175 1474 2481 1544 participes.

2765 1625 2916 1680 CAP.
2957 1623 3140 1679 XVIII.

2173 1742 2325 1807 Quod
2353 1744 2665 1798 Emmanuel
2698 1740 2864 1796 Deum
2891 1742 3130 1794 habuerit
3154 1741 3311 1795 aliter
3341 1738 3757 1807 inhabitantium,

2804 1827 2961 1879 quam
3003 1827 3114 1864 nos.

2099 1921 2138 1974 Β
2238 1925 2326 1979 Ait
2353 1925 2548 1979 alicubi
2581 1924 2726 1980 Deus
2762 1925 2825 1978 dc
2866 1924 3062 1979 nobis:
3094 1943 3114 1976 ι
3146 1925 3464 1979 Inhahitalto
3517 1924 3569 1979 itt
3605 1924 3756 1993 ipsis,

2170 2030 2221 2072 et
2250 2016 2615 2079 inambulabo,
2655 2024 2709 2070 et
2740 2030 2832 2069 ero
2860 2016 2994 2085 ipsis
3030 2014 3195 2079 Dens,
3227 2026 3277 2068 et
3305 2015 3403 2084 ipsi
3435 2026 3598 2069 erunt
3626 2016 3756 2068 mihi

2170 2108 2394 2178 popqus
2424 2108 2490 2160 ".
2526 2125 2543 2157 ι
2588 2105 2695 2160 Nec
2739 2120 2845 2160 non
2884 2106 3047 2160 etiam
3100 2107 3215 2176 ipse
3262 2105 3527 2161 Dominus
3573 2117 3759 2160 noster

2169 2198 2327 2255 Jesns
2353 2198 2602 2253 Christus
2636 2216 2650 2252 :
2696 2215 2713 2247 ι
2748 2196 2884 2252 Ecce
2914 2212 3013 2267 ego
3063 2198 3255 2263 venio;
3292 2210 3347 2252 et
3375 2198 3418 2251 si
3459 2198 3584 2265 quis
3620 2198 3753 2251 mihi

2171 2290 2460 2359 aperuerit,
2517 2289 2725 2343 intrabo
2770 2303 2891 2358 ego,
2942 2298 2997 2342 et
3039 2287 3176 2359 apud
3213 2304 3338 2342 eum
3394 2290 3650 2351 cantabo,
3699 2299 3757 2343 et

2169 2379 2348 2446 Pater,
2373 2390 2425 2435 et
2455 2381 2519 2434 ad
2549 2394 2673 2434 eum
2695 2380 2989 2442 veniemus,
3022 2389 3074 2434 et
3098 2381 3434 2435 mansionem
3462 2383 3603 2451 apud
3628 2396 3753 2435 eum

2170 2473 2519 2529 faciemus“.
2551 2491 2571 2525 ι
2611 2470 2879 2527 Nomiuati
2910 2487 3096 2527 sumus
3118 2473 3281 2527 etiam
3312 2474 3571 2542 templum
3613 2473 3701 2527 Dei
3730 2488 3749 2527 :

2175 2586 2192 2617 ι
2230 2566 2332 2621 Vos
2373 2565 2539 2629 enim,
2590 2564 2782 2634 ittquit,
2820 2563 3013 2633 templa
3044 2564 3174 2619 estis
3220 2562 3313 2617 Dei
3358 2564 3464 2617 vivi
3511 2565 3577 2615 ⁷⁸.
3612 2583 3631 2614 ι
3686 2564 3749 2619 Et

2173 2672 2358 2713 rursus
2382 2676 2391 2711 :
2413 2676 2430 2709 ι
2454 2656 2683 2712 Nescitis
2697 2671 2923 2726 corpora
2948 2665 3123 2711 vestra
3148 2655 3404 2726 templum
3436 2670 3558 2710 esse
3581 2656 3752 2725 Spiri-

2173 2758 2255 2803 tus
2283 2749 2476 2814 sancti,
2503 2749 2590 2817 qui
2617 2757 2701 2801 est
2737 2748 2787 2801 itt
2817 2746 2987 2813 vobis,
3013 2760 3169 2816 quem
3193 2747 3405 2803 habetis
3427 2764 3457 2801 a
3480 2748 3592 2802 Deo
3610 2748 3697 2802 ’Ὗ
3726 2767 3745 2799 ι

2177 2838 2369 2894 Verum
2393 2840 2434 2892 si
2462 2840 2533 2892 ita
2562 2840 2732 2905 aiunt,
2756 2840 2927 2907 ipsum
2966 2852 3179 2908 quoque
3203 2853 3260 2892 se
3294 2840 3495 2893 habere
3530 2840 3750 2893 Emma-

2171 2931 2313 2995 nuel,
2329 2941 2405 2993 et,
2418 2941 2674 3001 tauquam
2699 2942 3135 2999 unumquemque
3153 2942 3267 2984 IIOSI
3283 2946 3421 2996 rum,
3443 2930 3753 2985 inhabitan-

2173 3029 2278 3075 tem
2299 3020 2349 3074 in
2368 3035 2487 3075 sese
2506 3020 2671 3074 Deum
2694 3019 2971 3085 habuisse,
2999 3030 3182 3089 aperte
3200 3020 3605 3090 conﬁteantur;
3628 3038 3748 3076 cum

2174 3109 2344 3178 ipsum
2395 3108 2612 3163 adorari
2658 3108 3017 3177 conSpieittnt,
3056 3118 3162 3162 tam
3200 3126 3231 3161 a
3276 3109 3456 3175 nobis,
3487 3126 3648 3179 quam
3681 3112 3750 3168 ab

2172 3200 2394 3271 angelis,
2427 3201 2478 3253 itt
2516 3200 2653 3256 emlo
2679 3202 2881 3269 pariter
2908 3209 2963 3255 et
2988 3200 3040 3253 itt
3074 3210 3239 3265 terra,
3273 3202 3601 3257 erubescant
3628 3212 3748 3257 tan-

2174 3310 2331 3363 quam
2379 3294 2590 3348 diversa
2638 3292 2921 3363 alienaque
2970 3292 3284 3357 sentientes,
3316 3303 3372 3348 et
3419 3294 3745 3349 Litterarum

2174 3400 2451 3440 sacrarunt
2494 3386 2823 3455 propositum
2860 3386 3182 3449 nescientes,
3228 3400 3327 3439 nec
3376 3385 3641 3441 habentes
3695 3388 3746 3441 in

2173 3491 2231 3531 se
2264 3476 2443 3541 Iidem,
2479 3492 2637 3545 quam
2677 3477 2832 3531 nobis
2865 3476 3222 3540 tradiderunt,
3270 3477 3360 3546 qtti
3399 3477 3452 3531 in
3485 3479 3747 3549 principio

2173 3576 2227 3620 et
2252 3566 2521 3631 viderunt,
2556 3575 2611 3620 et
2644 3565 3085 3620 ministraverunt
3121 3563 3320 3620 Verbo.

2245 3657 2302 3711 Si
2343 3670 2523 3711 autem
2566 3657 2767 3722 dicant,
2803 3658 2944 3728 quod
2976 3666 3258 3727 propterea
3306 3658 3445 3712 Dens
3476 3660 3569 3727 sit,
3607 3669 3658 3714 et
3690 3670 3746 3714 ut

2173 3748 2312 3802 Deus
2340 3749 2690 3818 glorllicetnr,
2724 3751 2849 3818 quia
2886 3750 2937 3803 in
2962 3764 3027 3804 eo
3052 3758 3257 3803 tantum
3292 3749 3621 3807 inhabitatit
3652 3753 3739 3808 Dei

2169 3841 2343 3897 Patris
2383 3841 2656 3907 Verbum,
2695 3856 2757 3895 ae
2790 3858 2894 3896 non
2939 3852 3243 3912 propterea,
3286 3844 3411 3914 quia
3453 3843 3632 3900 factus
3674 3847 3740 3901 sit

2170 3934 2365 3998 homo;
2391 3934 2611 3988 audient
2632 3948 2820 3989 rursus
2850 3950 2876 3987 a
2904 3934 3054 3987 nobis
3085 3952 3097 3986 :
3123 3934 3179 3988 Si
3204 3935 3292 4001 iis,
3315 3936 3406 4004 qui
3435 3936 3738 3991 inhabitan-

2170 4037 2276 4081 tem
2314 4027 2363 4079 itt
2402 4041 2460 4080 se
2489 4023 2655 4079 Deum
2690 4024 2993 4092 habuerint,
3022 4026 3152 4080 satis
3173 4036 3276 4084 est.
3303 4034 3359 4079 nt
3390 4028 3595 4082 idcirco
3618 4043 3737 4082 vere

2167 4121 2239 4175 dii
2273 4135 2392 4175 esse
2419 4120 2644 4190 possint,
2674 4128 2729 4173 et
2756 4118 2822 4171 ab
2858 4118 3166 4172 hominibus
3207 4118 3523 4184 adorentur,
3554 4134 3736 4176 onmcs

2166 4227 2299 4268 sane
2332 4212 2506 4283 angeli
2541 4212 2895 4280 hominesque
2925 4213 3034 4264 sint
3074 4211 3143 4264 dii
3171 4220 3225 4263 et
3255 4210 3555 4275 adorandi;
3586 4213 3735 4266 inha-

2165 4304 2297 4359 bitat
2320 4305 2462 4358 enim
2500 4305 2639 4357 Dens
2675 4302 2744 4358 in.
2759 4300 2961 4356 sanctis
2981 4298 3206 4367 angelis.
3248 4299 3545 4357 Ilabuimns
3576 4304 3732 4356 etiam

2165 4410 2262 4450 nos
2296 4396 2472 4465 ipsum
2503 4395 2555 4447 itt
2588 4393 2744 4448 nobis
2768 4406 2863 4463 per
2892 4391 3154 4461 Spiritum
3186 4402 3466 4461 sanctum;
3505 4398 3601 4449 sed
3630 4412 3732 4451 non

2162 4486 2360 4542 subicit
2384 4488 2485 4541 hoc
2514 4486 2819 4549 ostendere,
2853 4494 3043 4538 natura
3066 4484 3196 4538 deos
3217 4494 3270 4538 et
3312 4486 3619 4541 atlorandos
3646 4503 3733 4543 eos

2163 4581 2254 4647 qui
2292 4579 2489 4633 habent
2524 4575 2784 4647 Spiritum
2813 4587 3083 4631 sanctum.
3121 4576 3286 4644 Igitur
3317 4592 3419 4631 non
3452 4589 3731 4649 propterea

2162 4668 2308 4724 Deus
2343 4680 2446 4731 est,
2474 4681 2525 4722 et
2553 4670 2859 4723 adorandus
2889 4667 3225 4732 Emmanuel,
3249 4670 3391 4738 quod
3418 4671 3733 4727 iuhahitarit

2159 4762 2211 4815 itt
2246 4777 2331 4820 eo.
2386 4772 2635 4830 tanquam
2687 4762 2739 4813 itt
2790 4761 3006 4815 homine
3049 4762 3341 4826 communi,
3392 4772 3448 4817 et
3491 4778 3730 4819 seorsum

2160 4853 2510 4923 intelligendo
2558 4864 2611 4908 et
2644 4856 2695 4907 in
2727 4863 2877 4922 parte
2918 4853 3082 4907 Deum
3127 4851 3395 4917 Verbum;
3444 4856 3538 4907 sed
3590 4857 3732 4925 quod

2158 4945 2358 4998 tantum
2404 4946 2475 4999 sit
2500 4960 2651 5009 caro,
2690 4947 2740 4999 id
2772 4954 2876 5009 est,
2914 4946 3078 4999 homo
3114 4963 3127 4999 :
3176 4946 3373 5001 mansit
3402 4948 3546 5002 enim
3593 4950 3731 5004 idem

2155 5045 2209 5091 et
2234 5035 2395 5101 Deus,
2428 5048 2483 5092 et
2508 5035 2838 5092 adorandus.

2680 5169 2838 5242 792
2876 5168 3030 5225 car.
3068 5167 3207 5223 xu.

2232 5289 2385 5343 Dicta
2424 5288 2711 5357 apostolica
2749 5287 3025 5412 iactatibus
3066 5286 3203 5341 Deus
3242 5284 3545 5340 nominatus
3585 5297 3661 5341 est

2895 5369 3070 5411 natus.

2895 5369 3070 5411 natus.

2234 5473 2309 5527 De
2338 5470 2597 5541 mysterio
2628 5469 2813 5524 dicens
2843 5469 3135 5523 secundum
3172 5466 3445 5523 Christum
3478 5486 3492 5522 :
3528 5487 3545 5519 ι
3578 5469 3728 5537 Quod

2150 5564 2289 5629 aliis,
2306 5562 2499 5633 inquit,
2526 5559 2967 5630 generationibus
2984 5574 3087 5614 non
3108 5568 3188 5613 est
3210 5558 3450 5629 agnitum
3472 5558 3597 5615 (iliis
3628 5559 3727 5615 bo-

2576 5701 2619 5734 “
2653 5698 2815 5757 Hebr.
2847 5717 2889 5762 I,
2920 5702 2968 5755 Ι.
3050 5700 3095 5732 ⁷⁸
3132 5699 3262 5757 ibid.
3289 5700 3345 5754 ‘2.
3425 5702 3470 5733 "
3512 5701 3641 5755 ibid.
3668 5702 3722 5757 5.

2576 5772 2656 5825 20:
2711 5770 2865 5825 Joan.
2898 5785 3005 5825 xlv.
3064 5774 3147 5825 lti.
3242 5771 3289 5801 "
3325 5770 3342 5824 I
3372 5770 3498 5825 Cor.
3528 5787 3611 5825 Ill.
3642 5772 3722 5825 Π.
