3996 6466
272 499 417 553 1595

1207 490 1496 546 διξιιυιιςι
1543 488 1630 543 DE
1667 484 2189 543 INCAllNATlO-NE
2234 480 2608 541 CNICENITI.

3446 473 3581 525 ιδιιι

269 612 821 677 ιιιίιιυιιι,ιὶι;ιιιιιυιιε
843 608 1137 664 revelatum
1156 605 1461 662 estsanctis
1481 604 1857 675 apttstolisi'.»
1892 606 1938 663 Α
1971 620 1989 653 ι
2026 600 2291 673 Apparuit
2317 599 2463 654 enim
2489 596 2666 669 gratia
2692 596 2785 651 Dei
2817 591 3112 649 salvatoris
3142 588 3420 652 omnibus,
3450 602 3581 639 eru-

272 706 385 760 Et:
441 722 460 757 ι
490 702 807 775 Mysterium
843 704 987 772 quod
1037 701 1415 755 absconditum
1464 697 1565 753 fuit
1592 716 1621 752 a
1656 697 1871 754 saxulis

271 808 335 852 et
362 794 828 867 generationibus,
863 809 1005 848 nunc
1030 800 1212 846 autem
1248 792 1593 846 manifestum
1630 801 1715 846 est
1740 804 1869 844 san-

270 888 379 942 clis
407 887 544 954 ejus,
577 886 774 955 quibus
804 884 973 939 voluit
1002 883 1245 938 revelare
1279 883 1496 937 divitias
1526 883 1712 954 gloria:
1750 897 1869 951 my-

268 981 425 1037 sterii
458 979 615 1046 hujus
641 980 695 1033 in
722 980 996 1050 gentibus,
1028 978 1171 1049 quod
1205 989 1289 1034 est
1315 978 1590 1045 Christus,
1626 980 1678 1032 in
1718 977 1869 1032 vobis

267 1086 401 1140 spes
447 1070 651 1140 gloriaz,
685 1086 846 1141 quem
890 1087 989 1126 nos
1030 1071 1501 1125 annuutiamus".
1543 1090 1561 1123 ι
1600 1070 1657 1125 Si
1710 1070 1872 1140 igitur

266 1173 359 1218 est.
402 1163 685 1234 Θεοφόρος,
716 1174 769 1218 et
804 1181 909 1218 non
952 1163 1093 1219 Deus
1140 1179 1288 1227 vere,
1320 1164 1595 1232 quomodo
1638 1165 1751 1234 ipse
1788 1172 1871 1217 est

264 1254 480 1309 divitia:
508 1256 694 1326 gloria:
729 1256 996 1325 mystcrii,
1024 1255 1169 1326 quod
1197 1258 1549 1309 annuntiatur
1580 1255 1873 1328 gentibus?

250 1344 371 1399 ~\'el
407 1347 678 1415 quomodo
702 1347 924 1401 omnino
952 1347 1093 1403 Deus
1117 1348 1513 1403 annuntiatur‘!

918 1456 1072 1513 CAP.
1109 1456 1229 1514 XX.

980 1573 1164 1627 Aliud.

350 1698 370 1731 ι
406 1678 537 1735 Volo
566 1680 711 1735 enim
748 1696 843 1737 vos
877 1683 1021 1739 scire
1058 1686 1277 1756 qualem
1309 1689 1730 1747 sollicitudinem
1775 1696 1870 1747 ba-

270 1772 429 1825 bcam
470 1787 567 1841 pro
589 1772 740 1828 vobis
763 1785 820 1829 et
849 1790 945 1846 pro
976 1777 1041 1831 iis
1066 1778 1156 1846 qui
1180 1791 1305 1834 sum
1330 1780 1633 1851 Laodicem,
1659 1794 1714 1839 et
1743 1788 1869 1856 qui-

267 1877 487 1929 cunque
539 1879 645 1919 non
701 1866 955 1923 viderunt
991 1869 1185 1925 faciem
1241 1888 1418 1929 meam
1470 1876 1522 1930 in
1576 1893 1761 1942 carne,
1815 1890 1873 1933 ιιι

1973 697 2126 751 diens
2162 711 2282 759 nos,
2320 704 2378 749 ut
2425 694 2759 757 abnegantes
2808 690 3146 759 impietatem
3202 694 3258 742 et
3290 683 3579 739 Saecularia

1973 788 2265 853 desideria,
2323 785 2507 840 sobrie
2550 794 2607 839 et
2646 781 2794 849 juste
2823 791 2878 838 et
2914 784 3001 852 pie
3051 782 3320 841 vivamus,
3372 777 3427 830 in
3482 776 3583 829 hoc

1972 879 2194 943 saeculo,
2247 888 2633 948 exspectantes
2686 877 2902 931 beatam
2954 888 3133 945 spem,
3176 881 3233 926 et
3282 869 3577 924 adventum

1972 970 2159 1041 gloriae
2180 970 2358 1041 magni
2378 970 2467 1023 Dei
2485 980 2539 1024 et
2556 968 2858 1024 Salvatoris
2878 965 3050 1021 nostri
3073 960 3201 1018 .Iesu
3228 960 3434 1017 Christi
3455 956 3575 1012 “tu

1974 1064 2116 1119 Ecce
2156 1062 2319 1129 Deus,
2370 1072 2427 1118 et
2472 1079 2724 1133 magnus,
2776 1060 3094 1132 plenissime
3131 1056 3446 1112 nominatus
3498 1063 3584 1109 est

1977 1158 2237 1213 Dominus
2266 1169 2455 1212 noster
2480 1154 2638 1212 lesus
2667 1156 2923 1212 Christus
2953 1173 2967 1209 :
2994 1154 3109 1221 ipse
3134 1160 3218 1206 est
3253 1151 3399 1204 enim
3425 1146 3583 1215 cujus

1973 1250 2262 1303 adventum
2314 1249 2501 1318 gloria:
2567 1256 2990 1319 exspectantes,
3050 1244 3234 1300 sobrie
3290 1242 3474 1296 vivere
3526 1249 3583 1294 et

1974 1342 2531 1412 irreprehensibiliter
2592 1340 2939 1396 festinamus.
2996 1337 3109 1393 Sed
3168 1336 3217 1390 si
3280 1344 3367 1389 est
3411 1335 3577 1388 homo

1974 1432 2258 1503 θεοφόρος,
2292 1435 2568 1502 quomodo
2594 1434 2666 1487 sit
2695 1445 2924 1502 magnus
2954 1427 3140 1483 Deus?
3173 1425 3266 1483 V'el
3306 1424 3582 1495 quomodo

1973 1524 2134 1581 beata
2168 1538 2294 1595 spes
2323 1523 2375 1577 in
2402 1523 2567 1578 eum?
2594 1520 2875 1592 Siquidem
2907 1535 3073 1575 verus
3098 1528 3183 1574 est
3217 1515 3461 1587 profecto
3491 1513 3581 1570 Je-

1974 1604 2180 1671 remia§
2200 1616 2431 1669 dicens:
2474 1631 2495 1667 ι
2533 1611 2856 1668 Maledictns
2886 1612 2979 1682 qui
3019 1625 3171 1680 spem
3223 1624 3380 1666 suam
3426 1609 3582 1677 ponit

1973 1709 2027 1763 in
2060 1708 2280 1762 homine
2306 1706 2373 1760 ⁸⁸.
2407 1724 2427 1759 ι
2469 1703 2653 1776 Neque
2675 1705 2821 1759 enim
2853 1704 3021 1759 Deum
3053 1704 3227 1773 ipsum
3261 1703 3435 1771 pOsSiI.
3460 1700 3579 1754 cili-

1972 1816 2118 1868 cere,
2151 1810 2211 1856 ut
2250 1811 2379 1855 ante
2408 1799 2546 1863 dixi,
2585 1801 2637 1854 id
2675 1799 2819 1869 quod
2856 1810 2941 1854 est
2988 1800 3156 1854 Demn
3200 1806 3442 1866 portare.
3477 1796 3580 1850 De-

1975 1894 2141 1964 nique
2172 1893 2405 1948 doceant
2428 1907 2549 1958 nos,
2586 1891 2715 1962 quid
2744 1891 3001 1960 impediat
3028 1889 3164 1945 alios
3190 1889 3355 1944 etiam
3387 1903 3579 1942 oinues

268 1955 627 2054 τυξιεοιειιιιιι·
657 1958 823 2013 corda
874 1961 1140 2030 ipsorum,
1176 1965 1426 2021 instructi
1478 1971 1529 2023 in
1576 1970 1866 2038 charilalt‘.
1904 1972 1945 2025 Β
1976 1955 2108 2043 deos
2138 2000 2270 2043 esse
2304 1995 2358 2041 et
2384 1955 2716 2050 adorandos,
2744 1955 2835 2054 qui
2869 1984 2921 2038 in
2952 1999 3011 2039 se
3044 1982 3335 2037 habuerint
3368 1980 3579 2036 Deum?

266 2055 324 2097 et
349 2044 403 2099 in
435 2062 625 2103 omnes
648 2049 863 2106 divitias
893 2053 1249 2122 plenitudinis
1275 2058 1604 2126 intellectus,
1636 2065 1690 2119 in
1720 2067 1867 2134 agni-

272 2136 476 2191 tionem
528 2141 772 2209 mysterii
806 2140 902 2197 Dei
956 2144 1159 2201 Christi
1194 2147 1261 2199 τ’.
1298 2167 1315 2199 ι
1357 2148 1498 2206 Ecce
1550 2157 1864 2225 mysterium

272 2228 389 2289 Dei,
420 2232 736 2299 mysterium
774 2236 1019 2290 nominat
1040 2236 1264 2303 Christi,
1289 2254 1343 2297 et
1376 2243 1535 2309 plene
1566 2245 1867 2317 intelligere

266 2321 532 2388 quosdam
559 2323 673 2377 vult
703 2324 754 2378 in
784 2328 1113 2396 agnitionem
1146 2332 1337 2400 ipsius.
1367 2335 1485 2400 Quo
1506 2335 1672 2405 igitur
1705 2338 1865 2394 intel-

266 2411 413 2465 lectu
459 2428 595 2481 opus
629 2425 769 2479 erat,
826 2419 1130 2475 volentibus
1164 2423 1365 2478 Christi
1415 2432 1731 2497 mysterium
1784 2431 1867 2485 di-

264 2517 450 2567 scere,
476 2504 520 2555 si
560 2504 775 2562 fuerant
812 2510 1071 2575 audituri,
1113 2517 1256 2582 quod
1302 2516 1635 2574 inhabitare:
1681 2521 1731 2574 in
1771 2524 1867 2575 bo—

264 2592 415 2647 mine
454 2592 641 2650 Deus?
687 2596 837 2667 Opus
877 2612 961 2655 est
1002 2612 1182 2657 autem
1236 2607 1405 2660 nimio
1457 2610 1754 2678 intellectu,
1810 2626 1865 2669 ut

260 2682 412 2737 scias
438 2692 626 2739 contra
658 2689 805 2756 quod
848 2689 1107 2759 Verbum,
1157 2710 1284 2750 cum
1338 2699 1411 2753 sit
1462 2700 1622 2768 Deus,
1662 2703 1862 2761 factum

260 2774 335 2829 sit
373 2776 557 2830 homo.

897 2895 1049 2952 CAP.
1093 2898 1233 2955 ΧΧΙ.

986 3010 1168 3067 Aliud.

346 3135 364 3166 ι
406 3118 444 3169 .-\
480 3118 631 3173 vobis
664 3119 807 3174 enim
842 3124 1022 3176 sonuit
1050 3139 1230 3178 sermo
1261 3126 1496 3194 Domini,
1535 3150 1642 3188 non
1686 3138 1860 3194 solum

264 3209 322 3260 in
354 3207 669 3265 Macedonia
705 3222 758 3265 et
782 3213 1020 3282 Achaia;
1049 3218 1144 3273 sed
1169 3222 1316 3276 omni
1348 3223 1467 3278 loco
1492 3227 1624 3282 lides
1658 3242 1860 3300 vestra,

262 3317 389 3369 qua:
422 3311 505 3355 est
533 3301 600 3355 ad
643 3305 834 3369 Deum,
861 3308 1028 3362 exivit
1060 3310 1125 3364 ⁸ο.
1160 3332 1178 3363 ι
1218 3312 1355 3369 Ecce
1385 3317 1580 3373 iterum
1614 3322 1665 3375 in
1697 3324 1862 3383 Deum
1891 3342 1936 3398 (ς

264 3393 428 3448 tidem
458 3396 655 3450 factam
697 3412 820 3452 esse
852 3416 1262 3472 commemorat,
1289 3412 1595 3466 cumetiam
1618 3413 1870 3476 Christus

260 3486 442 3542 dicat:
474 3506 491 3538 ι
522 3488 623 3555 Qui
654 3492 833 3546 credit
864 3494 915 3547 in
943 3511 1047 3561 me,
1075 3496 1236 3552 habet
1261 3500 1424 3555 vitam
1457 3512 1715 3561 aeternam
1740 3511 1809 3568 δι.
1846 3535 1863 3565 ι

262 3580 587 3637 Sermonem
619 3594 800 3639 autem
834 3588 1272 3654 [irthICGIIOIICIII
1307 3595 1438 3649 dicit
1472 3599 1536 3653 de
1566 3600 1764 3671 seipso.

882 3721 1033 3777 CAP.
1080 3724 1246 3782 XXII.

974 3837 1156 3895 Aliud.

342 3960 361 3993 ι
401 3942 507 4012 Ipsi
560 3946 703 4000 enim
756 3950 908 4005 scitis
943 3952 1228 4010 introitum
1280 3972 1521 4017 nostrum
1560 3969 1700 4037 apud
1745 3986 1861 4037 vos,

260 4035 521 4105 queniam
570 4054 676 4093 non
711 4040 889 4097 inanis
930 4044 1070 4109 fuit;
1113 4050 1206 4101 sed
1238 4061 1364 4106 ante
1405 4055 1569 4108 multa
1597 4035 1782 4128 passi,
1811 4035 1867 4117 et

260 4130 612 4185 contmueliis
644 4131 848 4197 allecti,
885 4136 1220 4205 sicutseitis,
1257 4143 1308 4197 in
1346 4144 1635 4217 Philippis,
1668 4153 1856 4207 contisi

264 4220 467 4276 fuinms
494 4222 547 4275 in
580 4224 689 4279 Deo
727 4227 962 4297 colloqui
996 4231 1062 4284 ad
1097 4246 1194 4288 vos
1236 4235 1588 4308 Evangelium
1625 4244 1715 4298 ltci
1745 4247 1811 4299 δ’.
1835 4266 1853 4299 ι

259 4310 401 4405 Ecce
442 4313 671 4383 loquens
701 4316 752 4372 in
798 4319 931 4387 Deo,
975 4322 1069 4377 Dei
1120 4325 1468 4399 Evangeliqu
1500 4340 1855 4405 memoravit;

259 4404 351 4473 qui
377 4407 638 4475 praedicat
675 4413 934 4479 gentibus
959 4414 1260 4473 Christum.

864 4546 1018 4602 CAP.
1060 4548 1248 4606 XXIII.

965 4660 1152 4717 Aliud.

336 4789 357 4822 ι
381 4768 784 4838 Recordamini,
806 4775 1024 4844 fratres,
1050 4778 1285 4835 laborem
1310 4791 1555 4837 nostrum
1579 4797 1633 4839 ct
1658 4803 1849 4843 aerum-

257 4881 404 4929 mnu,
440 4875 602 4920 nocte
629 4875 683 4919 et
710 4868 795 4920 die
818 4882 1132 4938 cperantes,
1167 4889 1232 4926 nc
1254 4890 1414 4944 quem
1448 4886 1688 4932 vestrum
1718 4897 1846 4949 gra-

256 4972 529 5020 varentus;
556 4958 783 5026 prtediea
796 4961 967 5014 vimus
992 4962 1336 5033 Evangelium
1359 4966 1450 5021 Dei
1477 4969 1615 5022 inter
1637 4973 1801 5027 vos”.
1819 5000 1834 5022 ι

258 5047 326 5101 Et
357 5047 552 5101 iterum
588 5061 599 5095 :
643 5066 659 5097 ι
691 5046 984 5117 Propterea
1029 5061 1083 5105 et
1117 5069 1216 5108 nos
1249 5054 1452 5124 gratias
1493 5059 1703 5127 agimus
1738 5059 1844 5115 Deo

253 5139 373 5192 sine
425 5138 873 5206 intermissione;
923 5145 1177 5211 quoniatn
1226 5164 1349 5200 eum
1386 5150 1766 5219 percepisse-lis
1813 5172 1842 5207 a

254 5230 414 5284 nobis
441 5231 686 5297 verbum,
714 5234 901 5287 auditu
935 5236 1027 5290 Dei
1067 5240 1376 5306 excepistis,
1403 5258 1509 5294 non
1538 5253 1593 5295 ut
1622 5246 1844 5299 verbum

253 5321 559 5386 hominum,
588 5322 680 5377 sed
710 5333 766 5376 ut
793 5326 1013 5379 verbum
1047 5327 1161 5393 Dei,
1192 5330 1278 5395 qui
1304 5342 1560 5398 operatur
1590 5334 1642 5387 in
1668 5338 1842 5401 vobis,

252 5414 345 5479 qui
387 5416 697 5470 credidistis
742 5420 809 5471 δι.
849 5439 867 5469 ›
921 5420 1115 5474 Nonne
1160 5423 1441 5478 evidenter
1490 5427 1841 5497 Evangelium

258 5503 377 5568 Dei,
404 5514 452 5559 et
489 5507 579 5561 Dei
615 5510 837 5562 verbum
871 5511 1310 5579 praedicationent
1350 5517 1415 5571 de
1452 5518 1670 5574 Christo
1692 5537 1843 5576 com-

255 5599 559 5651 memorat?
588 5600 785 5670 quippe
815 5602 864 5655 ιδ
888 5604 1139 5660 (uultibus
1175 5607 1675 5665 manifestissimum
1711 5624 1791 5668 est
1826 5632 1839 5667 :

326 5804 370 5831 ⁷⁷
406 5802 599 5868 Ephcs.
633 5820 711 5869 ιιι,
742 5807 794 5858 Ii.

256 5873 302 5901 ’³
340 5871 356 5922 Ι
390 5873 579 5925 'I'ltcss.
614 5891 671 5937 II,
711 5878 725 5927 ί

256 5948 295 5967 ⁸⁸
318 5938 489 5998 Calai.
528 5959 561 6003 t,
591 5948 640 5999 ις.

880 5811 917 5835 ’⁸
948 5809 1153 5867 (initials.
1186 5829 1224 5875 l,
1253 5816 1337 5869 “lli.

872 5881 910 5907 “’·
973 5883 1080 5935 Ibid
1140 5886 1217 5939 I73.
1337 5889 1375 5913 “

726 5949 763 5970 "’
804 5951 907 6004 ibid

1426 5822 1463 5847 ’⁸
1500 5819 1704 5873 (ioloss.
1739 5837 1794 5879 tl,
1830 5824 1873 5874 I.

1451 5888 1539 5942 I'il.
1602 5910 1658 5946 τι,

1734 5894 1782 5943 il
1898 5898 1937 5917 “‘

1972 2080 2143 2134 Deum
2177 2089 2358 2134 autem
2389 2088 2446 2134 et
2481 2093 2736 2151 maguum
2767 2086 2821 2133 et
2853 2077 3099 2141 beatum,
3132 2074 3421 2132 habentem
3454 2075 3580 2128 illu~

1972 2174 2325 2228 minatiOnem
2370 2173 2649 2228 Christum
2686 2171 2933 2226 nominat
2984 2170 3175 2225 beatus
3210 2168 3436 2232 Paulus,
3483 2170 3576 2236 qui

1972 2267 2247 2321 invenitur
2269 2266 2459 2320 dicens
2486 2266 2554 2321 de
2575 2264 2781 2320 Iudaeis
2804 2275 2857 2318 et
2884 2260 3209 2319 Enunauuel
3238 2279 3251 2316 :
3285 2278 3304 2311 ι
3334 2259 3576 2327 Quorum

1971 2369 2175 2427 patres,
2211 2366 2264 2411 et
2298 2366 2706 2420 testamentum,
2742 2366 2796 2409 et
2829 2354 3246 2425 promissiones,
3281 2363 3336 2407 et
3360 2368 3422 2405 ex
3451 2354 3576 2421 qui-

1971 2451 2071 2506 bus
2106 2451 2358 2506 Cbristus
2398 2449 2700 2506 secundum
2739 2463 2985 2513 carnem,
3019 2446 3112 2513 qui
3146 2454 3227 2501 est
3264 2461 3429 2513 super
3460 2463 3577 2500 om-

1972 2544 2057 2598 nia
2091 2542 2409 2597 benedictus
2442 2556 2493 2594 ιιι
2524 2539 2722 2595 saecula
2760 2538 3111 2593 szeculorum.
3150 2539 3327 2591 Amen
3371 2536 3439 2589 “.
3481 2557 3499 2588 ι

2039 2634 2193 2701 Quod
2244 2648 2376 2689 vero
2409 2633 2708 2688 secundum
2764 2631 3004 2684 divinam
3058 2630 3449 2683 revelatiouem
3494 2629 3569 2681 fa»

1968 2728 2145 2783 ciebat
2179 2726 2648 2795 praedicationem,
2677 2724 3022 2795 perspicuum
3055 2722 3137 2785 ιιι,
3171 2724 3286 2789 ipso
3315 2721 3533 2775 dicente
3560 2760 3574 2774 .

1974 2835 1995 2868 ‹
2042 2816 2245 2871 Deinde
2290 2824 2411 2887 post
2443 2830 2617 2869 annos
2648 2813 3066 2886 quatuordeeim
3107 2814 3302 2867 itermn
3353 2814 3575 2867 ascendi

1971 2907 2402 2979 Hierosolymam
2435 2922 2559 2962 cum
2598 2906 2874 2970 Barnaba,
2900 2915 3185 2975 assumpto
3226 2906 3391 2959 etiam
3426 2902 3571 2957 Tito.

1968 3000 2199 3054 Ascendi
2244 3009 2424 3053 autem
2467 3002 2767 3055 secundum
2810 2997 3226 3059 revelationem,
3258 3006 3313 3051 et
3346 2997 3572 3062 exposui

1967 3090 2050 3147 eis
2093 3089 2472 3161 Evangelium,
2516 3091 2661 3158 quod
2706 3091 2946 3158 prtedico
2981 3087 3274 3158 gentibus;
3326 3102 3573 3141 seorsum

1968 3195 2148 3240 autem
2207 3185 2269 3238 iis
2317 3183 2411 3254 qui
2459 3184 2790 3238 videbantur
2816 3181 3020 3251 aliquid
3059 3196 3201 3244 esse,
3242 3196 3309 3235 ne
3351 3181 3491 3234 forte
3522 3182 3573 3234 in

1969 3289 2198 3330 vacuum
2220 3291 2524 3337 currercm,
2552 3283 2645 3328 aut
2668 3276 3034 3329 cucurrissent
3069 3274 3136 3329 θ’.
3178 3294 3195 3327 ι
3222 3274 3383 3345 793
3411 3275 3577 3329 Chri-

1972 3379 2116 3422 stum
2145 3368 2450 3436 przedicans
2479 3367 2753 3439 gentibus,
2787 3378 2847 3421 ut
2882 3368 3076 3431 Deum,
3113 3368 3357 3423 divinum
3393 3372 3571 3424 nomi-

1974 3472 2067 3515 nat
2097 3460 2267 3529 ipsius
2305 3460 2505 3529 ubique
2546 3460 2885 3531 mysterium.
2930 3460 3191 3515 Ascendit
3229 3476 3326 3531 per
3364 3464 3575 3517 revela-

1974 3553 2174 3605 tionem
2227 3550 2684 3621 Hierosolymam,
2730 3561 2785 3606 et
2833 3553 3088 3622 exposuit
3134 3553 3220 3607 his
3265 3554 3358 3623 qui
3422 3557 3573 3608 vidc-

1972 3644 2171 3697 bantur
2201 3641 2404 3712 aliquid
2450 3656 2593 3703 esse,
2635 3641 2684 3694 id
2717 3650 2821 3706 est,
2873 3643 3082 3697 sanctis
3127 3644 3414 3713 apostolis,
3459 3646 3573 3698 sive

1970 3734 2274 3804 discipulis,
2311 3750 2378 3788 ne
2414 3734 2555 3789 forte
2587 3734 2637 3788 in
2674 3750 2902 3789 vacuum
2944 3745 3150 3789 currat.
3181 3736 3317 3791 Cum
3347 3753 3475 3791 vero
3503 3738 3572 3788 ab

1972 3824 2366 3895 Hierosolymis
2398 3825 2795 3886 descendisset,
2829 3834 2883 3878 et
2932 3841 3121 3879 rursus
3166 3827 3409 3893 gentium
3443 3843 3570 3894 gre-

1969 3917 2126 3983 gibus
2156 3916 2517 3981 interfuisset,
2541 3916 2925 3970 emendavitne
2950 3916 3153 3983 aliquid
3174 3932 3235 3969 ex
3264 3916 3573 3985 prioribus?

1966 4008 2157 4064 Nonne
2197 4009 2565 4078 perseveravit
2613 4007 2783 4062 Deum
2826 4008 3093 4062 c0utitens
3119 4005 3443 4061 Christum?
3475 4008 3568 4061 At-

1964 4119 2071 4175 que
2097 4104 2220 4159 ideo
2256 4102 2445 4156 scribit
2472 4100 2799 4171 quibusdam
2846 4119 2859 4154 ε
2895 4119 2915 4153 ι
2953 4100 3121 4154 Miror
3158 4103 3303 4169 quod
3340 4104 3419 4156 sic
3458 4104 3569 4157 cito

1966 4193 2361 4250 transferimini
2395 4192 2463 4247 ab
2489 4207 2575 4258 eo,
2608 4195 2697 4261 qui
2744 4208 2838 4247 vos
2874 4195 3089 4247 vocavit
3123 4193 3174 4246 in
3208 4194 3354 4248 aliud
3398 4210 3568 4249 cvan-

1963 4289 2185 4359 gelium,
2222 4286 2367 4357 quod
2402 4300 2507 4340 non
2533 4296 2615 4340 est
2644 4284 2812 4347 aliud,
2840 4285 2946 4340 nisi
2981 4286 3146 4356 aliqui
3187 4295 3315 4341 sunt
3343 4299 3568 4340 contur-

1960 4382 2152 4436 bantes
2182 4396 2278 4434 vos
2308 4388 2361 4433 ct
2387 4378 2631 4434 volentes
2668 4388 2990 4435 convertere
3025 4378 3377 4449 Evangelium
3407 4378 3565 4434 Chri-

1959 4475 2026 4530 sti
2065 4473 2133 4525 ”.
2173 4491 2190 4523 ι
2236 4472 2327 4525 Ait
2371 4480 2553 4525 autem
2606 4470 2802 4525 iterum
2853 4487 2867 4522 :
2920 4489 2938 4520 ι
2984 4470 3090 4525 Sed
3147 4473 3247 4526 etsi
3314 4489 3412 4527 nos
3472 4483 3566 4526 aut

1960 4566 2185 4636 angelus
2234 4566 2303 4619 de
2351 4565 2490 4617 εωιυ
2541 4563 3002 4633 evangelizaverit
3040 4565 3212 4626 vobis.
3267 4575 3465 4634 pra-ter
3511 4566 3562 4620 id

1890 4690 1933 4744 υ
1962 4662 2105 4727 quod
2150 4657 2461 4725 accepistis,
2508 4655 2795 4709 anathema
2828 4655 2897 4710 sit
2928 4654 2998 4711 ".
3053 4677 3070 4708 ι
3111 4656 3217 4711 Pro
3249 4673 3353 4726 qua
3400 4658 3563 4724 igitur

1960 4767 2121 4803 causa
2166 4751 2302 4803 alios
2337 4766 2527 4805 ttlltttCS
2562 4750 2844 4817 omittcns,
2881 4750 3010 4805 licet
3043 4750 3212 4805 Deum
3247 4753 3557 4807 inhabitatr

1961 4854 2068 4895 tum
2095 4841 2405 4906 habuerint,
2432 4842 2606 4896 solum
2629 4839 3165 4912 prtedicabatJesum
3196 4843 3339 4898 sicut
3367 4845 3555 4898 Detun.

2562 4999 2711 5054 CAP.
2758 4999 2946 5055 XXIV.

2658 5116 2839 5171 Aliud.

2027 5246 2302 5317 Scriptum
2334 5252 2514 5305 estde
2562 5249 2782 5305 Christo
2820 5270 2833 5304 :
2884 5272 2899 5302 ι
2933 5253 3067 5307 Cum
3105 5266 3282 5309 aulam
3322 5266 3467 5310 esset
3502 5256 3554 5310 in

1958 5337 2349 5411 Hierosolymis
2376 5343 2428 5395 in
2470 5345 2554 5397 die
2593 5343 2751 5409 festo,
2787 5345 2943 5398 mulli
2985 5347 3339 5400 crediderunt
3373 5348 3422 5399 in
3459 5366 3555 5401 no—

1958 5432 2102 5485 mine.
2128 5433 2247 5501 ejus
2283 5435 2528 5489 videntes
2561 5437 2714 5505 signa
2745 5452 2867 5506 qua:
2915 5438 3186 5503 faciebat;
3221 5440 3335 5508 ipse
3369 5452 3550 5493 autem

1952 5520 2109 5577 Jesus
2133 5541 2235 5577 non
2259 5528 2513 5581 credebat
2539 5544 2597 5581 sc
2627 5529 2767 5593 illis;
2794 5532 2934 5598 tlttmI
2962 5530 3078 5599 ipse
3104 5534 3315 5587 sciebat
3338 5551 3549 5595 onlnes.

1952 5625 2004 5671 et
2035 5620 2177 5687 quod
2207 5635 2312 5673 tton
2338 5636 2559 5676 necesse
2587 5622 2841 5689 habebat,
2876 5633 2934 5677 ut
2954 5624 3151 5693 aliquis
3176 5627 3545 5681 testimonium

1958 5826 1998 5849 “'
2037 5824 2053 5875 Ι,
2084 5824 2277 5878 Ὴιιοδς.
2309 5846 2343 5886 ι,
2372 5832 2423 5878 Ν.
2506 5829 2545 5854 “
2581 5826 2734 5876 .Ioalt.
2771 5844 2861 5890 ιιι,
2886 5827 2973 5883 23,

1976 5893 2173 5948 ιιι-ιιιιιι.
2232 5914 2267 5959 t,
2316 5898 2363 5949 Γι.
2450 5899 2465 5919 ⁸
2533 5899 2685 5950 Hnnt.
2746 5914 2811 5959 tu,
2880 5903 2927 5951 ξ’.

3056 5830 3097 5857 ⁸³
3139 5828 3369 5883 ITltcss.
3404 5847 3461 5893 ιι,
3494 5836 3542 5884 ‘3.

3069 5902 3293 5955 "(iam
3368 5919 3427 5967 tt,
3498 5906 3513 5953 I
