3996 6468
485 432 507 483 ί
518 427 623 483 395

1501 430 1557 483 S.
1598 427 1873 483 CYlllLLl
1918 424 2380 481 ALEXANDRINI
2423 424 2737 478 AllCHiEP.

3602 425 3734 480 L396

484 542 789 610 perhiberet
820 539 885 593 de
914 540 1173 597 homine:
1220 543 1331 613 ipse
1370 544 1511 597 enim
1546 542 1747 597 sciebat
1774 543 1901 611 quid
1933 551 2049 595 erat
2076 545 2123 603 Α
2152 554 2271 593 esse
2324 540 2468 603 talia,
2507 539 2557 592 in
2615 539 2807 605 quibus
2881 538 3142 593 habitavit
3192 540 3335 593 Deus
3386 543 3751 610 omnipotens.

484 634 535 685 in
569 632 783 686 homine
823 632 912 686 ”'.
950 651 968 684 ι
992 632 1047 687 Si
1095 634 1254 687 homo
1283 646 1429 689 esset
1469 636 1744 707 θεοφόρος,
1791 637 2056 703 quomodo

483 738 587 777 non
615 721 823 791 decepti
856 734 981 777 sunt
1019 724 1194 789 tnnlti,
1230 726 1318 792 qui
1358 724 1748 797 Hierosolymis
1777 728 1828 779 in
1862 741 2053 779 nomen

480 816 598 883 ejus
635 816 1020 870 crediderunt?
1096 814 1187 878 Vel
1228 832 1394 885 quare
1440 817 1587 871 solus
1626 818 1895 889 cognoscit
1940 830 2059 885 quin

481 915 607 957 sunt
643 905 695 958 in
733 904 979 969 homine,
1013 920 1133 960 cum
1181 906 1478 975 praesertim
1517 922 1675 961 nemo
1710 908 1846 961 alius
1886 906 2059 960 sciat?

425 1018 438 1036 -
482 993 734 1048 Finxisse
754 994 895 1047 enim
918 993 1118 1049 dicitur
1142 995 1282 1049 Deus
1306 994 1465 1049 corda
1491 1004 1671 1049 nostra
1695 994 1966 1065 sigillatim
1987 995 2053 1047 ".

488 1083 579 1137 Vel
611 1098 776 1153 quare
805 1084 949 1138 solus
986 1083 1216 1139 remittit
1250 1086 1513 1155 peccata?
1537 1087 1626 1138 Ait
1652 1087 1793 1140 enim
1822 1101 1837 1140 :
1873 1106 1891 1137 ‹
1919 1084 2055 1152 Quia

484 1184 797 1243 potestatem
818 1174 979 1230 habet
997 1174 1164 1230 Filius
1189 1177 1238 1229 in
1262 1184 1404 1231 terra
1428 1178 1698 1232 remittere
1717 1188 1934 1245 peccata
1952 1178 2019 1232 ".
2035 1198 2053 1230 ι

484 1268 663 1333 Quare
700 1268 845 1321 solus
879 1278 1073 1336 przeter
1104 1268 1238 1322 alios
1283 1283 1529 1324 assessor
1558 1272 1709 1323 Sedet
1745 1270 1840 1325 Dei
1864 1280 1918 1324 et
1952 1268 2056 1323 Pa-

485 1359 626 1412 Iris?
660 1358 838 1426 Quare
871 1360 969 1414 soli
993 1360 1368 1429 obsequuntur
1402 1362 1618 1428 angeli?
1648 1362 1756 1416 Cur
1802 1377 1900 1416 nos
1939 1364 2059 1429 qui-

484 1448 603 1504 dem
650 1449 833 1504 docuit
874 1465 1215 1505 communem
1250 1460 1442 1520 putare
1477 1452 1714 1515 l'atrem,
1759 1453 1846 1520 qui
1880 1463 1964 1507 est
2002 1454 2057 1507 in

483 1542 669 1606 cmlis;
698 1544 801 1597 sibi
837 1552 1013 1598 autem
1045 1559 1167 1599 eum
1199 1544 1506 1613 specialiter
1537 1545 1850 1599 scribebat?

554 1634 659 1687 Sed
694 1633 829 1687 forte
858 1632 1007 1688 dices
1034 1634 1176 1701 quod
1206 1634 1511 1700 huiusmodi
1542 1649 1702 1688 voces
1741 1634 2057 1688 inhabitanti

486 1722 660 1776 Verbo
694 1724 1011 1790 deputanda!
1035 1723 1161 1777 sint.
1191 1720 1379 1776 Nonne
1406 1724 1571 1792 igitur
1604 1738 1723 1776 eum
1754 1724 2057 1791 oportebat,

475 1811 627 1878 juxta
657 1813 933 1882 prophetis
957 1814 1366 1868 convenientem
1390 1815 1907 1880 mensuram,ipsum
1926 1828 2055 1880 quo-

2229 632 2458 700 Scripsit
2486 642 2665 684 autem
2690 629 2892 684 alicubi
2913 630 3075 683 etiam
3104 631 3324 686 divinus
3354 631 3555 687 Paulus
3586 653 3598 687 :
3633 654 3651 686 ι
3680 634 3750 689 Ir-

2160 724 2315 777 uitam
2366 724 2573 778 faciens
2605 724 2725 791 quis
2761 722 2928 791 legem
2964 720 3188 791 Moysis,
3214 723 3335 777 sine
3366 724 3475 778 ulla
3523 729 3751 781 misera-

2161 815 2305 869 tione
2348 814 2559 870 duobus
2608 824 2700 868 aut
2738 814 2909 869 tribus
2947 814 3174 869 testibus
3228 817 3481 883 moritur,
3550 826 3753 884 quanto

2160 908 2330 976 magis
2360 908 2563 977 putatis
2582 907 2853 962 deteriora
2885 907 3079 960 mereri
3102 907 3392 976 supplicia,
3426 910 3517 975 qui
3554 908 3748 964 Filiqu

2162 1000 2256 1055 Dei
2283 999 2709 1060 conculcaverit,
2739 1007 2791 1050 et
2814 997 3127 1067 sanguinem
3154 1003 3466 1054 testamenti
3489 1001 3749 1069 pollutum

2160 1091 2369 1148 duxerit
2396 1090 2485 1143 "?
2516 1110 2532 1141 ι
2560 1091 2721 1159 Atqui
2747 1090 2923 1143 divina
2948 1098 3067 1144 erat
3090 1090 3197 1155 lex,
3232 1100 3288 1145 et
3318 1093 3580 1145 mandata
3612 1096 3750 1148 dicta

2160 1200 2254 1253 per
2286 1182 2530 1250 angelos.
2580 1180 2861 1247 Quomodo
2893 1182 3054 1250 igitur
3084 1183 3280 1251 dignus
3324 1185 3431 1237 erit
3476 1184 3751 1240 deteriore

2160 1272 2445 1340 supplicio,
2485 1270 2577 1339 qui
2602 1270 2860 1339 pollutum
2888 1271 3102 1323 duxerit
3137 1273 3461 1340 sanguinem
3504 1274 3754 1327 Christi?

2161 1363 2253 1417 Vel
2278 1362 2549 1432 quomodo
2571 1362 2747 1429 potior
2767 1369 2850 1415 est
2880 1361 3159 1429 religione,
3194 1378 3315 1430 quze
3339 1374 3422 1417 est
3452 1368 3751 1419 secundum

2162 1455 2352 1521 legem,
2379 1451 2513 1506 lides
2536 1452 2587 1504 in
2616 1450 2933 1505 Christum?
2958 1451 3085 1513 Sed,
3117 1460 3175 1504 ul.
3196 1454 3308 1517 jam
3339 1464 3466 1506 ante
3495 1456 3751 1517 diximus,

2159 1545 2407 1600 Christus
2432 1560 2535 1598 non
2573 1544 2768 1598 similis
2798 1545 3026 1598 aliorum
3062 1555 3404 1613 sanctorum,
3440 1549 3608 1601 homo
3643 1549 3755 1600 ῡεοο

2161 1636 2347 1706 φόρος,
2374 1636 2466 1689 sed
2509 1635 2650 1688 Deus
2677 1635 2847 1705 magis
2872 1650 3017 1699 vere,
3046 1644 3100 1688 et
3130 1638 3277 1689 omni
3321 1641 3525 1691 mundo
3561 1640 3754 1691 Celsio-

2162 1744 2273 1781 rem
2304 1726 2542 1795 possidet
2564 1725 2810 1793 gloriam,
2844 1726 3127 1794 quodcum
3160 1726 3305 1780 Deus
3330 1727 3401 1781 sit
3433 1736 3630 1781 natura
3664 1728 3753 1781 Dei

2167 1816 2421 1878 Verbmn,
2474 1816 2649 1871 factus
2691 1826 2777 1870 est
2823 1831 2973 1879 caro,
3038 1817 3150 1871 sive
3205 1819 3369 1872 homo
3416 1818 3697 1885 perfectus
3740 1838 3753 1872 :

484 1920 587 1973 que
619 1904 837 1958 dicere:
876 1922 893 1954 ι
928 1903 1050 1957 llaec
1077 1904 1207 1956 dicit
1232 1903 1523 1968 Dominus?
1557 1924 1574 1953 ι
1618 1901 1811 1956 Verum
1848 1918 1966 1954 cum
1999 1918 2059 1954 ea
2098 1891 2137 1944 Β
2169 1909 2464 1961 animatum
2496 1911 2640 1961 enim
2666 1919 2721 1962 et
2755 1910 3073 1963 rationabile
3103 1924 3245 1972 esse,
3279 1910 3425 1977 quod
3454 1910 3754 1961 aduentum

487 2010 603 2063 qua?
619 2011 777 2064 supra
801 1995 969 2064 legem
993 1996 1206 2048 sant-ire
1226 1995 1404 2057 velli-t,
1434 2010 1715 2048 assumens
1742 1996 1842 2048 sibi
1864 2011 2061 2048 conve-

487 2088 719 2141 nientem
745 2086 1036 2156 legislatori
1067 2089 1466 2149 auctoritatem,
1496 2086 1671 2139 aiebat
1710 2104 1721 2139 :
1762 2104 1779 2135 t
1808 2087 1918 2153 Ego
1943 2088 2063 2137 dico

488 2179 638 2233 vobis
666 2179 714 2210 ’ν
741 2180 835 2248 (l).
882 2198 900 2229 ι

554 2268 835 2332 Quomodo
865 2266 1096 2321 liberum
1133 2283 1191 2319 se
1226 2268 1319 2327 ait,
1353 2276 1405 2317 ct
1440 2282 1542 2317 non
1584 2266 1873 2317 obnoxium
1914 2266 2063 2317 Deo?

485 2360 607 2413 Ideo
630 2360 752 2428 quia
786 2370 869 2413 est
917 2360 1081 2413 Filius
1113 2360 1164 2413 in
1218 2359 1487 2413 veritate?
1527 2359 1589 2411 Et
1638 2359 1679 2411 si
1718 2369 1860 2411 εδει-ι
1904 2360 2063 2411 homo

485 2448 760 2520 Θεοφόρος,
796 2459 1011 2504 essetne
1058 2451 1221 2503 ctiam
1265 2449 1399 2502 liber
1428 2448 1721 2502 secundum
1772 2444 2061 2501 naturam?

490 2542 657 2611 Hujus
699 2542 840 2594 enim
876 2539 1015 2594 Dens
1064 2541 1215 2602 liber,
1263 2552 1424 2609 atque
1466 2539 1677 2593 Solutus
1721 2549 1804 2591 εει
1854 2559 1865 2593 :
1916 2540 2062 2596 solus

486 2635 627 2685 cnim
650 2633 799 2699 quasi
839 2630 1036 2684 tributa
1062 2633 1300 2684 omnium
1324 2630 1524 2699 exigit;
1557 2641 1611 2684 et
1658 2647 1920 2697 tanquam
1946 2632 2065 2685 loco

486 2726 783 2781 debitorum
803 2726 870 2779 ab
889 2724 1140 2777 omnibus
1165 2722 1356 2789 recipit
1382 2722 1715 2790 religionem.
1754 2723 1859 2775 Etsi
1889 2722 2066 2775 exitus

488 2816 619 2885 legis
650 2830 703 2869 et
730 2817 1113 2882 protihetarum
1150 2813 1397 2867 (ὶΙιτίειιιε
1431 2822 1535 2878 εει,
1571 2824 1654 2866 cst
1692 2828 1868 2867 autem
1906 2816 2065 2867 homo

488 2906 781 2975 ςεοφόρο;;
810 2921 983 2959 nonne
1014 2907 1195 2961 diecre.
1239 2908 1419 2968 liceat,
1456 2906 1595 2973 quod
1627 2908 2061 2974 prephelicarnm

490 3000 923 3067 pr.:.dicationutn
950 3000 1128 3054 exitus
1164 2998 1641 3071 ἀνθρωπολατρξας
1674 3000 1828 3053 nobis
1859 3000 2063 3053 crimen

488 3092 797 3145 induxerit?

560 3182 763 3236 Deinde
795 3183 875 3236 lex
901 3182 1114 3251 quidem
1150 3184 1475 3247 prmdicabat
1500 3202 1511 3235 :
1538 3204 1555 3233 ι
1585 3185 1864 3235 hominum
1897 3184 2062 3237 Deum

491 3283 639 3330 tuum
666 3275 937 3335 adorabis,
973 3284 1025 3326 et
1055 3273 1125 3325 illi
1155 3274 1250 3326 soli
1282 3276 1484 3328 servies
1511 3277 1576 3327 νδ.
1612 3296 1627 3325 ι
1662 3276 1774 3340 Qua
1807 3291 1903 3328 nos
1941 3290 2066 3328 eru-

490 3352 692 3416 ditione
726 3363 970 3430 perduxit
1004 3365 1068 3414 ad
1113 3362 1412 3426 Christum,
1449 3364 1598 3429 quasi
1633 3365 1697 3415 ad
1740 3365 2067 3433 agnitionem

493 3453 597 3506 illis
641 3454 729 3521 qui
763 3454 815 3507 in
847 3454 1054 3507 umbris
1076 3454 1291 3506 inerant
1348 3454 1608 3522 potiorem
1639 3474 1652 3506 :
1686 3464 2069 3522 spernentcsne

494 3546 654 3614 igitur
681 3548 841 3599 Deum
876 3546 1010 3613 legis
1040 3554 1093 3597 et
1126 3546 1505 3613 prophetarum
1539 3548 1782 3605 adorare,
1816 3547 2066 3597 adorabi-

495 3653 611 3688 mus
646 3638 916 3691 heminent
966 3636 1246 3689 habentem
1295 3638 1457 3689 Deum
1491 3637 1918 3689 inliabitantexn?
1968 3636 2064 3691 Ubi

489 3726 631 3777 enim
665 3725 1021 3789 prmstabilius
1052 3735 1169 3777 erat
1210 3727 1373 3779 Deum
1414 3726 1680 3792 intelligi?
1719 3726 1771 3777 In
1804 3726 1962 3785 coelo,
1998 3743 2065 3778 an

493 3815 543 3869 in
576 3817 756 3868 terra?
782 3817 832 3867 In
867 3816 1173 3883 Seraphim.
1204 3832 1270 3868 an
1306 3818 1355 3868 in
1390 3826 1607 3870 terreno
1635 3819 1905 3884 corpore?

564 3906 619 3959 Si
651 3919 768 3959 erat
810 3907 969 3960 homo
1009 3907 1283 3977 θεοφόρος,
1326 3909 1593 3975 quomodo
1629 3930 1645 3959 σ
1681 3914 2067 3976 propenunlum

493 4013 555 4049 ac
600 4013 695 4049 nos
738 3998 1077 4066 participavit
1108 4000 1254 4051 carni
1298 4014 1359 4051 ac
1389 4000 1636 4067 sanguini
1668 3999 1759 4050 "'i
1800 4022 1816 4052 ι
1861 4000 1989 4055 Nam
2022 4005 2066 4055 si

492 4089 619 4153 quia
652 4088 792 4141 Deus
824 4088 1164 4153 inhabitavit,
1201 4090 1298 4142 hoc
1327 4090 1372 4143 ei
1406 4090 1618 4152 sullicit,
1652 4100 1707 4143 ul
1732 4092 1984 4145 similiter
2008 4110 2070 4146 ac

496 4192 599 4233 nos
618 4178 964 4248 participaret
1003 4181 1151 4232 earui
1188 4193 1243 4234 et
1281 4182 1564 4248 sanguini;
1606 4194 1656 4235 et
1688 4183 1757 4235 ita
1791 4184 1872 4235 his
1904 4186 2070 4251 parti-

493 4271 675 4338 cipare
702 4272 751 4324 id
785 4272 959 4340 ipsum
988 4283 1090 4333 est,
1112 4274 1251 4339 quod
1287 4274 1555 4327 hominem
1594 4273 1789 4327 factum
1809 4290 1929 4330 esse
1951 4296 1963 4329 :
1989 4279 2068 4327 in-

494 4363 755 4417 liabitavit
796 4374 971 4417 autem
1008 4376 1060 4417 et
1106 4364 1157 4415 in
1200 4365 1378 4417 multis
1425 4368 1661 4430 sanctis;
1706 4368 1865 4420 homo
1908 4368 2071 4437 igitur

500 4470 604 4507 non
655 4456 842 4520 semel,
880 4457 972 4509 sed
1020 4456 1314 4524 smpissime
1360 4458 1533 4511 factus
1570 4469 1671 4512 est.
1723 4458 1900 4523 Quare
1944 4475 2071 4527 ergo

2169 2010 2251 2054 est
2280 2001 2351 2063 ei,
2394 1997 2557 2071 795
2588 1999 2855 2053 credimus
2890 2014 3107 2067 corpus,
3151 2009 3206 2052 ct
3254 2014 3380 2052 vera
3411 1999 3636 2053 omnino
3676 2010 3758 2053 est

2169 2089 2442 2141 adunaho.

2778 2267 2926 2321 CAP.
2967 2265 3131 2320 XXV.

2172 2382 2441 2446 Quomodo
2473 2391 2706 2449 oporteat
2736 2381 3057 2446 intelligere:
3085 2400 3101 2431 ί
3136 2378 3363 2432 Verbum
3393 2397 3516 2431 raro
3550 2381 3755 2447 factum

2240 2464 2335 2514 est,
2369 2465 2414 2503 et
2448 2454 2700 2505 habitavit
2742 2452 2794 2503 in
2826 2451 3007 2515 nobis;
3046 2470 3064 2500 ι
3099 2462 3145 2502 et
3181 2456 3444 2519 quomodo
3476 2454 3752 2516 proprium

2242 2523 2403 2591 ipsius
2435 2523 2644 2574 dicatur
2668 2538 2872 2588 corpus.

2244 2634 2438 2687 Semen
2473 2634 2703 2687 Abrahae
2736 2632 3157 2699 apprehendisse
3191 2629 3425 2683 Verbum
3448 2629 3541 2683 Dei
3566 2630 3753 2699 unige-

2176 2726 2364 2785 nitmn,
2415 2725 2603 2777 beatus
2669 2722 2871 2775 Paulus
2916 2731 3303 2775 commemorat
3354 2721 3436 2784 ’7;
3496 2736 3593 2773 nec
3652 2736 3753 2771 non

2171 2818 2354 2879 etiam,
2388 2817 2529 2881 quod
2566 2816 2950 2883 propemodum
2986 2829 3047 2865 ac
3080 2828 3176 2867 nos
3216 2814 3564 2878 participavit
3606 2814 3753 2865 carni

2172 2916 2226 2959 et
2269 2907 2517 2973 sanguini
2550 2908 2618 2958 ³⁸.
2668 2906 2931 2959 Memores
2963 2916 3140 2957 autem
3175 2919 3362 2957 sunms
3387 2905 3553 2957 etiam
3588 2902 3757 2957 Joan-

2175 2995 2289 3059 nis;
2326 2997 2400 3049 ait
2428 2997 2571 3048 enim
2601 3015 2614 3050 :
2651 3014 2668 3045 t
2708 2996 2938 3049 Verbum
2968 3010 3093 3046 caro
3122 2995 3320 3046 factum
3355 3005 3460 3055 est,
3504 3006 3559 3047 et
3605 2994 3757 3048 habi—

2170 3086 2305 3137 tavit
2336 3086 2385 3137 in
2423 3084 2579 3138 nobis
2599 3085 2665 3138 ".
2700 3104 2717 3133 ι
2753 3084 2878 3139 Idne
2908 3084 3068 3153 igitur
3105 3083 3202 3136 fuit
3247 3087 3587 3151 propositum
3626 3086 3758 3137 viris

2172 3174 2528 3243 spiritalibus,
2562 3176 2775 3237 docere,
2816 3175 2956 3242 quod
2989 3175 3080 3229 Dei
3110 3172 3350 3227 Verbum
3379 3176 3757 3229 conversionis

2171 3267 2239 3318 sit
2275 3267 2523 3332 patiens;
2557 3276 2646 3317 aut
2678 3266 2817 3334 quod
2850 3268 3021 3334 ipsum
3051 3265 3129 3320 fas
3158 3266 3227 3319 sit
3248 3267 3750 3328 commutationem,

2169 3372 2289 3426 quze
2332 3358 2500 3424 inagis
2535 3371 2798 3411 creatura:
2828 3358 3131 3420 conveniat,
3169 3358 3484 3410 sustinere:
3533 3357 3667 3411 adeo
3699 3365 3755 3411 nt

2173 3449 2221 3499 id
2255 3446 2397 3515 quod
2453 3463 2557 3500 non
2592 3456 2731 3509 erat,
2777 3446 2999 3500 forsitan
3038 3446 3089 3497 in
3138 3446 3188 3497 id
3232 3460 3329 3496 sua
3370 3454 3565 3512 sponte
3593 3444 3751 3497 deve-

2172 3539 2311 3601 niat;
2364 3544 2459 3589 aut
2502 3537 2639 3589 alius
2673 3547 2861 3589 contra
2906 3535 3072 3603 ipsius
3108 3534 3445 3586 voluntatem
3483 3535 3550 3586 ad
3594 3533 3749 3584 aliam

2170 3642 2415 3683 naturam
2462 3629 2804 3698 impellatur?
2848 3628 3006 3683 absit.
3040 3626 3219 3681 Manet
3260 3642 3495 3693 namque
3525 3627 3685 3685 idem,
3723 3642 3749 3674 a

2170 3740 2265 3776 sua
2299 3735 2488 3776 natura
2515 3724 2993 3776 connuntationem
3022 3736 3237 3774 omnem
3265 3718 3583 3779 excludens.
3623 3735 3749 3770 con-

2175 3816 2437 3871 versiouis
2460 3816 2705 3869 umbram
2737 3814 2983 3867 nesciens
3007 3814 3110 3881 pati
3139 3833 3151 3865 :
3188 3813 3289 3864 lixa
3321 3822 3405 3866 est
3435 3810 3583 3863 enim
3611 3827 3748 3863 svm-

2172 3921 2264 3975 per
2292 3906 2343 3956 in
2372 3906 2485 3958 suis
2515 3919 2745 3971 superna
2782 3903 2866 3955 illa
2896 3902 3240 3969 cwlestisque
3273 3910 3482 3954 natura.

2242 3997 2521 4061 Quomodo
2570 3996 2732 4062 igitur
2774 3995 3005 4048 Verbum
3035 4010 3162 4047 caro
3211 3993 3412 4047 factum
3439 3993 3534 4056 sit,
3569 3992 3750 4044 videre

2172 4102 2390 4141 necesse
2413 4096 2515 4141 est.
2542 4086 2777 4139 Primqu
2799 4086 3012 4155 quidem
3032 4085 3208 4138 divina
3229 4083 3515 4151 Scriptura
3534 4099 3595 4135 ca
3607 4099 3747 4135 rncm

2173 4180 2486 4247 plerumque
2511 4179 2751 4231 omninat
2778 4178 3071 4241 hominem,
3100 4184 3154 4228 et
3185 4176 3337 4243 quasi
3360 4191 3423 4229 ex
3463 4186 3618 4243 parte
3642 4176 3751 4228 ani-

2174 4273 2327 4325 malis
2362 4274 2528 4325 totius
2561 4272 3009 4339 signiﬁcationem
3047 4268 3197 4331 facit,
3240 4283 3339 4321 nec
3383 4283 3492 4320 non
3527 4271 3691 4321 etiam
3722 4285 3747 4319 a

2173 4366 2284 4418 sola
2315 4366 2492 4418 anima
2516 4365 2784 4417 interdum
2828 4363 3160 4415 tantumdem
3198 4364 3339 4429 agit;
3373 4361 3639 4429 scriptum
3672 4372 3750 4413 est

2174 4456 2315 4508 enim
2342 4456 2481 4518 quod
2516 4474 2532 4504 ι
2571 4454 2778 4507 Videbit
2817 4453 2995 4507 omnis
3023 4468 3152 4505 caro
3180 4453 3420 4505 salutare
3448 4453 3539 4505 Dei
3571 4455 3610 4505 ‘.
3648 4473 3665 4503 ι
3690 4453 3751 4506 Et

504 4565 520 4595 ι
556 4547 719 4599 semel
746 4548 794 4597 in
829 4549 1290 4601 consummatione
1317 4550 1655 4614 sa'culornm,
1683 4551 1730 4602 in
1758 4553 2073 4603 destructio-
2107 4584 2147 4634 υ
2178 4550 2291 4617 ipse
2320 4548 2530 4601 divinus
2573 4546 2763 4598 Paulus
2792 4564 2805 4599 :
2850 4566 2867 4595 r
2908 4545 3019 4597 Non
3050 4544 3319 4607 consensi,
3363 4543 3557 4612 inquit,
3605 4544 3750 4596 carni

502 4651 620 4689 ueni
641 4638 865 4705 peccati,
884 4654 977 4706 per
997 4639 1224 4692 hostiam
1250 4655 1399 4691 suam
1420 4640 1615 4693 dicitur
1631 4642 1943 4708 apparuisse
1966 4643 2065 4706 9??»

499 4730 777 4793 Quomodo
817 4742 994 4782 autem
1028 4747 1190 4783 unum
1230 4733 1380 4783 nobis
1424 4732 1583 4784 Verbi
1620 4734 1905 4786 adventum
1937 4750 2067 4799 [ow-

496 4823 679 4876 dicant
704 4823 897 4875 divime
931 4824 1243 4890 Scriptum,
1272 4824 1314 4875 si
1348 4824 1603 4893 Θεοφόρος
1641 4836 1755 4877 erat
1784 4828 1983 4881 homo?
2010 4826 2063 4879 Si

498 4914 749 4981 templum
782 4924 834 4966 et
863 4916 975 4981 ipse
1003 4914 1174 4967 factus
1200 4927 1281 4966 est
1308 4915 1421 4978 Dei,
1464 4917 1729 4983 quomodo
1753 4930 1802 4971 et
1836 4920 1884 4970 in
1917 4920 2067 4973 nobis

480 5007 657 5058 etiam
708 5005 956 5059 Christus
988 5007 1114 5059 est?
1164 5006 1381 5059 Sicntne
1429 5008 1681 5074 templum
1730 5010 1779 5061 in
1821 5010 2069 5078 templis?

498 5099 578 5149 An
608 5106 664 5148 ut
694 5095 835 5150 Deus
866 5098 1035 5166 magis
1060 5098 1111 5150 in
1141 5098 1351 5165 templis
1380 5115 1473 5166 per
1505 5098 1808 5166 Spiritum?
1850 5102 1902 5153 Si
1946 5102 2063 5153 Osc-

499 5184 662 5257 φόρος
700 5196 815 5238 erat
848 5189 1025 5252 homo,
1061 5203 1157 5239 cur
1199 5199 1280 5240 est
1308 5188 1474 5242 solius
1516 5189 1680 5257 ipsius
1706 5204 1900 5257 Corpus
1934 5191 2065 5244 \‘iri-

504 5277 706 5330 ιὶσιιιιιιῖ
762 5276 1082 5345 Oportuerat
1153 5281 1297 5333 enim
1349 5281 1576 5335 aliorum
1637 5283 1797 5335 etiam
1842 5301 2064 5353 corpora

572 5433 638 5462 ”'
674 5434 831 5488 Joan.
863 5447 918 5493 ιι,
953 5430 1047 5484 25.
1108 5432 1314 5485 "Psal.
1347 5448 1519 5494 xxxii,
1553 5434 1634 5487 l5.

502 5502 544 5533 ”
583 5499 741 5554 Hebr.
786 5518 859 5565 ιι,
897 5501 984 5556 26.

1094 5502 1141 5533 ⁹⁶
1180 5502 1337 5556 llebr.
1399 5519 1450 5562 χ.
1490 5504 1581 5567 28,
1625 5505 1714 5561 29.

504 5574 522 5601 ²
563 5570 734 5626 Galat.
780 5589 817 5634 ι.
864 5573 945 5624 16.

1025 5573 1045 5602 ³
1083 5571 1231 5626 Deut.
1278 5590 1331 5637 ι,
1370 5573 1461 5629 2‘2.

1712 5436 1751 5465 9'
1786 5434 1973 5488 Matth.
2005 5453 2079 5499 Ix,
2109 5439 2159 5491 6.

1825 5506 1869 5536 ⁸⁷
1914 5505 2073 5561 Hebr.
2137 5525 2193 5571 ιι,
2240 5510 2324 5563 16.

2180 4651 2231 4694 (ιι
2254 4639 2503 4709 sanguini
2530 4641 2570 4692 '.
2601 4659 2616 4688 ι
2656 4639 2933 4692 Allocutus
2958 4647 3039 4690 est
3068 4646 3246 4689 autem
3274 4654 3367 4691 eos
3404 4637 3495 4704 qni
3525 4647 3653 4689 sunt
3687 4650 3751 4689 cx

2180 4734 2341 4786 lsrael
2370 4733 2607 4799 pontifex
2635 4732 2843 4800 Moyses
2874 4750 2886 4785 :
2927 4751 2943 4780 ‹
2978 4731 3031 4783 In
3064 4730 3399 4797 septuaginta
3427 4741 3481 4781 et
3513 4730 3753 4799 quinque

2173 4827 2453 4878 animabus
2483 4826 2869 4877 desienderunt
2913 4832 3090 4891 patres
3125 4824 3197 4876 tui
3244 4824 3295 4873 in
3332 4821 3627 4891 Aigyptnm
3654 4823 3692 4875 ³.
3729 4842 3746 4873 ι

2175 4917 2279 4970 Sed
2313 4933 2416 4969 non
2444 4917 2641 4968 idcirco
2667 4915 2885 4979 dixeris,
2917 4916 3057 4985 quod
3092 4916 3245 4969 nudae
3270 4925 3321 4968 et
3349 4915 3464 4966 sine
3496 4915 3753 4968 carnibus

2175 5012 2367 5061 anima:
2418 5010 2466 5060 in
2524 5009 2807 5077 Egyptqu
2850 5010 3253 5071 descenderint;
3292 5021 3389 5059 nec
3422 5022 3584 5074 porro
3612 5006 3752 5072 quod

2174 5102 2422 5154 inanimis
2478 5103 2815 5167 corporibus,
2879 5111 2932 5153 et
2991 5100 3120 5151 solis
3178 5098 3461 5161 carnibus,
3516 5098 3752 5149 salutare

2175 5208 2327 5245 suum
2367 5193 2504 5245 Deus
2540 5193 2838 5247 llltllllsCI'll.
2880 5192 3099 5263 Quoties
3140 5192 3299 5261 igitur
3334 5190 3586 5242 audimus
3630 5206 3751 5243 car-

2176 5300 2295 5339 nem
2327 5286 2526 5339 factum
2558 5301 2675 5339 3550
2711 5285 2967 5349 Verbum,
3006 5284 3273 5336 hominem
3306 5282 3657 5351 intelligimus
3687 5297 3753 5333 ex

2237 5440 2281 5469 θ’
2312 5438 2498 5492 Matth.
2526 5454 2575 5503 ν,
2599 5439 2685 5492 52.

2400 5510 2455 5557 ⁸⁸.
2486 5512 2615 5563 ibid.
2679 5511 2761 5565 Η.

2765 5440 2809 5471 ’³
2848 5440 2999 5492 Deut.
3032 5453 3100 5493 γι.
3134 5437 3214 5489 l5.

2838 5506 3067 5563 “Joan.
3113 5523 3150 5571 I,
3200 5506 3279 5560 li.

3299 5439 3344 5468 "
3380 5434 3544 5489 Hebr.
3573 5454 3631 5495 Il.
3665 5438 3746 5491 Η.

3362 5508 3374 5536 ι
3413 5506 3543 5562 Luc.
3578 5524 3662 5572 ιιι,
3698 5510 3742 5561 6.

573 5754 649 5826 (ι)
690 5755 915 5809 Videtur
942 5757 1139 5827 aliquid
1178 5758 1261 5811 hic
1289 5756 1501 5822 deesse;
1540 5758 1612 5818 id,
1660 5755 1870 5825 Opinor,
1924 5756 2061 5825 quod
2103 5758 2417 5812 Amslasim
2490 5758 2692 5812 Sinain
2723 5770 2984 5813 memorat
3016 5764 3077 5815 de
3120 5770 3316 5814 statch
3385 5762 3436 5815 in
3488 5763 3749 5816 tributam

498 5828 784 5897 pensitato.
