3996 6466
286 441 428 500 1397

1211 441 1501 498 SCIIOLIA
1547 442 1632 499 DE
1672 441 2198 501 INUARNATIONE
2242 450 2617 509 l'MGENITl.

3448 459 3470 512 1
3481 458 3605 514 Ξοκλ

274 564 461 620 anima
492 572 544 617 et
575 576 823 632 corpore.
857 562 1078 618 Factum
1116 573 1200 618 est
1241 572 1420 617 autem
1458 563 1713 630 Verbum,
1744 579 1867 619 cum

1988 570 2106 624 Υἰδν
2169 570 2275 627 οἶδε
2346 575 2611 645 μονογενῆ
2659 574 2751 629 τὸν
2823 576 2967 631 enim
3012 590 3178 629 unum
3220 589 3342 631 csse
3390 572 3586 628 Filium

274 656 355 711 sit
380 655 541 721 Deus,
568 657 728 711 homo
746 654 1041 726 perfectus,
1057 671 1252 724 corpus
1277 658 1548 728 accipiens
1571 658 1870 711 animatum

272 757 339 803 ct
378 748 720 812 rationabile,
769 748 929 819 idque
956 748 1058 804 sibi
1093 763 1219 803 vere
1244 749 1508 804 adnuavit
1548 769 1561 807 :
1600 753 1874 820 quomodo

277 840 401 911 ipse
435 841 592 905 sciat,
623 841 826 898 nostris
858 843 1002 897 enim
1040 842 1288 898 sensibus
1322 843 1631 913 hujnsmodi
1662 845 1873 916 cogita-

277 933 457 989 tiones
482 934 704 990 omnino
726 936 875 991 cerni
908 949 1012 989 non
1032 944 1258 1004 possunt
1289 954 1304 990 :
1330 945 1386 991 et
1422 946 1762 1007 nuncupatus
1791 948 1876 993 est

278 1023 450 1081 Filius
488 1026 743 1081 hominis.

353 1116 459 1173 Sed
488 1118 533 1173 si
563 1129 777 1189 oportet
808 1129 1063 1189 tanquam
1103 1119 1154 1173 in
1180 1122 1462 1190 speculum
1496 1123 1769 1179 intuentes
1792 1124 1875 1179 di-

278 1222 433 1275 cere,
463 1208 735 1278 coniectat
764 1209 946 1280 aliquo
982 1210 1143 1267 modo
1182 1226 1375 1267 sensus
1439 1214 1732 1281 humanus,
1768 1216 1866 1270 ad-

280 1310 513 1356 unatum
546 1301 718 1357 fuisse
746 1300 984 1357 Verbum
1005 1304 1220 1372 corpori
1258 1304 1478 1360 babenti
1514 1308 1751 1371 animam
1787 1323 1873 1363 ra-

282 1392 597 1447 tionabilem
631 1393 866 1463 qualiter
894 1396 1057 1449 etiam
1090 1395 1327 1451 hominis
1353 1397 1589 1452 animam
1622 1414 1721 1453 suo
1752 1415 1873 1455 cor-

280 1484 428 1553 pori,
455 1484 624 1555 ipsam
649 1485 868 1555 quidem
896 1487 1124 1542 diversa
1153 1498 1380 1557 natura,
1413 1491 1661 1545 sortitam
1694 1501 1873 1547 tamen

281 1575 721 1629 communionem
760 1577 1253 1646 adunationemque
1308 1594 1429 1634 cum
1485 1595 1749 1651 corpore;
1815 1594 1875 1637 ut

280 1678 424 1733 pene
452 1664 701 1719 videatur
732 1682 838 1721 non
868 1681 992 1723 esse
1022 1667 1126 1722 alia
1154 1679 1349 1739 praeter
1380 1684 1600 1738 corpus,
1632 1685 1697 1726 eo
1726 1672 1872 1743 quod

280 1768 383 1823 per
411 1756 859 1824 compositionem
892 1774 957 1813 ex
986 1767 1215 1830 utroque
1241 1762 1443 1815 animal
1480 1777 1645 1816 unum
1675 1761 1876 1818 efﬁcia-

282 1855 394 1913 tur,
428 1858 679 1905 manente
708 1858 887 1904 tamen
918 1849 1054 1920 ipsa,
1090 1861 1148 1906 ut
1182 1861 1310 1907 ante
1341 1855 1661 1919 memoravi,
1692 1854 1743 1907 in
1775 1870 1870 1909 sua

281 1947 503 1991 natura.
533 1937 677 2005 Ergo
724 1955 830 1995 non
877 1954 973 2010 per
1004 1944 1484 1999 commutationem
1517 1956 1611 2003 aut
1644 1960 1873 2001 conver-

280 2026 492 2082 sionem
524 2027 796 2083 hominem
824 2028 1027 2084 factum
1069 2030 1157 2084 Dei
1189 2031 1423 2086 dicimus
1454 2032 1690 2088 Verbum
1716 2053 1728 2099 ;
1770 2052 1869 2091 nec

282 2130 529 2186 prorsus,
563 2118 702 2188 quod
737 2120 876 2174 Deus
908 2134 1030 2179 esse
1058 2121 1313 2190 desierit;
1343 2123 1437 2178 sed
1467 2126 1611 2195 quod
1647 2141 1867 2182 carnem

279 2208 557 2276 accipiens
598 2226 664 2267 ex
702 2215 946 2281 muliere,
975 2225 1030 2270 et
1056 2215 1106 2271 ei
1138 2228 1201 2270 ex
1237 2226 1391 2272 utero
1418 2223 1710 2283 adunatus,
1738 2222 1873 2276 exiit

282 2300 449 2356 homo
484 2302 621 2358 idem
656 2306 817 2360 simul
849 2317 901 2362 et
944 2308 1117 2376 Dens;
1151 2324 1328 2381 neque
1371 2311 1462 2367 Dei
1496 2324 1552 2365 ct
1580 2312 1754 2369 Patris
1782 2331 1875 2384 ge-

278 2392 625 2448 nerationem
666 2404 923 2473 aeternam
967 2401 1279 2472 projiciens,
1310 2403 1565 2458 sustinuit
1602 2414 1876 2476 tempora-

279 2480 411 2548 lem,
442 2500 508 2539 ex
540 2486 765 2544 muliere
796 2490 922 2545 inde
972 2492 1208 2559 initium,
1250 2505 1306 2548 ιιι
1356 2509 1517 2557 esset,
1576 2498 1872 2567 accipiens.

278 2575 639 2634 Perinittebat
682 2591 862 2637 autem
890 2586 1038 2637 carui
1080 2587 1313 2655 propriae
1352 2603 1463 2643 suae
1502 2598 1709 2645 natura:
1742 2592 1875 2663 lt-gi-

280 2669 383 2723 lius
429 2670 600 2735 nasci,
648 2673 950 2730 nativitatis
999 2676 1209 2733 ratione
1259 2680 1543 2735 duntaxat.
1601 2682 1873 2739 Caeterum

279 2758 446 2814 liabet
482 2760 533 2813 in
584 2777 644 2817 se
688 2763 891 2834 aliquid
929 2768 997 2821 ab
1055 2769 1288 2824 humana
1335 2783 1528 2827 natura
1558 2774 1870 2831 dissimile:

278 2861 444 2907 natus
472 2864 554 2909 est
576 2858 719 2911 enim
744 2873 808 2912 es
838 2856 1080 2930 Virgine,
1099 2871 1153 2916 et
1176 2864 1323 2918 solus
1355 2866 1514 2922 habet
1539 2868 1617 2941 (ί)
1644 2879 1873 2927 matrem

258 2944 599 3014 innuptam;
644 2947 846 3005 factum
895 2963 1074 3009 autem
1111 2956 1287 3025 ipsum
1328 2960 1495 3014 etiam
1537 2978 1783 3029 carnem,
1822 2977 1877 3023 et

278 3034 337 3089 in
374 3038 528 3094 nobis
580 3041 936 3111 inhabitasse,
973 3049 1307 3119 evangelista
1359 3066 1770 3124 commemorat,
1819 3070 1877 3115 ut

278 3137 512 3197 utroque
538 3133 943 3201 comprobaret,
973 3146 1027 3191 et
1054 3137 1254 3193 factum
1293 3140 1461 3198 fuisse
1500 3145 1797 3214 hominem,
1823 3160 1877 3206 et

283 3233 445 3273 suum
476 3237 583 3277 non
616 3225 917 3294 perdidisse
946 3247 959 3284 :
989 3232 1189 3286 mansit
1210 3235 1352 3287 enim
1382 3238 1527 3306 quod
1557 3248 1696 3295 erat.

381 3310 706 3384 lntelligitur
804 3333 1042 3390 namque

274 3412 428 3457 certe
483 3417 739 3473 tanquam
792 3411 935 3467 aliud
984 3415 1038 3469 in

274 3492 387 3549 alio
458 3496 785 3570 inhabitare,
840 3505 891 3559 id
933 3518 1035 3570 eat,

274 3584 461 3641 divina
491 3600 679 3646 natura
715 3594 768 3649 in
801 3596 1040 3653 humani-

278 3686 425 3745 tate,
463 3695 569 3737 non
613 3699 865 3756 perpessa
897 3705 1044 3745 com-

277 3770 625 3839 mistionem,
647 3789 743 3831 aut
764 3780 1041 3838 confusio-

278 3878 447 3930 nem,
508 3878 600 3923 aut
655 3876 1041 3932 commulatio-

279 3971 427 4023 nem,
462 3970 521 4017 ut
575 3974 718 4018 esset
755 3968 899 4036 quod
936 3986 1039 4025 non

276 4061 421 4107 erat.
464 4051 733 4123 Quidquid
789 4061 931 4115 enim
984 4063 1037 4117 in

275 4140 390 4195 alio
416 4145 659 4202 habitare
680 4150 896 4221 dii-itur,
932 4172 1037 4209 non

275 4234 455 4302 ipsum
474 4237 532 4291 lit
546 4240 669 4301 tale.
686 4245 846 4312 quale
863 4256 946 4302 est
989 4249 1038 4303 id

277 4323 333 4377 in
362 4341 469 4395 quo
502 4329 741 4399 habitat;
773 4337 865 4391 sed
895 4338 1039 4393 aliud

276 4418 334 4471 in
390 4421 497 4473 alio
555 4425 727 4493 magis
793 4427 1044 4501 intelligi-

278 4518 389 4563 tur.
422 4513 490 4565 Αι
518 4528 646 4568 vero
683 4517 736 4570 in
764 4517 923 4574 Verbi
955 4540 1042 4578 na-

277 4611 402 4656 tura
439 4614 495 4657 et
528 4604 912 4677 humanitatis,
945 4629 1033 4669 so-

278 4693 386 4748 iam
403 4696 557 4750 nobis
570 4697 931 4759 differentiam
945 4708 1038 4761 dc-

275 4786 454 4856 signat
495 4790 779 4851 diversitas
818 4809 1037 4855 natura-

276 4894 421 4934 rum.
446 4882 595 4939 Unus
623 4887 768 4943 enim
796 4908 859 4945 ex
892 4904 1038 4949 ntro-

274 4987 385 5040 que
418 4973 735 5053 intelligitur
764 4984 1034 5044 Christus.

276 5064 422 5134 Ergo
436 5066 896 5140 inconfusionemt
912 5094 1040 5137 ante

277 5159 412 5220 dixi.
437 5176 672 5229 servata,
704 5169 1039 5232 inhabitasse

283 5249 517 5307 Verbum
542 5258 612 5310 ait
638 5260 688 5311 itt
714 5244 867 5319 nobis
898 5286 912 5319 :
936 5271 1039 5324 scit

351 5435 374 5462 ⁵
405 5419 612 5491 Coloss.
643 5451 701 5502 tt,
744 5442 798 5496 9.

352 5612 433 5684 (ι)
478 5615 534 5669 Id
584 5630 688 5681 est,

1185 3324 1405 3381 Νοείται
1467 3329 1576 3400 γὰρ
1632 3332 1849 3400 πάντως
1865 3378 1879 3401 ,

1115 3415 1190 3481 ὡς
1236 3416 1423 3491 ἕτερον
1471 3423 1528 3474 ὲν
1571 3425 1776 3498 ἑτέρᾳ,
1822 3429 1883 3481 τὸ

1116 3510 1429 3573 κατοικοῦν,
1472 3513 1615 3566 τοῦτ’
1644 3516 1814 3581 ἔστιν,
1849 3523 1881 3589 ἡ

1116 3601 1235 3655 θεία
1282 3604 1439 3672 φύσις
1495 3610 1552 3661 ἐν
1594 3609 1880 3681 ἅνθρωπός

1116 3712 1260 3766 τητι,
1281 3700 1371 3751 καὶ
1391 3702 1450 3753 οὐ
1470 3702 1719 3757 παθοῦσα
1752 3725 1883 3777 φυρ-

1121 3790 1243 3860 μὸν,
1272 3791 1303 3861 ἢ
1330 3792 1593 3865 ἀνάχυσιν
1618 3814 1759 3863 τινα,
1786 3804 1881 3855 καὶ

1121 3886 1477 3953 μετάστασιν,
1510 3887 1608 3961 τὴν
1638 3893 1716 3955 εἰς
1744 3892 1881 3964 ὅπερ

1113 3977 1213 4030 οὐκ
1251 3973 1338 4049 ἦν.
1389 3980 1461 4033 Τὸ
1490 3981 1597 4053 γὰρ
1646 3984 1881 4053 ἐνοικεῖν

1114 4070 1288 4145 ἑτέρῳ
1314 4071 1629 4143 λεγόμενον,
1658 4077 1757 4129 οὐκ
1783 4078 1882 4132 αὑ-

1112 4163 1174 4217 τὸ
1191 4165 1434 4234 γέγονεν,
1460 4148 1599 4239 ὅπερ
1624 4169 1741 4222 ἐστὶ
1761 4172 1881 4225 τοῦ·

1114 4269 1195 4315 το,
1215 4254 1271 4306 ὲν
1298 4248 1342 4322 ᾧ
1376 4260 1645 4310 κατοικεῖ·
1671 4262 1876 4315 νοεῖται

1114 4344 1169 4398 δὲ
1184 4346 1384 4417 μᾶλλον
1406 4349 1493 4403 {re
1504 4368 1592 4421 ρον
1609 4354 1666 4405 ὲν
1682 4354 1874 4425 ἑτέρῳ.

1128 4438 1216 4491 Ἑν
1249 4440 1306 4494 δέ
1346 4458 1411 4509 γε
1464 4445 1529 4513 τῇ
1576 4444 1735 4513 φύσει
1782 4446 1876 4499 τοῦ

1121 4535 1318 4604 Λόγου,
1350 4539 1443 4591 καὶ
1471 4540 1571 4611 τῆς
1584 4540 1874 4613 ἀνθρωπό-

1981 666 2162 737 σάρκα
2234 666 2582 737 γενόμενον,
2652 668 2750 722 καὶ
2824 668 3160 738 unigenitum
3190 681 3412 723 carnem
3470 665 3586 723 fac-

1977 754 2139 811 ἐνανο
2149 759 2501 830 ρωπήσαντα.
2822 770 2959 824 ιυιη.
2990 769 3042 815 et
3057 784 3060 789 -
3073 760 3374 815 hominem.

2052 848 2132 921 (Ξ)
2166 849 2346 907 Carne
2369 863 2549 908 autem
2588 854 2722 909 mihi
2751 854 2965 910 videtur
2999 853 3220 910 divinus
3242 852 3586 922 Evangelista

1982 948 2152 995 totam
2188 942 2471 1014 sapienter
2507 953 2758 999 naturam
2808 944 3091 1001 hominum
3144 944 3431 999 nominare
3463 959 3478 998 :
3510 942 3589 997 ait

1979 1034 2125 1088 enim
2158 1031 2397 1090 Verbum
2428 1034 2765 1092 inhabitasse
2798 1036 2850 1091 in
2884 1037 3061 1102 nobis,
3096 1050 3205 1090 non
3237 1034 3489 1102 alterius,
3526 1044 3588 1088 ut

1978 1139 2078 1195 ego
2107 1126 2321 1196 opinor,
2349 1127 2546 1198 gratia,
2577 1128 3007 1182 incarnationem
3026 1125 3193 1183 Verbi
3218 1125 3419 1181 factam
3443 1139 3588 1189 esse.

1978 1233 2453 1285 commemorans;
2492 1220 2595 1275 nisi
2624 1229 2682 1273 ut
2711 1218 2878 1274 etiam
2903 1233 3024 1285 nos,
3052 1219 3380 1289 participatu
3417 1217 3591 1289 ipsius

1978 1326 2077 1382 per
2115 1312 2383 1383 Spiritum
2420 1323 2669 1367 sanetum
2701 1311 3038 1381 locupletati,
3072 1310 3390 1379 ad0ptionis
3426 1312 3589 1365 benc-

1981 1405 2160 1460 licium
2193 1406 2553 1462 lucraretnnr.
2592 1405 2765 1476 igitur
2798 1406 2854 1460 in
2889 1404 3115 1460 Christo
3147 1406 3411 1459 unitatem
3439 1418 3589 1459 sum-

1980 1512 2123 1551 mam
2156 1513 2450 1568 veramque
2471 1498 2748 1553 credimus
2775 1496 3003 1553 factam.-
3025 1495 3122 1551 Sin
3146 1506 3330 1553 autem
3354 1497 3407 1550 in
3435 1494 3590 1549 nobis

1978 1585 2232 1643 Christus
2264 1586 2570 1643 inhabitare
2595 1587 2838 1652 dicatur,
2874 1586 3135 1659 σχετικὴν
3169 1586 3285 1657 ipse
3313 1584 3475 1639 faciet
3506 1584 3591 1638 in-

1980 1677 2401 1734 babitationem.
2429 1676 2548 1734 Non
2578 1690 2760 1734 autem
2795 1694 2919 1733 cum
2958 1679 3099 1734 Deus
3128 1677 3333 1732 dicitur
3373 1675 3587 1731 inhabi-

1981 1778 2125 1826 tasse
2158 1771 2210 1825 in
2244 1769 2469 1826 Christo
2502 1788 2517 1825 :
2559 1790 2578 1823 ι
2617 1770 2945 1826 lnliabitavit
2978 1785 3213 1841 namque
3237 1770 3291 1824 in
3318 1783 3386 1823 eo
3413 1766 3603 1823 omnis-

1980 1858 2258 1928 plenitudo
2289 1862 2600 1918 divinitatis
2634 1863 2990 1932 corporaliter
3011 1865 3072 1930 δ;
3105 1882 3123 1915 ι
3161 1878 3269 1918 non
3303 1876 3401 1933 per
3424 1861 3593 1931 parti-

1975 1950 2234 2019 cipatum,
2269 1954 2350 2006 vel
2386 1954 2577 2025 σχέσιν
2600 1957 2930 2025 simplicem,
2967 1955 3126 2024 quasi
3163 1955 3280 2010 sole
3306 1955 3589 2014 illucente.

1975 2056 2068 2101 aut
2098 2047 2220 2117 igne
2257 2044 2483 2100 insitum
2515 2047 2621 2101 sibi
2651 2047 2887 2103 calorem
2915 2048 3039 2103 aliis
3072 2048 3431 2113 immittente;
3470 2039 3590 2109 sed,

1976 2146 2036 2192 ut
2067 2140 2138 2194 ita
2170 2138 2371 2206 dicam,
2419 2140 2534 2209 ipsa
2580 2141 2764 2196 divina
2814 2144 3141 2212 sinceraque
3176 2150 3399 2203 natura,
3437 2140 3591 2209 juxta

1976 2239 2147 2285 totum
2185 2231 2237 2285 id
2269 2233 2413 2302 quod
2444 2243 2566 2297 esl,.
2586 2233 3041 2288 inbabitationem
3071 2234 3174 2288 sibi
3208 2232 3465 2300 faciente,
3497 2248 3594 2304 per

1977 2336 2187 2387 veram,
2218 2332 2277 2374 ut
2304 2332 2432 2376 ante
2460 2322 2723 2386 diximus,
2764 2325 3055 2387 unitatem,
3098 2323 3152 2378 in
3191 2324 3394 2393 templo
3446 2323 3591 2394 quod

1977 2424 2060 2467 est
2090 2422 2274 2467 natum
2309 2428 2376 2469 ex
2405 2412 2629 2483 Virgine
2659 2430 2674 2469 :
2710 2415 2783 2469 ita
2820 2416 2965 2471 enim
3007 2432 3150 2471 unus
3193 2427 3247 2471 et
3277 2425 3386 2483 est,
3418 2423 3475 2470 et
3506 2415 3591 2469 in-

1980 2504 2516 2577 telligitur‘Cbristus
2547 2506 2733 2563 Jesus.

2052 2598 2207 2665 Quod
2241 2614 2368 2654 vero
2405 2601 2456 2653 in
2485 2602 2901 2668 expressionnm
2935 2617 3146 2658 summa
3192 2613 3379 2657 noster
3410 2616 3593 2658 sermo

1980 2690 2248 2756 vincatur,
2278 2693 2384 2745 non
2415 2692 2660 2761 negabo;
2705 2694 2801 2748 sed
2836 2710 2943 2748 non
2991 2693 3199 2749 idcirco
3229 2692 3433 2750 Christi
3476 2709 3595 2765 my-

1979 2779 2205 2833 sterium
2230 2794 2338 2834 non
2372 2781 2667 2849 credatur;
2696 2785 2792 2839 sed
2827 2784 3001 2853 magis
3026 2785 3098 2839 sit
3134 2786 3336 2839 merito
3372 2785 3595 2839 mirabi-

1979 2869 2104 2926 lius.
2135 2872 2349 2939 Quanto
2384 2874 2532 2929 enim
2566 2876 2714 2929 omni
2748 2885 2832 2930 est
2878 2885 3060 2931 mente
3100 2876 3354 2945 superius
3394 2884 3449 2931 et
3479 2891 3595 2931 ser-

1979 2979 2163 3030 mone,
2193 2975 2346 3020 tanto
2378 2966 2550 3037 magis
2580 2966 2722 3021 ultra
2765 2983 2985 3023 omnem
3033 2966 3459 3023 admirationem
3497 2983 3593 3036 po-

1980 3058 2217 3113 nendum
2252 3070 2355 3114 est.

2024 3138 2285 3206 .Carnem
2336 3166 2469 3207 vero
2502 3152 2708 3207 factum
2762 3153 3026 3217 Verbum,
3062 3148 3120 3205 id
3171 3160 3274 3215 est,
3316 3150 3596 3205 hominem

1908 3265 1952 3326 ο
1984 3242 2313 3312 perfectum,
2346 3259 2452 3298 non
2482 3244 2722 3299 dicimus
2777 3258 3036 3299 mensura
3071 3244 3323 3313 corporis
3348 3254 3592 3309 compre-

1988 3335 2176 3403 hendi,
2210 3336 2263 3391 id
2305 3338 2451 3391 enim
2504 3336 2905 3406 ineptissimum
2933 3347 3058 3404 est;
3096 3336 3193 3392 sed
3244 3334 3471 3406 implere
3515 3334 3591 3389 sit'

1986 3445 2202 3500 quoque
2231 3431 2532 3496 credimus,
2571 3432 2712 3487 sicut
2743 3431 2902 3497 solet,
2948 3431 3147 3485 malum
3186 3441 3239 3486 et
3276 3438 3504 3494 terram,
3539 3436 3589 3483 et

1986 3536 2107 3591 quae
2133 3520 2364 3578 inferius
2394 3522 2570 3592 posita
2607 3531 2736 3577 sunt
2775 3540 2790 3576 :
2823 3523 3005 3576 omnia
3041 3523 3242 3578 etenim
3272 3522 3431 3593 plena
3464 3529 3590 3576 sunt

1986 3615 2117 3679 Deo,
2146 3626 2201 3671 et
2230 3617 2411 3671 omnia
2446 3616 2546 3686 ipsi
2580 3616 2805 3687 parvula
2841 3624 2990 3670 sunt.
3027 3617 3096 3669 At
3136 3616 3413 3685 quomodo
3443 3623 3497 3667 et
3538 3615 3592 3668 in

1984 3710 2234 3780 singulis,
2262 3720 2317 3765 et
2345 3709 2397 3764 in
2430 3710 2688 3765 omnibus
2718 3720 2867 3764 tutus
2897 3713 2991 3774 sit,
3025 3709 3303 3764 intellectu
3336 3709 3596 3777 dictuque

1984 3799 2199 3856 diﬂieile
2231 3811 2337 3865 est,
2374 3801 2486 3855 imo
2520 3816 2650 3856 vero
2685 3801 2851 3855 etiam
2898 3798 3254 3870 impossibile.
3301 3797 3357 3853 ld
3385 3809 3592 3863 autem,

1985 3903 2046 3947 ut
2070 3893 2366 3963 θρῆνοι-,ρο
2392 3893 2657 3964 possidet,
2675 3893 2822 3963 quod
2851 3894 3211 3962 incorporeus
3236 3889 3303 3947 sit
3336 3880 3398 3947 et
3422 3890 3596 3946 indisv

1984 3984 2269 4055 pertibilis.

2056 4076 2341 4146 Proprium
2376 4085 2556 4131 autem
2614 4077 2777 4133 Verbi
2813 4092 3015 4146 corpus
3054 4078 3261 4132 dicitur
3293 4094 3324 4132 a
3373 4076 3531 4133 nobis
3574 4094 3589 4131 :

1984 4184 2089 4224 non
2129 4168 2590 4238 quemadmodum
2629 4170 2885 4241 proprius
2930 4180 3013 4225 est
3048 4169 3286 4225 hominis
3314 4171 3476 4230 risus.
3509 4168 3593 4223 vel

1979 4263 2104 4332 equi
2135 4261 2408 4327 hinnitus;
2458 4262 2553 4316 sed
2590 4262 2757 4331 quod,
2806 4261 3010 4317 factum
3047 4263 3218 4331 ipsius
3255 4278 3351 4333 per
3381 4264 3591 4316 aduna-

1983 4355 2184 4409 tionem
2218 4368 2423 4417 veram,
2472 4355 2822 4409 instrumenti
2855 4356 2904 4410 ei
2953 4357 3198 4424 prtebeat
3232 4356 3491 4421 ullieiutn,
3524 4356 3591 4409 ad

1980 4450 2385 4519 exsequendum
2412 4463 2475 4503 ea
2507 4464 2627 4518 qua:
2671 4463 2824 4504 more
2864 4448 3026 4504 solito
3061 4460 3341 4519 operatur,
3386 4450 3595 4521 absque

1983 4542 2102 4598 solo
2131 4553 2373 4611 peccato.

1115 4645 1298 4699 τητος,
1347 4631 1517 4700 μόνην
1586 4635 1719 4703 ἡμῖν
1780 4652 1873 4706 ση-

2050 4635 2145 4691 Sin
2175 4652 2303 4693 vero
2340 4638 2482 4691 Deus
2520 4638 2753 4693 Verbum
2791 4637 2956 4690 etiam
2992 4636 3218 4689 missum
3252 4634 3417 4689 fuisse
3450 4633 3592 4689 forte

1115 4721 1296 4788 μαίνει
1338 4722 1603 4794 διαφορὰν
1629 4726 1737 4781 τῶν
1773 4729 1876 4798 φύ-

1112 4830 1249 4867 σεων
1314 4818 1372 4868 τὸ
1436 4816 1713 4890 διάφορον.
1782 4818 1877 4885 Εἷς

1110 4902 1218 4974 γὰρ
1268 4906 1325 4972 ἐξ
1404 4908 1610 4976 ἀμφοῖν
1675 4914 1879 4967 νοεῖται

1112 4996 1362 5064 Χριστός.
1393 4999 1605 5053 Οὐκοῦν
1628 5003 1685 5056 τὸ
1704 5004 1872 5072 ἅσύγ.

1113 5110 1275 5161 χυτον
1293 5090 1349 5147 εὖ
1361 5096 1502 5164 μάλα
1532 5114 1734 5169 τετηρη
1744 5100 1873 5164 κὼς,

1114 5184 1276 5253 φησὶν
1306 5185 1362 5236 ὲν
1398 5188 1533 5256 ἡμῖν
1570 5188 1877 5259 ἐσκηνωκὲ-

1112 5293 1200 5329 ναι
1242 5277 1329 5330 τὸν
1374 5281 1567 5350 Λόγον.
1598 5282 1732 5336 Ἕνα
1770 5286 1875 5355 γὰρ

775 5636 855 5702 ita:
900 5627 999 5702 yiri
1044 5630 1383 5702 amplexibus
1434 5633 1719 5702 inquinata
1770 5653 1874 5691 non

737 5639 751 5674 ί

349 5638 433 5697 tu
478 5638 534 5669 ιιι
576 5638 688 5698 ρει,
737 5638 855 5745 una:
900 5638 999 5680 Vtrt
1044 5638 1383 5697 amplexibus
1434 5638 1719 5702 inquinata
1770 5653 1874 5691 non

286 5683 498 5774 luisset.
543 5688 737 5774 iV-llthl-l.
774 5709 786 5745 l
825 5696 974 5774 enim
1027 5701 1349 5774 vocabulum
1405 5719 1552 5774 sa‘pe
1605 5706 1876 5774 reperitur

287 5756 341 5809 in
371 5756 643 5837 obscenis.
678 5758 813 5818 llinc
849 5764 974 5819 illud
1002 5784 1065 5821 ex
1103 5756 1506 5837 Iit/angelici).r
1528 5756 1878 5831 Μιιῖὦῖ-

286 5828 863 5913 σῃᾲηηκὺιηξρηῃρᾳίιε
892 5839 1169 5913 audiamur.
1350 5844 1439 5899 Iili.
1479 5861 1555 5905 vt,
1602 5828 1879 5913 Capitula-

292 5898 429 5951 rium
462 5913 577 5967 (Ἦν.
614 5898 721 5955 9.09
752 5898 1000 5974 {Stipite
1031 5920 1202 5965 tamen
1250 5898 1616 5983 immptns’i'rl
1658 5898 1878 5985 innupta

1987 4728 2221 4794 dicatur,
2258 4745 2325 4784 ue
2356 4729 2479 4798 quis
2515 4738 2757 4783 vestrum
2803 4736 3097 4790 terreatur,
3136 4726 3266 4781 illud
3296 4727 3585 4797 cogitans:

1985 4822 2102 4888 Quo
2132 4831 2318 4890 perget
2342 4820 2853 4892 incorporeum,vel
2886 4835 2995 4889 quo
3031 4821 3258 4875 cedetis
3293 4835 3401 4887 quo
3430 4819 3587 4890 plena

1982 4926 2117 4968 sunt
2144 4914 2325 4968 omnia
2351 4914 2375 4967 ?
2405 4914 2557 4968 Sciat
2603 4923 2784 4969 autem
2837 4912 3028 4984 magis,
3076 4912 3221 4982 quod
3251 4911 3317 4966 sit
3363 4920 3418 4965 et
3450 4908 3590 4965 alius

1988 5008 2264 5062 missionis
2289 5012 2498 5062 modus.
2531 5006 2643 5061 Non
2673 5018 2729 5060 ut
2758 5007 2936 5060 locum
2962 5005 3029 5060 de
3054 5005 3197 5071 loco,
3218 5005 3308 5074 qui
3334 5006 3586 5070 mittitur,

1989 5111 2191 5167 mutet;
2227 5103 2321 5156 sed
2358 5114 2414 5155 nt
2450 5101 2813 5156 ministerium
2848 5100 3023 5170 magis
3050 5114 3271 5153 sacrum
3300 5098 3586 5169 suscipiat,

1986 5196 2145 5265 quod
2183 5196 2345 5249 etiam
2394 5194 2674 5263 discipulis
2728 5193 3031 5264 injunctutu
3088 5206 3211 5245 esse
3264 5191 3586 5246 discimus:

1986 5286 2203 5340 Christo
2234 5287 2472 5342 muniunt
2512 5285 2815 5340 Salvatore.

1987 5643 2352 5706 permanserit.
2398 5643 2595 5700 BALUI.

2052 5709 2132 5786 (ἐξ
2173 5711 2303 5776 Quae
2330 5728 2653 5781 sequuntur,
2689 5730 2859 5786 usque
2894 5717 3187 5772 adluctam
3231 5718 3418 5775 Jacobi
3461 5735 3584 5773 cum

1980 5782 2177 5859 augt-lo
2221 5796 2394 5859 eaque
2428 5788 2614 5859 verba,
2656 5782 2785 5859 cap.
2824 5787 2883 5841 5|
2914 5827 2928 5850 ,
2976 5790 3313 5844 latitudinem
3367 5791 3585 5859 femoris

1981 5851 2341 5976 €j;u,ltit35|llil
2374 5856 2423 5909 in
2456 5851 2787 5913 editinnibus
2814 5860 3067 5930 vulgatis,
3092 5873 3143 5916 et
3173 5878 3314 5917 nunc
3348 5851 3584 5933 primum

1982 5940 2032 5975 Ct
2054 5938 2121 5975 un
2154 5939 2235 5976 ur.

1982 5938 2235 5977 CUUIllUl’.
