3996 6526
434 436 572 492 1399

1417 429 1474 483 S.
1514 423 1790 484 CYRILLI
1830 419 2300 478 ALEXAND‘RINI
2340 422 2660 481 ARCIIIEP.

3561 418 3699 474 ΗΖΝ)

505 547 742 617 Denique
775 546 936 601 etiam
984 544 1201 601 divinus
1245 544 1446 601 Paulus
1491 546 1570 599 ait
1620 543 1687 598 de
1736 542 1959 597 Christo
1989 559 2001 595 :
2034 542 2082 599 A
2116 563 2132 587 ι
2163 542 2332 598 Amen
2372 542 2494 599 dico
2544 542 2717 609 vobis,
2753 549 3043 609 antequam
3085 538 3367 594 Abraham
3403 546 3569 600 esset,
3602 550 3697 605 ego

437 660 453 691 ι
493 639 651 709 Ergo,
678 637 869 692 fratres
897 639 1092 700 sam-ti.
1118 637 1415 693 vocationis
1438 635 1672 691 caelestis
1693 634 2000 703 participes,

431 729 770 783 considerate
824 729 1123 797 apostolum
1179 740 1231 783 et
1286 729 1598 797 pontiﬁcem
1650 724 2007 781 coniessionis

433 831 633 876 nostra:
680 818 864 874 Jesum
887 822 931 872 ⁸.
968 839 987 873 ι
1031 821 1413 875 Animadverte
1455 828 1633 875 autem
1670 820 1835 889 quod,
1882 832 2003 871 cunt

431 928 551 967 eum
602 911 998 966 ministrantem
1050 912 1326 965 hominum
1375 926 1526 967 more
1566 911 1834 972 ostendit.
1882 907 2006 962 licet

434 1012 620 1057 natura
654 1003 723 1057 sit
752 1002 911 1064 Deus,
946 1011 1072 1055 tunc
1108 1001 1157 1056 ei
1192 1003 1354 1055 etiam
1399 1002 1631 1056 ollicintn
1677 999 2007 1069 apostolatus

431 1093 673 1148 attribuit
714 1112 727 1147 :
772 1092 907 1145 nihil
950 1104 1151 1158 autem,
1183 1101 1241 1147 ut
1271 1104 1396 1148 ante
1432 1093 1686 1157 diximus,
1715 1091 2005 1147 absurdum

430 1193 532 1248 est,
569 1184 612 1237 si
653 1182 791 1237 Deus
820 1181 1055 1237 Verbum
1095 1184 1232 1238 mitti
1279 1184 1441 1239 etiant
1491 1184 1700 1238 dicatur
1742 1198 1770 1236 a
1810 1181 2003 1249 Patre;

433 1274 614 1343 implet
644 1288 876 1342 namque
906 1274 1211 1329 certissime
1251 1274 1457 1337 ontuia,
1493 1284 1547 1329 et
1595 1275 1724 1328 nulli
1767 1274 1884 1328 loco
1914 1290 2009 1343 pe-

432 1365 574 1418 nitus
597 1363 749 1419 deest
781 1382 795 1418 :
829 1378 929 1419 nos
972 1378 1101 1419 vero
1146 1364 1395 1419 lnnnanis
1440 1365 1665 1419 vocibus
1698 1364 1877 1418 divina
1923 1365 2007 1419 in-

432 1464 810 1523 torpretantcs,
843 1455 1252 1527 ilgurationibns
1284 1457 1529 1527 corporis
1562 1455 1884 1511 immortalis
1915 1471 2010 1509 na-

430 1555 566 1600 tura:
590 1546 1046 1616 dispensationem
1075 1549 1312 1603 solemus
1336 1547 1658 1618 intelligere.

506 1638 748 1707 Denique
796 1654 919 1694 cum
974 1650 1195 1695 sanctus
1250 1638 1486 1707 Spiritus
1534 1638 1715 1692 omnia
1770 1638 2007 1707 impleat,

431 1730 617 1784 scribit
655 1731 843 1785 beatus
877 1729 1095 1793 Paulus.
1126 1740 1182 1784 et
1228 1729 1361 1784 dicit
1408 1748 1423 1783 :
1461 1747 1479 1780 ι
1511 1728 1777 1796 Quoniam
1827 1740 2006 1783 autent

430 1826 562 1877 estis
598 1821 712 1886 iilii,
756 1821 901 1876 misit
955 1820 1096 1876 Deus
1146 1819 1405 1891 Spiritum
1453 1818 1575 1875 Filii
1623 1821 1706 1875 sui
1745 1821 1798 1874 in
1844 1822 2007 1876 corda

2108 647 2227 687 Stlttt
2268 635 2410 689 ¹⁹·¹¹.
2458 654 2478 688 t
2528 632 2809 701 Quomodo
2855 631 3000 686 enim
3038 629 3200 685 aliter
3249 639 3379 685 ante
3423 628 3690 681 Abraham

2106 735 2249 787 erat,
2281 726 2372 794 qui
2406 724 2586 779 multis
2616 733 2736 794 post
2777 722 3107 791 temporibus
3136 720 3442 775 secundum
3476 732 3690 772 carnem

2107 828 2265 870 natus
2301 817 2428 870 est?
2469 816 2613 872 Satis
2648 826 2825 870 autem
2871 816 3035 885 ipsos,
3066 822 3125 866 ut
3153 800 3370 880 opinor,
3412 810 3694 875 redarguct

2108 906 2325 962 divinus
2351 907 2588 963 Joannes
2610 908 2793 962 dicens
2820 925 2835 961 :
2865 926 2882 958 ι
2908 907 3009 961 Hic
3029 913 3168 970 erat,
3191 903 3259 958 de
3280 916 3389 971 quo
3415 914 3520 971 ego
3547 899 3652 953 dixi
3678 917 3690 953 :

2109 998 2230 1052 Post
2259 1014 2344 1052 me
2370 1000 2513 1054 venit
2537 1000 2641 1065 vir,
2665 999 2754 1068 qui
2785 1008 2910 1053 ante
2942 1013 3029 1052 me
3052 997 3231 1051 lactus
3256 1003 3361 1059 est,
3389 993 3517 1062 quia
3552 993 3695 1063 prior

2108 1106 2192 1144 me
2224 1105 2339 1143 erat
2365 1092 2425 1145 ".
2472 1110 2489 1141 t

2182 1180 2363 1253 794·
2407 1181 2890 1237 Ρτωιθτωίιιεηιθε
2934 1179 3099 1251 igitur
3140 1179 3197 1232 in
3248 1192 3305 1231 re
3344 1185 3456 1230 tam
3506 1172 3693 1228 frivola

2107 1273 2226 1329 sine
2253 1290 2418 1328 causa
2458 1284 2694 1340 certare,
2734 1274 2801 1329 ad
2838 1274 2966 1329 illud
3002 1270 3175 1341 magis
3210 1269 3521 1331 veniamus.
3553 1264 3695 1335 quod

2106 1363 2269 1418 etiam
2309 1363 2657 1419 emolumenti
2703 1364 2906 1433 aliquid
2949 1363 3120 1433 possit
3151 1359 3368 1422 aﬂ'erre,
3413 1372 3481 1412 ne
3525 1356 3696 1410 mole-

2108 1463 2191 1508 ste
2229 1452 2405 1507 ferant
2441 1452 2681 1508 nonnulli
2723 1452 3025 1516 audientes,
3068 1463 3189 1504 esse
3235 1456 3481 1501 sanctam
3518 1442 3693 1512 Virgi-

2111 1559 2233 1598 nem
2274 1543 2559 1609 Θεοτὸκον,
2598 1559 2699 1599 nec
2729 1542 3129 1599 incredulitatis
3167 1538 3410 1594 Iudaica:
3436 1551 3569 1590 suas
3598 1548 3698 1604 op-

2110 1636 2293 1707 pleant
2319 1647 2550 1700 mentes,
2574 1635 2684 1691 imo
2705 1649 2835 1690 vero
2871 1636 3032 1689 etiam
3057 1632 3335 1704 paganica:
3370 1630 3693 1699 impietatis.

2107 1727 2274 1783 Jud-ei
2319 1726 2518 1782 etenim
2568 1727 3023 1798 aggrediebantur
3071 1724 3347 1780 Christum
3393 1720 3694 1776 dicentes:

2116 1839 2135 1872 ι
2166 1819 2242 1875 De
2277 1820 2417 1875 bono
2442 1832 2606 1891 opere
2630 1835 2737 1874 non
2774 1819 3075 1890 Iapidamus
3104 1825 3187 1882 te;
3218 1816 3314 1870 sed
3339 1815 3409 1869 de
3439 1813 3697 1882 blasphe-

432 1922 638 1975 nostra,
660 1912 709 1965 in
742 1926 848 1979 quo
870 1911 1165 1967 clamamus
1193 1930 1207 1965 :
1232 1910 1384 1965 Abba
1409 1909 1568 1966 Pater
1589 1910 1631 1965 '.
1656 1928 1676 1963 ι
1715 1910 1803 1964 Ait
1825 1921 2003 1965 autent
2038 1900 2078 1957 Β
2110 1912 2238 1975 mia,
2266 1912 2405 1981 quod
2428 1926 2548 1965 cum
2573 1910 2650 1965 sis
2672 1910 2857 1973 homo,
2881 1908 3017 1964 iacis
3039 1916 3093 1963 te
3126 1907 3291 1962 Deum
3313 1906 3380 1962 ⁸³.
3418 1924 3437 1958 t
3468 1906 3537 1959 At
3566 1918 3697 1958 vero

432 2011 486 2056 et
519 2001 637 2071 ipse
666 2001 913 2056 Salvator
945 2019 960 2054 :
993 2020 1011 2053 ι
1045 1999 1271 2071 Exliedit
1299 2000 1471 2065 vobis,
1503 2012 1560 2053 ut
1586 2015 1685 2068 ego
1708 2014 1859 2063 eam;
1886 2013 2007 2053 nam

432 2094 479 2146 si
516 2106 621 2146 non
670 2092 877 2155 abiero,
921 2090 1235 2147 Paraclettts
1287 2108 1392 2145 non
1438 2091 1617 2145 veniet
1651 2092 1717 2143 ad
1763 2106 1859 2145 vos
1897 2090 1938 2143 ⁷.
1984 2106 2007 2141 t

431 2180 657 2249 Oportet
681 2180 843 2251 igitur
866 2182 931 2235 ad
958 2183 1221 2237 rationem
1246 2182 1464 2250 pietatis
1485 2182 1665 2236 omnia
1691 2180 2007 2245 referentes,

428 2280 574 2323 certa
600 2271 929 2339 cegitalioue
960 2271 1156 2326 sectari
1201 2292 1213 2324 :
1252 2272 1304 2325 id
1341 2270 1485 2327 enim
1531 2269 1790 2327 facientes
1828 2272 2009 2327 nobis-

429 2362 676 2432 metipsis
704 2362 939 2416 maxime
964 2361 1346 2431 proiuerimus.
1858 2382 1861 2383 ν

1024 2540 1175 2596 CAP.
1217 2540 1408 2595 XXVI.

531 2676 805 2737 Quomodo
841 2676 1156 2746 intelligitur
1192 2676 1451 2742 Θιοτὸκος
1494 2676 1653 2747 Virgo
1688 2692 1892 2734 sancta.

498 2806 691 2861 Natum
722 2816 802 2862 est
832 2808 1049 2876 quidem
1081 2810 1529 2865 inzestimabiliter
1561 2810 1795 2866 Verbum
1832 2812 1922 2867 Dei
1952 2824 2006 2870 et

428 2896 635 2960 Patris;
670 2909 723 2953 et
756 2901 868 2954 haec
897 2901 1174 2970 generatio
1216 2916 1432 2955 omnem
1463 2916 1681 2957 sensum
1722 2905 2007 2973 cogitatio-

428 3004 659 3058 nemque
695 2993 1050 3055 transcendit,
1087 3003 1140 3047 et
1171 3002 1254 3047 est
1285 2993 1608 3064 incorporali
1638 3005 1845 3051 naturae
1874 3013 2006 3052 con-

427 3080 670 3135 veniens.
698 3080 1083 3137 Verumtamen
1127 3083 1179 3137 id
1223 3087 1364 3152 quod
1401 3096 1587 3138 natum
1622 3097 1729 3152 est,
1760 3090 2006 3156 proprius

426 3180 613 3239 partus
640 3171 959 3240 intelligitur
980 3172 1274 3238 Genitor-is,
1292 3185 1344 3229 et
1372 3177 1611 3245 ejusdem
1640 3192 1761 3231 cum
1793 3193 1858 3233 eo
1882 3182 2007 3234 sub-

427 3263 677 3327 stantiae;
732 3263 960 3333 ideoque
998 3266 1162 3320 etiam
1194 3265 1362 3322 Filius
1414 3270 1739 3331 nominatur,
1794 3273 2009 3327 nomine

428 3354 635 3407 scilicet
673 3355 945 3411 indicante
977 3359 1128 3426 quasi
1177 3374 1359 3413 veram
1403 3363 1783 3432 sinceramque
1816 3380 2009 3428 proge-

428 3442 605 3507 nient;
644 3444 735 3497 sed
767 3458 888 3498 cum
914 3447 987 3499 sit
1012 3446 1164 3500 vivus
1196 3448 1249 3501 in
1280 3458 1543 3503 arternum
1572 3447 1755 3514 Pater,
1789 3466 2012 3507 necesse

430 3542 535 3598 est,
567 3548 685 3584 enin
718 3549 930 3602 quoque
964 3536 1147 3591 vivere
1187 3539 1239 3592 in
1268 3550 1552 3605 aeternum,
1600 3552 1818 3612 propter
1848 3559 2007 3612 quem

427 3633 512 3675 est
567 3621 747 3677 Pater.
799 3625 966 3693 igitur
1019 3645 1037 3677 ι
1077 3627 1129 3680 Iit
1185 3630 1451 3698 principio
1499 3642 1616 3685 erat
1651 3632 1905 3697 Verbum,
1956 3644 2010 3686 et

431 3714 573 3769 Deus
620 3726 737 3769 erat
794 3716 1049 3782 Verbum,
1096 3729 1148 3772 et
1197 3728 1315 3773 erat
1367 3722 1529 3775 etiam
1588 3721 1822 3778 Verbum
1868 3729 2007 3795 apud

432 3806 597 3861 Deum
631 3806 672 3869 ⁸,
706 3827 723 3858 ι
764 3818 819 3859 ιιι
844 3810 1274 3877 sapientissimus
1313 3812 1648 3884 Evangelista
1686 3830 2011 3871 commemo-

433 3908 535 3948 rat.
584 3895 638 3949 In
677 3902 1140 3954 consummatione
1183 3914 1362 3956 autent
1411 3907 1733 3975 temporum,
1789 3919 2011 3977 prnptcr

432 4003 533 4044 nos
561 3989 826 4049 homines.
862 4001 915 4045 et
955 4004 1178 4060 propter
1217 4006 1456 4048 nostram
1495 3999 1718 4053 salutem
1760 4000 2011 4055 incarna-

434 4093 546 4133 tnm
578 4090 679 4147 est,
724 4091 777 4136 ct
809 4083 970 4136 homo
1009 4095 1093 4138 cst
1140 4086 1375 4153 factum;
1425 4105 1527 4141 non
1573 4091 1825 4146 amittens
1868 4094 2009 4157 quod

432 4182 574 4236 erat,
605 4173 697 4226 sed
733 4172 972 4226 retinens
1018 4174 1485 4231 incunvertibilem
1531 4193 1681 4232 suam
1735 4192 2007 4245 naturain,

434 4272 489 4317 et
518 4277 731 4330 semper
754 4264 804 4314 in
833 4264 1135 4319 divinitatis
1165 4267 1381 4337 fastigio
1412 4269 1763 4334 collocatam;
1793 4272 2010 4327 subiens

2113 2002 2206 2056 lilii
2264 2017 2593 2072 paganorum
2646 2000 2905 2057 Ecclesia:
2950 2003 3202 2069 dogmata
3245 1998 3542 2061 derident,
3596 2010 3697 2048 an-

2110 2095 2317 2149 dientes
2345 2108 2410 2147 ex
2437 2094 2660 2149 muliere
2687 2091 2855 2148 Deum
2899 2106 3019 2147 esse
3059 2092 3435 2161 pregeniium;
3481 2090 3579 2144 sed
3618 2088 3694 2141 illi

2110 2186 2324 2250 quidem
2359 2201 2471 2241 sum
2499 2186 2786 2242 detttetttia!
2824 2186 3061 2241 exedeut
3102 2184 3339 2246 fructus,
3375 2193 3430 2236 et
3470 2182 3697 2237 audient

2108 2294 2139 2333 a
2195 2280 2349 2336 nobis
2380 2298 2394 2334 :
2429 2299 2449 2331 ι
2479 2279 2690 2334 Stultus
2741 2279 2903 2333 stulte
2954 2279 3211 2347 loquitur,
3270 2287 3325 2330 et
3378 2290 3476 2329 cor
3524 2275 3697 2342 ipsius

2109 2387 2243 2426 vana
2274 2372 2601 2442 intelliget.)
2645 2370 2826 2425 Nostri
2864 2371 3009 2424 enim
3064 2370 3307 2442 mysterii
3354 2368 3521 2430 ratio,
3564 2366 3695 2421 licet

2106 2462 2307 2521 Judais
2348 2466 2421 2519 sit
2457 2463 2793 2528 scandalum,
2838 2464 3089 2533 gentibus
3123 2471 3303 2516 autem
3342 2460 3580 2516 stultitia
3607 2461 3690 2527 “;

2108 2556 2262 2611 nobis
2291 2564 2492 2622 tamen,
2538 2556 2683 2625 quod
2717 2556 2942 2620 scimus,
2967 2569 3096 2609 vere
3132 2564 3219 2609 est
3260 2552 3611 2617 admirabile,
3638 2562 3695 2606 et

2106 2645 2365 2711 salutare,
2396 2655 2451 2699 et
2484 2645 2861 2714 dignissimum
2889 2644 3033 2699 credi
3067 2662 3080 2697 :
3110 2653 3165 2699 et
3204 2644 3249 2698 si
3281 2652 3426 2699 esset
3468 2642 3696 2695 omnino

2106 2736 2415 2805 quisquam,
2444 2736 2533 2804 qui
2572 2736 2751 2790 dicere
2789 2736 3034 2801 amleret,
3079 2738 3220 2789 hanc
3251 2750 3477 2789 carnem
3519 2744 3691 2788 terre-

2107 2842 2229 2881 nam
2268 2828 2421 2881 nudae
2469 2828 2765 2882 divinitatis
2808 2827 2975 2882 fuisse
3028 2827 3367 2897 genitricem,
3424 2839 3480 2880 et
3524 2842 3590 2881 ex
3628 2842 3691 2881 ea

2106 2928 2352 2975 creatura
2399 2919 2546 2973 omni
2587 2918 2919 2987 superiorem
2974 2928 3150 2970 natam
3202 2916 3371 2971 fuisse
3413 2929 3689 2982 naturam,

2109 3009 2317 3063 insania
2352 3010 2401 3062 id
2441 3022 2588 3064 esset
2618 3020 2671 3064 et
2717 3009 2889 3062 l‘nror.
2930 3007 3115 3077 Neque
3148 3009 3291 3062 cnim
3341 3024 3411 3061 ex
3448 3021 3594 3062 terra
3614 3011 3692 3063 di-

2114 3101 2234 3153 vina
2261 3111 2343 3154 est
2374 3099 2516 3154 facta
2542 3110 2769 3163 natura;
2809 3115 2909 3154 nec
2946 3100 3295 3169 corruptibile
3328 3101 3694 3170 incorruptiu-

2111 3192 2196 3246 ttis
2230 3193 2377 3245 radix
2435 3207 2670 3261 unquam
2720 3190 2853 3255 ﬁet;
2898 3206 2999 3245 nec
3042 3178 3355 3245 mortalitas
3401 3194 3576 3258 pariet
3613 3192 3692 3245 vi-

2113 3290 2220 3336 tant
2250 3298 2264 3347 ;
2299 3296 2398 3336 nec
2429 3281 2675 3347 corporis
2706 3279 3003 3333 tractabilis
3053 3281 3392 3350 incorporale
3442 3280 3535 3335 lict
3562 3297 3687 3350 ger-

2112 3389 2271 3437 men;
2305 3388 2404 3427 nee
2447 3374 2746 3428 iucreatum
2784 3388 2812 3425 a
2862 3385 3047 3427 creato
3082 3383 3367 3439 nascetur;
3411 3388 3511 3445 nec
3545 3374 3686 3442 quod

2112 3465 2317 3532 absque
2346 3463 2518 3527 initio,
2554 3464 2629 3527 ah,
2646 3478 2711 3517 eo
2735 3464 2877 3533 quod
2912 3464 3071 3517 habet
3098 3463 3329 3517 initium.

2186 3555 2381 3609 Verum
2426 3555 2686 3623 quaniam
2739 3554 2833 3609 Dei
2878 3554 3110 3609 Verbum
3149 3555 3305 3623 juxta
3353 3572 3453 3611 nos
3492 3558 3690 3612 factum

2110 3660 2230 3699 esse
2259 3644 2613 3711 aﬂirmamns,
2647 3654 2699 3700 ct
2729 3646 2931 3700 nostris
2960 3648 3279 3715 corporibus
3307 3663 3504 3717 corpus
3540 3665 3690 3704 sum-

2115 3737 2289 3805 psisse
2346 3736 2645 3801 consimile,
2700 3738 2863 3805 idque
2912 3736 3013 3790 sibi
3067 3739 3347 3793 verissime
3396 3742 3688 3803 adnuasse.

2113 3841 2311 3881 arcana
2352 3828 2814 3898 incuarrabilique
2847 3832 3077 3895 ratione,
3109 3841 3159 3884 et
3187 3832 3268 3885 sic
3300 3832 3574 3887 hominem
3613 3833 3685 3886 fa:

2110 3928 2258 3970 ctum
2290 3918 2584 3971 carnaliter
2610 3930 2793 3974 natum
2824 3936 2967 3986 esse,
2998 3923 3126 3991 quid
3152 3923 3443 3977 absurdum
3476 3936 3581 3989 est,
3611 3926 3691 3979 vel

2114 4010 2257 4078 quod
2302 4010 2453 4065 credi
2500 4026 2605 4065 non
2653 4011 2879 4068 debeat?
2919 4016 3053 4070 Cum
3105 4021 3403 4086 pra-scrtim
3457 4021 3692 4077 hominis

2114 4101 2315 4166 anima,
2350 4110 2407 4154 ut
2435 4102 2735 4172 saepissime
2760 4105 3018 4172 diximus,
3056 4124 3178 4162 cum
3206 4110 3276 4163 sit
3320 4121 3526 4165 natura:
3557 4113 3694 4167 alie-

2112 4194 2227 4248 rius
2252 4206 2445 4263 prmter
2472 4210 2690 4265 corpus,
2722 4210 2976 4253 nascatur
3009 4210 3187 4255 tamen
3233 4218 3353 4256 cum
3391 4204 3530 4272 ipso,
3568 4221 3690 4259 cum

2113 4288 2183 4339 sit
2231 4286 2277 4340 ei
2325 4288 2580 4349 adunata,
2634 4304 2732 4342 nec
2774 4289 3061 4359 quisquam
3102 4292 3398 4348 arbitretur
3437 4306 3689 4349 naturam

438 4367 618 4408 tamen
651 4364 870 4423 propter
900 4371 996 4409 nos
1031 4358 2007 4429 dispenSatm-ie.exinanitatem;ncc

2114 4380 2355 4446 corporis
2390 4382 2585 4433 animm
2632 4381 2842 4437 initium
2893 4386 3136 4452 pmbere
3177 4390 3532 4456 substantia;
3594 4395 3688 4447 sed

434 4446 767 4501 inhonoraus
818 4446 913 4518 [id
964 4460 1071 4511 est,
1122 4467 1224 4505 non
1276 4451 1618 4525 despiciens]
1673 4456 2005 4522 pauperiem,

430 4552 550 4605 qna-
598 4536 843 4590 humana:
898 4548 1101 4593 natura:
1132 4543 1383 4594 convenit
1428 4560 1441 4594 :
1492 4558 1612 4596 nam
1651 4562 1668 4593 ι
1700 4560 1822 4598 cum
1867 4556 2007 4600 esset

430 4626 601 4687 dives,
631 4642 831 4695 pauper
856 4639 937 4682 est
971 4628 1166 4692 factus,
1199 4630 1338 4683 sicut
1366 4634 1625 4701 scriptum
1661 4643 1745 4687 est
1775 4653 1787 4687 :
1821 4645 1879 4688 ut
1909 4650 2008 4689 nos

432 4726 745 4784 paupertate
798 4718 915 4785 ejus
955 4719 1147 4774 divites
1196 4735 1438 4775 essemus
1490 4725 1528 4775 ⁵.
1568 4742 1588 4775 ο
1653 4723 1873 4777 Factum
1927 4736 2009 4781 est

433 4809 596 4878 igitur
634 4808 816 4868 homo,
849 4818 903 4862 et
932 4812 1333 4879 generationem
1360 4829 1424 4866 ex
1453 4814 1675 4869 muliere
1694 4831 1910 4883 passum
1930 4816 2009 4870 di-

431 4897 589 4950 citur.
626 4896 789 4966 Igitur
816 4910 1097 4967 propterea
1124 4902 1265 4968 quod
1312 4918 1377 4956 ex
1411 4914 1593 4957 sancta
1634 4905 1850 4974 Virgine
1886 4924 2009 4963 vere

430 4990 531 5043 sibi
555 4992 845 5042 adunatum
870 5006 1063 5059 corpus
1091 4994 1399 5061 acceperit;
1437 4996 1557 5050 inde
1596 4999 1855 5051 θεοτὸκον
1887 5014 2007 5054 esse

431 5078 661 5132 dicimus
705 5077 975 5149 Virginem
1020 5092 1287 5145 sanctam,
1328 5084 1451 5151 quia
1500 5086 1548 5137 id
1598 5088 1851 5153 humane,
1897 5090 2013 5144 sive

430 5170 727 5224 secundum
754 5186 970 5223 carnem
1005 5174 1234 5240 peperit,
1265 5173 1389 5227 licet
1416 5176 1638 5231 haberet
1661 5190 1785 5233 aute
1814 5182 2009 5235 szecula

431 5266 833 5330 generationem
866 5281 929 5319 ex
959 5263 1138 5318 Patre.

502 5350 722 5419 Opinari
768 5365 945 5408 autem
1000 5356 1286 5409 nonnullos
1332 5355 1568 5411 Verbum
1619 5359 1743 5413 hinc
1796 5362 2007 5416 inititmt

434 5442 603 5497 fuisse
636 5447 909 5511 sortitum,
956 5463 1076 5501 cum
1123 5448 1284 5503 homo
1320 5450 1390 5503 sit
1442 5450 1665 5514 factum,
1720 5454 2009 5521 impietatis

433 5545 516 5587 est
560 5535 865 5606 iurorisque
915 5538 1305 5604 plenissimum.
1363 5541 1466 5595 Eos
1513 5545 1709 5597 etenim
1754 5546 2009 5615 insipien-

436 5626 674 5682 tissitnos
696 5643 835 5693 esse,
863 5632 1179 5685 monstravit
1211 5635 1321 5701 ipse
1345 5635 1590 5689 Salvator
1612 5638 1676 5689 de
1698 5655 1756 5692 se
1784 5639 1967 5696 dicens
1993 5660 2006 5696 :

502 5787 522 5817 '
557 5786 719 5841 llebr.
767 5806 847 5845 ιιι,
895 5793 941 5842 l.

1020 5792 1038 5819 ⁸
1077 5792 1251 5845 Gatlal.
1290 5811 1358 5853 lt“,
1402 5797 1451 5849 6.

444 5850 480 5880 ’³
513 5856 669 5911 Junii.
716 5878 752 5921 ι,
784 5859 868 5914 50.

950 5862 989 5891 ³³
1024 5859 1173 5914 Junii.
1212 5881 1257 5924 λ,
1292 5867 1374 5918 ζξῦλ
1459 5868 1546 5920 ’⁵1
1588 5868 1710 5924 (Lor.
1748 5887 1784 5933 l,
1813 5872 1881 5925 ‘35

2111 4468 2351 4523 immittit
2382 4471 2595 4537 quidem
2628 4472 2795 4540 ipsam
2828 4473 3276 4532 inmstimabiliter
3309 4481 3447 4535 Deus
3482 4483 3534 4535 in
3569 4500 3691 4537 cor-

2111 4577 2229 4629 pus,
2262 4573 2310 4614 et
2359 4577 2479 4613 cum
2534 4562 2647 4629 ipso
2686 4565 2851 4618 etiam
2898 4568 3176 4621 nascitur:
3208 4586 3369 4624 unum
3403 4581 3580 4626 tamen
3626 4594 3691 4629 ex

2113 4661 2339 4718 utroque
2370 4650 2568 4703 animal
2598 4653 2907 4716 delinitttus,
2942 4656 3211 4711 hominem
3257 4660 3483 4714 scilicet.
3525 4661 3691 4733 Igitur

2116 4741 2349 4795 Verbum
2392 4743 2608 4809 quidem
2659 4744 2799 4800 Deus
2848 4757 2989 4811 erat,
3038 4748 3239 4803 factum
3272 4762 3357 4805 est
3405 4766 3588 4806 autent
3638 4766 3693 4807 et

2118 4832 2299 4891 homo,
2336 4840 2386 4883 et
2409 4830 2534 4899 quia
2566 4842 2746 4885 natum
2772 4844 2851 4887 est
2883 4837 3178 4890 secundum
3204 4852 3442 4899 carnem,
3474 4851 3693 4907 propter

2118 4923 2509 4976 immanitatem
2556 4925 2925 4979 necessarium
2969 4939 3075 4990 est,
3126 4942 3184 4982 ιιι
3219 4945 3339 4997 qme
3383 4931 3557 4998 ipsum
3596 4948 3692 4997 pe-

2114 5017 2274 5085 perit,
2307 5020 2379 5068 sit
2408 5016 2700 5079 Θεοτόκοςε
2737 5035 2859 5072 nam
2884 5019 2927 5073 si
2958 5035 3061 5073 non
3094 5023 3298 5090 peperit
3328 5022 3516 5089 Deum,
3544 5038 3693 5079 certe

2119 5122 2217 5159 nec
2256 5107 2465 5159 dicetur
2513 5106 2673 5171 Dens,
2708 5108 2800 5176 qui
2834 5119 2919 5163 est
2959 5111 3025 5163 ab
3066 5111 3179 5178 ipsa
3227 5115 3576 5181 progenitus;
3609 5117 3691 5168 sin

2116 5212 2245 5249 vero
2280 5197 2443 5250 Deum
2479 5198 2650 5264 ipsum
2692 5199 2888 5253 divime
2922 5199 3219 5269 Scriptura:
3252 5204 3552 5266 nominant,
3600 5223 3692 5274 ιδε-

2119 5288 2253 5353 perit
2287 5287 2400 5356 ipsa
2450 5287 2614 5341 Deum
2660 5288 2930 5346 hominem
2976 5292 3197 5356 factum,
3229 5295 3491 5363 siquidem
3531 5298 3693 5351 homo

2116 5378 2273 5431 aliter
2314 5379 2428 5433 lieri
2477 5395 2581 5433 non
2631 5392 2831 5448 posset,
2886 5383 2987 5437 nisi
3040 5398 3133 5452 per
3180 5388 3583 5454 generationem
3626 5409 3687 5444 ex

2118 5469 2361 5522 muliere.
2397 5470 2677 5536 Quomodo
2714 5474 2878 5544 igitur
2907 5490 3013 5527 non
3042 5475 3133 5538 sit,
3173 5493 3293 5545 qua:
3326 5479 3497 5547 ipsum
3525 5498 3689 5548 popv—

2117 5559 2527 5626 rit,‘_Gso-:6xog?
2553 5563 2703 5629 Quod
2726 5576 2905 5619 autem
2944 5567 3082 5621 Deus
3111 5568 3181 5621 sit
3208 5585 3385 5634 verus,
3414 5574 3505 5641 qui
3532 5584 3691 5628 natus

2118 5649 2241 5703 inde
2266 5660 2368 5713 est,
2403 5667 2464 5705 ex
2498 5653 2677 5707 divina
2721 5654 3001 5723 Scriptura
3032 5656 3311 5712 discimus.

1531 5799 1547 5887 ξ
1588 5797 1739 5887 domi.
1787 5816 1891 5887 xvi.
1928 5802 1979 5855 7.
2057 5807 2075 5833 '
2111 5807 2265 5863 Jour.
2307 5828 2339 5877 l,
2381 5813 2426 5865 l.
2503 5814 2522 5835 ”
2556 5812 2592 5867 ll
2635 5814 2753 5867 Cor.
2792 5831 2906 5880 tm,
2951 5816 3001 5871 0.
3085 5820 3201 5851 ²⁰·¹¹
3234 5817 3388 5877 Joau.
3434 5838 3553 5887 vm,
3592 5823 3682 5878 58.
