3996 6460
245 462 377 517 MOI

827 579 979 636 CAP.
1021 578 1066 633 Χ
1079 578 1119 633 Χ
1131 579 1236 635 VII.

775 693 931 749 Dicta
971 695 1035 749 de
1064 693 1300 753 Christo.

323 825 340 860 ι
372 808 510 863 Ecce
556 808 707 879 virgo
750 809 803 863 in
838 818 993 864 utero
1035 810 1289 880 accipiet,
1329 822 1384 864 et
1416 807 1589 877 pariet
1630 806 1825 873 lilium,

236 910 291 953 ct
341 901 613 956 vocabunt
654 917 849 956 nomen
881 901 1000 971 ejus
1042 902 1354 956 Emmanuel
1384 903 1450 955 ¹⁸.
1488 920 1506 953 ι
1543 901 1826 968 Quomodo

234 1005 374 1060 ergo
406 992 457 1044 id
488 992 630 1060 quod
667 1003 853 1046 natum
887 1007 973 1047 εει
1009 1007 1075 1047 ex
1107 1004 1293 1047 sancta
1332 992 1571 1063 Virgine,
1608 991 1825 1044 Emma-

237 1084 365 1136 nuel
409 1085 739 1151 nominatur,
781 1100 903 1140 cum
950 1084 1289 1151 Emmanuel,
1320 1095 1377 1138 ut
1424 1094 1550 1138 ante
1579 1084 1713 1145 dixi,
1750 1082 1824 1137 si-

235 1174 465 1242 gniticet
514 1176 567 1231 in
620 1189 806 1232 nostra
856 1187 1047 1231 natura
1099 1187 1322 1247 propter
1368 1193 1594 1233 carnem
1656 1176 1823 1231 fuisse

236 1264 502 1333 Verbum,
549 1269 691 1337 quod
743 1282 827 1324 est
874 1268 1016 1325 Deus
1062 1286 1221 1326 verus
1258 1271 1325 1325 de
1373 1274 1480 1325 Deo
1513 1268 1683 1325 vero?
1714 1267 1820 1324 Sed

234 1359 416 1416 factus
452 1369 535 1415 est
566 1361 881 1419 Emmanuel
914 1381 927 1418 :
958 1364 1262 1419 exiuanivit
1301 1364 1449 1418 enim
1476 1379 1537 1418 se
1564 1362 1629 1428 ",
1658 1376 1821 1432 gene-

233 1452 502 1506 rationem
534 1462 778 1508 nostram
809 1465 866 1509 et
904 1454 1139 1510 similem
1168 1470 1380 1524 passus,
1414 1471 1478 1509 ac
1508 1456 1588 1510 sic
1634 1454 1821 1509 nobis-

230 1560 361 1598 cum
411 1554 760 1601 conversatus
812 1556 915 1602 est.
958 1546 1100 1617 Ergo
1137 1554 1193 1601 et
1236 1547 1377 1601 Deus
1429 1547 1481 1601 in
1528 1562 1724 1611 carne,
1764 1556 1820 1601 et

226 1632 499 1699 Θιατόκος
523 1651 649 1691 vere
675 1647 760 1691 est
800 1653 919 1707 qua:
947 1654 1070 1693 eum
1102 1638 1418 1705 carnaliter,
1464 1640 1580 1694 sive
1618 1653 1816 1695 secun-

228 1726 365 1784 dum
396 1743 616 1784 carnem
657 1732 959 1802 generavit.

794 1843 948 1899 CAP.
1006 1841 1245 1899 XXVIII.

926 1953 1109 2011 Aliud.

308 2084 329 2118 α
357 2066 629 2135 Quoniam
669 2081 862 2123 oniues
901 2066 1098 2124 stolam
1145 2068 1269 2123 dolo
1297 2079 1709 2142 congregatam,
1759 2081 1814 2126 et

220 2161 610 2215 vestimentum
648 2176 771 2215 cum
820 2164 1246 2219 commutatione
1293 2176 1579 2234 reponent,
1618 2174 1674 2219 et
1721 2180 1813 2218 vo-

219 2251 361 2317 lent,
389 2254 435 2307 si
479 2251 709 2307 fuissent
750 2252 839 2306 isti
890 2254 1191 2321 combusti;
1242 2256 1501 2325 quoniam
1549 2257 1809 2327 parvulus

218 2353 386 2399 natos
432 2353 518 2398 est
570 2342 747 2407 nobis,
787 2354 841 2399 et
891 2344 1034 2399 (ilius
1082 2344 1244 2401 datus
1285 2356 1369 2401 est
1423 2348 1603 2415 nobis,
1653 2350 1811 2419 cujus

217 2436 561 2507 principatus
612 2437 789 2492 factus
821 2437 991 2492 estin
1039 2437 1268 2493 humero
1310 2439 1448 2508 ejus,
1494 2450 1549 2493 et
1584 2452 1811 2494 vocatur

218 2544 419 2585 nomen
446 2528 562 2597 ejus
586 2531 765 2600 magni
794 2529 1009 2585 consilii
1042 2530 1268 2585 nuntius
1293 2532 1358 2585 ιτ.
1391 2549 1410 2583 ι
1445 2531 1638 2596 Audis,
1663 2533 1807 2603 quod

217 2635 359 2689 puer
392 2621 701 2677 nominatus
735 2621 828 2687 sit,
859 2621 1116 2693 quodque
1146 2624 1557 2693 generationem
1591 2626 1661 2681 sit
1701 2641 1807 2681 uo-

212 2721 347 2766 stra:
393 2712 626 2768 similem
670 2729 881 2783 passus.
931 2715 1004 2769 At
1037 2727 1160 2768 eum
1198 2730 1425 2785 puerum
1466 2716 1666 2771 coslum
1711 2732 1807 2787 per

213 2804 430 2859 stellam
464 2805 822 2860 clarissimam
850 2806 1142 2874 indicavit;
1173 2809 1312 2879 magi
1342 2810 1712 2864 adoravcrunt
1736 2827 1803 2865 cx

213 2895 425 2949 ultimis
461 2905 619 2950 terra:
642 2897 905 2953 limitibus
941 2899 1336 2967 adventantes;
1364 2902 1539 2972 angeli
1572 2902 1803 2971 pastori-

211 2986 318 3040 bus
344 2986 815 3057 evangelizabaut,
857 2988 1195 3043 Salvatorem
1229 3008 1349 3046 esse
1390 3002 1572 3046 natum
1612 2994 1800 3048 dicen-

212 3087 324 3141 tes,
356 3089 412 3133 et
438 3093 625 3147 pacem
660 3094 759 3135 nec
790 3096 896 3135 non
931 3082 1096 3137 etiam
1128 3083 1303 3139 Patris
1333 3086 1529 3139 bonam
1554 3090 1803 3141 volunta-

211 3179 323 3224 tem
361 3173 792 3227 annuntiantes:
835 3193 854 3226 ι
888 3173 987 3229 Est
1020 3179 1195 3245 magni
1235 3180 1447 3233 consilii
1495 3181 1742 3235 nuntius.
1775 3200 1795 3234 ι

1165 465 1457 521 SCIIOIJA
1498 465 1585 520 DE
1622 462 2139 520 INCABNATIONE
2175 460 2548 520 UNIGENITI.

1855 584 1910 642 Δ
1936 589 2019 635 est
2052 579 2397 637 benedictum
2433 578 2487 633 in
2533 587 2698 633 terra.
2732 574 2976 632 Observa
3006 581 3187 627 autem
3222 571 3369 641 quod
3403 586 3531 640 pro-

3394 453 3412 507 I
3430 451 3533 507 502

1932 671 2107 742 priam
2142 673 2386 727 nominet
2419 681 2678 736 matrem,
2719 683 2841 738 quae
2869 682 3028 727 suum
3060 664 3273 736 peperit
3301 677 3526 731 corpus.

1930 763 2074 833 Ergo
2116 764 2161 819 si
2207 763 2379 819 Deum
2417 777 2606 817 verum
2651 775 2716 816 se
2753 774 2877 815 esse
2924 759 3231 828 cognoscit,
3268 756 3358 811 illa
3405 770 3529 825 qua:

1928 874 2055 915 eum
2084 858 2381 914 carnaliter
2410 858 2643 927 peperit,
2672 854 2939 916 Θεοτόκος
2966 852 3187 917 dicitur,
3220 859 3277 905 et
3304 848 3526 920 quidem

1931 952 2228 1007 recte:sin
2277 964 2406 1005 vero
2457 964 2563 1004 non
2607 956 2692 1003 est
2747 947 2915 1012 Deus,
2950 945 3001 999 id
3053 945 3199 1014 quod
3242 942 3527 1005 audacter,

1930 1043 2041 1097 imo
2062 1042 2245 1111 potius
2267 1039 2537 1095 scelerate
2560 1036 2804 1094 nonnulli
2827 1036 3093 1099 sentiunt,
3120 1034 3328 1104 privari
3358 1046 3525 1100 opor-

1930 1144 2009 1189 tet
2044 1135 2215 1203 ipsam
2256 1131 2534 1202 Virginem
2565 1141 2812 1190 sanctatu
2846 1129 2951 1185 hoc
2996 1128 3217 1185 nomine
3248 1141 3358 1197 quo
3389 1124 3525 1180 Θεο·

1927 1226 2087 1289 τόκος
2118 1239 2245 1281 esse
2294 1225 2527 1279 dicatur.

2524 1353 2677 1412 CAP.
2719 1350 2919 1409 XXIX.

1926 1493 2082 1561 Quod
2113 1493 2255 1549 Deus
2286 1493 2594 1547 nominatur
2614 1500 2661 1544 et
2690 1491 2850 1544 homo
2882 1502 3146 1557 apparens
3180 1482 3525 1555 Unigenitus.

1995 1629 2253 1685 Salomon
2304 1628 2381 1681 ait
2435 1640 2603 1680 orans
2631 1666 2646 1680 .
2686 1644 2704 1676 ι
2741 1623 2808 1679 Et
2854 1636 3037 1688 nunc,
3095 1619 3328 1675 Domine
3378 1618 3522 1674 Deus

1923 1721 2111 1787 Israel,
2147 1720 2408 1776 credibile
2442 1719 2536 1773 liat
2569 1717 2795 1771 verbum
2826 1726 3003 1778 tuum,
3045 1715 3191 1784 quod
3221 1713 3435 1768 locutus
3462 1729 3523 1767 es

1921 1830 2090 1884 puero
2120 1823 2213 1871 tuo
2245 1812 2435 1867 David.
2482 1811 2697 1879 Ergone
2718 1808 2982 1865 credibile
3017 1816 3100 1863 est
3124 1806 3271 1878 quod
3304 1806 3523 1862 habita-

1846 1932 1888 1988 Β
1920 1907 1997 1961 vit
2023 1906 2168 1961 Deus
2188 1920 2310 1959 cum
2343 1902 2660 1957 hominibus
2695 1901 2746 1955 in
2777 1909 2921 1955 lerra
2938 1897 3027 1951 “1
3055 1916 3074 1949 ι
3106 1896 3521 1963 Animadverte.

1917 1998 2061 2069 quod
2093 1997 2322 2051 miretur
2350 1994 2514 2050 Verbi
2548 1991 2986 2047 incarnationem
3016 2006 3031 2044 :
3069 1990 3338 2044 habitavit
3363 2005 3521 2043 nam-

1914 2104 2022 2159 que
2053 2104 2176 2144 cum
2206 2088 2519 2143 hominibus
2543 2085 2595 2139 in
2625 2094 2792 2149 terra,
2821 2098 2945 2137 cum
2973 2083 3137 2137 homo
3167 2092 3254 2136 est
3284 2079 3518 2145 factum,

1916 2200 2003 2240 res
2035 2182 2180 2237 enim
2206 2180 2545 2237 incredibilis
2588 2177 2896 2232 videbatur.
2934 2173 3196 2245 Alioquin
3242 2172 3518 2242 quomodo

1922 2276 1975 2330 id
2012 2274 2345 2345 principuum
2378 2270 2637 2340 quiddam
2676 2270 2767 2336 sit,
2813 2267 2899 2322 vel
2936 2266 3210 2337 quomodo
3258 2266 3313 2319 id
3348 2264 3519 2319 mira-

1916 2368 2063 2421 tione
2095 2354 2340 2435 digmnn,
2377 2378 2501 2417 cum
2541 2361 2683 2416 Deus
2722 2362 2792 2416 ab
2832 2361 2939 2423 his,
2974 2374 3097 2431 qua:
3145 2358 3261 2427 ipse
3291 2372 3519 2412 creave-

1912 2460 2004 2523 rit,
2047 2474 2155 2513 non
2200 2454 2467 2519 discedat,
2503 2454 2694 2509 fovens
2725 2468 2789 2507 ea
2827 2452 3063 2515 scilicet,
3092 2460 3148 2505 et
3183 2465 3247 2503 ea
3296 2448 3518 2517 quidem

1912 2551 2223 2613 continens,
2259 2562 2380 2618 qua:
2409 2546 2522 2617 jam
2561 2546 2704 2601 facta
2749 2555 2916 2607 sunt;
2951 2558 3016 2598 ea
3046 2557 3180 2597 vero
3223 2556 3345 2613 quae
3377 2556 3518 2595 non-

1910 2644 2039 2697 dum
2088 2640 2231 2695 facta
2284 2650 2445 2703 sunt,
2495 2640 2731 2701 creatis!
2767 2635 3091 2692 Miraculum
3141 2646 3323 2689 autem
3380 2648 3513 2688 vero

1910 2734 2268 2806 prrccipuum,
2306 2731 2449 2802 quod
2477 2731 2529 2785 in
2567 2740 2711 2785 terra
2742 2745 2869 2786 cum
2899 2728 3218 2785 hominibus
3249 2727 3519 2781 habitarit

1910 2830 2075 2885 homo
2122 2829 2301 2881 factus
2352 2826 2514 2890 Deus,
2566 2825 2719 2894 juxta
2764 2822 3163 2894 promissioncs
3201 2819 3313 2889 jam
3355 2829 3515 2874 antea

1908 2921 2063 2975 datas
2102 2919 2291 2974 divino
2327 2918 2531 2982 David;
2568 2918 2838 2987 scriptum
2883 2924 2971 2971 est
3011 2914 3161 2968 enim
3199 2932 3212 2967 :
3246 2932 3265 2964 ι
3301 2910 3519 2967 .Iuravit

1907 3010 2172 3066 Dominus
2234 3009 2401 3063 David
2461 3009 2790 3074 veritatem,
2864 3017 2920 3061 et
2981 3021 3088 3060 non
3156 3004 3517 3059 Irustrabitur

1905 3118 2027 3158 eam
2050 3102 2115 3155 ".
2152 3121 2171 3153 ι
2209 3098 2351 3167 Quid
2397 3111 2582 3153 autem
2618 3097 2866 3167 juravit?
2900 3116 2919 3149 ι
2956 3096 3030 3151 De
3086 3097 3267 3151 fructu
3298 3094 3512 3149 ventris

1910 3199 1985 3251 tui
2046 3210 2242 3266 ponam
2289 3209 2458 3263 super
2502 3193 2687 3248 sedem
2747 3201 2897 3244 tuam
2921 3190 2989 3243 ".
3024 3208 3044 3241 ι
3100 3188 3167 3243 Et
3214 3204 3345 3242 vero
3394 3186 3509 3251 ille,

213 3259 584 3315 Mauifestavit
630 3265 833 3318 etenim
887 3267 1044 3320 nobis
1085 3266 1264 3323 Patris
1306 3269 1659 3336 voluntatem,
1711 3273 1796 3329 cui
1827 3279 1870 3337 C
1905 3259 2155 3357 quamvis
2187 3259 2535 3351 credidisset,
2573 3283 2718 3353 quod
2789 3297 3069 3351 nunquam
3115 3281 3349 3347 abneget
3387 3292 3513 3347 pro-

213 3370 233 3404 ι
268 3352 321 3406 in
356 3368 421 3407 eo
456 3353 782 3424 complacuit
810 3355 996 3412 orbem
1039 3359 1254 3414 salvare
1290 3370 1557 3415 terrarum
1582 3363 1650 3427 “‘,
1686 3384 1704 3415 ι
1744 3375 1799 3419 et

208 3461 308 3514 per
341 3449 516 3515 ipsmn
567 3458 623 3501 et
667 3448 721 3502 in
770 3450 887 3518 ipso
936 3452 1196 3504 mundum
1243 3452 1346 3505 sibi
1395 3455 1793 3510 reconciliare:

206 3538 429 3593 Christo
456 3538 601 3594 enim
634 3540 991 3607 reconciliati,
1029 3542 1136 3597 Deo
1161 3560 1349 3599 sumus
1373 3548 1708 3603 reconciliati
1732 3551 1796 3615 ’³,

211 3629 355 3683 Deus
385 3639 469 3684 est
510 3632 653 3684 enim
686 3646 813 3687 vere
849 3631 1017 3687 Filius
1068 3635 1159 3688 Dei
1190 3646 1242 3690 et
1282 3637 1478 3693 Patris.
1513 3639 1795 3704 Quodnam

210 3720 379 3787 igitur
420 3719 490 3774 sit
527 3721 704 3775 Patris
734 3723 1044 3791 consilium,
1077 3726 1235 3792 cujus
1268 3728 1425 3781 nobis
1457 3730 1618 3783 fuerit
1653 3747 1794 3784 nun-

210 3808 343 3876 titts,
385 3810 499 3880 ipse
531 3810 749 3866 docebit
797 3813 1027 3867 dicens:
1067 3833 1084 3866 ι
1120 3812 1194 3869 Ita
1227 3817 1375 3870 enini
1423 3818 1616 3873 dilexit
1655 3819 1796 3876 Deus

210 3898 496 3964 mundum,
549 3908 605 3952 ut
651 3896 849 3953 Filium
898 3918 1054 3955 suum
1108 3906 1445 3974 unigenitum
1496 3909 1673 3975 daret,
1739 3920 1797 3966 ut

205 3986 389 4041 omnis
422 3986 515 4056 qui
551 3988 727 4042 credit
765 3989 817 4043 in
853 3990 1048 4059 ipsum,
1078 4010 1182 4048 non
1214 4006 1425 4065 pereat,
1459 4002 1555 4053 sed
1600 4003 1797 4058 habeat

208 4078 374 4131 vitam
405 4081 750 4134 :eternam".
785 4102 803 4133 ι
832 4081 998 4138 Filius
1035 4096 1217 4141 autem
1250 4090 1560 4159 unigenitus
1596 4093 1685 4150 ille
1714 4106 1798 4151 est

206 4170 300 4239 qui
343 4180 430 4223 est
462 4185 528 4223 ex
563 4181 749 4226 sancta
778 4171 1002 4242 Virgine
1037 4188 1362 4245 procreatus
1394 4198 1408 4234 :
1444 4182 1618 4251 ipsum
1648 4186 1794 4241 enim

209 4259 449 4318 Verbum
472 4262 631 4317 homo
651 4263 874 4330 facttnn,
896 4269 1038 4337 quod
1060 4268 1159 4323 fuit
1182 4268 1323 4327 Deus
1341 4272 1393 4327 in
1418 4289 1607 4341 carne,
1636 4294 1697 4331 ac
1718 4280 1797 4332 sic

208 4355 443 4409 terrenis
477 4357 746 4424 apparuit.
788 4356 1031 4428 Denique
1060 4362 1275 4416 diccbat
1303 4383 1315 4418 :
1354 4384 1372 4416 ι
1403 4364 1506 4431 Qui
1538 4368 1713 4423 credit
1740 4369 1794 4424 in

207 4463 315 4513 me,
348 4448 509 4501 habet
531 4449 696 4502 vitam
729 4460 987 4505 mternam
1012 4454 1078 4508 ¹¹.
1115 4473 1134 4507 ι
1166 4454 1317 4521 Quod
1348 4473 1474 4512 vero
1499 4476 1595 4527 per
1620 4460 1793 4528 ipsum

204 4552 260 4594 et
293 4542 345 4593 in
379 4541 493 4609 ipso
522 4543 811 4596 credamus
836 4540 1006 4609 Patri,
1040 4548 1351 4617 explanavit
1380 4552 1602 4608 dicens:
1644 4573 1661 4606 ι
1693 4556 1793 4623 Qui

1907 3380 2225 3435 miSsiouem
2258 3381 2402 3435 Dens
2440 3376 2810 3446 omnipotens,
2851 3385 3029 3428 tamen
3074 3372 3251 3442 ipsum
3284 3386 3513 3442 genera-

1906 3472 2071 3528 tionis
2097 3472 2276 3527 locum
2313 3470 2584 3525 curiosius
2615 3468 2957 3538 inquirebat,
2994 3466 3226 3536 ideoque
3257 3464 3508 3518 dicebat:

1911 3586 1929 3618 ι
1962 3564 2017 3619 Si
2060 3564 2360 3619 ascendero
2411 3577 2576 3633 super
2623 3562 2823 3616 lectum
2874 3560 3029 3613 strati
3066 3557 3198 3624 mei,
3234 3557 3278 3611 si
3310 3556 3512 3611 dedero

1904 3671 2157 3710 somnum
2201 3653 2377 3707 oculis
2417 3652 2575 3716 meis,
2616 3661 2709 3704 aut
2755 3649 3029 3719 palpebris
3064 3648 3201 3702 meis
3239 3648 3511 3701 dormita-

1905 3748 2131 3809 tionem,
2165 3756 2261 3799 aut
2292 3744 2536 3813 requiem
2567 3744 2906 3813 temporibus
2949 3741 3109 3805 meis,
3147 3741 3325 3795 donec
3354 3741 3509 3794 inve-

1904 3839 2048 3892 niam
2083 3837 2259 3895 Iocum
2297 3836 2550 3901 Domino,
2590 3835 3003 3890 tabernaculum
3039 3834 3151 3889 Deo
3180 3832 3353 3889 Jacob
3375 3832 3446 3884 “.
3482 3850 3505 3884 ο

1905 3929 2111 3983 Deinde
2152 3944 2275 3983 cum
2323 3927 2373 3981 id
2402 3943 2623 3997 quoque
2674 3943 2770 3994 per
2812 3926 3067 3996 spiritum
3100 3926 3421 3995 reperisset,
3455 3935 3513 3979 et

1901 4021 2141 4077 carnalis
2184 4020 2554 4090 generationis
2596 4017 2874 4089 Unigeniti
2913 4018 3094 4073 locum
3132 4018 3505 4090 cognovisset,

1902 4114 2315 4183 evangelizabat
2384 4123 2440 4167 et
2501 4112 2719 4167 dicebat
2768 4130 2783 4168 :
2840 4130 2860 4165 ι
2904 4112 3225 4167 Audivimus
3272 4127 3393 4167 eam
3455 4116 3507 4169 in

1903 4206 2168 4275 Ephrata,
2200 4225 2218 4258 ι
2259 4207 2309 4259 id
2334 4216 2437 4271 est,
2474 4207 2524 4260 in
2560 4206 2879 4273 Bethleem;
2916 4225 2935 4257 ι
2964 4206 3272 4261 invenimus
3303 4223 3424 4263 eam
3455 4209 3507 4262 in

1900 4298 2109 4367 campis
2137 4299 2289 4353 silva:
2309 4300 2376 4353 ³³.
2415 4318 2433 4351 ι
2482 4299 2637 4367 Quod
2675 4314 2803 4354 vero
2829 4300 3019 4355 dicens
3041 4301 3301 4369 Ephrata,
3330 4303 3507 4371 signi-

1902 4390 2027 4445 ﬁcet
2075 4389 2400 4456 Bethleem,
2449 4393 2713 4461 propheta
2766 4391 3145 4460 comprobavit
3192 4411 3206 4446 :
3261 4414 3279 4445 ι
3312 4394 3378 4449 Et
3411 4407 3504 4459 tu,

1902 4480 2203 4544 Bethleem,
2232 4481 2424 4535 domus
2458 4482 2694 4551 Ephrata
2727 4482 2793 4536 ³ο.
2828 4501 2846 4535 ι
2886 4481 3128 4537 Observa
3158 4494 3341 4538 autem
3377 4500 3508 4554 quo-

1903 4573 2064 4626 modo
2100 4586 2250 4636 euut,
2287 4586 2447 4641 quem
2488 4574 2802 4630 crediderat
2828 4585 3075 4630 creatum
3098 4576 3255 4645 juxta
3309 4593 3410 4632 nos
3448 4579 3502 4632 in

204 4636 386 4689 credit
412 4636 466 4687 iu
508 4649 612 4699 me,
644 4651 748 4689 non
776 4638 951 4691 credit
982 4639 1034 4693 iu
1060 4655 1166 4705 me,
1202 4643 1295 4695 sed
1325 4642 1376 4695 in
1406 4659 1530 4699 eum
1563 4648 1652 4713 qui
1688 4648 1789 4701 mi-

1914 4665 2159 4734 Sphrata,
2212 4664 2379 4719 Deum
2424 4664 2593 4721 Jacnb
2647 4668 2909 4731 nominet,
2969 4668 3127 4737 cujus
3180 4669 3506 4725 iubabitatiu

202 4726 276 4779 sit
322 4740 406 4779 mc
428 4727 509 4792 ”;
541 4745 558 4779 ι
592 4737 646 4779 et
680 4746 692 4780 :
733 4746 750 4779 ι
784 4726 886 4795 Qui
915 4730 1048 4785 vidit
1080 4746 1187 4799 me,
1239 4735 1372 4789 vidit
1403 4751 1529 4789 eum
1561 4738 1651 4806 qui
1690 4742 1790 4793 mi-

200 4818 271 4871 sit
307 4834 393 4871 me
417 4819 483 4871 ³³.
516 4838 534 4870 ι

277 4927 297 4960 ι
328 4911 524 4964 Audite
569 4927 675 4975 me,
718 4911 928 4978 insulae,
975 4924 1029 4969 et
1079 4919 1361 4985 attendite,
1406 4932 1616 4991 gentes.
1665 4925 1794 4982 Post

203 5002 433 5057 multum
486 5006 745 5074 temporis
774 5008 961 5072 stabit,
996 5008 1127 5063 dicit
1170 5010 1467 5081 Dominus;
1516 5031 1581 5071 ex
1635 5030 1792 5077 utero

202 5096 397 5149 matris
442 5100 716 5152 vocabunt
762 5115 954 5154 nomen
995 5116 1173 5155 meum
1199 5103 1265 5158 ”.
1302 5123 1321 5157 ι
1369 5107 1503 5163 (lum
1552 5108 1787 5169 Verbum

200 5188 271 5241 sit
299 5185 467 5249 Deus,
493 5204 599 5242 non
627 5189 899 5259 ignoravit
920 5196 1064 5261 quod
1090 5197 1495 5263 generationem
1528 5203 1787 5269 patietur,

199 5293 267 5333 ex
302 5280 535 5333 muliere
575 5281 915 5337 iucaruatum
949 5296 1171 5353 propter
1204 5303 1302 5343 nos
1354 5288 1572 5347 Sciebat
1608 5307 1788 5352 autem

200 5372 347 5439 quod
395 5372 681 5427 vocabitur
733 5374 986 5431 Christus
1030 5377 1187 5433 Iesus
1236 5396 1265 5434 a
1316 5388 1428 5438 ideo
1484 5398 1537 5440 et
1592 5384 1788 5453 Patre;

199 5462 457 5519 omnibus
501 5465 661 5522 nobis
695 5482 889 5523 novum
918 5468 1019 5525 lilii
1054 5487 1251 5526 nomen
1286 5478 1606 5546 przedicans,
1644 5486 1788 5551 quod

272 5688 316 5760 ¹ί⁸
353 5687 454 5743 lsa.
502 5702 596 5760 \*_ll,
632 5688 715 5751 lt,
742 5688 894 5760 juxta
935 5688 1124 5745 Matth.
1160 5706 1215 5748 et
1252 5695 1437 5760 Cyrilli
1468 5699 1775 5760 lectionem.

201 5757 411 5831 Colossi.
452 5775 497 5831 ι,
523 5758 610 5812 ‘20.
696 5758 924 5831 "Itoni.
954 5778 1004 5813 ν.
1036 5765 1121 5817 10.
1201 5768 1245 5797 ²¹³
1284 5757 1441 5823 .Ioan.
1470 5788 1550 5830 ιιι.
1588 5776 1671 5831 lli.

206 5901 246 5930 "
277 5904 408 5957 tbtd.
444 5902 501 5957 6.

583 5901 624 5931 ³⁷⁸
654 5900 812 5959 Muli.
850 5918 899 5963 γ,
934 5905 987 5957 ‘2.
1069 5909 1109 5935 ·¹¹
1152 5900 1292 5963 Ι¹δίι1ξ
1341 5900 1481 5977 λιιι,
1525 5900 1605 5969 id.

1851 5711 1893 5783 ξθ
1923 5711 2153 5783 Philipp.
2202 5733 2260 5780 tt,
2297 5719 2348 5772 7.

490 5778 610 5843 ,zv;
698 5778 1133 5843 ','J§9m_-_v-__w_-_
1284 5778 1441 5823 tuan.
1470 5788 1550 5830 ιιι.
1588 5778 1671 5831 to.
1752 5780 1793 5810 ἰ
1836 5778 1993 5837 Joan.
2044 5778 2235 5843 ςἰζιῖ.

205 5844 345 5918 Has,
376 5829 863 5918 1],..juxtt‘tul3IX.
898 5833 965 5918 "ﬂ
1005 5830 1044 5885 II
1080 5834 1332 5918 'I’at'al‘tp.
1392 5856 1463 5903 \‘t,
1642 5829 1793 5918 juxta

1902 4756 2003 4809 fuit
2038 4756 2090 4808 in
2124 4754 2480 4810 tabernaculo
2513 4775 2527 4811 :
2559 4758 2629 4812 ibi
2662 4758 2810 4812 enim
2848 4760 3061 4829 peperit
3090 4756 3277 4814 Jesum
3306 4770 3501 4815 sancta

1907 4849 2091 4917 Virgo.

1971 4940 2227 4996 Nominat
2256 4951 2436 4997 autem
2469 4956 2593 4995 cum
2621 4950 2679 4995 et
2710 4940 2838 4995 alibi
2880 4942 3048 4996 Deum
3093 4944 3369 4998 Abraham
3409 4947 3490 4998 di-

1899 5047 2032 5088 cens
2066 5052 2078 5087 :
2112 5052 2130 5085 ι
2165 5033 2445 5102 Principes
2476 5033 2797 5103 pepulerunt
2841 5036 3159 5104 congregati
3206 5047 3334 5091 sunt
3378 5054 3503 5090 cum
3568 5078 3571 5083 μ

1901 5126 2011 5179 Deo
2054 5125 2328 5183 Abraham
2358 5126 2425 5179 ³⁸.
2465 5146 2483 5177 ι
2518 5126 2665 5181 Pone
2698 5127 2843 5181 enim
2899 5130 3098 5183 mentis
3143 5144 3255 5183 suae.
3305 5126 3500 5195 oculis,

1903 5231 1998 5285 per
2022 5217 2473 5272 illuminationem
2493 5219 2730 5287 Spiritus
2753 5220 2957 5283 sancti,
2983 5219 3292 5276 futurorum
3316 5225 3503 5278 scien-

1904 5307 1973 5360 tia
2018 5310 2289 5375 eruditus,
2326 5310 2600 5381 principes
2644 5313 2991 5383 populorum,
3043 5316 3093 5369 id
3142 5328 3247 5381 est,
3281 5328 3500 5372 sanctos

1900 5392 2180 5467 apostolus
2222 5403 2273 5456 in
2327 5404 2537 5457 Domini
2588 5408 2758 5461 nostri
2806 5407 2936 5464 .lesu
2984 5410 3187 5465 (λιιι-ἰςιί
3238 5414 3499 5467 cernebat

1901 5491 2183 5563 obsequio.
2229 5495 2364 5550 Cum
2403 5495 2570 5568 igitur
2606 5517 2623 5551 ι
2655 5497 2801 5556 Deus
2839 5502 3117 5557 Abraham
3153 5522 3171 5554 ι
3204 5515 3259 5559 ct
3299 5524 3317 5556 ‹
3352 5502 3499 5560 Deus

2470 5721 2510 5751 ¹⁷
2551 5721 2652 5777 lsa.
2698 5738 2775 5785 XI,
2819 5722 2873 5789 5,
2904 5722 3137 5790 6,juxta
3176 5722 3342 5779 LXX.
3450 5723 3496 5759 ¹⁸

2315 5793 2361 5821 ⁸³
2393 5789 2549 5847 .Inatl.
2592 5809 2688 5858 a'tt,
2725 5794 2813 5848 44.
2892 5796 2938 5825 ³³
2974 5789 3103 5850 ibid.
3136 5795 3223 5848 45.
3306 5796 3353 5828 ⁸³
3389 5796 3491 5851 Isa.

2078 5858 2120 5889 "
2150 5857 2291 5915 l‘sal.
2328 5878 2513 5926 tzxxxt,
2557 5857 2680 5919 1ιρ
2758 5868 2799 5898 ’τ
2845 5867 2975 5922 ibid.
3091 5868 3135 5899 ³·
3197 5869 3329 5925 ibid.
3373 5869 3408 5925 5
3440 5870 3491 5925 5-
