3996 6464
544 410 677 467 ιιυδ

1560 412 1618 469 s.
1660 388 1935 467 ci'mLLI
1975 413 2443 468 ALEXANDBIM
2482 414 2795 469 AltClllEl‘.

3658 402 3785 457 HM

542 522 725 586 Iacob,
757 542 775 573 ι
819 522 911 590 qui
943 532 1028 579 est
1070 535 1227 579 natus
1256 541 1321 580 ex
1381 525 1645 592 muliere,'
1673 526 1982 584 nominatus
2011 529 2101 592 sit,
2135 536 2178 592 Α
2210 528 2385 579 anima
2434 543 2572 583 mea.
2607 547 2625 577 ι
2667 526 2805 579 Dens
2836 538 3065 593 namque
3101 531 3184 575 est
3219 527 3410 573 natura
3447 515 3781 571 Emmanuel.

540 626 707 682 quare
733 628 837 694 non
860 614 933 667 sit
962 614 1122 685 Virgo
1146 626 1332 669 sancta
1371 614 1667 682 Θεοτὸκοςῖ

1132 742 1285 800 CAP.
1336 744 1505 801 XXX.

1230 878 1408 932 Aliud.

609 986 875 1056 PrOpltela
928 989 1175 1045 Habacuc
1208 1007 1221 1047 :
1260 1010 1279 1043 ι
1311 991 1565 1056 Domine,
1612 993 1817 1063 inquit,
1869 995 2104 1052 iuaudivi

537 1079 776 1134 auditum
811 1091 981 1141 tuum.
1009 1090 1063 1135 et
1113 1082 1291 1138 timui.
1326 1082 1677 1138 Consideravi
1704 1100 1865 1154 opera
1896 1097 2007 1151 tua,
2053 1096 2108 1142 et

536 1171 748 1238 expavi.
785 1169 841 1224 In
882 1172 1059 1227 medio
1100 1174 1329 1227 duorum
1372 1175 1682 1228 animalium
1720 1178 2102 1245 cognosceris:

538 1259 592 1312 in
629 1260 915 1313 adventum
951 1264 1206 1329 temporis
1242 1264 1545 1319 ostenderis
1584 1265 1727 1319 ineo
1756 1283 1769 1319 :
1804 1267 1930 1318 dum
1972 1282 2104 1320 cuu-

539 1352 749 1405 turbata
789 1351 949 1405 fuerit
988 1354 1167 1407 anima
1196 1369 1335 1415 mea,
1372 1355 1424 1408 in
1457 1356 1534 1409 ira
1556 1356 1960 1411 misericordia:
1992 1373 2106 1410 tne-

535 1458 656 1497 mor
691 1444 820 1499 eris.
867 1446 1005 1497 Deus
1051 1450 1115 1499 tle
1155 1444 1398 1500 Theman
1444 1447 1645 1512 veniet,
1696 1458 1751 1502 et
1793 1457 2012 1502 sant-tus
2043 1450 2109 1502 de

534 1545 719 1590 monte
758 1534 971 1591 Pharan
996 1537 1061 1591 ⁸’.
1096 1555 1115 1588 ι
1158 1538 1313 1601 Vide,
1361 1540 1631 1607 quomodo
1664 1540 1717 1593 in
1772 1542 1945 1593 medio
1970 1540 2105 1592 duo-

536 1641 654 1678 rum
686 1626 1001 1679 animalinm
1033 1638 1389 1697 cognoscatur
1419 1646 1433 1683 :
1471 1645 1593 1682 nam
1620 1645 1741 1683 cum
1774 1642 1932 1685 natus
1962 1644 2103 1687 esset

530 1731 594 1769 ex
647 1715 891 1780 muliere,
919 1729 970 1768 et
1010 1719 1232 1772 vixisset
1276 1734 1447 1789 usque
1493 1720 1559 1773 ad
1598 1730 1805 1788 tempus
1856 1723 2103 1789 pretiosae

527 1805 739 1871 erucis;
773 1824 791 1857 t
826 1805 1011 1861 Gratia
1066 1808 1180 1873 Dei,
1214 1810 1354 1863 sicut
1408 1811 1483 1862 ait
1532 1810 1720 1865 beatus
1756 1811 1971 1878 Paulus,
2007 1814 2109 1881 per‘

2215 618 2421 671 Dii-itur
2464 629 2643 672 autem
2694 620 2858 671 etiam
2895 616 3063 671 facies
3099 614 3217 669 Dei.
3255 613 3390 667 Nam
3430 618 3523 664 est
3563 626 3584 660 ι
3620 608 3783 676 ﬁgura

2208 710 2522 764 substantiae
2571 710 2746 763 Patris
2766 708 2835 773 "’,
2875 726 2894 759 ι
2921 718 2971 762 et
3015 706 3088 761 ita
3132 719 3192 760 se
3239 703 3468 757 vocabat
3522 699 3669 765 apud
3696 694 3785 751 δεμ

2208 801 2376 865 dzeos,
2406 815 2528 854 cum
2556 802 2758 855 diceret
2788 799 2855 852 de
2880 797 2988 853 Deo
3011 806 3063 852 et
3097 794 3256 850 Patre
3281 811 3295 848 :
3327 812 3346 844 ι
3371 791 3569 859 Neque
3596 786 3784 842 faciem

2208 888 2324 953 ejus
2359 888 2587 954 vidistis,
2618 900 2671 945 et
2713 887 2932 943 verbum
2980 887 3098 955 ejus
3142 900 3248 939 non
3290 880 3502 937 habetis
3545 878 3604 933 in
3638 876 3784 932 vobis

2209 994 2459 1044 manens,
2497 981 2621 1048 quia
2674 994 2834 1052 quem
2880 978 3027 1033 misit
3060 978 3170 1041 ille,
3211 976 3336 1031 buic
3364 986 3464 1027 vos
3513 985 3624 1025 non
3667 981 3782 1023 cre-

2209 1069 2335 1123 ditis
2358 1068 2422 1118 ⁸³⁸.
2457 1087 2475 1120 i

2280 1158 2433 1225 Quod
2465 1173 2594 1212 vero
2632 1158 2773 1213 Deus
2801 1158 2871 1212 sit
2898 1172 3060 1211 verus
3088 1157 3254 1210 homo
3284 1154 3370 1208 ille
3416 1152 3508 1220 qui
3544 1148 3783 1204 luctaba-

2211 1259 2296 1304 tur
2338 1265 2460 1304 cum
2492 1248 2680 1312 Jacoh,
2712 1262 2865 1303 sacra
2914 1248 3107 1301 iterum
3154 1246 3331 1299 littera
3367 1243 3534 1296 faciet
3582 1240 3778 1302 Iidem;

2208 1340 2342 1393 dixit
2392 1340 2535 1392 enim
2572 1356 2585 1391 :
2626 1359 2644 1390 t
2680 1337 2855 1407 lnquit
2915 1337 3172 1391 Dominus
3220 1336 3285 1389 ad
3318 1332 3536 1390 Jacob:
3580 1330 3780 1397 Surge,

2208 1432 2438 1484 ascende
2471 1430 2523 1483 in
2572 1431 2744 1483 locum
2789 1428 3087 1494 Bethleem,
3124 1427 3305 1481 habita
3358 1425 3455 1488 ibi,
3493 1434 3549 1478 et
3585 1421 3671 1477 fac
3713 1423 3781 1476 ibi

2207 1520 2379 1575 altare
2422 1520 2551 1583 Deo,
2593 1523 2684 1588 qui
2738 1519 2987 1589 apparuit
3014 1519 3109 1573 tibi
3157 1533 3277 1572 cum
3309 1516 3527 1586 fugeres
3580 1530 3610 1567 a
3654 1511 3782 1566 facie

2208 1610 2392 1665 fratris
2426 1611 2500 1665 ttti
2543 1611 2684 1666 Esau
2708 1612 2770 1665 υ.
2806 1629 2825 1661 ι
2858 1610 3155 1664 Revertens
3183 1609 3325 1662 enim
3371 1622 3438 1661 ex
3475 1604 3781 1674 MesOpota-

2207 1704 2308 1755 mia
2347 1703 2437 1759 Dei
2461 1704 2637 1773 jussu,
2685 1714 2737 1758 et
2771 1704 2967 1757 timens
3002 1702 3167 1765 Esau,
3204 1699 3414 1766 trajecit
3460 1698 3632 1751 Jacoh
3660 1711 3781 1764 pne-

2206 1811 2294 1849 ros
2320 1804 2374 1848 et
2395 1795 2575 1849 omnia
2609 1810 2737 1849 vasa
2770 1809 2867 1849 sua
2895 1812 2910 1848 :
2948 1811 2967 1843 ι
3002 1790 3381 1847 Subremansit
3405 1794 3589 1843 autem
3614 1785 3780 1851 solus,

525 1910 683 1949 suum
717 1910 912 1965 corpus
937 1912 1033 1965 pro
1054 1899 1305 1955 omnibus
1328 1902 1564 1969 gustavit
1590 1912 1816 1956 mortem
1840 1902 1905 1957 ³⁸.
1937 1923 1955 1954 ι
1994 1902 2084 1959 Set

2202 1896 2257 1939 et
2287 1885 2587 1940 luctabatur
2616 1886 2773 1940 homo
2798 1899 2918 1938 cum
2949 1898 3035 1937 eo.
3070 1901 3088 1933 ι

527 1987 780 2053 quoniam
828 1998 1019 2041 natura
1076 2001 1195 2044 erat
1250 1989 1423 2057 Deus,
1472 1996 1769 2048 resurrexit
1814 1997 1989 2050 denuo
2046 1998 2098 2049 in

527 2079 914 2146 sempiternam
946 2081 1131 2134 vitam.
1163 2082 1419 2151 Coguitus
1448 2094 1533 2137 est
1564 2085 1858 2153 igiturhic,
1887 2087 1977 2155 qui
2002 2102 2100 2156 pro

528 2170 683 2223 nobis
712 2168 999 2237 pretiosam
1032 2172 1287 2226 sustinuit
1314 2190 1529 2229 crucem
1571 2177 1623 2228 itt
1659 2178 1837 2229 medio
1868 2180 2095 2232 duormu

522 2260 858 2313 animalium.
886 2258 1018 2313 Nam
1055 2260 1169 2327 ipse
1193 2262 1389 2317 alicubi
1420 2266 1495 2318 ait
1526 2267 1592 2319 ad
1626 2264 1880 2320 Iudaeos:
1921 2286 1938 2319 t
1962 2267 2095 2322 Cum

521 2344 893 2399 exaltaveritis
924 2343 1117 2399 Filium
1154 2348 1412 2415 hominis,
1446 2363 1557 2406 tum
1595 2357 1933 2423 cognoscetis
1967 2358 2094 2425 quia

519 2452 621 2504 ego
667 2438 875 2492 sum“.
912 2460 931 2493 ι
973 2442 1104 2497 Vide
1144 2442 1332 2507 etiam,
1381 2448 1651 2512 quomodo
1698 2446 1861 2500 Deum
1919 2449 2093 2516 ipsum

520 2530 829 2595 nominans,
883 2548 950 2586 ex
996 2532 1237 2587 Tlteman
1289 2544 1601 2601 venturum,
1658 2547 1711 2589 et
1764 2552 1831 2591 ex
1884 2537 2093 2593 Pharau

522 2629 704 2675 monte
728 2625 1035 2691 pronuntiat
1066 2626 1476 2695 (interpretatur
1500 2638 1680 2681 autem
1710 2630 1951 2686 Theman
1983 2636 2093 2686 Au-

517 2712 692 2776 ster):
726 2715 973 2780 apparuit
1020 2716 1161 2768 enim
1210 2716 1479 2781 Christus,
1539 2735 1642 2772 non
1694 2736 1722 2771 a
1782 2722 2095 2790 regionibus

518 2803 820 2871 Aquilonis,
874 2806 968 2859 scd
1019 2808 1087 2861 ab
1134 2808 1359 2861 australi
1414 2807 1623 2871 Judtea,
1676 2812 1726 2863 in
1782 2830 1887 2881 qua
1928 2815 2092 2867 etiam

513 2894 789 2950 Bethleem
820 2908 923 2952 est.
961 2898 1090 2954 Ctuu
1137 2901 1301 2969 igitur
1331 2882 1518 2969 is.‘qni
1567 2885 1827 2957 Dominus
1862 2914 1913 2957 et
1958 2906 2094 2960 Deus

515 2989 826 3043 nominatus
854 3001 955 3055 est,
989 3006 1053 3044 ex
1085 2991 1264 3046 Juda'a
1298 2995 1505 3047 venerit
1541 2994 1785 3055 australi,
1821 3007 1976 3047 natus
2011 3004 2091 3050 est

512 3080 657 3137 enim
701 3082 751 3133 iit
801 3081 1111 3148 Bethleem;
1141 3086 1411 3153 quomodo
1460 3099 1564 3141 nou
1610 3087 1681 3139 sit
1712 3097 1897 3142 sancta
1929 3088 2090 3156 Virgo

510 3168 774 3235 Θιοτόκος
784 3170 809 3225 ?

1101 3287 1251 3344 CAP.
1296 3287 1491 3345 XXXI.

1213 3403 1393 3457 Aliud.

581 3510 639 3568 lu
686 3512 883 3571 Genesi
939 3514 1201 3581 scriptum
1250 3525 1331 3569 est
1376 3533 1389 3569 :
1432 3537 1449 3568 t
1480 3514 1862 3575 Subremansit
1908 3535 2086 3576 autem

508 3603 678 3661 Iacob
706 3606 874 3671 solus,
909 3616 962 3684 et
987 3605 1293 3660 luctabatur
1318 3610 1477 3661 hotno
1510 3624 1629 3662 cuin
1677 3611 1794 3679 ipso
1824 3628 1991 3682 usque
2019 3616 2084 3669 ad

514 3713 671 3752 mane
699 3715 713 3751 :
746 3696 878 3751 vidit
906 3706 1083 3751 autem
1114 3698 1255 3767 quod
1302 3714 1404 3752 non
1431 3700 1752 3767 praevaleret
1780 3704 1844 3757 ad
1884 3705 2081 3773 ipsum,

508 3796 565 3843 ot
598 3787 776 3858 tetigit
827 3787 1163 3841 latitudinem
1194 3787 1357 3858 795
1382 3788 1600 3845 femoris
1652 3791 1791 3859 ejus,
1828 3809 1950 3849 cum
2000 3797 2082 3849 lti-

508 3886 749 3933 ctaretur
782 3895 903 3941 cum
944 3892 1029 3941 eo,
1068 3890 1122 3931 et
1156 3879 1292 3933 dixit
1323 3881 1371 3933 ei
1407 3898 1421 3933 :
1460 3869 1685 3936 Dimitte
1729 3898 1835 3947 tne,
1886 3901 2078 3940 ascen-

510 3970 588 4024 tlit
628 3970 769 4024 enim
797 3982 966 4024 ortus.
1009 3968 1100 4023 Ille
1146 3981 1324 4025 autem
1360 3971 1539 4026 dixit:
1577 3973 1693 4028 Non
1741 3985 1793 4030 te
1839 3977 2079 4045 dimitto,

506 4061 611 4117 nisi
635 4060 980 4116 benedixeris
1000 4061 1132 4117 mihi
1159 4062 1224 4116 ³⁵.
1261 4082 1280 4114 ι
1318 4061 1383 4117 Et
1408 4075 1527 4133 post
1555 4068 1660 4120 alia
1698 4085 1712 4122 :
1751 4089 1768 4120 ι
1799 4069 2081 4127 Benedixit

504 4162 685 4208 autem
722 4169 843 4208 eum
876 4154 972 4220 ibi,
1002 4164 1056 4210 et
1091 4156 1302 4209 vocavit
1332 4172 1528 4213 nomen
1562 4158 1661 4215 loci
1694 4161 1855 4226 illius,
1887 4164 2077 4219 fat-ient

502 4246 641 4302 Dei:
675 4236 783 4302 vidi
819 4248 987 4311 enim,
1021 4246 1217 4317 inquit,
1272 4248 1435 4303 Deum
1478 4250 1616 4306 facie
1660 4254 1724 4307 ad
1764 4252 1977 4321 faciem,
2022 4266 2079 4312 et

500 4340 705 4398 salvata
753 4350 835 4395 est
884 4340 1061 4395 anima
1115 4344 1549 4399 tnea:ascendit
1602 4359 1780 4403 autem
1842 4349 1957 4416 sol,
2022 4362 2078 4405 et

499 4433 717 4487 transiit
768 4431 933 4489 facies
985 4434 1107 4501 Dei;
1159 4438 1273 4503 ipse
1317 4448 1493 4491 autem
1550 4438 1817 4495 titubabat
1870 4442 2075 4499 femore

2782 1997 2934 2052 CAP.
2975 1995 3191 2052 XXXII.

2894 2109 3074 2181 Aliud.

2271 2224 2468 2278 Beatus
2518 2224 2701 2279 Daniel
2754 2224 3067 2279 horribilem
3106 2223 3366 2278 visionem
3421 2221 3579 2275 nobis
3624 2234 3786 2289 expo-

2200 2330 2333 2370 nens
2362 2334 2376 2369 :
2409 2332 2428 2365 t
2463 2315 2741 2381 Videbam,
2770 2316 2964 2384 inquit,
2998 2315 3051 2367 in
3080 2316 3288 2369 visione
3314 2312 3516 2374 noctis,
3548 2323 3605 2367 et
3629 2326 3780 2374 ecce,

2198 2420 2319 2459 cum
2361 2406 2592 2461 nubibus
2626 2406 2747 2460 coeli
2791 2407 2943 2475 quasi
2972 2405 3144 2461 Filius
3170 2404 3409 2460 hominis
3441 2404 3692 2465 veniens,
3728 2410 3782 2457 et

2199 2512 2370 2565 usque
2410 2498 2474 2551 ad
2507 2494 2788 2551 Vetustutn
2821 2498 3028 2552 dierum
3064 2497 3329 2566 pervenit,
3370 2504 3425 2551 et
3458 2496 3511 2548 in
3549 2507 3781 2562 conspe-

2195 2598 2342 2642 ctum
2370 2587 2487 2655 ejus
2514 2591 2853 2643 adduxerunt
2882 2605 3027 2653 eum,
3064 2601 3119 2645 et
3150 2590 3249 2657 ipsi
3276 2590 3436 2643 datus
3467 2596 3554 2642 est
3582 2589 3778 2648 honor,

2196 2691 2251 2735 et
2284 2696 2504 2750 regnum
2535 2699 2549 2735 :
2576 2691 2629 2734 ct
2660 2696 2849 2735 omnes
2885 2681 3085 2751 populi,
3124 2682 3316 2743 tribus,
3363 2692 3419 2735 et
3450 2680 3648 2748 lingua:
3675 2679 3775 2747 ipsi

2196 2773 2477 2827 servient:
2507 2783 2745 2841 potestas
2786 2773 2902 2840 ejus
2947 2783 3186 2840 potestas
3231 2774 3283 2825 in
3331 2782 3623 2834 aeternum,
3657 2785 3779 2839 quae

2198 2878 2301 2916 non
2334 2864 2784 2933 transgredietur,
2822 2875 2877 2918 et
2915 2878 3137 2934 regnum
3170 2862 3288 2931 ejus
3320 2878 3425 2916 non
3454 2876 3779 2942 corrum'pe-

2197 2964 2281 3006 tttr
2302 2955 2366 3009 δ’.
2402 2973 2420 3005 ι
2454 2955 2621 3009 Audis
2646 2956 3098 3025 quemadmodum
3124 2970 3227 3017 non
3254 2955 3531 3010 hominem
3567 2954 3775 3021 simpli-

2194 3045 2331 3099 citer
2355 3061 2414 3102 se
2440 3046 2645 3103 vidisse
2674 3057 3085 3110 commemoret,
3133 3062 3199 3100 ne
3237 3062 3375 3101 unus
3406 3061 3471 3101 ex
3507 3047 3683 3110 nobis,
3717 3057 3776 3101 et

2192 3139 2342 3207 juxta
2379 3152 2477 3192 nos
2516 3137 2833 3193 Emmanuel
2873 3154 2991 3194 esse
3034 3138 3324 3204 credatur;
3356 3141 3451 3194 sed
3494 3140 3652 3207 quasi
3681 3136 3773 3191 Fi-

2118 3201 2160 3259 Ο
2192 3201 2323 3288 lium
2370 3232 2622 3289 hominis.
2668 3232 2786 3305 [(l)
2825 3232 2957 3288 Cum
2989 3231 3132 3286 enim
3187 3201 3419 3285 Verbum
3461 3201 3656 3285 natura
3700 3232 3772 3285 sit

2195 3326 2366 3393 Deus,
2426 3326 2925 3379 «insimilitudine
2974 3333 3153 3379 tamen
3211 3324 3489 3377 hominum
3559 3324 3765 3376 factum

2192 3417 2311 3482 fuit,
2345 3427 2399 3472 et
2433 3418 2708 3471 inventum
2739 3427 2820 3471 est
2851 3417 3032 3471 habitu
3060 3427 3119 3470 ut
3152 3418 3314 3471 homo
3340 3414 3404 3478 “,
3434 3437 3454 3467 ι
3488 3427 3547 3469 ιιι
3581 3416 3638 3470 in
3675 3432 3768 3468 eo—

2190 3509 2309 3561 dem
2363 3518 2649 3577 utrumque
2698 3508 3048 3575 intelligatur,
3109 3509 3158 3560 id
3208 3518 3326 3572 est,
3375 3522 3551 3576 neque
3602 3507 3768 3561 botno

2189 3600 2385 3662 nudus,
2411 3616 2585 3669 neque
2614 3600 2845 3655 Verbum
2878 3602 3082 3669 absque
3106 3599 3442 3654 humanitate
3469 3608 3525 3655 et
3552 3600 3764 3672 carne.|

2188 3687 2389 3745 Tamen
2422 3690 2472 3743 ei
2497 3690 2853 3760 principatum
2885 3701 2937 3745 et
2968 3691 3250 3753 honorem,
3272 3705 3392 3759 quae
3419 3705 3637 3760 semper
3665 3691 3762 3746 ha-

2187 3782 2331 3843 beat,
2360 3781 2483 3835 data
2515 3795 2637 3835 esse
2673 3792 3105 3838 commemorat:
3138 3782 3213 3835 ait
3240 3782 3383 3836 enim
3411 3784 3557 3852 quod
3598 3802 3617 3835 ι
3647 3799 3761 3837 om-

2186 3883 2282 3924 nes
2315 3870 2519 3940 populi,
2564 3872 2756 3937 tribus,
2793 3883 2848 3926 et
2898 3872 3092 3942 lingua:
3141 3872 3241 3940 ipsi
3275 3873 3537 3928 servient.
3572 3892 3592 3925 ι
3627 3874 3760 3929 Cum

2188 3962 2353 4029 igitur
2383 3963 2545 4016 etiam
2576 3962 2628 4016 in
2661 3964 2996 4018 humanitate
3026 3965 3255 4032 positum
3291 3964 3634 4035 unigenitum
3667 3966 3757 4022 Dei

2188 4048 2420 4105 Verbum
2471 4054 2791 4107 servientem
2852 4054 3044 4108 habeat
3094 4064 3438 4121 creaturam,
3482 4064 3539 4110 et
3582 4055 3755 4112 Patris

2182 4140 2547 4211 principatum
2568 4152 2621 4197 et
2641 4159 2821 4210 suum,
2842 4146 3112 4212 pepererit
3132 4156 3309 4199 autem
3326 4148 3623 4202 secundum
3636 4163 3750 4202 car-

2181 4245 2301 4285 nem
2352 4230 2527 4301 ipsum
2560 4245 2743 4287 sancta
2781 4235 2972 4305 Virgo;
3003 4238 3273 4305 quomodo
3305 4252 3407 4292 non
3440 4238 3748 4307 intelligitur

2178 4322 2337 4377 Θεοτό
2345 4322 2467 4389 κοςῖ

2736 4435 2892 4496 CAP.
2934 4437 3171 4494 XXXIII.

498 4527 599 4580 suo
620 4523 687 4576 “.
721 4544 739 4575 ι
769 4522 1026 4593 Mysticus
1047 4526 1261 4594 quidem
1285 4538 1368 4581 est
1398 4527 1802 4597 Scripturarum
1836 4547 2029 4588 sensus
2054 4552 2068 4588 :

2195 4551 2256 4605 De
2293 4550 2488 4605 Christi
2516 4566 2797 4617 passione;
2830 4558 2879 4603 et
2915 4552 3055 4618 quod
3084 4552 3212 4604 utile
3248 4562 3337 4614 sit,
3377 4553 3518 4620 quod
3573 4571 3748 4610 εοεαε

492 4614 837 4671 subindicare
856 4617 1016 4693 enim
1046 4617 1256 4672 videtur
1284 4617 1590 4673 Judteorum
1624 4622 2066 4691 oblucuttionem,

494 4723 600 4777 qua
637 4706 925 4761 utebantur
962 4723 1086 4765 cum
1118 4708 1357 4777 Christo,
1392 4726 1526 4779 pene
1563 4726 1683 4765 cum
1719 4714 1832 4783 ipso
1859 4717 2066 4770 luctan-

492 4807 614 4865 tes;
647 4798 738 4868 qui
773 4808 945 4854 tamen
988 4802 1224 4870 superati
1274 4811 1421 4865 sunt,
1455 4812 1508 4855 et
1555 4804 1650 4871 ipsi
1685 4806 1848 4859 etiam
1883 4807 2056 4878 impe-

492 4891 685 4945 traturi
713 4892 1143 4947 benedictionem
1177 4893 1363 4964 ipsius,
1412 4895 1456 4949 si
1513 4912 1608 4966 per
1644 4898 1801 4952 fidem
1834 4902 1903 4954 ad
1942 4917 2064 4955 eum

491 4981 799 5037 novissimis
849 4985 1180 5053 temporibus
1233 5002 1292 5040 se
1334 4990 1755 5043 convertissem.
1807 4992 2063 5047 Attamen

488 5071 576 5126 ille
606 5081 752 5127 certe
790 5073 949 5129 homo
979 5083 1121 5139 erat,
1162 5076 1252 5144 qui
1286 5079 1609 5144 luctabatur,
1644 5089 1697 5134 et
1727 5096 1848 5133 eum
1880 5090 2057 5135 tamen

485 5162 653 5218 Jacob
692 5164 784 5217 Dei
817 5164 1008 5221 faciem
1053 5166 1398 5237 nominabat;
1432 5188 1606 5240 neque
1641 5173 1691 5226 id
1733 5174 1931 5238 solum,
1964 5177 2057 5229 sed

484 5253 694 5309 sciebat
724 5271 844 5310 eum
872 5258 1034 5313 Deum
1063 5275 1182 5315 esse
1207 5264 1502 5316 secundum
1528 5264 1808 5319 veritatem
1840 5284 1852 5319 :
1890 5285 1908 5320 t
1945 5265 2057 5319 Villi

484 5347 650 5416 enim,
686 5349 877 5418 inquit,
912 5350 1076 5407 Deum
1120 5351 1258 5408 facie
1291 5354 1357 5408 ad
1403 5354 1618 5423 faciem,
1653 5366 1705 5411 et
1738 5357 1939 5413 salvata
1978 5369 2059 5414 est

576 5484 865 5561 Pilatum:
897 5490 1263 5561 ιιιη-ί-εεηιι.
1344 5493 1388 5525 ³³
1435 5493 1594 5549 llehr.
1633 5512 1700 5561 tt,
1743 5497 1795 5551 9.

484 5552 888 5631 fitet;g._._,3.
996 5552 1437 5631 ",Joatiiuss.
1520 5566 1560 5597 δ’
1597 5552 1730 5621 seu.
1778 5584 1939 5631 xxxv,
1997 5570 2041 5621 ι.

482 5622 535 5678 9.
648 5626 692 5657 δ³
720 5625 739 5679 I
764 5627 887 5682 Cur.
929 5644 1015 5692 xv,
1053 5630 1107 5683 5.

2250 4624 2375 4673 dum
2408 4620 2555 4672 aliud
2592 4630 2638 4672 et
2666 4621 2811 4671 aliud
2846 4622 2908 4673 de
2935 4636 3040 4674 uno
3080 4632 3128 4674 et
3155 4623 3332 4675 eodem
3358 4624 3581 4690 dicitur,
3640 4642 3728 4681 nec

2244 4692 2523 4743 dividimus
2549 4692 2602 4743 in
2636 4694 2759 4743 duo.

2267 4805 2501 4858 Santtus
2532 4802 2724 4856 Paulus
2756 4802 3051 4857 salutarem
3098 4804 3400 4872 passionem
3445 4808 3605 4863 nobis
3653 4824 3747 4864 ex-

2167 4897 2330 4965 ponit,
2382 4896 2457 4949 ait
2492 4911 2719 4964 namque
2750 4914 2765 4954 ε
2797 4916 2813 4948 ι
2846 4895 2997 4951 Nunc
3027 4900 3196 4968 gratia
3231 4898 3325 4953 Dei
3352 4915 3449 4968 pro
3474 4903 3732 4958 omnibus

2163 4990 2396 5056 gustavit
2421 5000 2646 5041 mortem
2670 4989 2736 5050 “,
2766 5010 2783 5041 ι
2823 5006 2918 5044 nec
2946 5006 3048 5043 non
3073 4992 3234 5047 etiam
3267 5010 3280 5045 :
3308 5011 3327 5044 t
3350 4991 3569 5050 Tradidi
3599 4998 3740 5052 enim

2172 5082 2326 5135 vobis
2356 5080 2639 5149 imprimis,
2668 5082 2808 5151 quod
2836 5093 2889 5135 et
2916 5085 3100 5153 accepi
3139 5103 3151 5137 :
3182 5086 3434 5153 quoniant
3487 5086 3740 5143 Christus

2168 5186 2413 5229 mortuus
2448 5185 2528 5229 est
2553 5189 2649 5244 pro
2680 5177 2919 5244 peccatis
2964 5179 3190 5243 nostris,
3242 5181 3541 5235 secundum
3590 5181 3728 5237 Scri-

2168 5278 2374 5335 pturas,
2412 5278 2463 5320 et
2495 5268 2618 5335 quia
2641 5268 2881 5334 sepultus
2906 5280 3005 5335 est,
3028 5279 3082 5323 et
3104 5271 3227 5338 quia
3257 5274 3557 5328 resurrexit
3578 5276 3736 5329 tertia

2163 5361 2249 5414 die
2285 5358 2350 5411 ".
2411 5378 2430 5409 ι
2496 5360 2572 5415 Ad
2637 5361 2737 5415 hoc
2780 5361 2939 5414 etiam
2996 5361 3431 5433 sapientissimus
3476 5365 3672 5421 Petrus
3716 5382 3730 5418 :

1874 5498 1920 5529 “
1950 5496 2080 5551 Joan

2206 5517 2239 5552 tt
2268 5542 2282 5566 ,
2341 5499 2431 5554 9.8.
2507 5500 2551 5533 ⁸⁵
2581 5502 2714 5556 Gen.
2774 5516 2920 5556 xxx"
2948 5542 2962 5564 ,
2993 5501 3187 5558 ἳι-Ξϐ.
3264 5502 3309 5533 ³⁸
3350 5502 3482 5559 ibid.
3534 5503 3729 5560 ill-3i.

2122 5570 2165 5601 ³ο
2192 5570 2321 5624 Dan.
2367 5587 2463 5636 vn,
2502 5573 2566 5627 15
2599 5590 2750 5642 seqq.

2825 5573 2865 5603 “
2906 5571 3134 5644 Philipp.
3170 5588 3229 5638 tt,
3260 5573 3314 5629 7.
3392 5575 3437 5605 "
3475 5574 3729 5639 llebr.tt,

551 5760 627 5827 (Ι)
671 5760 764 5820 ilic
801 5764 948 5821 locus
979 5766 1208 5825 habetur
1236 5768 1534 5840 descriptus
1586 5772 1635 5823 iu
1681 5771 1815 5827 lihro
1865 5774 2039 5841 primo
2084 5770 2289 5828 Leontii
2330 5772 2612 5844 Byzantini
2684 5779 2938 5836 adversus
2985 5782 3348 5853 Eutychianos
3416 5784 3518 5839 sub
3545 5785 3724 5841 ﬁnem.

480 5828 673 5886 ΒΑιυι..
