3996 6448
258 450 282 502 1
300 447 406 503 405

1188 446 1477 505 δειιοιιΑ
1522 448 1606 502 DE
1642 448 2155 505 INCARNATIONE
2192 443 2564 505 UNIGENITI.

3416 437 3552 496 “06

263 584 284 615 ι
331 563 571 629 Christo,
603 565 797 634 inquit,
850 580 1013 633 passo
1044 581 1141 632 pro
1167 566 1321 620 nobis
1354 581 1521 620 carne
1546 565 1609 618 “.
1658 586 1674 615 ι
1708 566 1843 619 Cum
1877 569 1921 625 Α
1953 566 2116 619 Pullis
2143 566 2353 619 duobus
2386 572 2739 634 comparatur
2776 562 3051 626 Christus,
3105 572 3215 613 non
3244 558 3389 626 quod
3441 560 3551 610 duo

260 672 434 710 unum
486 657 649 723 igitur
704 657 978 711 credimus
1028 657 1313 710 Dominum
1362 668 1607 711 nostrum
1660 656 1844 710 Jesum

257 745 564 811 Christum,
598 747 649 800 id
673 756 781 809 est,
840 748 891 801 in
928 748 1162 802 humana
1216 747 1390 801 forma
1443 758 1794 814 conspectuin
1829 787 1845 813 ,

258 838 381 891 sive
413 838 684 893 hominem
733 838 936 894 factum
985 840 1142 908 juxta
1194 854 1312 901 nos,
1352 839 1519 892 Deum
1555 838 1792 893 Verbum
1829 877 1844 903 ,

255 931 537 999 quomodo
573 942 626 985 et
664 932 968 1001 passionem
1005 931 1104 999 ipsi
1144 930 1489 999 deputemus.
1534 940 1591 985 et
1639 931 1846 1001 impas-

255 1022 421 1074 sibile
461 1030 637 1075 tamen
655 1036 955 1087 servemus,
994 1029 1053 1075 ut
1086 1019 1301 1075 Deum?

328 1113 469 1183 Ergo
504 1114 682 1181 passio
710 1113 1133 1183 dispensationis
1157 1123 1299 1179 erat,
1333 1128 1430 1168 sua
1464 1116 1686 1182 quidem
1737 1113 1840 1167 du—

252 1215 420 1258 cente
463 1205 572 1258 Deo
612 1203 790 1257 Verbo
831 1216 919 1266 ea,
977 1218 1099 1273 qum
1154 1213 1281 1257 sunt
1338 1204 1554 1272 propria
1610 1204 1795 1257 carnis
1824 1242 1841 1267 ,

253 1306 485 1365 propter
539 1295 960 1350 inenarrabilem
1012 1294 1331 1361 unitatem;
1390 1304 1647 1348 manente
1714 1310 1845 1348 vero

253 1398 417 1441 extra
447 1389 777 1457 passionem,
802 1397 1065 1457 quantum
1099 1386 1165 1441 ad
1213 1386 1387 1456 ipsius
1429 1395 1679 1440 naturam
1716 1403 1842 1455 per-

252 1479 395 1533 tinet
430 1499 442 1532 :
475 1479 820 1548 intpassibilis
841 1479 983 1532 enim
1017 1477 1159 1533 Deus
1190 1489 1294 1533 est.
1318 1476 1574 1548 Nequeid
1606 1480 1802 1531 mirum
1824 1520 1839 1542 ,

251 1587 380 1623 cum
412 1582 467 1624 et
495 1572 662 1636 ipsam
699 1570 932 1623 hominis
963 1569 1199 1623 animant
1231 1571 1515 1625 videamus
1545 1610 1559 1633 ,
1616 1572 1660 1625 si
1715 1572 1841 1638 quid

248 1676 457 1725 corpus
478 1675 692 1729 passum
722 1658 903 1723 fuerit,
930 1667 1083 1713 extra
1119 1658 1427 1726 passionem
1457 1660 1674 1727 quidem
1728 1677 1840 1712 tna-
1875 1691 1883 1699 -

252 1763 501 1815 nentem,
554 1761 815 1819 quantum
855 1752 1094 1820 pertinet
1144 1751 1211 1804 ad
1263 1762 1549 1818 naturam;
1600 1763 1838 1805 attamen

251 1857 364 1895 non
398 1852 552 1895 extra
580 1844 886 1909 passionem
913 1856 1034 1896 esse
1088 1841 1318 1910 intelligi
1352 1883 1367 1907 ,
1406 1858 1471 1894 eo
1519 1844 1661 1911 quod
1706 1860 1838 1908 pro-

250 1934 432 2002 prium
466 1936 535 1987 sit
570 1948 767 2002 corpus
797 1933 966 2003 ipsius
996 1934 1140 2002 quod
1173 1936 1394 2002 patitur.
1426 1934 1593 2004 796
1623 1934 1688 1987 Et
1717 1936 1839 1987 licet

251 2023 567 2092 incontigna
600 2023 692 2086 sit,
746 2034 799 2078 et
838 2024 1066 2094 simplex
1103 2042 1120 2091 ;
1169 2040 1347 2081 tamen
1381 2025 1433 2078 id
1463 2029 1605 2095 quod
1635 2025 1842 2093 patitur

250 2124 477 2167 nonest
514 2114 771 2168 alienum.
819 2115 910 2169 Sic
954 2116 1228 2185 intelliges
1279 2118 1443 2171 etiam
1497 2120 1566 2171 de
1619 2119 1841 2171 Christo

247 2205 494 2258 υιιιιιίιιηι
520 2204 820 2261 Salvatore.
850 2207 987 2264 Utar
1010 2220 1187 2264 autem
1216 2211 1503 2277 exetnplis,
1533 2228 1653 2278 qme
1679 2213 1836 2282 quasi

248 2310 350 2364 per
387 2296 618 2364 aenigma
662 2298 817 2351 nobis
866 2300 1076 2367 possint
1126 2299 1447 2361 ostendere.
1488 2302 1634 2369 quod
1679 2318 1830 2355 com-

248 2386 547 2440 tnunicarit
593 2388 810 2455 quidem
868 2389 1104 2457 passioni
1151 2388 1515 2459 Unigenitus,
1568 2404 1832 2461 quantum

251 2479 531 2547 pertineat
561 2485 627 2532 ad
668 2479 1095 2535 familiaritatem
1151 2484 1397 2553 corporis
1432 2485 1536 2547 sui,
1572 2486 1835 2539 manserit

243 2581 430 2623 autem
461 2572 729 2638 passionis
758 2588 980 2643 expers,
1011 2585 1069 2626 ut
1103 2574 1261 2629 Dens.

323 2660 505 2730 Itaque
545 2664 683 2718 Deus
730 2666 1079 2733 omnipotens
1128 2666 1372 2737 prodigia
1419 2669 1835 2735 sapientissimo

244 2753 421 2824 Moysi
448 2754 675 2821 jubebat
709 2755 943 2821 efﬁcere,
990 2760 1320 2812 utcrederet
1346 2760 1395 2813 ei
1436 2758 1605 2814 Israel
1636 2802 1650 2823 ,
1687 2764 1832 2829 quod

242 2856 391 2899 esset
425 2849 621 2900 missus
654 2863 680 2899 a
717 2846 843 2910 Deo,
872 2860 1003 2902 etut
1029 2866 1056 2902 a
1086 2850 1337 2904 violentia
1360 2852 1725 2917 liberaretur;
1756 2856 1833 2907 ait

241 2947 464 2991 autent:
505 2960 521 2989 ‹
561 2938 623 2992 Et
653 2940 886 3008 accipies
912 2956 1111 3007 aquam
1139 2942 1206 2995 de
1238 2941 1480 3006 l'lutnine,
1511 2954 1563 2996 et
1586 2942 1832 2997 etfundcs

241 3047 407 3100 super
438 3042 655 3093 terram,
684 3042 738 3086 et
770 3033 874 3086 erit
906 3049 1046 3100 aqua
1072 3050 1232 3102 quam
1258 3036 1499 3105 accipies
1534 3052 1560 3087 a
1581 3034 1826 3099 flumine,

242 3123 466 3191 sanguis
506 3138 671 3190 super
708 3134 909 3178 terram
962 3126 1030 3179 “.
1070 3144 1087 3177 ι
1137 3124 1450 3195 lnqniinus,
1496 3130 1639 3197 quod
1689 3144 1828 3197 aqua

240 3214 464 3281 quidem
497 3214 664 3283 figura
697 3216 769 3270 sit
803 3217 948 3279 νὶιω,
981 3226 1033 3270 et
1066 3218 1205 3284 quod
1240 3219 1309 3272 sit
1335 3232 1429 3287 per
1450 3230 1699 3272 naturam
1720 3220 1826 3273 vita

240 3304 417 3360 Filius
439 3320 503 3359 ex
540 3306 701 3361 Patre
730 3318 989 3378 tanquam
1020 3326 1085 3363 ex
1112 3309 1333 3365 ﬂumine
1358 3314 1566 3377 exiens,
1587 3312 1831 3381 ejusdem

242 3401 561 3457 substantitc
616 3404 856 3469 ratione;
911 3404 1091 3471 itaque
1137 3405 1317 3458 omnia
1367 3405 1621 3458 viviticat.
1662 3423 1680 3456 ι
1728 3405 1833 3459 Sed

240 3509 370 3550 cum
396 3511 615 3562 aquam,
640 3497 837 3566 inquit,
867 3496 1121 3551 eﬂ'uderis
1149 3512 1310 3565 super
1332 3509 1553 3562 terram,
1578 3498 1683 3551 erit
1708 3514 1834 3551 San—

241 3587 387 3657 guis.
426 3607 445 3639 δ
481 3587 736 3651 Verbum.
770 3606 891 3643 cum
930 3591 1131 3644 laetum
1181 3602 1264 3644 est
1300 3607 1430 3645 caro
1476 3592 1543 3645 de
1573 3602 1741 3656 terra,
1782 3591 1833 3645 id

240 3690 348 3745 est,
386 3686 603 3750 quando
626 3697 653 3734 a
690 3691 831 3736 terra
857 3697 1075 3737 carnem
1104 3683 1204 3737 sibi
1226 3684 1606 3750 circumdedit,
1633 3682 1830 3737 tunciu

241 3792 311 3830 ea
354 3784 582 3829 mortem
626 3785 827 3831 nostra:
878 3776 1109 3831 similem
1168 3777 1369 3831 dicitur
1426 3792 1669 3847 passum,
1709 3778 1833 3831 licet

242 3876 342 3932 per
370 3872 617 3917 naturam
656 3864 726 3917 sit
753 3864 882 3918 vita.
1380 3860 1401 3875 ⁸

819 4002 971 4059 CAP.
1009 4002 1247 4057 XXXIV.

942 4116 1125 4172 Aliud.

321 4230 375 4283 In
399 4228 639 4284 Levitico
674 4232 935 4300 pollnttnn
962 4232 1100 4286 Deus
1122 4241 1175 4286 et
1199 4234 1533 4287 immundum
1562 4237 1830 4303 leprosum

241 4338 369 4376 esse
403 4322 699 4391 signiﬁcat,
736 4332 899 4391 atque
928 4324 999 4375 ita
1024 4338 1151 4377 eum
1185 4324 1251 4378 de
1271 4325 1468 4379 castris
1491 4327 1609 4393 ejici
1644 4331 1832 4395 pra-ri-

243 4413 325 4479 pit
357 4423 611 4480 oportere
628 4413 673 4442 “
702 4429 716 4477 ;
748 4422 801 4466 et
835 4413 878 4466 si
914 4421 1141 4467 sanatus
1200 4415 1365 4469 fuerit
1415 4416 1669 4478 inurbns,
1731 4418 1831 4468 lim:

243 4518 370 4556 eum
425 4513 582 4569 pacto
628 4503 845 4571 purgari
890 4520 901 4554 :
961 4522 979 4554 ‹
1038 4504 1104 4559 Εῑ
1146 4507 1421 4575 accipiens
1469 4508 1603 4559 duos
1659 4510 1832 4574 pullus

1874 1904 1915 1959 Β

1862 3262 1907 3323 C

1952 658 2060 711 sint
2092 657 2209 720 filii,
2246 660 2341 712 sed
2391 658 2535 727 quod
2582 671 2724 710 unus
2774 654 2955 723 potius
2994 666 3063 706 ex
3115 650 3367 714 duobus,
3412 649 3554 703 divi-

1949 750 2125 804 nitate
2166 758 2221 803 et
2263 750 2605 803 humanitate
2655 749 2707 800 iu
2755 746 3021 801 unitatem
3067 743 3305 799 collatis.
3356 740 3544 796 Mundi

1948 852 2128 896 autem
2160 842 2289 913 pulli
2318 858 2333 894 :
2362 856 2541 909 neque
2572 841 2716 897 enim
2750 839 2879 894 fecit
2916 848 3199 907 peccatum
3245 836 3387 891 Deus
3445 850 3552 888 no—

1949 942 2066 988 ster
2092 933 2252 988 Jesus
2289 933 2575 995 Christus;
2605 932 2702 988 sed
2729 939 2851 987 erat
2897 930 3136 984 Verbum
3170 938 3450 991 sanctum,
3492 933 3551 979 et

1948 1022 2246 1075 divinitatis
2293 1030 2346 1075 ct
2378 1020 2738 1075 humanitatis
2773 1021 3005 1075 ratione.
3048 1015 3384 1073 Vulneribus
3415 1031 3549 1070 vero

1947 1124 2332 1183 comparatur,
2386 1113 2530 1184 quod
2561 1113 2719 1181 quasi
2757 1114 2810 1167 in
2847 1111 3069 1165 sublimi
3108 1110 3181 1164 sit
3227 1124 3393 1177 supra
3431 1117 3547 1164 ter-

1950 1222 2086 1268 ram.
2127 1218 2183 1261 et
2221 1222 2256 1259 θ
2298 1207 2440 1261 εωιο
2488 1207 2771 1275 desuper:
2814 1204 3011 1259 ecmlo
3047 1204 3195 1258 enim
3253 1202 3421 1258 homo
3463 1208 3550 1256 est

1945 1301 2213 1363 Christus,
2251 1299 2375 1354 licet
2406 1313 2626 1353 carnem
2676 1307 2868 1352 sancta
2921 1293 3093 1364 Virgo
3120 1292 3445 1362 pepererit;
3477 1307 3546 1345 eo

1946 1392 2106 1446 modo
2132 1393 2293 1461 igitur
2313 1392 2549 1459 desuper
2564 1402 2619 1445 et
2644 1392 2711 1444 de
2740 1389 2904 1443 coelo.
2938 1388 3081 1442 Deus
3105 1387 3252 1441 enim
3278 1384 3545 1449 Verbum,

1945 1482 2089 1550 quod
2114 1491 2202 1537 est
2234 1482 2467 1549 desuper
2500 1491 2554 1535 et
2582 1496 2646 1536 ex
2677 1481 2838 1534 Patre
2863 1518 2879 1543 ,
2926 1493 3150 1533 carnem
3198 1492 3265 1531 ex
3324 1476 3548 1547 Virgine

1943 1583 2132 1629 sancta
2156 1574 2447 1641 accipiens,
2480 1583 2536 1627 et
2560 1589 2680 1628 eam
2723 1587 2879 1627 suam
2907 1572 3297 1641 propriamque
3333 1569 3530 1622 existi-

1944 1679 2119 1727 maus,
2158 1674 2412 1733 tanquam
2445 1664 2491 1716 si
2520 1679 2641 1717 eam
2688 1664 2921 1731 desuper
2954 1670 3010 1716 et
3059 1662 3127 1713 de
3173 1658 3316 1714 coelo
3374 1658 3541 1712 detu—

1944 1755 2112 1818 lisset,
2148 1755 2405 1809 dicebat:
2452 1774 2469 1805 ι
2514 1753 2681 1807 Nemo
2731 1752 2978 1807 ascendit
3036 1752 3089 1805 in
3138 1750 3381 1812 caelum,
3435 1749 3543 1803 nisi

1943 1849 2033 1916 qui
2068 1848 2135 1901 dc
2188 1848 2329 1901 cmlo
2380 1846 2665 1901 descendit
2699 1844 2871 1898 Filius
2914 1843 3192 1907 hominis,
3238 1842 3440 1909 quiest
3489 1841 3542 1893 in

1952 1940 2181 1996 cazlo“.
2226 1958 2245 1991 ι
2284 1940 2357 1992 Ea
2387 1940 2532 1992 enim
2585 1953 2707 2007 qua:
2754 1952 2851 1993 sua
2892 1944 3060 1999 sunt,
3110 1934 3343 2004 propria:
3390 1932 3541 1986 carni

1952 2049 2167 2103 semper
2204 2030 2817 2095 attribuit;:ulimatum
2853 2042 2982 2081 vero
3008 2026 3178 2081 semel
3207 2065 3223 2088 ,
3267 2024 3381 2095 jam
3416 2037 3542 2077 cum

1953 2126 2066 2193 ipsa
2101 2140 2264 2177 unum
2296 2122 2507 2177 sciiicet
2531 2122 2857 2175 azstitnatur.

2021 2214 2288 2268 Cretcrmn
2318 2214 2462 2273 vide.
2501 2213 2686 2267 occiso
2721 2228 2829 2265 uno
2879 2210 3047 2280 pullo,
3091 2208 3260 2263 lavari
3315 2208 3541 2277 quidem

1946 2308 2173 2362 alterum
2202 2305 2317 2375 ejus
2351 2306 2638 2373 sanguine.
2675 2314 2856 2357 tamen
2891 2317 2998 2355 non
3046 2302 3219 2355 entori
3251 2318 3265 2365 ;
3318 2308 3372 2353 et
3405 2300 3540 2367 quid

1947 2402 2049 2455 hoc
2074 2400 2185 2453 sit?
2246 2398 2470 2453 Vivebat
2519 2394 2780 2461 Verbum,
2827 2394 2956 2447 licet
3018 2408 3115 2446 sua
3170 2407 3298 2445 caro
3345 2390 3541 2443 fuisset

1945 2500 2215 2553 emortua,
2263 2496 2317 2542 et
2356 2502 2701 2543 communem
2754 2486 3068 2553 passionem
3108 2497 3230 2536 esse
3281 2481 3497 2536 dicebat
3525 2520 3541 2543 ,

1944 2593 2160 2651 propter
2194 2581 2573 2635 adunatiouem
2599 2590 2651 2631 et
2671 2579 3095 2633 familiaritatem
3117 2591 3279 2643 quam
3307 2575 3542 2629 habebat

1943 2689 2063 2726 cum
2095 2687 2281 2725 carne.
2326 2668 2491 2739 Igitur
2519 2669 2696 2737 ipsum
2745 2667 2965 2736 quidem
3011 2666 3145 2725 vivit
3172 2705 3188 2730 ,
3239 2674 3297 2718 ut
3350 2662 3539 2729 Deus;

1943 2778 2141 2829 corpus
2165 2778 2295 2815 Vero
2324 2768 2587 2829 tanquam
2617 2759 2897 2830 proprium
2944 2758 3203 2821 faciebat,
3256 2768 3310 2809 et
3351 2756 3432 2810 sic
3485 2757 3538 2810 in

1948 2871 1999 2911 se
2029 2852 2370 2908 familiariter
2392 2851 2693 2920 accipiebat
2739 2850 2985 2919 corporis
3034 2850 3354 2919 passiones,
3405 2862 3531 2900 cum

1942 2948 2119 3015 ipsum
2156 2944 2290 2997 nihil
2342 2945 2394 2996 in
2444 2952 2635 2995 natura
2689 2942 2908 3009 propria
2946 2949 3249 3009 pateretur.
3304 2939 3537 2993 Prodest

1940 3038 2103 3106 igitur
2130 3047 2183 3089 et
2210 3034 2575 3089 necessarium
2609 3043 2715 3095 est,
2750 3034 2793 3086 si
2830 3036 2880 3085 iu
2910 3050 3017 3087 uno
3045 3032 3265 3087 Christo
3298 3030 3349 3083 id
3376 3032 3528 3085 acci-

1939 3131 2153 3199 piamus
2189 3130 2334 3196 quod
2382 3127 2688 3181 secundum
2735 3125 2880 3180 aliud
2917 3134 2972 3181 et
3002 3125 3147 3177 aliud
3190 3125 3256 3178 de
3296 3139 3407 3178 uno
3442 3138 3540 3177 eo-

1938 3223 2172 3289 demque
2223 3220 2616 3283 constituatur,
2668 3228 2721 3273 ct
2762 3220 2905 3287 quod
2959 3217 3013 3271 in
3066 3216 3176 3270 duo
3212 3215 3380 3270 dividi
3428 3231 3539 3272 non

1940 3315 2291 3383 permittatur
2318 3353 2331 3376 ,
2372 3312 2497 3366 licet
2522 3312 2737 3365 diversa
2768 3310 2910 3363 inter
2944 3324 3024 3372 se,
3064 3318 3119 3362 ct
3151 3307 3380 3362 minime
3408 3323 3536 3363 con-

1937 3407 2228 3467 venientia,
2263 3418 2385 3457 aetu
2411 3418 2534 3458 esse
2560 3403 2831 3457 diCantur.

2012 3500 2103 3553 Est
2136 3509 2316 3553 autem
2352 3498 2457 3551 tale
2490 3495 2633 3564 quod
2670 3495 2813 3547 diro.
2849 3492 3047 3548 Natum
3078 3508 3203 3546 esse
3233 3492 3536 3546 secundum

1935 3605 2159 3643 Carnem
2191 3604 2255 3641 ex
2286 3587 2509 3640 muliere
2549 3586 2714 3639 Deum
2750 3582 2985 3637 dicimus
3032 3581 3262 3635 Verbum
3293 3620 3308 3642 ,
3342 3596 3539 3648 quam-

1937 3681 2018 3735 vis
2053 3681 2306 3733 munitius
2343 3681 2457 3747 ipse
2494 3679 2725 3746 prmbcat
2768 3674 2938 3739 nasri,
2977 3686 3030 3728 ct
3061 3675 3128 3726 ad
3163 3674 3532 3737 nativitatem,

1935 3791 2055 3845 quae
2085 3775 2323 3827 nondum
2370 3784 2491 3826 nata
2525 3782 2671 3833 sunt,
2708 3782 2881 3825 vocet.
2938 3768 3249 3823 Secundum
3300 3768 3443 3823 aliud
3485 3783 3541 3822 et

1936 3869 2080 3921 aliud
2111 3878 2295 3919 natum
2330 3875 2432 3928 est,
2461 3882 2525 3917 eo
2558 3863 2701 3933 quod
2748 3865 2911 3917 homo
2941 3863 3112 3915 nostri
3147 3863 3344 3916 similis
3373 3862 3536 3916 intel—

1950 3961 2187 4027 ligatur;
2218 3968 2369 4012 vocat
2402 3966 2582 4011 autem
2616 3958 2678 4009 ad
2718 3956 3053 4010 nativitatem
3077 3956 3279 4020 omnia,
3306 3969 3371 4009 eo
3394 3955 3542 4023 quod

1935 4062 2127 4104 ttatura
2159 4050 2225 4103 sit
2260 4050 2421 4103 Dens.

2006 4142 2283 4207 Seriptum
2310 4150 2393 4193 est
2429 4141 2593 4194 etiam
2624 4139 2690 4193 de
2719 4140 2836 4205 ipso
2876 4152 2887 4186 :
2931 4156 2950 4189 ι
3010 4137 3150 4191 Puer
3188 4136 3544 4207 proficiebat,

1934 4247 1985 4286 et
2020 4232 2459 4294 confortabatur,
2507 4246 2563 4285 et
2598 4231 2932 4298 implebatur
2979 4228 3247 4297 sapientia
3305 4237 3359 4283 et
3408 4244 3539 4299 gra-

1937 4326 2005 4375 tia
2038 4324 2101 4377 λε’.
2140 4342 2157 4372 ›
2194 4320 2329 4376 Cum
2378 4330 2570 4373 natura
2606 4321 2675 4372 sit
2716 4319 3021 4385 perfectum
3056 4327 3113 4370 ut
3165 4315 3343 4383 Deus,
3390 4326 3444 4370 et
3471 4333 3540 4371 ex

1933 4432 2026 4467 sua
2071 4412 2403 4482 plenitudine
2448 4411 2715 4479 spiritalia
2762 4410 2969 4463 sanctis
3027 4408 3308 4477 impertiat
3349 4425 3362 4471 ;
3410 4421 3541 4461 cum

1935 4508 2104 4571 ipsum
2149 4503 2218 4556 sit
2246 4502 2529 4571 sapientia“:
2562 4502 2719 4551 dator
2745 4508 2796 4551 ct
2824 4498 3037 4567 gratim,
3088 4496 3361 4566 quomodo
3412 4512 3539 4567 pro-

246 4595 498 4656 mumlos,
528 4601 582 4646 et
612 4593 813 4659 lignum
847 4596 1150 4660 cedrinum,
1182 4610 1238 4651 et
1284 4601 1567 4651 coccinum
1607 4610 1660 4653 et
1700 4602 1825 4670 Ιιγς-
1867 4631 1904 4681 υ
1936 4600 2043 4651 lii-it
2072 4612 2224 4662 puer,
2258 4607 2310 4648 et
2336 4596 2599 4662 sapientia
2638 4593 2893 4659 impletur
2946 4604 2998 4643 et
3052 4590 3279 4659 gratia?
3326 4590 3537 4643 Secun-

243 4699 461 4753 sOpnm,
486 4693 540 4737 et
564 4684 842 4753 praecipiet
883 4687 1139 4740 sacerdos
1164 4726 1178 4749 ,
1230 4698 1283 4739 et
1316 4689 1571 4743 occidens
1620 4692 1826 4751 pullum

244 4792 413 4830 unum
447 4777 498 4828 in
533 4791 657 4831 vase
687 4777 856 4841 fictili,
894 4778 944 4829 in
994 4794 1129 4848 aqua
1179 4781 1296 4831 viva
1328 4822 1341 4844 ,
1408 4788 1463 4833 et
1499 4784 1700 4850 pullum
1737 4785 1826 4849 qui

245 4870 380 4922 vivit
430 4869 665 4939 accipiet
698 4910 713 4933 ,
770 4880 823 4922 et
852 4870 1057 4925 lavabit
1112 4873 1263 4924 ilium
1305 4876 1357 4926 in
1391 4876 1655 4944 sanguine
1688 4877 1819 4942 polii

242 4962 410 5016 occisi
443 4963 495 5015 in
516 4978 653 5030 aqua
686 4963 832 5024 viva,
861 4973 914 5015 et
943 4974 1189 5033 aspergat
1221 4981 1383 5032 super
1406 4983 1529 5018 eum
1563 4969 1653 5033 qui
1687 4984 1813 5035 pur-

243 5062 403 5122 gatus
440 5060 516 5104 est
550 5067 579 5103 a
611 5050 755 5119 lepra
792 5054 1011 5120 septies,
1042 5063 1097 5105 et
1129 5055 1361 5109 mundus
1388 5054 1492 5107 erit
1520 5055 1586 5109 ⁸⁷.
1628 5076 1643 5106 ι
1684 5057 1824 5108 lled-

245 5143 329 5198 dit
381 5142 599 5209 quidem
669 5159 765 5196 nos
811 5146 1042 5199 mundos
1078 5188 1091 5210 ,
1136 5155 1189 5198 et
1227 5146 1585 5216 pollntionmn
1643 5151 1835 5203 sordes

245 5233 439 5294 abluit,
472 5242 528 5285 et
559 5234 796 5287 carnalis
830 5236 1290 5302 concupiscentite
1320 5238 1708 5291 mortalitatem
1746 5256 1827 5290 rc-

248 5324 397 5390 pellit
445 5323 668 5391 sanguis
718 5325 1147 5391 pretiosissinms
1198 5328 1437 5389 Christi,
1486 5341 1539 5381 et
1580 5330 1830 5398 purgatio

250 5415 591 5482 baptismatis
639 5429 997 5470 sacrosancti.
1072 5418 1340 5473 Cteterum
1406 5421 1534 5473 illud
1602 5422 1828 5490 aspice:

248 5506 564 5561 amittentes
614 5509 755 5560 enim
804 5510 1131 5577 scriptorum
1188 5514 1293 5565 vim
1330 5516 1647 5567 examinare
1689 5515 1830 5583 quod

252 5600 513 5667 mysterio
570 5602 863 5670 expediat,
921 5605 969 5656 in
1028 5608 1314 5673 plauseritia
1386 5609 1827 5662 memorabimus.

324 5803 368 5832 ⁸⁸
411 5803 427 5855 ι
463 5803 602 5857 Petr.
640 5825 709 5872 ιγ,
756 5809 795 5862 ι,

259 5874 298 5902 ’⁷
327 5873 458 5929 Luc.
501 5891 559 5937 ll,
589 5876 673 5932 5'2.

882 5810 1108 5865 “‘litod
1179 5814 1335 5876 It',‘.i.
1422 5814 1462 5841 λι
1522 5812 1688 5869 Lut‘ll.

1759 5831 1875 5880 λιιι,
1922 5818 1951 5868 ἱιξ

1941 4691 2064 4743 dum
2094 4689 2237 4742 aliud
2271 4698 2324 4741 et
2353 4687 2495 4739 aliud
2537 4706 2547 4738 :
2583 4702 2703 4738 cum
2748 4687 2815 4737 sit
2841 4684 2988 4737 enim
3045 4682 3160 4752 ipse
3189 4683 3330 4735 idem
3375 4682 3541 4737 homo

1939 4781 2099 4835 simul
2143 4789 2196 4831 et
2243 4779 2402 4837 Deus.
2450 4787 2672 4845 propter
2722 4778 2984 4827 lttlllalt'lll
3033 4774 3253 4843 quidem
3308 4774 3535 4843 propria

1940 4874 2085 4925 ducit
2121 4874 2352 4925 humana
2380 4886 2393 4935 ;
2424 4882 2504 4923 est
2529 4882 2710 4922 autem
2746 4868 3045 4937 perfectus,
3087 4876 3143 4920 et
3172 4866 3455 4934 sapientim
3482 4874 3541 4921 et

1937 4964 2125 5033 gratia:
2156 4965 2336 5025 dator,
2371 4971 2427 5015 ut
2466 4962 2629 5014 Deus.

2011 5054 2363 5122 Nnncupatus
2419 5063 2503 5107 est
2560 5052 2723 5105 etiam
2764 5061 2817 5103 et
2860 5047 3281 5118 pritnogenitus,
3324 5057 3379 5103 et
3418 5047 3543 5101 uui-

1939 5148 2194 5217 genitus;
2250 5148 2344 5200 sed
2399 5146 2441 5199 si
2477 5146 2601 5215 quis
2646 5144 2751 5196 vim
2797 5142 2971 5210 ipsam
3018 5141 3255 5195 scrutari
3309 5139 3541 5195 voluerit

1940 5238 2261 5301 dictionmn,
2296 5234 2688 5305 primogenitus
2711 5244 2813 5296 est,
2858 5233 2948 5302 qui
2982 5234 3127 5285 inter
3171 5230 3373 5285 fratres
3411 5230 3535 5299 pln-

1944 5331 2108 5383 rimos
2137 5328 2565 5397 primogenitus;
2593 5327 2904 5397 unigenitus
2940 5339 3068 5377 vero
3097 5364 3110 5389 ,
3167 5332 3226 5377 ut
3264 5322 3527 5392 unigeni-

1940 5430 2045 5486 tus,
2079 5439 2182 5474 non
2210 5420 2319 5488 jam
2358 5420 2773 5489 pritnogcnitus,
2809 5433 2907 5471 nec
2938 5418 3083 5471 inter
3116 5416 3383 5485 plurimos
3418 5414 3533 5469 fra-

1939 5526 2069 5567 tres.
2104 5513 2170 5565 At
2200 5523 2281 5566 est
2314 5514 2447 5582 ipse,
2491 5521 2546 5566 et
2584 5512 2707 5571 hoc.
2741 5518 2795 5565 et
2828 5509 3001 5575 illud;
3050 5508 3326 5576 quomodo
3363 5506 3544 5577 ergo?

1942 5606 2247 5660 Secundum
2286 5605 2426 5659 aliud
2472 5618 2525 5659 et
2572 5604 2716 5657 aliud
2754 5620 2765 5655 :
2804 5600 3205 5671 pritttogenitus
3252 5601 3397 5655 enim
3426 5640 3441 5663 ,
3478 5609 3539 5653 ut

3450 5807 3533 5866 l3.

1998 5831 2150 5885 seqq.
2233 5814 2271 5845 "7
2318 5812 2491 5867 Ltrtit.
2553 5828 2665 5879 MV,
2736 5810 2915 5866 1931.
3002 5811 3035 5839 ⁸³
3080 5806 3236 5863 Joan.
3304 5823 3381 5872 ιιι,
