  <div class='ocr_page' id='page_1' title='image "/cluster/home/n/w/nwhite01/storage/ocr_20150623/75/ien.35556001661032/715.png"; bbox 0 0 3996 6470; ppageno 0'>
   <div class='ocr_carea' id='block_1_1' title="bbox 473 407 3738 529">
    <p class='ocr_par' dir='ltr' id='par_1_1' title="bbox 473 407 3738 529">
     <span class='ocr_line' id='line_1_1' title="bbox 473 407 3738 529; baseline -0.02 -1"><span class='ocrx_word' id='word_1_1' title='bbox 473 472 610 529; x_wconf 62' lang='grc'><strong>1807</strong></span> <span class='ocrx_word' id='word_1_2' title='bbox 1500 454 1560 509; x_wconf 88' lang='lat' dir='ltr'><strong>S.</strong></span> <span class='ocrx_word' id='word_1_3' title='bbox 1604 446 1882 508; x_wconf 69' lang='lat' dir='ltr'><strong>CYRILLI</strong></span> <span class='ocrx_word' id='word_1_4' title='bbox 1918 434 2384 498; x_wconf 63' lang='grc' dir='ltr'>ΑιΕῖιΑΝοιιιΝῑ</span> <span class='ocrx_word' id='word_1_5' title='bbox 2428 425 2749 487; x_wconf 75' lang='lat' dir='ltr'><strong>ARClllEP.</strong></span> <span class='ocrx_word' id='word_1_6' title='bbox 3608 407 3738 465; x_wconf 69' lang='lat' dir='ltr'><strong>H08</strong></span> 
     </span>
    </p>
   </div>
   <div class='ocr_carea' id='block_1_2' title="bbox 474 529 3742 649">
    <p class='ocr_par' dir='ltr' id='par_1_2' title="bbox 474 529 3742 649">
     <span class='ocr_line' id='line_1_2' title="bbox 474 529 3742 649; baseline -0.012 -28"><span class='ocrx_word' id='word_1_7' title='bbox 474 588 615 639; x_wconf 65' lang='grc' dir='ltr'><strong>ίυιετ</strong></span> <span class='ocrx_word' id='word_1_8' title='bbox 635 580 791 649; x_wconf 74' lang='grc'><strong>⁷9⁷</strong></span> <span class='ocrx_word' id='word_1_9' title='bbox 824 574 1083 647; x_wconf 63' lang='lat' dir='ltr'><strong>plurimos</strong></span> <span class='ocrx_word' id='word_1_10' title='bbox 1115 572 1333 635; x_wconf 73' lang='lat' dir='ltr'><strong>fratres,</strong></span> <span class='ocrx_word' id='word_1_11' title='bbox 1367 580 1585 639; x_wconf 77' lang='lat' dir='ltr'><strong>propter</strong></span> <span class='ocrx_word' id='word_1_12' title='bbox 1608 564 2005 621; x_wconf 74' lang='lat' dir='ltr'><strong>humanitatem</strong></span> <span class='ocrx_word' id='word_1_13' title='bbox 2034 577 2049 623; x_wconf 86' lang='lat'><strong>;</strong></span> <span class='ocrx_word' id='word_1_14' title='bbox 2084 562 2128 617; x_wconf 81' lang='grc' dir='ltr'><strong>Λ</strong></span> <span class='ocrx_word' id='word_1_15' title='bbox 2158 555 2467 608; x_wconf 77' lang='lat' dir='ltr'><strong>etiamtunc</strong></span> <span class='ocrx_word' id='word_1_16' title='bbox 2486 564 2609 602; x_wconf 90' lang='lat' dir='ltr'><strong>cum</strong></span> <span class='ocrx_word' id='word_1_17' title='bbox 2634 546 2687 598; x_wconf 93' lang='lat' dir='ltr'><strong>iu</strong></span> <span class='ocrx_word' id='word_1_18' title='bbox 2709 540 2890 643; x_wconf 75' lang='lat' dir='ltr'><strong>multis</strong></span> <span class='ocrx_word' id='word_1_19' title='bbox 2911 539 3073 593; x_wconf 80' lang='lat' dir='ltr'><strong>fuerit</strong></span> <span class='ocrx_word' id='word_1_20' title='bbox 3098 534 3373 639; x_wconf 60' lang='lat' dir='ltr'><strong>irati-lbos</strong></span> <span class='ocrx_word' id='word_1_21' title='bbox 3400 550 3414 585; x_wconf 89' lang='lat'><strong>:</strong></span> <span class='ocrx_word' id='word_1_22' title='bbox 3447 540 3579 584; x_wconf 91' lang='lat' dir='ltr'><strong>tunc</strong></span> <span class='ocrx_word' id='word_1_23' title='bbox 3602 529 3742 581; x_wconf 84' lang='lat' dir='ltr'><strong>enim</strong></span> 
     </span>
    </p>
   </div>
   <div class='ocr_carea' id='block_1_3' title="bbox 475 658 2051 743">
    <p class='ocr_par' dir='ltr' id='par_1_3' title="bbox 475 658 2051 743">
     <span class='ocr_line' id='line_1_3' title="bbox 475 658 2051 743; baseline -0.013 -18"><span class='ocrx_word' id='word_1_24' title='bbox 475 675 782 743; x_wconf 83' lang='lat' dir='ltr'><strong>unigenitus</strong></span> <span class='ocrx_word' id='word_1_25' title='bbox 815 684 975 737; x_wconf 90' lang='lat' dir='ltr'><strong>porro</strong></span> <span class='ocrx_word' id='word_1_26' title='bbox 1007 666 1171 729; x_wconf 88' lang='lat' dir='ltr'><strong>idem,</strong></span> <span class='ocrx_word' id='word_1_27' title='bbox 1218 674 1275 718; x_wconf 94' lang='lat' dir='ltr'><strong>ut</strong></span> <span class='ocrx_word' id='word_1_28' title='bbox 1306 663 1457 718; x_wconf 86' lang='lat' dir='ltr'><strong>solus</strong></span> <span class='ocrx_word' id='word_1_29' title='bbox 1502 676 1568 716; x_wconf 78' lang='lat' dir='ltr'><strong>ex</strong></span> <span class='ocrx_word' id='word_1_30' title='bbox 1602 660 1720 715; x_wconf 82' lang='lat' dir='ltr'><strong>solo</strong></span> <span class='ocrx_word' id='word_1_31' title='bbox 1754 658 1916 712; x_wconf 80' lang='lat' dir='ltr'><strong>Patre</strong></span> <span class='ocrx_word' id='word_1_32' title='bbox 1952 670 2051 707; x_wconf 78' lang='lat' dir='ltr'><strong>na-</strong></span> 
     </span>
    </p>
   </div>
   <div class='ocr_carea' id='block_1_4' title="bbox 476 762 950 825">
    <p class='ocr_par' dir='ltr' id='par_1_4' title="bbox 476 762 950 825">
     <span class='ocr_line' id='line_1_4' title="bbox 476 762 950 825; baseline -0.015 -6"><span class='ocrx_word' id='word_1_33' title='bbox 476 776 585 825; x_wconf 78' lang='lat' dir='ltr'><strong>ttts,</strong></span> <span class='ocrx_word' id='word_1_34' title='bbox 612 773 664 817; x_wconf 86' lang='lat' dir='ltr'><strong>ct</strong></span> <span class='ocrx_word' id='word_1_35' title='bbox 695 772 752 813; x_wconf 78' lang='grc' dir='ltr'><strong>ιιι</strong></span> <span class='ocrx_word' id='word_1_36' title='bbox 788 762 950 813; x_wconf 76' lang='lat' dir='ltr'><strong>heus.</strong></span> 
     </span>
    </p>
   </div>
   <div class='ocr_carea' id='block_1_5' title="bbox 548 842 2054 913">
    <p class='ocr_par' dir='ltr' id='par_1_5' title="bbox 548 842 2054 913">
     <span class='ocr_line' id='line_1_5' title="bbox 548 842 2054 913; baseline -0.013 -5"><span class='ocrx_word' id='word_1_37' title='bbox 548 853 943 909; x_wconf 85' lang='lat' dir='ltr'><strong>Sanctilicatus</strong></span> <span class='ocrx_word' id='word_1_38' title='bbox 994 847 1160 900; x_wconf 80' lang='lat' dir='ltr'><strong>fuisse</strong></span> <span class='ocrx_word' id='word_1_39' title='bbox 1212 845 1412 898; x_wconf 88' lang='lat' dir='ltr'><strong>dicitur</strong></span> <span class='ocrx_word' id='word_1_40' title='bbox 1454 857 1549 913; x_wconf 87' lang='lat' dir='ltr'><strong>per</strong></span> <span class='ocrx_word' id='word_1_41' title='bbox 1590 842 1851 910; x_wconf 84' lang='lat' dir='ltr'><strong>Spiritum</strong></span> <span class='ocrx_word' id='word_1_42' title='bbox 1880 880 1894 905; x_wconf 94' lang='lat'><strong>,</strong></span> <span class='ocrx_word' id='word_1_43' title='bbox 1934 852 2054 891; x_wconf 86' lang='lat' dir='ltr'><strong>cum</strong></span> 
     </span>
    </p>
   </div>
   <div class='ocr_carea' id='block_1_6' title="bbox 478 934 2057 1018">
    <p class='ocr_par' dir='ltr' id='par_1_6' title="bbox 478 934 2057 1018">
     <span class='ocr_line' id='line_1_6' title="bbox 478 934 2057 1018; baseline -0.014 -14"><span class='ocrx_word' id='word_1_44' title='bbox 478 950 597 1018; x_wconf 86' lang='lat' dir='ltr'><strong>ipse</strong></span> <span class='ocrx_word' id='word_1_45' title='bbox 626 947 969 1002; x_wconf 85' lang='lat' dir='ltr'><strong>sanctiticare</strong></span> <span class='ocrx_word' id='word_1_46' title='bbox 1010 941 1184 995; x_wconf 85' lang='lat' dir='ltr'><strong>soleat</strong></span> <span class='ocrx_word' id='word_1_47' title='bbox 1217 938 1571 999; x_wconf 77' lang='lat' dir='ltr'><strong>accedentes;</strong></span> <span class='ocrx_word' id='word_1_48' title='bbox 1621 934 1933 1001; x_wconf 76' lang='lat' dir='ltr'><strong>baptizatus</strong></span> <span class='ocrx_word' id='word_1_49' title='bbox 1973 944 2057 983; x_wconf 88' lang='lat' dir='ltr'><strong>se-</strong></span> 
     </span>
    </p>
   </div>
   <div class='ocr_carea' id='block_1_7' title="bbox 478 1021 2056 1098">
    <p class='ocr_par' dir='ltr' id='par_1_7' title="bbox 478 1021 2056 1098">
     <span class='ocr_line' id='line_1_7' title="bbox 478 1021 2056 1098; baseline -0.013 -4"><span class='ocrx_word' id='word_1_50' title='bbox 478 1042 713 1093; x_wconf 78' lang='lat' dir='ltr'><strong>tnndum</strong></span> <span class='ocrx_word' id='word_1_51' title='bbox 745 1050 985 1095; x_wconf 59' lang='lat' dir='ltr'><strong>omnem,</strong></span> <span class='ocrx_word' id='word_1_52' title='bbox 1032 1032 1122 1098; x_wconf 92' lang='lat' dir='ltr'><strong>qui</strong></span> <span class='ocrx_word' id='word_1_53' title='bbox 1162 1031 1213 1083; x_wconf 90' lang='lat' dir='ltr'><strong>iu</strong></span> <span class='ocrx_word' id='word_1_54' title='bbox 1244 1039 1435 1083; x_wconf 86' lang='lat' dir='ltr'><strong>saneto</strong></span> <span class='ocrx_word' id='word_1_55' title='bbox 1464 1025 1669 1094; x_wconf 83' lang='lat' dir='ltr'><strong>Spiritu</strong></span> <span class='ocrx_word' id='word_1_56' title='bbox 1722 1021 2056 1090; x_wconf 71' lang='lat' dir='ltr'><strong>baptizabat.</strong></span> 
     </span>
    </p>
   </div>
   <div class='ocr_carea' id='block_1_8' title="bbox 480 1110 2061 1197">
    <p class='ocr_par' dir='ltr' id='par_1_8' title="bbox 480 1110 2061 1197">
     <span class='ocr_line' id='line_1_8' title="bbox 480 1110 2061 1197; baseline -0.012 -15"><span class='ocrx_word' id='word_1_57' title='bbox 480 1130 763 1197; x_wconf 78' lang='lat' dir='ltr'><strong>Quomodo</strong></span> <span class='ocrx_word' id='word_1_58' title='bbox 811 1126 973 1195; x_wconf 80' lang='lat' dir='ltr'><strong>igitur</strong></span> <span class='ocrx_word' id='word_1_59' title='bbox 1022 1127 1161 1180; x_wconf 90' lang='lat' dir='ltr'><strong>idem</strong></span> <span class='ocrx_word' id='word_1_60' title='bbox 1198 1132 1257 1176; x_wconf 88' lang='lat' dir='ltr'><strong>et</strong></span> <span class='ocrx_word' id='word_1_61' title='bbox 1303 1117 1607 1173; x_wconf 72' lang='lat' dir='ltr'><strong>sanctificat</strong></span> <span class='ocrx_word' id='word_1_62' title='bbox 1648 1124 1703 1168; x_wconf 88' lang='lat' dir='ltr'><strong>et</strong></span> <span class='ocrx_word' id='word_1_63' title='bbox 1752 1110 2061 1168; x_wconf 72' lang='lat' dir='ltr'><strong>sanctifica-</strong></span> 
     </span>
    </p>
   </div>
   <div class='ocr_carea' id='block_1_9' title="bbox 484 1205 2061 1286">
    <p class='ocr_par' dir='ltr' id='par_1_9' title="bbox 484 1205 2061 1286">
     <span class='ocr_line' id='line_1_9' title="bbox 484 1205 2061 1286; baseline -0.009 -15"><span class='ocrx_word' id='word_1_64' title='bbox 484 1230 605 1281; x_wconf 88' lang='lat' dir='ltr'><strong>tur,</strong></span> <span class='ocrx_word' id='word_1_65' title='bbox 658 1219 896 1286; x_wconf 79' lang='lat' dir='ltr'><strong>haptizat</strong></span> <span class='ocrx_word' id='word_1_66' title='bbox 940 1227 993 1270; x_wconf 89' lang='lat' dir='ltr'><strong>et</strong></span> <span class='ocrx_word' id='word_1_67' title='bbox 1046 1211 1402 1284; x_wconf 76' lang='lat' dir='ltr'><strong>baptizatur?</strong></span> <span class='ocrx_word' id='word_1_68' title='bbox 1458 1209 1765 1262; x_wconf 88' lang='lat' dir='ltr'><strong>Secundum</strong></span> <span class='ocrx_word' id='word_1_69' title='bbox 1814 1205 1958 1260; x_wconf 82' lang='lat' dir='ltr'><strong>aliud</strong></span> <span class='ocrx_word' id='word_1_70' title='bbox 2006 1214 2061 1259; x_wconf 88' lang='lat' dir='ltr'><strong>et</strong></span> 
     </span>
    </p>
   </div>
   <div class='ocr_carea' id='block_1_10' title="bbox 484 1298 2060 1365">
    <p class='ocr_par' dir='ltr' id='par_1_10' title="bbox 484 1298 2060 1365">
     <span class='ocr_line' id='line_1_10' title="bbox 484 1298 2060 1365; baseline -0.01 -4"><span class='ocrx_word' id='word_1_71' title='bbox 484 1308 627 1362; x_wconf 84' lang='lat' dir='ltr'><strong>aliud</strong></span> <span class='ocrx_word' id='word_1_72' title='bbox 660 1329 673 1363; x_wconf 90' lang='lat'><strong>:</strong></span> <span class='ocrx_word' id='word_1_73' title='bbox 705 1307 1070 1361; x_wconf 77' lang='lat' dir='ltr'><strong>sanctiﬁcatur</strong></span> <span class='ocrx_word' id='word_1_74' title='bbox 1100 1305 1246 1359; x_wconf 89' lang='lat' dir='ltr'><strong>enim</strong></span> <span class='ocrx_word' id='word_1_75' title='bbox 1269 1304 1524 1363; x_wconf 86' lang='lat' dir='ltr'><strong>huutaue,</strong></span> <span class='ocrx_word' id='word_1_76' title='bbox 1553 1301 1695 1355; x_wconf 82' lang='lat' dir='ltr'><strong>sicut</strong></span> <span class='ocrx_word' id='word_1_77' title='bbox 1720 1298 1884 1353; x_wconf 87' lang='lat' dir='ltr'><strong>etiam</strong></span> <span class='ocrx_word' id='word_1_78' title='bbox 1925 1299 2060 1365; x_wconf 87' lang='lat' dir='ltr'><strong>hap-</strong></span> 
     </span>
    </p>
   </div>
   <div class='ocr_carea' id='block_1_11' title="bbox 485 1388 2062 1466">
    <p class='ocr_par' dir='ltr' id='par_1_11' title="bbox 485 1388 2062 1466">
     <span class='ocr_line' id='line_1_11' title="bbox 485 1388 2062 1466; baseline -0.006 -15"><span class='ocrx_word' id='word_1_79' title='bbox 485 1404 726 1466; x_wconf 82' lang='lat' dir='ltr'><strong>tizatur;</strong></span> <span class='ocrx_word' id='word_1_80' title='bbox 785 1400 1092 1455; x_wconf 71' lang='lat' dir='ltr'><strong>sanctificat</strong></span> <span class='ocrx_word' id='word_1_81' title='bbox 1136 1405 1317 1449; x_wconf 90' lang='lat' dir='ltr'><strong>autem</strong></span> <span class='ocrx_word' id='word_1_82' title='bbox 1364 1394 1579 1457; x_wconf 82' lang='lat' dir='ltr'><strong>divine,</strong></span> <span class='ocrx_word' id='word_1_83' title='bbox 1632 1400 1689 1446; x_wconf 89' lang='lat' dir='ltr'><strong>et</strong></span> <span class='ocrx_word' id='word_1_84' title='bbox 1723 1389 1961 1458; x_wconf 84' lang='lat' dir='ltr'><strong>baptizat</strong></span> <span class='ocrx_word' id='word_1_85' title='bbox 2010 1388 2062 1441; x_wconf 91' lang='lat' dir='ltr'><strong>in</strong></span> 
     </span>
    </p>
   </div>
   <div class='ocr_carea' id='block_1_12' title="bbox 486 1492 935 1563">
    <p class='ocr_par' dir='ltr' id='par_1_12' title="bbox 486 1492 935 1563">
     <span class='ocr_line' id='line_1_12' title="bbox 486 1492 935 1563; baseline -0.004 -17"><span class='ocrx_word' id='word_1_86' title='bbox 486 1492 693 1563; x_wconf 80' lang='lat' dir='ltr'><strong>Spiritu</strong></span> <span class='ocrx_word' id='word_1_87' title='bbox 722 1505 935 1545; x_wconf 81' lang='lat' dir='ltr'><strong>sancto.</strong></span> 
     </span>
    </p>
   </div>
   <div class='ocr_carea' id='block_1_13' title="bbox 552 1584 1237 1652">
    <p class='ocr_par' dir='ltr' id='par_1_13' title="bbox 552 1584 1237 1652">
     <span class='ocr_line' id='line_1_13' title="bbox 552 1584 1237 1652; baseline -0.009 -13"><span class='ocrx_word' id='word_1_88' title='bbox 552 1584 685 1639; x_wconf 81' lang='lat' dir='ltr'><strong>Cum</strong></span> <span class='ocrx_word' id='word_1_89' title='bbox 716 1585 828 1652; x_wconf 85' lang='lat' dir='ltr'><strong>ipse</strong></span> <span class='ocrx_word' id='word_1_90' title='bbox 851 1584 1075 1637; x_wconf 73' lang='lat' dir='ltr'><strong>suscitet</strong></span> <span class='ocrx_word' id='word_1_91' title='bbox 1094 1597 1237 1635; x_wconf 88' lang='lat' dir='ltr'><strong>mor-</strong></span> 
     </span>
    </p>
   </div>
   <div class='ocr_carea' id='block_1_14' title="bbox 484 1675 1237 1739">
    <p class='ocr_par' dir='ltr' id='par_1_14' title="bbox 484 1675 1237 1739">
     <span class='ocr_line' id='line_1_14' title="bbox 484 1675 1237 1739; baseline -0.004 -12"><span class='ocrx_word' id='word_1_92' title='bbox 484 1688 605 1729; x_wconf 87' lang='lat' dir='ltr'><strong>tuos</strong></span> <span class='ocrx_word' id='word_1_93' title='bbox 633 1714 649 1739; x_wconf 92' lang='lat'><strong>,</strong></span> <span class='ocrx_word' id='word_1_94' title='bbox 692 1675 988 1729; x_wconf 80' lang='lat' dir='ltr'><strong>resurrexit</strong></span> <span class='ocrx_word' id='word_1_95' title='bbox 1020 1690 1048 1725; x_wconf 89' lang='lat' dir='ltr'><strong>a</strong></span> <span class='ocrx_word' id='word_1_96' title='bbox 1091 1690 1237 1725; x_wconf 85' lang='lat' dir='ltr'><strong>inor-</strong></span> 
     </span>
    </p>
   </div>
   <div class='ocr_carea' id='block_1_15' title="bbox 486 1768 1239 1835">
    <p class='ocr_par' dir='ltr' id='par_1_15' title="bbox 486 1768 1239 1835">
     <span class='ocr_line' id='line_1_15' title="bbox 486 1768 1239 1835; baseline -0.004 -14"><span class='ocrx_word' id='word_1_97' title='bbox 486 1771 614 1832; x_wconf 81' lang='lat' dir='ltr'><strong>tnis,</strong></span> <span class='ocrx_word' id='word_1_98' title='bbox 649 1778 842 1822; x_wconf 89' lang='lat' dir='ltr'><strong>etcum</strong></span> <span class='ocrx_word' id='word_1_99' title='bbox 866 1768 934 1820; x_wconf 83' lang='lat' dir='ltr'><strong>sit</strong></span> <span class='ocrx_word' id='word_1_100' title='bbox 966 1782 1061 1835; x_wconf 90' lang='lat' dir='ltr'><strong>per</strong></span> <span class='ocrx_word' id='word_1_101' title='bbox 1088 1776 1239 1819; x_wconf 80' lang='lat' dir='ltr'><strong>natu-</strong></span> 
     </span>
    </p>
   </div>
   <div class='ocr_carea' id='block_1_16' title="bbox 485 1859 1238 1925">
    <p class='ocr_par' dir='ltr' id='par_1_16' title="bbox 485 1859 1238 1925">
     <span class='ocr_line' id='line_1_16' title="bbox 485 1859 1238 1925; baseline -0.007 -9"><span class='ocrx_word' id='word_1_102' title='bbox 485 1879 598 1916; x_wconf 86' lang='lat' dir='ltr'><strong>ram</strong></span> <span class='ocrx_word' id='word_1_103' title='bbox 623 1863 755 1925; x_wconf 88' lang='lat' dir='ltr'><strong>vita,</strong></span> <span class='ocrx_word' id='word_1_104' title='bbox 803 1860 1066 1915; x_wconf 81' lang='lat' dir='ltr'><strong>vivilicari</strong></span> <span class='ocrx_word' id='word_1_105' title='bbox 1105 1859 1238 1913; x_wconf 90' lang='lat' dir='ltr'><strong>dici-</strong></span> 
     </span>
    </p>
   </div>
   <div class='ocr_carea' id='block_1_17' title="bbox 490 1951 1243 2023">
    <p class='ocr_par' dir='ltr' id='par_1_17' title="bbox 490 1951 1243 2023">
     <span class='ocr_line' id='line_1_17' title="bbox 490 1951 1243 2023; baseline -0.005 -16"><span class='ocrx_word' id='word_1_106' title='bbox 490 1967 609 2021; x_wconf 88' lang='lat' dir='ltr'><strong>tur;</strong></span> <span class='ocrx_word' id='word_1_107' title='bbox 645 1956 745 2009; x_wconf 89' lang='lat' dir='ltr'><strong>hoc</strong></span> <span class='ocrx_word' id='word_1_108' title='bbox 786 1970 1019 2023; x_wconf 88' lang='lat' dir='ltr'><strong>quonam</strong></span> <span class='ocrx_word' id='word_1_109' title='bbox 1046 1951 1243 2006; x_wconf 86' lang='lat' dir='ltr'><strong>modo?</strong></span> 
     </span>
    </p>
   </div>
   <div class='ocr_carea' id='block_1_18' title="bbox 487 2043 1244 2111">
    <p class='ocr_par' dir='ltr' id='par_1_18' title="bbox 487 2043 1244 2111">
     <span class='ocr_line' id='line_1_18' title="bbox 487 2043 1244 2111; baseline -0.008 -11"><span class='ocrx_word' id='word_1_110' title='bbox 487 2046 793 2100; x_wconf 80' lang='lat' dir='ltr'><strong>Set-nudum</strong></span> <span class='ocrx_word' id='word_1_111' title='bbox 815 2043 958 2096; x_wconf 90' lang='lat' dir='ltr'><strong>aliud</strong></span> <span class='ocrx_word' id='word_1_112' title='bbox 979 2059 1169 2111; x_wconf 85' lang='lat' dir='ltr'><strong>nempe</strong></span> <span class='ocrx_word' id='word_1_113' title='bbox 1191 2052 1244 2094; x_wconf 91' lang='lat' dir='ltr'><strong>ct</strong></span> 
     </span>
    </p>
   </div>
   <div class='ocr_carea' id='block_1_19' title="bbox 486 2133 1247 2202">
    <p class='ocr_par' dir='ltr' id='par_1_19' title="bbox 486 2133 1247 2202">
     <span class='ocr_line' id='line_1_19' title="bbox 486 2133 1247 2202; baseline -0.007 -14"><span class='ocrx_word' id='word_1_114' title='bbox 486 2135 631 2188; x_wconf 81' lang='lat' dir='ltr'><strong>aliud</strong></span> <span class='ocrx_word' id='word_1_115' title='bbox 675 2135 832 2202; x_wconf 65' lang='lat' dir='ltr'><strong>:ipse</strong></span> <span class='ocrx_word' id='word_1_116' title='bbox 874 2133 1016 2185; x_wconf 87' lang='lat' dir='ltr'><strong>enim</strong></span> <span class='ocrx_word' id='word_1_117' title='bbox 1071 2146 1247 2185; x_wconf 87' lang='lat' dir='ltr'><strong>resur-</strong></span> 
     </span>
    </p>
   </div>
   <div class='ocr_carea' id='block_1_20' title="bbox 490 2224 1241 2296">
    <p class='ocr_par' dir='ltr' id='par_1_20' title="bbox 490 2224 1241 2296">
     <span class='ocr_line' id='line_1_20' title="bbox 490 2224 1241 2296; baseline -0.007 -15"><span class='ocrx_word' id='word_1_118' title='bbox 490 2228 629 2281; x_wconf 78' lang='lat' dir='ltr'><strong>rexit</strong></span> <span class='ocrx_word' id='word_1_119' title='bbox 666 2228 879 2296; x_wconf 72' lang='lat' dir='ltr'><strong>quidem</strong></span> <span class='ocrx_word' id='word_1_120' title='bbox 924 2242 951 2276; x_wconf 91' lang='lat' dir='ltr'><strong>a</strong></span> <span class='ocrx_word' id='word_1_121' title='bbox 994 2224 1241 2286; x_wconf 85' lang='lat' dir='ltr'><strong>mortuis,</strong></span> 
     </span>
    </p>
   </div>
   <div class='ocr_carea' id='block_1_21' title="bbox 485 2317 1247 2371">
    <p class='ocr_par' dir='ltr' id='par_1_21' title="bbox 485 2317 1247 2371">
     <span class='ocr_line' id='line_1_21' title="bbox 485 2317 1247 2371; baseline -0.005 0"><span class='ocrx_word' id='word_1_122' title='bbox 485 2330 538 2371; x_wconf 85' lang='lat' dir='ltr'><strong>et</strong></span> <span class='ocrx_word' id='word_1_123' title='bbox 558 2318 815 2370; x_wconf 84' lang='lat' dir='ltr'><strong>viviticari</strong></span> <span class='ocrx_word' id='word_1_124' title='bbox 846 2317 1033 2370; x_wconf 89' lang='lat' dir='ltr'><strong>dicitut</strong></span> <span class='ocrx_word' id='word_1_125' title='bbox 1057 2331 1247 2369; x_wconf 88' lang='lat' dir='ltr'><strong>secun-</strong></span> 
     </span>
    </p>
   </div>
   <div class='ocr_carea' id='block_1_22' title="bbox 487 2410 1243 2475">
    <p class='ocr_par' dir='ltr' id='par_1_22' title="bbox 487 2410 1243 2475">
     <span class='ocr_line' id='line_1_22' title="bbox 487 2410 1243 2475; baseline -0.008 -8"><span class='ocrx_word' id='word_1_126' title='bbox 487 2415 609 2467; x_wconf 77' lang='lat' dir='ltr'><strong>dum</strong></span> <span class='ocrx_word' id='word_1_127' title='bbox 670 2428 932 2475; x_wconf 86' lang='lat' dir='ltr'><strong>carnem;</strong></span> <span class='ocrx_word' id='word_1_128' title='bbox 1004 2410 1243 2463; x_wconf 80' lang='lat' dir='ltr'><strong>vivilicat</strong></span> 
     </span>
    </p>
   </div>
   <div class='ocr_carea' id='block_1_23' title="bbox 487 2506 1245 2558">
    <p class='ocr_par' dir='ltr' id='par_1_23' title="bbox 487 2506 1245 2558">
     <span class='ocr_line' id='line_1_23' title="bbox 487 2506 1245 2558; baseline -0.007 0"><span class='ocrx_word' id='word_1_129' title='bbox 487 2517 663 2558; x_wconf 84' lang='lat' dir='ltr'><strong>autem</strong></span> <span class='ocrx_word' id='word_1_130' title='bbox 700 2516 754 2557; x_wconf 88' lang='lat' dir='ltr'><strong>ct</strong></span> <span class='ocrx_word' id='word_1_131' title='bbox 784 2506 1013 2558; x_wconf 79' lang='lat' dir='ltr'><strong>suscitat</strong></span> <span class='ocrx_word' id='word_1_132' title='bbox 1041 2520 1068 2555; x_wconf 85' lang='lat' dir='ltr'><strong>a</strong></span> <span class='ocrx_word' id='word_1_133' title='bbox 1101 2518 1245 2556; x_wconf 82' lang='lat' dir='ltr'><strong>mor-</strong></span> 
     </span>
    </p>
   </div>
   <div class='ocr_carea' id='block_1_24' title="bbox 489 2595 1245 2668">
    <p class='ocr_par' dir='ltr' id='par_1_24' title="bbox 489 2595 1245 2668">
     <span class='ocr_line' id='line_1_24' title="bbox 489 2595 1245 2668; baseline -0.007 -16"><span class='ocrx_word' id='word_1_134' title='bbox 489 2599 614 2663; x_wconf 80' lang='lat' dir='ltr'><strong>tuis,</strong></span> <span class='ocrx_word' id='word_1_135' title='bbox 662 2608 845 2668; x_wconf 80' lang='lat' dir='ltr'><strong>utpote.</strong></span> <span class='ocrx_word' id='word_1_136' title='bbox 898 2600 1054 2652; x_wconf 87' lang='lat' dir='ltr'><strong>Dens.</strong></span> <span class='ocrx_word' id='word_1_137' title='bbox 1100 2595 1245 2649; x_wconf 83' lang='lat' dir='ltr'><strong>l’ati—</strong></span> 
     </span>
    </p>
   </div>
   <div class='ocr_carea' id='block_1_25' title="bbox 489 2693 1238 2761">
    <p class='ocr_par' dir='ltr' id='par_1_25' title="bbox 489 2693 1238 2761">
     <span class='ocr_line' id='line_1_25' title="bbox 489 2693 1238 2761; baseline -0.003 -14"><span class='ocrx_word' id='word_1_138' title='bbox 489 2706 596 2757; x_wconf 91' lang='lat' dir='ltr'><strong>tur,</strong></span> <span class='ocrx_word' id='word_1_139' title='bbox 641 2704 692 2746; x_wconf 91' lang='lat' dir='ltr'><strong>et</strong></span> <span class='ocrx_word' id='word_1_140' title='bbox 742 2710 845 2747; x_wconf 92' lang='lat' dir='ltr'><strong>nou</strong></span> <span class='ocrx_word' id='word_1_141' title='bbox 890 2693 1112 2761; x_wconf 84' lang='lat' dir='ltr'><strong>patitur,</strong></span> <span class='ocrx_word' id='word_1_142' title='bbox 1155 2707 1238 2745; x_wconf 87' lang='lat' dir='ltr'><strong>se-</strong></span> 
     </span>
    </p>
   </div>
   <div class='ocr_carea' id='block_1_26' title="bbox 489 2782 1240 2837">
    <p class='ocr_par' dir='ltr' id='par_1_26' title="bbox 489 2782 1240 2837">
     <span class='ocr_line' id='line_1_26' title="bbox 489 2782 1240 2837; baseline -0.007 0"><span class='ocrx_word' id='word_1_143' title='bbox 489 2783 722 2837; x_wconf 71' lang='lat' dir='ltr'><strong>cundum</strong></span> <span class='ocrx_word' id='word_1_144' title='bbox 768 2784 910 2835; x_wconf 84' lang='lat' dir='ltr'><strong>aliud</strong></span> <span class='ocrx_word' id='word_1_145' title='bbox 960 2793 1014 2835; x_wconf 87' lang='lat' dir='ltr'><strong>et</strong></span> <span class='ocrx_word' id='word_1_146' title='bbox 1050 2782 1191 2834; x_wconf 86' lang='lat' dir='ltr'><strong>aliud</strong></span> <span class='ocrx_word' id='word_1_147' title='bbox 1226 2796 1240 2831; x_wconf 89' lang='lat'><strong>:</strong></span> 
     </span>
    </p>
   </div>
   <div class='ocr_carea' id='block_1_27' title="bbox 487 2876 1245 2943">
    <p class='ocr_par' dir='ltr' id='par_1_27' title="bbox 487 2876 1245 2943">
     <span class='ocr_line' id='line_1_27' title="bbox 487 2876 1245 2943; baseline 0.003 -16"><span class='ocrx_word' id='word_1_148' title='bbox 487 2876 696 2943; x_wconf 83' lang='lat' dir='ltr'><strong>patitur</strong></span> <span class='ocrx_word' id='word_1_149' title='bbox 741 2876 958 2943; x_wconf 89' lang='lat' dir='ltr'><strong>quidem</strong></span> <span class='ocrx_word' id='word_1_150' title='bbox 1012 2876 1245 2929; x_wconf 85' lang='lat' dir='ltr'><strong>immane</strong></span> 
     </span>
    </p>
   </div>
   <div class='ocr_carea' id='block_1_28' title="bbox 488 2964 1239 3035">
    <p class='ocr_par' dir='ltr' id='par_1_28' title="bbox 488 2964 1239 3035">
     <span class='ocr_line' id='line_1_28' title="bbox 488 2964 1239 3035; baseline -0.001 -17"><span class='ocrx_word' id='word_1_151' title='bbox 488 2980 749 3023; x_wconf 87' lang='lat' dir='ltr'><strong>carne.eo</strong></span> <span class='ocrx_word' id='word_1_152' title='bbox 776 2967 917 3035; x_wconf 90' lang='lat' dir='ltr'><strong>quod</strong></span> <span class='ocrx_word' id='word_1_153' title='bbox 947 2967 1104 3018; x_wconf 84' lang='lat' dir='ltr'><strong>homo</strong></span> <span class='ocrx_word' id='word_1_154' title='bbox 1135 2964 1239 3030; x_wconf 88' lang='lat' dir='ltr'><strong>sit;</strong></span> 
     </span>
    </p>
   </div>
   <div class='ocr_carea' id='block_1_29' title="bbox 490 3061 1243 3128">
    <p class='ocr_par' dir='ltr' id='par_1_29' title="bbox 490 3061 1243 3128">
     <span class='ocr_line' id='line_1_29' title="bbox 490 3061 1243 3128; baseline 0.003 -16"><span class='ocrx_word' id='word_1_155' title='bbox 490 3061 832 3128; x_wconf 87' lang='lat' dir='ltr'><strong>impassibilis</strong></span> <span class='ocrx_word' id='word_1_156' title='bbox 863 3069 1038 3113; x_wconf 88' lang='lat' dir='ltr'><strong>autem</strong></span> <span class='ocrx_word' id='word_1_157' title='bbox 1064 3061 1243 3114; x_wconf 82' lang='lat' dir='ltr'><strong>divine</strong></span> 
     </span>
    </p>
   </div>
   <div class='ocr_carea' id='block_1_30' title="bbox 1381 1576 2066 1647">
    <p class='ocr_par' dir='ltr' id='par_1_30' title="bbox 1381 1576 2066 1647">
     <span class='ocr_line' id='line_1_30' title="bbox 1381 1576 2066 1647; baseline -0.006 -17"><span class='ocrx_word' id='word_1_158' title='bbox 1381 1577 1550 1641; x_wconf 69' lang='grc' dir='ltr'><strong>Αὐτὸς</strong></span> <span class='ocrx_word' id='word_1_159' title='bbox 1568 1577 1794 1647; x_wconf 76' lang='grc' dir='ltr'><strong>ἐγείρων</strong></span> <span class='ocrx_word' id='word_1_160' title='bbox 1827 1576 1953 1637; x_wconf 73' lang='grc' dir='ltr'><strong>τοὺς</strong></span> <span class='ocrx_word' id='word_1_161' title='bbox 1978 1590 2066 1627; x_wconf 85' lang='grc' dir='ltr'><strong>νε-</strong></span> 
     </span>
    </p>
   </div>
   <div class='ocr_carea' id='block_1_31' title="bbox 1311 1669 2070 1742">
    <p class='ocr_par' dir='ltr' id='par_1_31' title="bbox 1311 1669 2070 1742">
     <span class='ocr_line' id='line_1_31' title="bbox 1311 1669 2070 1742; baseline -0.012 -16"><span class='ocrx_word' id='word_1_162' title='bbox 1311 1674 1496 1742; x_wconf 67' lang='grc' dir='ltr'><strong>κροὺς,</strong></span> <span class='ocrx_word' id='word_1_163' title='bbox 1520 1672 1584 1723; x_wconf 71' lang='grc' dir='ltr'><strong>ἐκ</strong></span> <span class='ocrx_word' id='word_1_164' title='bbox 1607 1669 1815 1739; x_wconf 75' lang='grc' dir='ltr'><strong>νεκρῶν</strong></span> <span class='ocrx_word' id='word_1_165' title='bbox 1837 1669 2070 1737; x_wconf 71' lang='grc' dir='ltr'><strong>ἐγήγερο</strong></span> 
     </span>
    </p>
   </div>
   <div class='ocr_carea' id='block_1_32' title="bbox 1309 1758 2068 1828">
    <p class='ocr_par' dir='ltr' id='par_1_32' title="bbox 1309 1758 2068 1828">
     <span class='ocr_line' id='line_1_32' title="bbox 1309 1758 2068 1828; baseline -0.012 -10"><span class='ocrx_word' id='word_1_166' title='bbox 1309 1782 1429 1818; x_wconf 62' lang='grc' dir='ltr'><strong>ταν</strong></span> <span class='ocrx_word' id='word_1_167' title='bbox 1469 1764 1564 1816; x_wconf 75' lang='grc' dir='ltr'><strong>καὶ</strong></span> <span class='ocrx_word' id='word_1_168' title='bbox 1594 1763 1701 1827; x_wconf 71' lang='grc' dir='ltr'><strong>ζῶν</strong></span> <span class='ocrx_word' id='word_1_169' title='bbox 1732 1760 1874 1813; x_wconf 73' lang='grc' dir='ltr'><strong>κατὰ</strong></span> <span class='ocrx_word' id='word_1_170' title='bbox 1907 1758 2068 1828; x_wconf 66' lang='grc' dir='ltr'><strong>φύσιν</strong></span> 
     </span>
    </p>
   </div>
   <div class='ocr_carea' id='block_1_33' title="bbox 1310 1852 2066 1927">
    <p class='ocr_par' dir='ltr' id='par_1_33' title="bbox 1310 1852 2066 1927">
     <span class='ocr_line' id='line_1_33' title="bbox 1310 1852 2066 1927; baseline -0.012 -16"><span class='ocrx_word' id='word_1_171' title='bbox 1310 1858 1625 1927; x_wconf 71' lang='grc' dir='ltr'><strong>τυγχάνων.</strong></span> <span class='ocrx_word' id='word_1_172' title='bbox 1686 1852 2066 1917; x_wconf 67' lang='grc' dir='ltr'><strong>ζωοποιείσοαι</strong></span> 
     </span>
    </p>
   </div>
   <div class='ocr_carea' id='block_1_34' title="bbox 1312 1949 2069 2023">
    <p class='ocr_par' dir='ltr' id='par_1_34' title="bbox 1312 1949 2069 2023">
     <span class='ocr_line' id='line_1_34' title="bbox 1312 1949 2069 2023; baseline -0.009 -16"><span class='ocrx_word' id='word_1_173' title='bbox 1312 1954 1550 2023; x_wconf 66' lang='grc' dir='ltr'><strong>λέγεται.</strong></span> <span class='ocrx_word' id='word_1_174' title='bbox 1584 1952 1693 2003; x_wconf 72' lang='grc' dir='ltr'><strong>Καὶ</strong></span> <span class='ocrx_word' id='word_1_175' title='bbox 1725 1950 1842 2013; x_wconf 76' lang='grc' dir='ltr'><strong>πῶς</strong></span> <span class='ocrx_word' id='word_1_176' title='bbox 1879 1949 2069 2013; x_wconf 70' lang='grc' dir='ltr'><strong>τοῦτος</strong></span> 
     </span>
    </p>
   </div>
   <div class='ocr_carea' id='block_1_35' title="bbox 1317 2046 2073 2103">
    <p class='ocr_par' dir='ltr' id='par_1_35' title="bbox 1317 2046 2073 2103">
     <span class='ocr_line' id='line_1_35' title="bbox 1317 2046 2073 2103; baseline -0.001 -3"><span class='ocrx_word' id='word_1_177' title='bbox 1317 2048 1451 2100; x_wconf 73' lang='grc' dir='ltr'><strong>Κατ’</strong></span> <span class='ocrx_word' id='word_1_178' title='bbox 1501 2046 1629 2101; x_wconf 77' lang='grc' dir='ltr'><strong>ἄλλο</strong></span> <span class='ocrx_word' id='word_1_179' title='bbox 1680 2050 1773 2101; x_wconf 66' lang='grc' dir='ltr'><strong>καὶ</strong></span> <span class='ocrx_word' id='word_1_180' title='bbox 1824 2049 1969 2103; x_wconf 72' lang='grc' dir='ltr'><strong>ἄλλο.</strong></span> <span class='ocrx_word' id='word_1_181' title='bbox 2016 2046 2073 2099; x_wconf 84' lang='grc' dir='ltr'>Ὀ</span> 
     </span>
    </p>
   </div>
   <div class='ocr_carea' id='block_1_36' title="bbox 1316 2140 2074 2213">
    <p class='ocr_par' dir='ltr' id='par_1_36' title="bbox 1316 2140 2074 2213">
     <span class='ocr_line' id='line_1_36' title="bbox 1316 2140 2074 2213; baseline 0.003 -22"><span class='ocrx_word' id='word_1_182' title='bbox 1316 2140 1424 2210; x_wconf 73' lang='grc' dir='ltr'><strong>γὰρ</strong></span> <span class='ocrx_word' id='word_1_183' title='bbox 1446 2140 1603 2202; x_wconf 72' lang='grc' dir='ltr'><strong>αὐτὸς</strong></span> <span class='ocrx_word' id='word_1_184' title='bbox 1638 2143 1936 2213; x_wconf 71' lang='grc' dir='ltr'><strong>ἐγήγερται</strong></span> <span class='ocrx_word' id='word_1_185' title='bbox 1974 2140 2074 2211; x_wconf 81' lang='grc' dir='ltr'><strong>μὲν</strong></span> 
     </span>
    </p>
   </div>
   <div class='ocr_carea' id='block_1_37' title="bbox 1315 2230 2074 2301">
    <p class='ocr_par' dir='ltr' id='par_1_37' title="bbox 1315 2230 2074 2301">
     <span class='ocr_line' id='line_1_37' title="bbox 1315 2230 2074 2301; baseline 0.001 -18"><span class='ocrx_word' id='word_1_186' title='bbox 1315 2231 1379 2283; x_wconf 79' lang='grc' dir='ltr'><strong>ὲκ</strong></span> <span class='ocrx_word' id='word_1_187' title='bbox 1420 2230 1651 2301; x_wconf 77' lang='grc' dir='ltr'><strong>νεκρῶν,</strong></span> <span class='ocrx_word' id='word_1_188' title='bbox 1696 2230 2074 2293; x_wconf 71' lang='grc' dir='ltr'><strong>ξωοποιείσοαῑ</strong></span> 
     </span>
    </p>
   </div>
   <div class='ocr_carea' id='block_1_38' title="bbox 1314 2324 2071 2394">
    <p class='ocr_par' dir='ltr' id='par_1_38' title="bbox 1314 2324 2071 2394">
     <span class='ocr_line' id='line_1_38' title="bbox 1314 2324 2071 2394; baseline 0.003 -19"><span class='ocrx_word' id='word_1_189' title='bbox 1314 2341 1373 2377; x_wconf 83' lang='grc' dir='ltr'><strong>τε</strong></span> <span class='ocrx_word' id='word_1_190' title='bbox 1420 2324 1636 2391; x_wconf 74' lang='grc' dir='ltr'><strong>λέγεται</strong></span> <span class='ocrx_word' id='word_1_191' title='bbox 1686 2324 1826 2377; x_wconf 70' lang='grc' dir='ltr'><strong>κατὰ</strong></span> <span class='ocrx_word' id='word_1_192' title='bbox 1874 2325 2071 2394; x_wconf 68' lang='grc' dir='ltr'><strong>σάρκα,</strong></span> 
     </span>
    </p>
   </div>
   <div class='ocr_carea' id='block_1_39' title="bbox 1317 2417 2074 2487">
    <p class='ocr_par' dir='ltr' id='par_1_39' title="bbox 1317 2417 2074 2487">
     <span class='ocr_line' id='line_1_39' title="bbox 1317 2417 2074 2487; baseline -0.001 -16"><span class='ocrx_word' id='word_1_193' title='bbox 1317 2417 1572 2481; x_wconf 79' lang='grc' dir='ltr'>ζωοποιεῖ</span> <span class='ocrx_word' id='word_1_194' title='bbox 1592 2419 1647 2472; x_wconf 73' lang='grc' dir='ltr'><strong>δὲ</strong></span> <span class='ocrx_word' id='word_1_195' title='bbox 1675 2420 1765 2471; x_wconf 69' lang='grc' dir='ltr'><strong>καὶ</strong></span> <span class='ocrx_word' id='word_1_196' title='bbox 1790 2418 2074 2487; x_wconf 69' lang='grc' dir='ltr'><strong>ἀνίπτησιν</strong></span> 
     </span>
    </p>
   </div>
   <div class='ocr_carea' id='block_1_40' title="bbox 1314 2506 2069 2577">
    <p class='ocr_par' dir='ltr' id='par_1_40' title="bbox 1314 2506 2069 2577">
     <span class='ocr_line' id='line_1_40' title="bbox 1314 2506 2069 2577; baseline 0.003 -20"><span class='ocrx_word' id='word_1_197' title='bbox 1314 2508 1441 2569; x_wconf 70' lang='grc' dir='ltr'>τοὺς</span> <span class='ocrx_word' id='word_1_198' title='bbox 1486 2508 1730 2577; x_wconf 68' lang='grc' dir='ltr'><strong>νεκροὺς,</strong></span> <span class='ocrx_word' id='word_1_199' title='bbox 1783 2506 1857 2569; x_wconf 79' lang='grc' dir='ltr'><strong>ὡς</strong></span> <span class='ocrx_word' id='word_1_200' title='bbox 1905 2507 2069 2570; x_wconf 79' lang='grc' dir='ltr'><strong>θεός·</strong></span> 
     </span>
    </p>
   </div>
   <div class='ocr_carea' id='block_1_41' title="bbox 1317 2599 2071 2668">
    <p class='ocr_par' dir='ltr' id='par_1_41' title="bbox 1317 2599 2071 2668">
     <span class='ocr_line' id='line_1_41' title="bbox 1317 2599 2071 2668; baseline -0.003 -16"><span class='ocrx_word' id='word_1_201' title='bbox 1317 2600 1537 2668; x_wconf 73' lang='grc' dir='ltr'><strong>πάσχει.</strong></span> <span class='ocrx_word' id='word_1_202' title='bbox 1590 2601 1683 2652; x_wconf 65' lang='grc' dir='ltr'><strong>καὶ</strong></span> <span class='ocrx_word' id='word_1_203' title='bbox 1727 2600 1786 2651; x_wconf 72' lang='grc' dir='ltr'><strong>οὗ</strong></span> <span class='ocrx_word' id='word_1_204' title='bbox 1852 2599 2071 2667; x_wconf 71' lang='grc' dir='ltr'><strong>πάσχει,</strong></span> 
     </span>
    </p>
   </div>
   <div class='ocr_carea' id='block_1_42' title="bbox 1318 2690 2077 2746">
    <p class='ocr_par' dir='ltr' id='par_1_42' title="bbox 1318 2690 2077 2746">
     <span class='ocr_line' id='line_1_42' title="bbox 1318 2690 2077 2746; baseline -0.005 0"><span class='ocrx_word' id='word_1_205' title='bbox 1318 2696 1439 2746; x_wconf 73' lang='grc' dir='ltr'><strong>κατ’</strong></span> <span class='ocrx_word' id='word_1_206' title='bbox 1481 2692 1607 2746; x_wconf 76' lang='grc' dir='ltr'><strong>ἄλλο</strong></span> <span class='ocrx_word' id='word_1_207' title='bbox 1652 2692 1742 2743; x_wconf 71' lang='grc' dir='ltr'>καὶ</span> <span class='ocrx_word' id='word_1_208' title='bbox 1788 2692 1941 2745; x_wconf 76' lang='grc' dir='ltr'>ἄλλο’</span> <span class='ocrx_word' id='word_1_209' title='bbox 1976 2690 2077 2743; x_wconf 77' lang='grc' dir='ltr'><strong>πά-</strong></span> 
     </span>
    </p>
   </div>
   <div class='ocr_carea' id='block_1_43' title="bbox 1319 2787 2068 2859">
    <p class='ocr_par' dir='ltr' id='par_1_43' title="bbox 1319 2787 2068 2859">
     <span class='ocr_line' id='line_1_43' title="bbox 1319 2787 2068 2859; baseline -0.001 -20"><span class='ocrx_word' id='word_1_210' title='bbox 1319 2805 1436 2857; x_wconf 80' lang='grc' dir='ltr'><strong>σχει</strong></span> <span class='ocrx_word' id='word_1_211' title='bbox 1488 2788 1583 2859; x_wconf 77' lang='grc' dir='ltr'><strong>μὲν</strong></span> <span class='ocrx_word' id='word_1_212' title='bbox 1639 2790 1746 2856; x_wconf 71' lang='grc' dir='ltr'><strong>γὰρ</strong></span> <span class='ocrx_word' id='word_1_213' title='bbox 1794 2787 2068 2856; x_wconf 74' lang='grc' dir='ltr'><strong>ἀνθρωπί-</strong></span> 
     </span>
    </p>
   </div>
   <div class='ocr_carea' id='block_1_44' title="bbox 1316 2878 2077 2948">
    <p class='ocr_par' dir='ltr' id='par_1_44' title="bbox 1316 2878 2077 2948">
     <span class='ocr_line' id='line_1_44' title="bbox 1316 2878 2077 2948; baseline -0.004 -16"><span class='ocrx_word' id='word_1_214' title='bbox 1316 2898 1423 2942; x_wconf 77' lang='grc' dir='ltr'>νως</span> <span class='ocrx_word' id='word_1_215' title='bbox 1454 2879 1647 2948; x_wconf 66' lang='grc' dir='ltr'>σαρκὶ,</span> <span class='ocrx_word' id='word_1_216' title='bbox 1691 2878 1827 2931; x_wconf 74' lang='grc' dir='ltr'><strong>καοὸ</strong></span> <span class='ocrx_word' id='word_1_217' title='bbox 1870 2878 2077 2948; x_wconf 78' lang='grc' dir='ltr'><strong>ἄνθρω-</strong></span> 
     </span>
    </p>
   </div>
   <div class='ocr_carea' id='block_1_45' title="bbox 1316 2970 2076 3038">
    <p class='ocr_par' dir='ltr' id='par_1_45' title="bbox 1316 2970 2076 3038">
     <span class='ocr_line' id='line_1_45' title="bbox 1316 2970 2076 3038; baseline -0.004 -13"><span class='ocrx_word' id='word_1_218' title='bbox 1316 2990 1416 3036; x_wconf 73' lang='grc' dir='ltr'><strong>πος</strong></span> <span class='ocrx_word' id='word_1_219' title='bbox 1439 2988 1451 3001; x_wconf 90' lang='grc'><strong>·</strong></span> <span class='ocrx_word' id='word_1_220' title='bbox 1487 2972 1697 3038; x_wconf 75' lang='grc' dir='ltr'><strong>ἀπαθὴς</strong></span> <span class='ocrx_word' id='word_1_221' title='bbox 1731 2972 1784 3023; x_wconf 80' lang='grc' dir='ltr'><strong>δέ</strong></span> <span class='ocrx_word' id='word_1_222' title='bbox 1820 2973 1935 3023; x_wconf 64' lang='grc' dir='ltr'><strong>ἐδτι</strong></span> <span class='ocrx_word' id='word_1_223' title='bbox 1968 2970 2076 3023; x_wconf 77' lang='grc' dir='ltr'><strong>Θεῖ-</strong></span> 
     </span>
    </p>
   </div>
   <div class='ocr_carea' id='block_1_46' title="bbox 1315 3064 1735 3128">
    <p class='ocr_par' dir='ltr' id='par_1_46' title="bbox 1315 3064 1735 3128">
     <span class='ocr_line' id='line_1_46' title="bbox 1315 3064 1735 3128; baseline 0 -11"><span class='ocrx_word' id='word_1_224' title='bbox 1315 3066 1448 3128; x_wconf 80' lang='grc' dir='ltr'><strong>κῶς,</strong></span> <span class='ocrx_word' id='word_1_225' title='bbox 1479 3064 1553 3127; x_wconf 78' lang='grc' dir='ltr'><strong>ὡς</strong></span> <span class='ocrx_word' id='word_1_226' title='bbox 1584 3064 1735 3127; x_wconf 77' lang='grc' dir='ltr'><strong>Θεός.</strong></span> 
     </span>
    </p>
   </div>
   <div class='ocr_carea' id='block_1_47' title="bbox 491 3153 959 3216">
    <p class='ocr_par' dir='ltr' id='par_1_47' title="bbox 491 3153 959 3216">
     <span class='ocr_line' id='line_1_47' title="bbox 491 3153 959 3216; baseline 0.009 -12"><span class='ocrx_word' id='word_1_227' title='bbox 491 3164 692 3216; x_wconf 86' lang='lat' dir='ltr'><strong>manet,</strong></span> <span class='ocrx_word' id='word_1_228' title='bbox 722 3164 776 3206; x_wconf 89' lang='lat' dir='ltr'><strong>ut</strong></span> <span class='ocrx_word' id='word_1_229' title='bbox 802 3153 959 3208; x_wconf 87' lang='lat' dir='ltr'><strong>Deus.</strong></span> 
     </span>
    </p>
   </div>
   <div class='ocr_carea' id='block_1_48' title="bbox 560 3239 2139 3313">
    <p class='ocr_par' dir='ltr' id='par_1_48' title="bbox 560 3239 2139 3313">
     <span class='ocr_line' id='line_1_48' title="bbox 560 3239 2139 3313; baseline -0.004 -18"><span class='ocrx_word' id='word_1_230' title='bbox 560 3244 817 3297; x_wconf 73' lang='lat' dir='ltr'><strong>Adoravit</strong></span> <span class='ocrx_word' id='word_1_231' title='bbox 848 3246 959 3313; x_wconf 88' lang='lat' dir='ltr'><strong>ipse</strong></span> <span class='ocrx_word' id='word_1_232' title='bbox 982 3244 1262 3297; x_wconf 84' lang='lat' dir='ltr'><strong>nohiscntn</strong></span> <span class='ocrx_word' id='word_1_233' title='bbox 1293 3260 1305 3297; x_wconf 89' lang='lat'><strong>:</strong></span> <span class='ocrx_word' id='word_1_234' title='bbox 1335 3260 1354 3293; x_wconf 77' lang='grc' dir='ltr'><strong>ι</strong></span> <span class='ocrx_word' id='word_1_235' title='bbox 1397 3240 1508 3296; x_wconf 78' lang='lat' dir='ltr'><strong>Vos</strong></span> <span class='ocrx_word' id='word_1_236' title='bbox 1548 3240 1713 3303; x_wconf 90' lang='lat' dir='ltr'><strong>enim,</strong></span> <span class='ocrx_word' id='word_1_237' title='bbox 1746 3239 1937 3308; x_wconf 85' lang='lat' dir='ltr'><strong>inquit,</strong></span> <span class='ocrx_word' id='word_1_238' title='bbox 1974 3239 2039 3290; x_wconf 90' lang='lat' dir='ltr'><strong>ad</strong></span> <span class='ocrx_word' id='word_1_239' title='bbox 2096 3241 2139 3299; x_wconf 86' lang='lat' dir='ltr'><strong>C</strong></span> 
     </span>
    </p>
   </div>
   <div class='ocr_carea' id='block_1_49' title="bbox 491 3328 2062 3400">
    <p class='ocr_par' dir='ltr' id='par_1_49' title="bbox 491 3328 2062 3400">
     <span class='ocr_line' id='line_1_49' title="bbox 491 3328 2062 3400; baseline -0.008 -14"><span class='ocrx_word' id='word_1_240' title='bbox 491 3332 657 3386; x_wconf 85' lang='lat' dir='ltr'><strong>oratis</strong></span> <span class='ocrx_word' id='word_1_241' title='bbox 675 3333 815 3400; x_wconf 88' lang='lat' dir='ltr'><strong>quod</strong></span> <span class='ocrx_word' id='word_1_242' title='bbox 844 3334 1099 3399; x_wconf 89' lang='lat' dir='ltr'><strong>nescitis;</strong></span> <span class='ocrx_word' id='word_1_243' title='bbox 1122 3348 1218 3386; x_wconf 90' lang='lat' dir='ltr'><strong>nos</strong></span> <span class='ocrx_word' id='word_1_244' title='bbox 1238 3332 1527 3385; x_wconf 90' lang='lat' dir='ltr'><strong>adoramus</strong></span> <span class='ocrx_word' id='word_1_245' title='bbox 1550 3330 1688 3398; x_wconf 85' lang='lat' dir='ltr'><strong>quod</strong></span> <span class='ocrx_word' id='word_1_246' title='bbox 1708 3329 1911 3383; x_wconf 82' lang='lat' dir='ltr'><strong>scimus</strong></span> <span class='ocrx_word' id='word_1_247' title='bbox 1931 3328 2014 3393; x_wconf 84' lang='grc'><strong>³⁶;</strong></span> <span class='ocrx_word' id='word_1_248' title='bbox 2046 3348 2062 3379; x_wconf 69' lang='grc' dir='ltr'><strong>ι</strong></span> 
     </span>
    </p>
   </div>
   <div class='ocr_carea' id='block_1_50' title="bbox 491 3419 2067 3487">
    <p class='ocr_par' dir='ltr' id='par_1_50' title="bbox 491 3419 2067 3487">
     <span class='ocr_line' id='line_1_50' title="bbox 491 3419 2067 3487; baseline -0.003 -11"><span class='ocrx_word' id='word_1_249' title='bbox 491 3432 657 3476; x_wconf 79' lang='lat' dir='ltr'><strong>etest</strong></span> <span class='ocrx_word' id='word_1_250' title='bbox 689 3423 851 3476; x_wconf 90' lang='lat' dir='ltr'><strong>etiam</strong></span> <span class='ocrx_word' id='word_1_251' title='bbox 877 3423 1183 3477; x_wconf 85' lang='lat' dir='ltr'><strong>adorandus</strong></span> <span class='ocrx_word' id='word_1_252' title='bbox 1219 3438 1231 3472; x_wconf 89' lang='lat'><strong>:</strong></span> <span class='ocrx_word' id='word_1_253' title='bbox 1267 3442 1284 3473; x_wconf 77' lang='grc' dir='ltr'><strong>ι</strong></span> <span class='ocrx_word' id='word_1_254' title='bbox 1322 3420 1580 3474; x_wconf 79' lang='lat' dir='ltr'><strong>Flectitur</strong></span> <span class='ocrx_word' id='word_1_255' title='bbox 1600 3419 1739 3473; x_wconf 89' lang='lat' dir='ltr'><strong>enim</strong></span> <span class='ocrx_word' id='word_1_256' title='bbox 1775 3420 1873 3487; x_wconf 88' lang='lat' dir='ltr'><strong>ipsi</strong></span> <span class='ocrx_word' id='word_1_257' title='bbox 1909 3436 2067 3472; x_wconf 73' lang='lat' dir='ltr'><strong>uutno:</strong></span> 
     </span>
    </p>
   </div>
   <div class='ocr_carea' id='block_1_51' title="bbox 492 3510 2064 3583">
    <p class='ocr_par' dir='ltr' id='par_1_51' title="bbox 492 3510 2064 3583">
     <span class='ocr_line' id='line_1_51' title="bbox 492 3510 2064 3583; baseline 0 -16"><span class='ocrx_word' id='word_1_258' title='bbox 492 3529 629 3583; x_wconf 83' lang='lat' dir='ltr'><strong>genu</strong></span> <span class='ocrx_word' id='word_1_259' title='bbox 680 3514 747 3565; x_wconf 78' lang='grc'>⁸⁸.</span> <span class='ocrx_word' id='word_1_260' title='bbox 786 3532 804 3565; x_wconf 73' lang='grc' dir='ltr'><strong>ι</strong></span> <span class='ocrx_word' id='word_1_261' title='bbox 840 3514 951 3569; x_wconf 89' lang='lat' dir='ltr'><strong>lloe</strong></span> <span class='ocrx_word' id='word_1_262' title='bbox 1001 3530 1217 3583; x_wconf 89' lang='lat' dir='ltr'><strong>quoque</strong></span> <span class='ocrx_word' id='word_1_263' title='bbox 1262 3513 1556 3567; x_wconf 86' lang='lat' dir='ltr'><strong>secnndum</strong></span> <span class='ocrx_word' id='word_1_264' title='bbox 1619 3510 1763 3564; x_wconf 89' lang='lat' dir='ltr'><strong>aliud</strong></span> <span class='ocrx_word' id='word_1_265' title='bbox 1813 3521 1868 3564; x_wconf 90' lang='lat' dir='ltr'><strong>et</strong></span> <span class='ocrx_word' id='word_1_266' title='bbox 1898 3511 2064 3567; x_wconf 87' lang='lat' dir='ltr'><strong>aliud.</strong></span> 
     </span>
    </p>
   </div>
   <div class='ocr_carea' id='block_1_52' title="bbox 492 3604 2071 3675">
    <p class='ocr_par' dir='ltr' id='par_1_52' title="bbox 492 3604 2071 3675">
     <span class='ocr_line' id='line_1_52' title="bbox 492 3604 2071 3675; baseline -0.001 -18"><span class='ocrx_word' id='word_1_267' title='bbox 492 3607 696 3660; x_wconf 76' lang='lat' dir='ltr'><strong>Adnrat</strong></span> <span class='ocrx_word' id='word_1_268' title='bbox 726 3607 896 3669; x_wconf 88' lang='lat' dir='ltr'><strong>enim,</strong></span> <span class='ocrx_word' id='word_1_269' title='bbox 922 3610 1050 3675; x_wconf 88' lang='lat' dir='ltr'><strong>quia</strong></span> <span class='ocrx_word' id='word_1_270' title='bbox 1084 3617 1329 3658; x_wconf 84' lang='lat' dir='ltr'><strong>naturain</strong></span> <span class='ocrx_word' id='word_1_271' title='bbox 1354 3604 1668 3672; x_wconf 82' lang='lat' dir='ltr'><strong>aSsuutpsit,</strong></span> <span class='ocrx_word' id='word_1_272' title='bbox 1714 3619 1835 3671; x_wconf 74' lang='lat' dir='ltr'><strong>qua:</strong></span> <span class='ocrx_word' id='word_1_273' title='bbox 1875 3604 2071 3656; x_wconf 83' lang='lat' dir='ltr'><strong>debeat</strong></span> 
     </span>
    </p>
   </div>
   <div class='ocr_carea' id='block_1_53' title="bbox 495 3696 2069 3767">
    <p class='ocr_par' dir='ltr' id='par_1_53' title="bbox 495 3696 2069 3767">
     <span class='ocr_line' id='line_1_53' title="bbox 495 3696 2069 3767; baseline -0.003 -17"><span class='ocrx_word' id='word_1_274' title='bbox 495 3700 723 3752; x_wconf 87' lang='lat' dir='ltr'><strong>adorare</strong></span> <span class='ocrx_word' id='word_1_275' title='bbox 752 3716 768 3763; x_wconf 89' lang='lat'><strong>;</strong></span> <span class='ocrx_word' id='word_1_276' title='bbox 805 3698 1063 3752; x_wconf 88' lang='lat' dir='ltr'><strong>adoratur</strong></span> <span class='ocrx_word' id='word_1_277' title='bbox 1093 3708 1272 3751; x_wconf 88' lang='lat' dir='ltr'><strong>autent</strong></span> <span class='ocrx_word' id='word_1_278' title='bbox 1310 3711 1471 3767; x_wconf 89' lang='lat' dir='ltr'><strong>porro</strong></span> <span class='ocrx_word' id='word_1_279' title='bbox 1504 3697 1667 3761; x_wconf 88' lang='lat' dir='ltr'><strong>idem,</strong></span> <span class='ocrx_word' id='word_1_280' title='bbox 1712 3697 1865 3763; x_wconf 83' lang='lat' dir='ltr'><strong>quasi</strong></span> <span class='ocrx_word' id='word_1_281' title='bbox 1900 3696 2069 3764; x_wconf 83' lang='lat' dir='ltr'><strong>major</strong></span> 
     </span>
    </p>
   </div>
   <div class='ocr_carea' id='block_1_54' title="bbox 495 3785 2067 3855">
    <p class='ocr_par' dir='ltr' id='par_1_54' title="bbox 495 3785 2067 3855">
     <span class='ocr_line' id='line_1_54' title="bbox 495 3785 2067 3855; baseline 0.001 -18"><span class='ocrx_word' id='word_1_282' title='bbox 495 3787 758 3841; x_wconf 84' lang='lat' dir='ltr'><strong>adorante</strong></span> <span class='ocrx_word' id='word_1_283' title='bbox 805 3798 1019 3853; x_wconf 85' lang='lat' dir='ltr'><strong>natura,</strong></span> <span class='ocrx_word' id='word_1_284' title='bbox 1067 3800 1133 3840; x_wconf 86' lang='lat' dir='ltr'><strong>eo</strong></span> <span class='ocrx_word' id='word_1_285' title='bbox 1183 3788 1325 3855; x_wconf 86' lang='lat' dir='ltr'><strong>quod</strong></span> <span class='ocrx_word' id='word_1_286' title='bbox 1376 3785 1695 3854; x_wconf 83' lang='lat' dir='ltr'><strong>intelligitur</strong></span> <span class='ocrx_word' id='word_1_287' title='bbox 1744 3787 1901 3839; x_wconf 82' lang='lat' dir='ltr'><strong>Dens.</strong></span> <span class='ocrx_word' id='word_1_288' title='bbox 1959 3788 2067 3840; x_wconf 81' lang='lat' dir='ltr'><strong>Ad-</strong></span> 
     </span>
    </p>
   </div>
   <div class='ocr_carea' id='block_1_55' title="bbox 494 3877 2069 3941">
    <p class='ocr_par' dir='ltr' id='par_1_55' title="bbox 494 3877 2069 3941">
     <span class='ocr_line' id='line_1_55' title="bbox 494 3877 2069 3941; baseline -0.004 -5"><span class='ocrx_word' id='word_1_289' title='bbox 494 3881 744 3939; x_wconf 87' lang='lat' dir='ltr'><strong>oratione</strong></span> <span class='ocrx_word' id='word_1_290' title='bbox 768 3895 897 3934; x_wconf 87' lang='lat' dir='ltr'><strong>vero</strong></span> <span class='ocrx_word' id='word_1_291' title='bbox 928 3897 1031 3932; x_wconf 89' lang='lat' dir='ltr'><strong>non</strong></span> <span class='ocrx_word' id='word_1_292' title='bbox 1062 3890 1143 3931; x_wconf 88' lang='lat' dir='ltr'><strong>est</strong></span> <span class='ocrx_word' id='word_1_293' title='bbox 1166 3877 1510 3932; x_wconf 81' lang='lat' dir='ltr'><strong>dividendum</strong></span> <span class='ocrx_word' id='word_1_294' title='bbox 1545 3878 1597 3930; x_wconf 88' lang='lat' dir='ltr'><strong>iu</strong></span> <span class='ocrx_word' id='word_1_295' title='bbox 1625 3878 1896 3941; x_wconf 82' lang='lat' dir='ltr'><strong>hominem</strong></span> <span class='ocrx_word' id='word_1_296' title='bbox 1919 3893 2069 3932; x_wconf 63' lang='lat' dir='ltr'><strong>seoro</strong></span> 
     </span>
    </p>
   </div>
   <div class='ocr_carea' id='block_1_56' title="bbox 496 3970 2073 4039">
    <p class='ocr_par' dir='ltr' id='par_1_56' title="bbox 496 3970 2073 4039">
     <span class='ocr_line' id='line_1_56' title="bbox 496 3970 2073 4039; baseline -0.003 -12"><span class='ocrx_word' id='word_1_297' title='bbox 496 3990 589 4028; x_wconf 87' lang='lat' dir='ltr'><strong>sus</strong></span> <span class='ocrx_word' id='word_1_298' title='bbox 614 3984 667 4027; x_wconf 89' lang='lat' dir='ltr'><strong>et</strong></span> <span class='ocrx_word' id='word_1_299' title='bbox 696 3987 915 4026; x_wconf 89' lang='lat' dir='ltr'><strong>seorsus</strong></span> <span class='ocrx_word' id='word_1_300' title='bbox 948 3971 1000 4025; x_wconf 88' lang='lat' dir='ltr'><strong>itt</strong></span> <span class='ocrx_word' id='word_1_301' title='bbox 1047 3970 1248 4035; x_wconf 85' lang='lat' dir='ltr'><strong>Deum;</strong></span> <span class='ocrx_word' id='word_1_302' title='bbox 1292 3986 1468 4039; x_wconf 86' lang='lat' dir='ltr'><strong>neque</strong></span> <span class='ocrx_word' id='word_1_303' title='bbox 1502 3985 1631 4025; x_wconf 83' lang='lat' dir='ltr'><strong>vero</strong></span> <span class='ocrx_word' id='word_1_304' title='bbox 1674 3982 1928 4039; x_wconf 86' lang='lat' dir='ltr'><strong>tanquam</strong></span> <span class='ocrx_word' id='word_1_305' title='bbox 1966 3970 2073 4024; x_wconf 78' lang='lat' dir='ltr'><strong>Deo</strong></span> 
     </span>
    </p>
   </div>
   <div class='ocr_carea' id='block_1_57' title="bbox 495 4060 2071 4131">
    <p class='ocr_par' dir='ltr' id='par_1_57' title="bbox 495 4060 2071 4131">
     <span class='ocr_line' id='line_1_57' title="bbox 495 4060 2071 4131; baseline -0.005 -12"><span class='ocrx_word' id='word_1_306' title='bbox 495 4063 841 4131; x_wconf 79' lang='lat' dir='ltr'><strong>cenjuncmm</strong></span> <span class='ocrx_word' id='word_1_307' title='bbox 860 4062 1165 4130; x_wconf 77' lang='lat' dir='ltr'><strong>:equalitatc</strong></span> <span class='ocrx_word' id='word_1_308' title='bbox 1185 4062 1484 4131; x_wconf 85' lang='lat' dir='ltr'><strong>dignitatis,</strong></span> <span class='ocrx_word' id='word_1_309' title='bbox 1508 4060 1699 4114; x_wconf 67' lang='lat' dir='ltr'><strong>divisis</strong></span> <span class='ocrx_word' id='word_1_310' title='bbox 1729 4060 2071 4126; x_wconf 75' lang='lat' dir='ltr'><strong>substantiis,</strong></span> 
     </span>
    </p>
   </div>
   <div class='ocr_carea' id='block_1_58' title="bbox 496 4153 2073 4221">
    <p class='ocr_par' dir='ltr' id='par_1_58' title="bbox 496 4153 2073 4221">
     <span class='ocr_line' id='line_1_58' title="bbox 496 4153 2073 4221; baseline -0.002 -12"><span class='ocrx_word' id='word_1_311' title='bbox 496 4170 620 4209; x_wconf 87' lang='lat' dir='ltr'><strong>cum</strong></span> <span class='ocrx_word' id='word_1_312' title='bbox 667 4154 785 4220; x_wconf 85' lang='lat' dir='ltr'><strong>ipso</strong></span> <span class='ocrx_word' id='word_1_313' title='bbox 832 4155 1045 4205; x_wconf 89' lang='lat' dir='ltr'><strong>adorari</strong></span> <span class='ocrx_word' id='word_1_314' title='bbox 1076 4154 1305 4207; x_wconf 89' lang='lat' dir='ltr'><strong>dicimus</strong></span> <span class='ocrx_word' id='word_1_315' title='bbox 1358 4154 1632 4206; x_wconf 77' lang='lat' dir='ltr'><strong>hominem</strong></span> <span class='ocrx_word' id='word_1_316' title='bbox 1694 4153 1770 4221; x_wconf 92' lang='lat' dir='ltr'><strong>(id</strong></span> <span class='ocrx_word' id='word_1_317' title='bbox 1804 4154 1947 4207; x_wconf 90' lang='lat' dir='ltr'><strong>enim</strong></span> <span class='ocrx_word' id='word_1_318' title='bbox 1976 4169 2073 4206; x_wconf 84' lang='lat' dir='ltr'><strong>cx—</strong></span> 
     </span>
    </p>
   </div>
   <div class='ocr_carea' id='block_1_59' title="bbox 500 4244 2063 4313">
    <p class='ocr_par' dir='ltr' id='par_1_59' title="bbox 500 4244 2063 4313">
     <span class='ocr_line' id='line_1_59' title="bbox 500 4244 2063 4313; baseline -0.001 -16"><span class='ocrx_word' id='word_1_319' title='bbox 500 4256 686 4297; x_wconf 76' lang='lat' dir='ltr'><strong>trcune</strong></span> <span class='ocrx_word' id='word_1_320' title='bbox 716 4244 1007 4313; x_wconf 74' lang='lat' dir='ltr'><strong>impietatis</strong></span> <span class='ocrx_word' id='word_1_321' title='bbox 1033 4244 1404 4311; x_wconf 69' lang='lat' dir='ltr'><strong>plenissimum</strong></span> <span class='ocrx_word' id='word_1_322' title='bbox 1433 4244 1538 4311; x_wconf 77' lang='lat' dir='ltr'><strong>est)</strong></span> <span class='ocrx_word' id='word_1_323' title='bbox 1575 4246 1706 4297; x_wconf 86' lang='lat' dir='ltr'><strong>:sed</strong></span> <span class='ocrx_word' id='word_1_324' title='bbox 1762 4260 1926 4296; x_wconf 73' lang='lat' dir='ltr'><strong>unum</strong></span> <span class='ocrx_word' id='word_1_325' title='bbox 1964 4245 2063 4297; x_wconf 88' lang='lat' dir='ltr'><strong>ad-</strong></span> 
     </span>
    </p>
   </div>
   <div class='ocr_carea' id='block_1_60' title="bbox 496 4334 2075 4399">
    <p class='ocr_par' dir='ltr' id='par_1_60' title="bbox 496 4334 2075 4399">
     <span class='ocr_line' id='line_1_60' title="bbox 496 4334 2075 4399; baseline 0.002 -12"><span class='ocrx_word' id='word_1_326' title='bbox 496 4337 761 4392; x_wconf 86' lang='lat' dir='ltr'><strong>orandum</strong></span> <span class='ocrx_word' id='word_1_327' title='bbox 804 4336 1075 4389; x_wconf 79' lang='lat' dir='ltr'><strong>hominem</strong></span> <span class='ocrx_word' id='word_1_328' title='bbox 1112 4334 1404 4399; x_wconf 77' lang='lat' dir='ltr'><strong>facttttn,et</strong></span> <span class='ocrx_word' id='word_1_329' title='bbox 1435 4336 1776 4389; x_wconf 86' lang='lat' dir='ltr'><strong>incarnatunt</strong></span> <span class='ocrx_word' id='word_1_330' title='bbox 1811 4337 1899 4389; x_wconf 89' lang='lat' dir='ltr'><strong>Dei</strong></span> <span class='ocrx_word' id='word_1_331' title='bbox 1944 4335 2075 4390; x_wconf 76' lang='lat' dir='ltr'><strong>Ver-</strong></span> 
     </span>
    </p>
   </div>
   <div class='ocr_carea' id='block_1_61' title="bbox 499 4429 2069 4496">
    <p class='ocr_par' dir='ltr' id='par_1_61' title="bbox 499 4429 2069 4496">
     <span class='ocr_line' id='line_1_61' title="bbox 499 4429 2069 4496; baseline 0.002 -17"><span class='ocrx_word' id='word_1_332' title='bbox 499 4430 646 4493; x_wconf 89' lang='lat' dir='ltr'><strong>bum;</strong></span> <span class='ocrx_word' id='word_1_333' title='bbox 672 4429 742 4482; x_wconf 86' lang='lat' dir='ltr'><strong>ita</strong></span> <span class='ocrx_word' id='word_1_334' title='bbox 776 4440 978 4491; x_wconf 88' lang='lat' dir='ltr'><strong>tamen,</strong></span> <span class='ocrx_word' id='word_1_335' title='bbox 1012 4438 1069 4480; x_wconf 92' lang='lat' dir='ltr'><strong>ut</strong></span> <span class='ocrx_word' id='word_1_336' title='bbox 1112 4429 1395 4482; x_wconf 86' lang='lat' dir='ltr'><strong>credamus</strong></span> <span class='ocrx_word' id='word_1_337' title='bbox 1439 4444 1635 4496; x_wconf 83' lang='lat' dir='ltr'><strong>corpus</strong></span> <span class='ocrx_word' id='word_1_338' title='bbox 1681 4430 1728 4481; x_wconf 91' lang='lat' dir='ltr'><strong>ei</strong></span> <span class='ocrx_word' id='word_1_339' title='bbox 1775 4432 2069 4482; x_wconf 85' lang='lat' dir='ltr'><strong>adnnatum</strong></span> 
     </span>
    </p>
   </div>
   <div class='ocr_carea' id='block_1_62' title="bbox 497 4519 2073 4587">
    <p class='ocr_par' dir='ltr' id='par_1_62' title="bbox 497 4519 2073 4587">
     <span class='ocr_line' id='line_1_62' title="bbox 497 4519 2073 4587; baseline 0.003 -18"><span class='ocrx_word' id='word_1_340' title='bbox 497 4520 734 4571; x_wconf 82' lang='lat' dir='ltr'><strong>animant</strong></span> <span class='ocrx_word' id='word_1_341' title='bbox 763 4519 917 4584; x_wconf 82' lang='lat' dir='ltr'><strong>juxta</strong></span> <span class='ocrx_word' id='word_1_342' title='bbox 967 4535 1067 4573; x_wconf 84' lang='lat' dir='ltr'><strong>nos</strong></span> <span class='ocrx_word' id='word_1_343' title='bbox 1121 4520 1375 4573; x_wconf 86' lang='lat' dir='ltr'><strong>habuisse</strong></span> <span class='ocrx_word' id='word_1_344' title='bbox 1434 4519 1835 4573; x_wconf 85' lang='lat' dir='ltr'><strong>rationahilem.</strong></span> <span class='ocrx_word' id='word_1_345' title='bbox 1893 4520 2073 4587; x_wconf 75' lang='lat' dir='ltr'><strong>Neque</strong></span> 
     </span>
    </p>
   </div>
   <div class='ocr_carea' id='block_1_63' title="bbox 498 4606 2071 4679">
    <p class='ocr_par' dir='ltr' id='par_1_63' title="bbox 498 4606 2071 4679">
     <span class='ocr_line' id='line_1_63' title="bbox 498 4606 2071 4679; baseline 0.004 -22"><span class='ocrx_word' id='word_1_346' title='bbox 498 4606 642 4658; x_wconf 87' lang='lat' dir='ltr'><strong>enint</strong></span> <span class='ocrx_word' id='word_1_347' title='bbox 678 4607 817 4659; x_wconf 88' lang='lat' dir='ltr'><strong>Deus</strong></span> <span class='ocrx_word' id='word_1_348' title='bbox 844 4608 1182 4674; x_wconf 90' lang='lat' dir='ltr'><strong>omnipotens</strong></span> <span class='ocrx_word' id='word_1_349' title='bbox 1215 4607 1352 4661; x_wconf 82' lang='lat' dir='ltr'><strong>duos</strong></span> <span class='ocrx_word' id='word_1_350' title='bbox 1382 4609 1777 4676; x_wconf 79' lang='lat' dir='ltr'><strong>prinmgeuitos</strong></span> <span class='ocrx_word' id='word_1_351' title='bbox 1815 4612 2071 4679; x_wconf 65' lang='lat' dir='ltr'><strong>pratcepit</strong></span> 
     </span>
    </p>
   </div>
   <div class='ocr_carea' id='block_1_64' title="bbox 498 4699 2068 4769">
    <p class='ocr_par' dir='ltr' id='par_1_64' title="bbox 498 4699 2068 4769">
     <span class='ocr_line' id='line_1_64' title="bbox 498 4699 2068 4769; baseline 0.004 -21"><span class='ocrx_word' id='word_1_352' title='bbox 498 4706 770 4765; x_wconf 74' lang='lat' dir='ltr'><strong>oportere,</strong></span> <span class='ocrx_word' id='word_1_353' title='bbox 807 4708 911 4750; x_wconf 85' lang='lat' dir='ltr'><strong>tant</strong></span> <span class='ocrx_word' id='word_1_354' title='bbox 950 4714 979 4751; x_wconf 88' lang='lat' dir='ltr'><strong>a</strong></span> <span class='ocrx_word' id='word_1_355' title='bbox 1012 4699 1165 4752; x_wconf 86' lang='lat' dir='ltr'><strong>nobis</strong></span> <span class='ocrx_word' id='word_1_356' title='bbox 1200 4715 1360 4766; x_wconf 88' lang='lat' dir='ltr'><strong>quam</strong></span> <span class='ocrx_word' id='word_1_357' title='bbox 1384 4715 1411 4751; x_wconf 75' lang='grc' dir='ltr'><strong>ιι</strong></span> <span class='ocrx_word' id='word_1_358' title='bbox 1450 4700 1655 4753; x_wconf 87' lang='lat' dir='ltr'><strong>sanctis</strong></span> <span class='ocrx_word' id='word_1_359' title='bbox 1708 4703 1936 4769; x_wconf 59' lang='lat' dir='ltr'><strong>angelis,</strong></span> <span class='ocrx_word' id='word_1_360' title='bbox 1972 4705 2068 4754; x_wconf 92' lang='lat' dir='ltr'><strong>ad-</strong></span> 
     </span>
    </p>
   </div>
   <div class='ocr_carea' id='block_1_65' title="bbox 498 4786 2069 4858">
    <p class='ocr_par' dir='ltr' id='par_1_65' title="bbox 498 4786 2069 4858">
     <span class='ocr_line' id='line_1_65' title="bbox 498 4786 2069 4858; baseline 0.004 -19"><span class='ocrx_word' id='word_1_361' title='bbox 498 4789 668 4839; x_wconf 90' lang='lat' dir='ltr'><strong>orari.</strong></span> <span class='ocrx_word' id='word_1_362' title='bbox 702 4786 851 4841; x_wconf 83' lang='lat' dir='ltr'><strong>Unus</strong></span> <span class='ocrx_word' id='word_1_363' title='bbox 877 4799 959 4842; x_wconf 83' lang='lat' dir='ltr'><strong>est</strong></span> <span class='ocrx_word' id='word_1_364' title='bbox 990 4789 1156 4855; x_wconf 81' lang='lat' dir='ltr'><strong>enim,</strong></span> <span class='ocrx_word' id='word_1_365' title='bbox 1184 4790 1271 4858; x_wconf 90' lang='lat' dir='ltr'><strong>qui</strong></span> <span class='ocrx_word' id='word_1_366' title='bbox 1309 4802 1391 4844; x_wconf 86' lang='lat' dir='ltr'><strong>est</strong></span> <span class='ocrx_word' id='word_1_367' title='bbox 1430 4791 1769 4845; x_wconf 69' lang='lat' dir='ltr'><strong>introductus</strong></span> <span class='ocrx_word' id='word_1_368' title='bbox 1799 4794 1850 4846; x_wconf 89' lang='lat' dir='ltr'><strong>in</strong></span> <span class='ocrx_word' id='word_1_369' title='bbox 1883 4796 2069 4848; x_wconf 68' lang='lat' dir='ltr'><strong>orbem</strong></span> 
     </span>
    </p>
   </div>
   <div class='ocr_carea' id='block_1_66' title="bbox 499 4881 2072 4946">
    <p class='ocr_par' dir='ltr' id='par_1_66' title="bbox 499 4881 2072 4946">
     <span class='ocr_line' id='line_1_66' title="bbox 499 4881 2072 4946; baseline 0.005 -13"><span class='ocrx_word' id='word_1_370' title='bbox 499 4890 763 4933; x_wconf 88' lang='lat' dir='ltr'><strong>terrarum</strong></span> <span class='ocrx_word' id='word_1_371' title='bbox 794 4881 870 4946; x_wconf 79' lang='grc'><strong>⁸¹;</strong></span> <span class='ocrx_word' id='word_1_372' title='bbox 909 4892 962 4934; x_wconf 89' lang='lat' dir='ltr'><strong>et</strong></span> <span class='ocrx_word' id='word_1_373' title='bbox 989 4883 1031 4935; x_wconf 86' lang='lat' dir='ltr'><strong>si</strong></span> <span class='ocrx_word' id='word_1_374' title='bbox 1068 4882 1483 4938; x_wconf 87' lang='lat' dir='ltr'><strong>introductionis</strong></span> <span class='ocrx_word' id='word_1_375' title='bbox 1532 4886 1745 4937; x_wconf 85' lang='lat' dir='ltr'><strong>modum</strong></span> <span class='ocrx_word' id='word_1_376' title='bbox 1795 4886 2072 4941; x_wconf 86' lang='lat' dir='ltr'><strong>curiosius</strong></span> 
     </span>
    </p>
   </div>
   <div class='ocr_carea' id='block_1_67' title="bbox 500 4972 2070 5047">
    <p class='ocr_par' dir='ltr' id='par_1_67' title="bbox 500 4972 2070 5047">
     <span class='ocr_line' id='line_1_67' title="bbox 500 4972 2070 5047; baseline 0.006 -26"><span class='ocrx_word' id='word_1_377' title='bbox 500 4980 935 5038; x_wconf 85' lang='lat' dir='ltr'><strong>perscrutemur,</strong></span> <span class='ocrx_word' id='word_1_378' title='bbox 976 4972 1210 5025; x_wconf 80' lang='lat' dir='ltr'><strong>carnalis</strong></span> <span class='ocrx_word' id='word_1_379' title='bbox 1270 4974 1694 5042; x_wconf 80' lang='lat' dir='ltr'><strong>dispensationis</strong></span> <span class='ocrx_word' id='word_1_380' title='bbox 1747 4979 2070 5047; x_wconf 84' lang='lat' dir='ltr'><strong>mysterium</strong></span> 
     </span>
    </p>
   </div>
   <div class='ocr_carea' id='block_1_68' title="bbox 502 5059 2076 5123">
    <p class='ocr_par' dir='ltr' id='par_1_68' title="bbox 502 5059 2076 5123">
     <span class='ocr_line' id='line_1_68' title="bbox 502 5059 2076 5123; baseline 0.008 -11"><span class='ocrx_word' id='word_1_381' title='bbox 502 5061 859 5115; x_wconf 75' lang='lat' dir='ltr'><strong>inveniemus.</strong></span> <span class='ocrx_word' id='word_1_382' title='bbox 892 5059 1239 5118; x_wconf 87' lang='lat' dir='ltr'><strong>introductus</strong></span> <span class='ocrx_word' id='word_1_383' title='bbox 1270 5076 1353 5119; x_wconf 90' lang='lat' dir='ltr'><strong>est</strong></span> <span class='ocrx_word' id='word_1_384' title='bbox 1401 5077 1581 5118; x_wconf 82' lang='lat' dir='ltr'><strong>autem</strong></span> <span class='ocrx_word' id='word_1_385' title='bbox 1638 5068 1687 5119; x_wconf 94' lang='lat' dir='ltr'><strong>in</strong></span> <span class='ocrx_word' id='word_1_386' title='bbox 1724 5070 1911 5121; x_wconf 87' lang='lat' dir='ltr'><strong>orbem</strong></span> <span class='ocrx_word' id='word_1_387' title='bbox 1968 5081 2076 5123; x_wconf 84' lang='lat' dir='ltr'><strong>ter-</strong></span> 
     </span>
    </p>
   </div>
   <div class='ocr_carea' id='block_1_69' title="bbox 501 5155 2073 5220">
    <p class='ocr_par' dir='ltr' id='par_1_69' title="bbox 501 5155 2073 5220">
     <span class='ocr_line' id='line_1_69' title="bbox 501 5155 2073 5220; baseline 0.004 -14"><span class='ocrx_word' id='word_1_388' title='bbox 501 5168 705 5215; x_wconf 84' lang='lat' dir='ltr'><strong>rarum,</strong></span> <span class='ocrx_word' id='word_1_389' title='bbox 743 5164 867 5207; x_wconf 89' lang='lat' dir='ltr'><strong>tunc</strong></span> <span class='ocrx_word' id='word_1_390' title='bbox 897 5168 1017 5207; x_wconf 88' lang='lat' dir='ltr'><strong>cum</strong></span> <span class='ocrx_word' id='word_1_391' title='bbox 1054 5155 1227 5210; x_wconf 77' lang='lat' dir='ltr'><strong>factus</strong></span> <span class='ocrx_word' id='word_1_392' title='bbox 1264 5168 1345 5210; x_wconf 86' lang='lat' dir='ltr'><strong>est</strong></span> <span class='ocrx_word' id='word_1_393' title='bbox 1378 5158 1559 5220; x_wconf 89' lang='lat' dir='ltr'><strong>homo,</strong></span> <span class='ocrx_word' id='word_1_394' title='bbox 1593 5158 1716 5211; x_wconf 89' lang='lat' dir='ltr'><strong>licet</strong></span> <span class='ocrx_word' id='word_1_395' title='bbox 1754 5170 1948 5211; x_wconf 88' lang='lat' dir='ltr'><strong>natura</strong></span> <span class='ocrx_word' id='word_1_396' title='bbox 1979 5176 2073 5213; x_wconf 85' lang='lat' dir='ltr'><strong>sua</strong></span> 
     </span>
    </p>
   </div>
   <div class='ocr_carea' id='block_1_70' title="bbox 505 5245 2070 5317">
    <p class='ocr_par' dir='ltr' id='par_1_70' title="bbox 505 5245 2070 5317">
     <span class='ocr_line' id='line_1_70' title="bbox 505 5245 2070 5317; baseline 0.003 -18"><span class='ocrx_word' id='word_1_397' title='bbox 505 5245 710 5300; x_wconf 82' lang='lat' dir='ltr'><strong>distare</strong></span> <span class='ocrx_word' id='word_1_398' title='bbox 732 5248 796 5300; x_wconf 87' lang='lat' dir='ltr'><strong>ab</strong></span> <span class='ocrx_word' id='word_1_399' title='bbox 820 5250 950 5301; x_wconf 88' lang='lat' dir='ltr'><strong>orbe</strong></span> <span class='ocrx_word' id='word_1_400' title='bbox 976 5249 1289 5317; x_wconf 82' lang='lat' dir='ltr'><strong>longissime</strong></span> <span class='ocrx_word' id='word_1_401' title='bbox 1314 5250 1579 5313; x_wconf 82' lang='lat' dir='ltr'><strong>videatur,</strong></span> <span class='ocrx_word' id='word_1_402' title='bbox 1612 5259 1663 5301; x_wconf 80' lang='lat' dir='ltr'><strong>et</strong></span> <span class='ocrx_word' id='word_1_403' title='bbox 1694 5250 1745 5303; x_wconf 90' lang='lat' dir='ltr'><strong>in</strong></span> <span class='ocrx_word' id='word_1_404' title='bbox 1770 5250 2070 5305; x_wconf 76' lang='lat' dir='ltr'><strong>divinitatis</strong></span> 
     </span>
    </p>
   </div>
   <div class='ocr_carea' id='block_1_71' title="bbox 499 5336 2074 5409">
    <p class='ocr_par' dir='ltr' id='par_1_71' title="bbox 499 5336 2074 5409">
     <span class='ocr_line' id='line_1_71' title="bbox 499 5336 2074 5409; baseline 0.004 -22"><span class='ocrx_word' id='word_1_405' title='bbox 499 5336 793 5389; x_wconf 84' lang='lat' dir='ltr'><strong>eminentia</strong></span> <span class='ocrx_word' id='word_1_406' title='bbox 812 5352 937 5390; x_wconf 88' lang='lat' dir='ltr'><strong>vere</strong></span> <span class='ocrx_word' id='word_1_407' title='bbox 956 5350 1075 5391; x_wconf 85' lang='lat' dir='ltr'><strong>esse</strong></span> <span class='ocrx_word' id='word_1_408' title='bbox 1101 5338 1355 5392; x_wconf 86' lang='lat' dir='ltr'><strong>credatur</strong></span> <span class='ocrx_word' id='word_1_409' title='bbox 1391 5356 1405 5392; x_wconf 93' lang='lat'><strong>:</strong></span> <span class='ocrx_word' id='word_1_410' title='bbox 1441 5339 1577 5393; x_wconf 79' lang='lat' dir='ltr'><strong>alius</strong></span> <span class='ocrx_word' id='word_1_411' title='bbox 1602 5352 1682 5393; x_wconf 89' lang='lat' dir='ltr'><strong>est</strong></span> <span class='ocrx_word' id='word_1_412' title='bbox 1704 5340 1848 5392; x_wconf 87' lang='lat' dir='ltr'><strong>cnim</strong></span> <span class='ocrx_word' id='word_1_413' title='bbox 1878 5353 2074 5409; x_wconf 69' lang='lat' dir='ltr'><strong>praticr</strong></span> 
     </span>
    </p>
   </div>
   <div class='ocr_carea' id='block_1_72' title="bbox 499 5425 2057 5501">
    <p class='ocr_par' dir='ltr' id='par_1_72' title="bbox 499 5425 2057 5501">
     <span class='ocr_line' id='line_1_72' title="bbox 499 5425 2057 5501; baseline 0.005 -24"><span class='ocrx_word' id='word_1_414' title='bbox 499 5425 763 5480; x_wconf 88' lang='lat' dir='ltr'><strong>elementa</strong></span> <span class='ocrx_word' id='word_1_415' title='bbox 789 5438 1002 5482; x_wconf 88' lang='lat' dir='ltr'><strong>creator</strong></span> <span class='ocrx_word' id='word_1_416' title='bbox 1028 5431 1284 5501; x_wconf 87' lang='lat' dir='ltr'><strong>ipsorum.</strong></span> <span class='ocrx_word' id='word_1_417' title='bbox 1328 5430 1463 5500; x_wconf 77' lang='lat' dir='ltr'><strong>Ergo</strong></span> <span class='ocrx_word' id='word_1_418' title='bbox 1495 5448 1655 5499; x_wconf 87' lang='lat' dir='ltr'><strong>super</strong></span> <span class='ocrx_word' id='word_1_419' title='bbox 1682 5446 1764 5495; x_wconf 87' lang='lat' dir='ltr'><strong>ea,</strong></span> <span class='ocrx_word' id='word_1_420' title='bbox 1794 5448 1910 5500; x_wconf 57' lang='lat' dir='ltr'><strong>qua;</strong></span> <span class='ocrx_word' id='word_1_421' title='bbox 1944 5436 2057 5501; x_wconf 46' lang='lat' dir='ltr'><strong>ipse</strong></span> 
     </span>
    </p>
   </div>
   <div class='ocr_carea' id='block_1_73' title="bbox 502 5520 2075 5593">
    <p class='ocr_par' dir='ltr' id='par_1_73' title="bbox 502 5520 2075 5593">
     <span class='ocr_line' id='line_1_73' title="bbox 502 5520 2075 5593; baseline 0.006 -23"><span class='ocrx_word' id='word_1_422' title='bbox 502 5520 759 5583; x_wconf 87' lang='lat' dir='ltr'><strong>condidit,</strong></span> <span class='ocrx_word' id='word_1_423' title='bbox 799 5522 1090 5575; x_wconf 85' lang='lat' dir='ltr'><strong>secundum</strong></span> <span class='ocrx_word' id='word_1_424' title='bbox 1126 5534 1372 5576; x_wconf 83' lang='lat' dir='ltr'><strong>naturain</strong></span> <span class='ocrx_word' id='word_1_425' title='bbox 1409 5535 1525 5587; x_wconf 89' lang='lat' dir='ltr'><strong>est,</strong></span> <span class='ocrx_word' id='word_1_426' title='bbox 1564 5527 1706 5593; x_wconf 85' lang='lat' dir='ltr'><strong>quod</strong></span> <span class='ocrx_word' id='word_1_427' title='bbox 1761 5536 1955 5577; x_wconf 91' lang='lat' dir='ltr'><strong>natura</strong></span> <span class='ocrx_word' id='word_1_428' title='bbox 2006 5526 2075 5579; x_wconf 83' lang='lat' dir='ltr'><strong>sit</strong></span> 
     </span>
    </p>
   </div>
   <div class='ocr_carea' id='block_1_74' title="bbox 506 5606 2074 5682">
    <p class='ocr_par' dir='ltr' id='par_1_74' title="bbox 506 5606 2074 5682">
     <span class='ocr_line' id='line_1_74' title="bbox 506 5606 2074 5682; baseline 0.006 -22"><span class='ocrx_word' id='word_1_429' title='bbox 506 5606 666 5663; x_wconf 78' lang='lat' dir='ltr'><strong>Deus.</strong></span> <span class='ocrx_word' id='word_1_430' title='bbox 705 5609 851 5665; x_wconf 82' lang='lat' dir='ltr'><strong>Unus</strong></span> <span class='ocrx_word' id='word_1_431' title='bbox 885 5624 1090 5678; x_wconf 81' lang='lat' dir='ltr'><strong>tamen,</strong></span> <span class='ocrx_word' id='word_1_432' title='bbox 1157 5624 1213 5668; x_wconf 91' lang='lat' dir='ltr'><strong>ut</strong></span> <span class='ocrx_word' id='word_1_433' title='bbox 1243 5625 1367 5669; x_wconf 89' lang='lat' dir='ltr'><strong>ante</strong></span> <span class='ocrx_word' id='word_1_434' title='bbox 1394 5616 1503 5670; x_wconf 82' lang='lat' dir='ltr'><strong>dixi</strong></span> <span class='ocrx_word' id='word_1_435' title='bbox 1535 5656 1549 5680; x_wconf 95' lang='lat'><strong>,</strong></span> <span class='ocrx_word' id='word_1_436' title='bbox 1604 5617 1913 5671; x_wconf 88' lang='lat' dir='ltr'><strong>adorandus</strong></span> <span class='ocrx_word' id='word_1_437' title='bbox 1948 5628 2028 5671; x_wconf 90' lang='lat' dir='ltr'><strong>est</strong></span> <span class='ocrx_word' id='word_1_438' title='bbox 2060 5659 2074 5682; x_wconf 96' lang='lat'><strong>,</strong></span> 
     </span>
    </p>
   </div>
   <div class='ocr_carea' id='block_1_75' title="bbox 577 5809 1031 5883">
    <p class='ocr_par' dir='ltr' id='par_1_75' title="bbox 577 5809 1031 5883">
     <span class='ocr_line' id='line_1_75' title="bbox 577 5809 1031 5883; baseline 0.015 -17"><span class='ocrx_word' id='word_1_439' title='bbox 577 5812 620 5841; x_wconf 83' lang='lat'><strong>&#39;°</strong></span> <span class='ocrx_word' id='word_1_440' title='bbox 654 5809 806 5869; x_wconf 73' lang='lat' dir='ltr'><strong>Joan.</strong></span> <span class='ocrx_word' id='word_1_441' title='bbox 848 5832 917 5883; x_wconf 77' lang='lat' dir='ltr'><strong>tv,</strong></span> <span class='ocrx_word' id='word_1_442' title='bbox 944 5819 1031 5873; x_wconf 71' lang='lat'><strong>22.</strong></span> 
     </span>
    </p>
   </div>
   <div class='ocr_carea' id='block_1_76' title="bbox 1150 5821 1667 5893">
    <p class='ocr_par' dir='ltr' id='par_1_76' title="bbox 1150 5821 1667 5893">
     <span class='ocr_line' id='line_1_76' title="bbox 1150 5821 1667 5893; baseline 0.006 -17"><span class='ocrx_word' id='word_1_443' title='bbox 1150 5822 1190 5854; x_wconf 82' lang='grc'><strong>⁵¹</strong></span> <span class='ocrx_word' id='word_1_444' title='bbox 1228 5821 1456 5893; x_wconf 79' lang='lat' dir='ltr'><strong>Philipp.</strong></span> <span class='ocrx_word' id='word_1_445' title='bbox 1492 5842 1547 5891; x_wconf 90' lang='lat' dir='ltr'><strong>ll,</strong></span> <span class='ocrx_word' id='word_1_446' title='bbox 1589 5826 1667 5881; x_wconf 79' lang='grc'><strong>10.</strong></span> 
     </span>
    </p>
   </div>
   <div class='ocr_carea' id='block_1_77' title="bbox 504 5883 729 5949">
    <p class='ocr_par' dir='ltr' id='par_1_77' title="bbox 504 5883 729 5949">
     <span class='ocr_line' id='line_1_77' title="bbox 504 5883 729 5949; baseline 0.004 -11"><span class='ocrx_word' id='word_1_447' title='bbox 504 5896 615 5949; x_wconf 64' lang='grc' dir='ltr'>ιιι,</span> <span class='ocrx_word' id='word_1_448' title='bbox 641 5883 729 5941; x_wconf 76' lang='grc'><strong>35.</strong></span> 
     </span>
    </p>
   </div>
   <div class='ocr_carea' id='block_1_78' title="bbox 1783 5827 2190 5895">
    <p class='ocr_par' dir='ltr' id='par_1_78' title="bbox 1783 5827 2190 5895">
     <span class='ocr_line' id='line_1_78' title="bbox 1783 5827 2190 5895; baseline 0 -14"><span class='ocrx_word' id='word_1_449' title='bbox 1783 5829 1825 5859; x_wconf 67' lang='grc' dir='ltr'><strong>δ’</strong></span> <span class='ocrx_word' id='word_1_450' title='bbox 1866 5827 2024 5883; x_wconf 84' lang='lat' dir='ltr'><strong>Hebr.</strong></span> <span class='ocrx_word' id='word_1_451' title='bbox 2061 5845 2100 5895; x_wconf 85' lang='grc' dir='ltr'>ι,</span> <span class='ocrx_word' id='word_1_452' title='bbox 2143 5829 2190 5883; x_wconf 71' lang='grc'>6.</span> 
     </span>
    </p>
   </div>
   <div class='ocr_carea' id='block_1_79' title="bbox 2157 629 3223 715">
    <p class='ocr_par' dir='ltr' id='par_1_79' title="bbox 2157 629 3223 715">
     <span class='ocr_line' id='line_1_79' title="bbox 2157 629 3223 715; baseline -0.014 -19"><span class='ocrx_word' id='word_1_453' title='bbox 2157 653 2441 715; x_wconf 78' lang='lat' dir='ltr'><strong>propterea</strong></span> <span class='ocrx_word' id='word_1_454' title='bbox 2481 640 2663 693; x_wconf 87' lang='lat' dir='ltr'><strong>dictus</strong></span> <span class='ocrx_word' id='word_1_455' title='bbox 2694 644 2778 689; x_wconf 85' lang='lat' dir='ltr'><strong>est</strong></span> <span class='ocrx_word' id='word_1_456' title='bbox 2809 629 3223 702; x_wconf 79' lang='lat' dir='ltr'><strong>primogenitus.</strong></span> 
     </span>
    </p>
   </div>
   <div class='ocr_carea' id='block_1_80' title="bbox 2233 716 3744 787">
    <p class='ocr_par' dir='ltr' id='par_1_80' title="bbox 2233 716 3744 787">
     <span class='ocr_line' id='line_1_80' title="bbox 2233 716 3744 787; baseline -0.017 0"><span class='ocrx_word' id='word_1_457' title='bbox 2233 734 2416 787; x_wconf 86' lang='lat' dir='ltr'><strong>Unum</strong></span> <span class='ocrx_word' id='word_1_458' title='bbox 2449 730 2642 784; x_wconf 82' lang='lat' dir='ltr'><strong>Filium</strong></span> <span class='ocrx_word' id='word_1_459' title='bbox 2676 725 2927 781; x_wconf 80' lang='lat' dir='ltr'><strong>adoravit</strong></span> <span class='ocrx_word' id='word_1_460' title='bbox 2975 735 3154 776; x_wconf 73' lang='lat' dir='ltr'><strong>Caecus</strong></span> <span class='ocrx_word' id='word_1_461' title='bbox 3206 734 3235 771; x_wconf 84' lang='lat' dir='ltr'><strong>a</strong></span> <span class='ocrx_word' id='word_1_462' title='bbox 3271 716 3565 771; x_wconf 87' lang='lat' dir='ltr'><strong>nativitate</strong></span> <span class='ocrx_word' id='word_1_463' title='bbox 3607 727 3701 765; x_wconf 83' lang='lat' dir='ltr'><strong>sua</strong></span> <span class='ocrx_word' id='word_1_464' title='bbox 3731 751 3744 775; x_wconf 91' lang='lat'><strong>,</strong></span> 
     </span>
    </p>
   </div>
   <div class='ocr_carea' id='block_1_81' title="bbox 2159 802 3747 893">
    <p class='ocr_par' dir='ltr' id='par_1_81' title="bbox 2159 802 3747 893">
     <span class='ocr_line' id='line_1_81' title="bbox 2159 802 3747 893; baseline -0.018 -14"><span class='ocrx_word' id='word_1_465' title='bbox 2159 841 2280 879; x_wconf 89' lang='lat' dir='ltr'><strong>cum</strong></span> <span class='ocrx_word' id='word_1_466' title='bbox 2310 837 2419 893; x_wconf 63' lang='lat' dir='ltr'><strong>prie</strong></span> <span class='ocrx_word' id='word_1_467' title='bbox 2438 826 2598 889; x_wconf 87' lang='lat' dir='ltr'><strong>cipuo</strong></span> <span class='ocrx_word' id='word_1_468' title='bbox 2624 816 2967 884; x_wconf 88' lang='lat' dir='ltr'><strong>mirabilique</strong></span> <span class='ocrx_word' id='word_1_469' title='bbox 3004 814 3165 866; x_wconf 89' lang='lat' dir='ltr'><strong>modo</strong></span> <span class='ocrx_word' id='word_1_470' title='bbox 3199 816 3425 871; x_wconf 76' lang='lat' dir='ltr'><strong>sanatus</strong></span> <span class='ocrx_word' id='word_1_471' title='bbox 3455 814 3565 859; x_wconf 84' lang='lat' dir='ltr'><strong>est.</strong></span> <span class='ocrx_word' id='word_1_472' title='bbox 3594 802 3747 864; x_wconf 70' lang='lat' dir='ltr'><strong>Nam,</strong></span> 
     </span>
    </p>
   </div>
   <div class='ocr_carea' id='block_1_82' title="bbox 2165 893 3747 973">
    <p class='ocr_par' dir='ltr' id='par_1_82' title="bbox 2165 893 3747 973">
     <span class='ocr_line' id='line_1_82' title="bbox 2165 893 3747 973; baseline -0.015 -5"><span class='ocrx_word' id='word_1_473' title='bbox 2165 935 2183 968; x_wconf 72' lang='grc' dir='ltr'><strong>ι</strong></span> <span class='ocrx_word' id='word_1_474' title='bbox 2225 930 2345 968; x_wconf 90' lang='lat' dir='ltr'><strong>cum</strong></span> <span class='ocrx_word' id='word_1_475' title='bbox 2390 913 2690 968; x_wconf 76' lang='lat' dir='ltr'><strong>invenisset</strong></span> <span class='ocrx_word' id='word_1_476' title='bbox 2715 924 2838 964; x_wconf 88' lang='lat' dir='ltr'><strong>eum</strong></span> <span class='ocrx_word' id='word_1_477' title='bbox 2867 908 2917 959; x_wconf 93' lang='lat' dir='ltr'><strong>in</strong></span> <span class='ocrx_word' id='word_1_478' title='bbox 2951 902 3149 973; x_wconf 88' lang='lat' dir='ltr'><strong>templo</strong></span> <span class='ocrx_word' id='word_1_479' title='bbox 3180 899 3364 964; x_wconf 76' lang='lat' dir='ltr'><strong>Jesus,</strong></span> <span class='ocrx_word' id='word_1_480' title='bbox 3418 897 3561 950; x_wconf 74' lang='lat' dir='ltr'><strong>dixit</strong></span> <span class='ocrx_word' id='word_1_481' title='bbox 3603 915 3619 949; x_wconf 88' lang='lat'><strong>:</strong></span> <span class='ocrx_word' id='word_1_482' title='bbox 3674 893 3747 946; x_wconf 90' lang='lat' dir='ltr'><strong>&#39;l&#39;u</strong></span> 
     </span>
    </p>
   </div>
   <div class='ocr_carea' id='block_1_83' title="bbox 2161 988 3746 1060">
    <p class='ocr_par' dir='ltr' id='par_1_83' title="bbox 2161 988 3746 1060">
     <span class='ocr_line' id='line_1_83' title="bbox 2161 988 3746 1060; baseline -0.015 -1"><span class='ocrx_word' id='word_1_483' title='bbox 2161 1007 2338 1060; x_wconf 75' lang='lat' dir='ltr'><strong>credis</strong></span> <span class='ocrx_word' id='word_1_484' title='bbox 2363 1005 2413 1058; x_wconf 92' lang='lat' dir='ltr'><strong>in</strong></span> <span class='ocrx_word' id='word_1_485' title='bbox 2455 1003 2649 1058; x_wconf 80' lang='lat' dir='ltr'><strong>Filium</strong></span> <span class='ocrx_word' id='word_1_486' title='bbox 2691 1000 2823 1052; x_wconf 70' lang='lat' dir='ltr'><strong>Dei?</strong></span> <span class='ocrx_word' id='word_1_487' title='bbox 2849 995 2941 1051; x_wconf 85' lang='lat' dir='ltr'><strong>ille</strong></span> <span class='ocrx_word' id='word_1_488' title='bbox 2987 1004 3169 1047; x_wconf 86' lang='lat' dir='ltr'><strong>autem</strong></span> <span class='ocrx_word' id='word_1_489' title='bbox 3207 991 3346 1044; x_wconf 77' lang='lat' dir='ltr'><strong>dixit</strong></span> <span class='ocrx_word' id='word_1_490' title='bbox 3380 1008 3394 1042; x_wconf 89' lang='lat'><strong>:</strong></span> <span class='ocrx_word' id='word_1_491' title='bbox 3432 988 3575 1054; x_wconf 81' lang='lat' dir='ltr'><strong>Quis</strong></span> <span class='ocrx_word' id='word_1_492' title='bbox 3624 996 3704 1040; x_wconf 71' lang='grc' dir='ltr'><strong>εει</strong></span> <span class='ocrx_word' id='word_1_493' title='bbox 3733 1026 3746 1045; x_wconf 92' lang='lat'><strong>,</strong></span> 
     </span>
    </p>
   </div>
   <div class='ocr_carea' id='block_1_84' title="bbox 2165 1076 3749 1155">
    <p class='ocr_par' dir='ltr' id='par_1_84' title="bbox 2165 1076 3749 1155">
     <span class='ocr_line' id='line_1_84' title="bbox 2165 1076 3749 1155; baseline -0.013 -7"><span class='ocrx_word' id='word_1_494' title='bbox 2165 1095 2408 1155; x_wconf 87' lang='lat' dir='ltr'><strong>Domine,</strong></span> <span class='ocrx_word' id='word_1_495' title='bbox 2442 1102 2499 1145; x_wconf 89' lang='lat' dir='ltr'><strong>ut</strong></span> <span class='ocrx_word' id='word_1_496' title='bbox 2533 1091 2751 1145; x_wconf 86' lang='lat' dir='ltr'><strong>credam</strong></span> <span class='ocrx_word' id='word_1_497' title='bbox 2799 1089 2852 1140; x_wconf 88' lang='lat' dir='ltr'><strong>iu</strong></span> <span class='ocrx_word' id='word_1_498' title='bbox 2898 1101 3022 1140; x_wconf 89' lang='lat' dir='ltr'><strong>eum</strong></span> <span class='ocrx_word' id='word_1_499' title='bbox 3039 1082 3134 1135; x_wconf 69' lang='lat'><strong>“‘2</strong></span> <span class='ocrx_word' id='word_1_500' title='bbox 3190 1099 3207 1131; x_wconf 72' lang='grc' dir='ltr'><strong>ι</strong></span> <span class='ocrx_word' id='word_1_501' title='bbox 3238 1079 3501 1134; x_wconf 86' lang='lat' dir='ltr'><strong>Christus</strong></span> <span class='ocrx_word' id='word_1_502' title='bbox 3532 1092 3666 1131; x_wconf 79' lang='lat' dir='ltr'><strong>vero</strong></span> <span class='ocrx_word' id='word_1_503' title='bbox 3707 1076 3749 1128; x_wconf 77' lang='lat' dir='ltr'><strong>ri</strong></span> 
     </span>
    </p>
   </div>
   <div class='ocr_carea' id='block_1_85' title="bbox 2164 1164 3752 1251">
    <p class='ocr_par' dir='ltr' id='par_1_85' title="bbox 2164 1164 3752 1251">
     <span class='ocr_line' id='line_1_85' title="bbox 2164 1164 3752 1251; baseline -0.012 -13"><span class='ocrx_word' id='word_1_504' title='bbox 2164 1184 2400 1251; x_wconf 83' lang='lat' dir='ltr'><strong>seipsutu</strong></span> <span class='ocrx_word' id='word_1_505' title='bbox 2442 1198 2566 1235; x_wconf 88' lang='lat' dir='ltr'><strong>eum</strong></span> <span class='ocrx_word' id='word_1_506' title='bbox 2619 1192 2847 1247; x_wconf 91' lang='lat' dir='ltr'><strong>corpore</strong></span> <span class='ocrx_word' id='word_1_507' title='bbox 2896 1176 3310 1235; x_wconf 83' lang='lat' dir='ltr'><strong>demonstrans,</strong></span> <span class='ocrx_word' id='word_1_508' title='bbox 3348 1172 3535 1224; x_wconf 82' lang='lat' dir='ltr'><strong>aiebat</strong></span> <span class='ocrx_word' id='word_1_509' title='bbox 3570 1186 3585 1221; x_wconf 89' lang='lat'><strong>:</strong></span> <span class='ocrx_word' id='word_1_510' title='bbox 3638 1186 3657 1217; x_wconf 74' lang='grc' dir='ltr'><strong>ι</strong></span> <span class='ocrx_word' id='word_1_511' title='bbox 3693 1164 3752 1219; x_wconf 70' lang='lat' dir='ltr'><strong>Et</strong></span> 
     </span>
    </p>
   </div>
   <div class='ocr_carea' id='block_1_86' title="bbox 2164 1260 3754 1342">
    <p class='ocr_par' dir='ltr' id='par_1_86' title="bbox 2164 1260 3754 1342">
     <span class='ocr_line' id='line_1_86' title="bbox 2164 1260 3754 1342; baseline -0.011 -14"><span class='ocrx_word' id='word_1_512' title='bbox 2164 1274 2344 1329; x_wconf 81' lang='lat' dir='ltr'><strong>vidisti</strong></span> <span class='ocrx_word' id='word_1_513' title='bbox 2378 1273 2593 1342; x_wconf 89' lang='lat' dir='ltr'><strong>quidem</strong></span> <span class='ocrx_word' id='word_1_514' title='bbox 2627 1286 2771 1335; x_wconf 89' lang='lat' dir='ltr'><strong>eum,</strong></span> <span class='ocrx_word' id='word_1_515' title='bbox 2821 1277 2876 1324; x_wconf 92' lang='lat' dir='ltr'><strong>et</strong></span> <span class='ocrx_word' id='word_1_516' title='bbox 2922 1267 3012 1337; x_wconf 86' lang='lat' dir='ltr'><strong>qui</strong></span> <span class='ocrx_word' id='word_1_517' title='bbox 3068 1265 3308 1334; x_wconf 82' lang='lat' dir='ltr'><strong>loquitur</strong></span> <span class='ocrx_word' id='word_1_518' title='bbox 3362 1273 3548 1318; x_wconf 81' lang='lat' dir='ltr'><strong>tecum</strong></span> <span class='ocrx_word' id='word_1_519' title='bbox 3581 1300 3597 1324; x_wconf 92' lang='lat'><strong>,</strong></span> <span class='ocrx_word' id='word_1_520' title='bbox 3646 1260 3754 1328; x_wconf 82' lang='lat' dir='ltr'><strong>ipse</strong></span> 
     </span>
    </p>
   </div>
   <div class='ocr_carea' id='block_1_87' title="bbox 2166 1355 3751 1430">
    <p class='ocr_par' dir='ltr' id='par_1_87' title="bbox 2166 1355 3751 1430">
     <span class='ocr_line' id='line_1_87' title="bbox 2166 1355 3751 1430; baseline -0.012 -10"><span class='ocrx_word' id='word_1_521' title='bbox 2166 1375 2252 1421; x_wconf 84' lang='lat' dir='ltr'><strong>est</strong></span> <span class='ocrx_word' id='word_1_522' title='bbox 2285 1364 2349 1417; x_wconf 76' lang='lat'><strong>&quot;.</strong></span> <span class='ocrx_word' id='word_1_523' title='bbox 2385 1384 2403 1415; x_wconf 76' lang='grc' dir='ltr'><strong>ι</strong></span> <span class='ocrx_word' id='word_1_524' title='bbox 2443 1362 2601 1416; x_wconf 83' lang='lat' dir='ltr'><strong>Vides</strong></span> <span class='ocrx_word' id='word_1_525' title='bbox 2622 1360 2764 1430; x_wconf 88' lang='lat' dir='ltr'><strong>quod</strong></span> <span class='ocrx_word' id='word_1_526' title='bbox 2806 1355 3066 1427; x_wconf 78' lang='lat' dir='ltr'><strong>singulari</strong></span> <span class='ocrx_word' id='word_1_527' title='bbox 3104 1370 3336 1410; x_wconf 77' lang='lat' dir='ltr'><strong>numero</strong></span> <span class='ocrx_word' id='word_1_528' title='bbox 3374 1364 3565 1406; x_wconf 90' lang='lat' dir='ltr'><strong>utatur</strong></span> <span class='ocrx_word' id='word_1_529' title='bbox 3590 1390 3605 1415; x_wconf 90' lang='lat'><strong>,</strong></span> <span class='ocrx_word' id='word_1_530' title='bbox 3654 1366 3751 1402; x_wconf 80' lang='lat' dir='ltr'><strong>non</strong></span> 
     </span>
    </p>
   </div>
   <div class='ocr_carea' id='block_1_88' title="bbox 2169 1443 3752 1524">
    <p class='ocr_par' dir='ltr' id='par_1_88' title="bbox 2169 1443 3752 1524">
     <span class='ocr_line' id='line_1_88' title="bbox 2169 1443 3752 1524; baseline -0.01 -15"><span class='ocrx_word' id='word_1_531' title='bbox 2169 1456 2490 1524; x_wconf 84' lang='lat' dir='ltr'><strong>permittens</strong></span> <span class='ocrx_word' id='word_1_532' title='bbox 2544 1453 2710 1507; x_wconf 84' lang='lat' dir='ltr'><strong>Deum</strong></span> <span class='ocrx_word' id='word_1_533' title='bbox 2763 1461 2818 1505; x_wconf 90' lang='lat' dir='ltr'><strong>et</strong></span> <span class='ocrx_word' id='word_1_534' title='bbox 2864 1450 3139 1505; x_wconf 83' lang='lat' dir='ltr'><strong>hominem</strong></span> <span class='ocrx_word' id='word_1_535' title='bbox 3196 1462 3421 1501; x_wconf 82' lang='lat' dir='ltr'><strong>seorsus</strong></span> <span class='ocrx_word' id='word_1_536' title='bbox 3484 1443 3752 1513; x_wconf 80' lang='lat' dir='ltr'><strong>intelligi;</strong></span> 
     </span>
    </p>
   </div>
   <div class='ocr_carea' id='block_1_89' title="bbox 2172 1532 3758 1611">
    <p class='ocr_par' dir='ltr' id='par_1_89' title="bbox 2172 1532 3758 1611">
     <span class='ocr_line' id='line_1_89' title="bbox 2172 1532 3758 1611; baseline -0.009 -12"><span class='ocrx_word' id='word_1_537' title='bbox 2172 1546 2282 1599; x_wconf 90' lang='lat' dir='ltr'><strong>imo</strong></span> <span class='ocrx_word' id='word_1_538' title='bbox 2325 1559 2453 1599; x_wconf 86' lang='lat' dir='ltr'><strong>vero</strong></span> <span class='ocrx_word' id='word_1_539' title='bbox 2489 1551 2544 1597; x_wconf 88' lang='lat' dir='ltr'><strong>et</strong></span> <span class='ocrx_word' id='word_1_540' title='bbox 2589 1543 2635 1598; x_wconf 83' lang='lat' dir='ltr'><strong>si</strong></span> <span class='ocrx_word' id='word_1_541' title='bbox 2663 1542 2785 1611; x_wconf 87' lang='lat' dir='ltr'><strong>quis</strong></span> <span class='ocrx_word' id='word_1_542' title='bbox 2815 1540 3089 1595; x_wconf 88' lang='lat' dir='ltr'><strong>hominem</strong></span> <span class='ocrx_word' id='word_1_543' title='bbox 3147 1532 3521 1592; x_wconf 79' lang='lat' dir='ltr'><strong>nominaverit</strong></span> <span class='ocrx_word' id='word_1_544' title='bbox 3547 1535 3758 1590; x_wconf 83' lang='lat' dir='ltr'><strong>Emma-</strong></span> 
     </span>
    </p>
   </div>
   <div class='ocr_carea' id='block_1_90' title="bbox 2173 1625 3758 1704">
    <p class='ocr_par' dir='ltr' id='par_1_90' title="bbox 2173 1625 3758 1704">
     <span class='ocr_line' id='line_1_90' title="bbox 2173 1625 3758 1704; baseline -0.007 -15"><span class='ocrx_word' id='word_1_545' title='bbox 2173 1637 2319 1702; x_wconf 89' lang='lat' dir='ltr'><strong>nuel,</strong></span> <span class='ocrx_word' id='word_1_546' title='bbox 2355 1636 2580 1690; x_wconf 89' lang='lat' dir='ltr'><strong>minime</strong></span> <span class='ocrx_word' id='word_1_547' title='bbox 2620 1635 2834 1704; x_wconf 87' lang='lat' dir='ltr'><strong>quidem</strong></span> <span class='ocrx_word' id='word_1_548' title='bbox 2867 1644 3213 1687; x_wconf 88' lang='lat' dir='ltr'><strong>connunneut</strong></span> <span class='ocrx_word' id='word_1_549' title='bbox 3270 1628 3557 1682; x_wconf 89' lang='lat' dir='ltr'><strong>hominem</strong></span> <span class='ocrx_word' id='word_1_550' title='bbox 3592 1625 3758 1696; x_wconf 83' lang='lat' dir='ltr'><strong>signi-</strong></span> 
     </span>
    </p>
   </div>
   <div class='ocr_carea' id='block_1_91' title="bbox 2174 1723 3757 1797">
    <p class='ocr_par' dir='ltr' id='par_1_91' title="bbox 2174 1723 3757 1797">
     <span class='ocr_line' id='line_1_91' title="bbox 2174 1723 3757 1797; baseline -0.008 -11"><span class='ocrx_word' id='word_1_551' title='bbox 2174 1730 2413 1786; x_wconf 80' lang='lat' dir='ltr'><strong>ﬁcaverit</strong></span> <span class='ocrx_word' id='word_1_552' title='bbox 2436 1748 2449 1797; x_wconf 91' lang='lat'><strong>;</strong></span> <span class='ocrx_word' id='word_1_553' title='bbox 2475 1730 2568 1783; x_wconf 91' lang='lat' dir='ltr'><strong>sed</strong></span> <span class='ocrx_word' id='word_1_554' title='bbox 2593 1728 2688 1783; x_wconf 87' lang='lat' dir='ltr'><strong>Dei</strong></span> <span class='ocrx_word' id='word_1_555' title='bbox 2717 1725 2949 1780; x_wconf 81' lang='lat' dir='ltr'><strong>Verbum</strong></span> <span class='ocrx_word' id='word_1_556' title='bbox 2970 1723 3270 1777; x_wconf 89' lang='lat' dir='ltr'><strong>adunatum</strong></span> <span class='ocrx_word' id='word_1_557' title='bbox 3293 1732 3500 1777; x_wconf 83' lang='lat' dir='ltr'><strong>uostra-</strong></span> <span class='ocrx_word' id='word_1_558' title='bbox 3532 1732 3757 1774; x_wconf 78' lang='lat' dir='ltr'><strong>natunc.</strong></span> 
     </span>
    </p>
   </div>
   <div class='ocr_carea' id='block_1_92' title="bbox 2180 1812 3757 1884">
    <p class='ocr_par' dir='ltr' id='par_1_92' title="bbox 2180 1812 3757 1884">
     <span class='ocr_line' id='line_1_92' title="bbox 2180 1812 3757 1884; baseline -0.01 -6"><span class='ocrx_word' id='word_1_559' title='bbox 2180 1824 2332 1879; x_wconf 90' lang='lat' dir='ltr'><strong>lluuc</strong></span> <span class='ocrx_word' id='word_1_560' title='bbox 2362 1823 2502 1878; x_wconf 85' lang='lat' dir='ltr'><strong>sicut</strong></span> <span class='ocrx_word' id='word_1_561' title='bbox 2536 1835 2701 1873; x_wconf 85' lang='lat' dir='ltr'><strong>uutnn</strong></span> <span class='ocrx_word' id='word_1_562' title='bbox 2726 1861 2741 1884; x_wconf 97' lang='lat'><strong>,</strong></span> <span class='ocrx_word' id='word_1_563' title='bbox 2775 1817 3048 1872; x_wconf 86' lang='lat' dir='ltr'><strong>hominem</strong></span> <span class='ocrx_word' id='word_1_564' title='bbox 3100 1816 3402 1869; x_wconf 85' lang='lat' dir='ltr'><strong>adoravere</strong></span> <span class='ocrx_word' id='word_1_565' title='bbox 3457 1812 3608 1867; x_wconf 82' lang='lat' dir='ltr'><strong>beati</strong></span> <span class='ocrx_word' id='word_1_566' title='bbox 3658 1812 3757 1864; x_wconf 72' lang='lat' dir='ltr'><strong>dis-</strong></span> 
     </span>
    </p>
   </div>
   <div class='ocr_carea' id='block_1_93' title="bbox 2109 1892 3762 1985">
    <p class='ocr_par' dir='ltr' id='par_1_93' title="bbox 2109 1892 3762 1985">
     <span class='ocr_line' id='line_1_93' title="bbox 2109 1892 3762 1985; baseline -0.008 -14"><span class='ocrx_word' id='word_1_567' title='bbox 2109 1906 2150 1961; x_wconf 74' lang='grc' dir='ltr'><strong><em>Β</em></strong></span> <span class='ocrx_word' id='word_1_568' title='bbox 2177 1915 2359 1985; x_wconf 79' lang='lat' dir='ltr'><strong>cipnli,</strong></span> <span class='ocrx_word' id='word_1_569' title='bbox 2390 1932 2513 1968; x_wconf 84' lang='lat' dir='ltr'><strong>cuiu</strong></span> <span class='ocrx_word' id='word_1_570' title='bbox 2548 1928 2669 1966; x_wconf 90' lang='lat' dir='ltr'><strong>eum</strong></span> <span class='ocrx_word' id='word_1_571' title='bbox 2701 1912 2944 1966; x_wconf 86' lang='lat' dir='ltr'><strong>videntes</strong></span> <span class='ocrx_word' id='word_1_572' title='bbox 2999 1898 3153 1962; x_wconf 86' lang='lat' dir='ltr'><strong>miris</strong></span> <span class='ocrx_word' id='word_1_573' title='bbox 3195 1892 3372 1960; x_wconf 80' lang='lat' dir='ltr'><strong>modis</strong></span> <span class='ocrx_word' id='word_1_574' title='bbox 3420 1907 3566 1959; x_wconf 91' lang='lat' dir='ltr'><strong>inter</strong></span> <span class='ocrx_word' id='word_1_575' title='bbox 3597 1920 3762 1973; x_wconf 85' lang='lat' dir='ltr'><strong>aquas</strong></span> 
     </span>
    </p>
   </div>
   <div class='ocr_carea' id='block_1_94' title="bbox 2176 1995 3761 2069">
    <p class='ocr_par' dir='ltr' id='par_1_94' title="bbox 2176 1995 3761 2069">
     <span class='ocr_line' id='line_1_94' title="bbox 2176 1995 3761 2069; baseline -0.005 -8"><span class='ocrx_word' id='word_1_576' title='bbox 2176 2006 2477 2069; x_wconf 79' lang='lat' dir='ltr'><strong>ambulare,</strong></span> <span class='ocrx_word' id='word_1_577' title='bbox 2504 2005 2818 2066; x_wconf 83' lang='lat' dir='ltr'><strong>adoravcre,</strong></span> <span class='ocrx_word' id='word_1_578' title='bbox 2855 2002 3103 2056; x_wconf 79' lang='lat' dir='ltr'><strong>dicentes</strong></span> <span class='ocrx_word' id='word_1_579' title='bbox 3156 2017 3169 2052; x_wconf 90' lang='lat'><strong>:</strong></span> <span class='ocrx_word' id='word_1_580' title='bbox 3225 2017 3244 2050; x_wconf 75' lang='grc' dir='ltr'><strong>ι</strong></span> <span class='ocrx_word' id='word_1_581' title='bbox 3284 1996 3424 2052; x_wconf 80' lang='lat' dir='ltr'><strong>Vere</strong></span> <span class='ocrx_word' id='word_1_582' title='bbox 3469 1998 3565 2052; x_wconf 86' lang='lat' dir='ltr'><strong>Dei</strong></span> <span class='ocrx_word' id='word_1_583' title='bbox 3598 1995 3761 2053; x_wconf 85' lang='lat' dir='ltr'><strong>Filius</strong></span> 
     </span>
    </p>
   </div>
   <div class='ocr_carea' id='block_1_95' title="bbox 2175 2099 2382 2154">
    <p class='ocr_par' dir='ltr' id='par_1_95' title="bbox 2175 2099 2382 2154">
     <span class='ocr_line' id='line_1_95' title="bbox 2175 2099 2382 2154; baseline -0.024 0"><span class='ocrx_word' id='word_1_584' title='bbox 2175 2114 2235 2154; x_wconf 84' lang='lat' dir='ltr'><strong>es</strong></span> <span class='ocrx_word' id='word_1_585' title='bbox 2254 2099 2321 2151; x_wconf 84' lang='grc'><strong>⁸⁵.</strong></span> <span class='ocrx_word' id='word_1_586' title='bbox 2362 2117 2382 2149; x_wconf 70' lang='grc' dir='ltr'><strong>ι</strong></span> 
     </span>
    </p>
   </div>
   <div class='ocr_carea' id='block_1_96' title="bbox 2248 2183 3766 2245">
    <p class='ocr_par' dir='ltr' id='par_1_96' title="bbox 2248 2183 3766 2245">
     <span class='ocr_line' id='line_1_96' title="bbox 2248 2183 3766 2245; baseline -0.007 0"><span class='ocrx_word' id='word_1_587' title='bbox 2248 2190 2306 2245; x_wconf 89' lang='lat' dir='ltr'><strong>Si</strong></span> <span class='ocrx_word' id='word_1_588' title='bbox 2338 2204 2469 2244; x_wconf 90' lang='lat' dir='ltr'><strong>vero</strong></span> <span class='ocrx_word' id='word_1_589' title='bbox 2500 2190 2771 2245; x_wconf 83' lang='lat' dir='ltr'><strong>hominem</strong></span> <span class='ocrx_word' id='word_1_590' title='bbox 2803 2203 2923 2243; x_wconf 90' lang='lat' dir='ltr'><strong>cum</strong></span> <span class='ocrx_word' id='word_1_591' title='bbox 2967 2186 3077 2241; x_wconf 87' lang='lat' dir='ltr'><strong>Deo</strong></span> <span class='ocrx_word' id='word_1_592' title='bbox 3104 2183 3387 2240; x_wconf 90' lang='lat' dir='ltr'><strong>coadorari</strong></span> <span class='ocrx_word' id='word_1_593' title='bbox 3433 2183 3766 2243; x_wconf 65' lang='lat' dir='ltr'><strong>dixerimm,</strong></span> 
     </span>
    </p>
   </div>
   <div class='ocr_carea' id='block_1_97' title="bbox 2176 2276 3762 2348">
    <p class='ocr_par' dir='ltr' id='par_1_97' title="bbox 2176 2276 3762 2348">
     <span class='ocr_line' id='line_1_97' title="bbox 2176 2276 3762 2348; baseline -0.006 -11"><span class='ocrx_word' id='word_1_594' title='bbox 2176 2283 2495 2337; x_wconf 83' lang='lat' dir='ltr'><strong>divisionem</strong></span> <span class='ocrx_word' id='word_1_595' title='bbox 2556 2280 3005 2348; x_wconf 82' lang='lat' dir='ltr'><strong>spatiosissimam</strong></span> <span class='ocrx_word' id='word_1_596' title='bbox 3044 2279 3411 2332; x_wconf 76' lang='lat' dir='ltr'><strong>iudureums:</strong></span> <span class='ocrx_word' id='word_1_597' title='bbox 3466 2276 3567 2327; x_wconf 68' lang='grc' dir='ltr'>σὺν</span> <span class='ocrx_word' id='word_1_598' title='bbox 3617 2276 3762 2327; x_wconf 69' lang='lat' dir='ltr'><strong>cnim</strong></span> 
     </span>
    </p>
   </div>
   <div class='ocr_carea' id='block_1_98' title="bbox 2174 2367 3767 2443">
    <p class='ocr_par' dir='ltr' id='par_1_98' title="bbox 2174 2367 3767 2443">
     <span class='ocr_line' id='line_1_98' title="bbox 2174 2367 3767 2443; baseline -0.007 -13"><span class='ocrx_word' id='word_1_599' title='bbox 2174 2390 2389 2443; x_wconf 82' lang='lat' dir='ltr'><strong>semper</strong></span> <span class='ocrx_word' id='word_1_600' title='bbox 2420 2374 2585 2443; x_wconf 83' lang='lat' dir='ltr'><strong>(quod</strong></span> <span class='ocrx_word' id='word_1_601' title='bbox 2618 2382 2700 2426; x_wconf 90' lang='lat' dir='ltr'><strong>est</strong></span> <span class='ocrx_word' id='word_1_602' title='bbox 2734 2371 2923 2425; x_wconf 82' lang='lat' dir='ltr'><strong>Latine</strong></span> <span class='ocrx_word' id='word_1_603' title='bbox 2944 2371 3110 2438; x_wconf 66' lang='lat' dir='ltr'><strong>cum),</strong></span> <span class='ocrx_word' id='word_1_604' title='bbox 3140 2370 3240 2423; x_wconf 86' lang='lat' dir='ltr'><strong>nisi</strong></span> <span class='ocrx_word' id='word_1_605' title='bbox 3275 2370 3326 2423; x_wconf 91' lang='lat' dir='ltr'><strong>in</strong></span> <span class='ocrx_word' id='word_1_606' title='bbox 3360 2367 3767 2437; x_wconf 71' lang='lat' dir='ltr'><strong>signiﬁcatione</strong></span> 
     </span>
    </p>
   </div>
   <div class='ocr_carea' id='block_1_99' title="bbox 2178 2461 3765 2535">
    <p class='ocr_par' dir='ltr' id='par_1_99' title="bbox 2178 2461 3765 2535">
     <span class='ocr_line' id='line_1_99' title="bbox 2178 2461 3765 2535; baseline -0.008 -14"><span class='ocrx_word' id='word_1_607' title='bbox 2178 2469 2427 2530; x_wconf 86' lang='lat' dir='ltr'><strong>unitatis,</strong></span> <span class='ocrx_word' id='word_1_608' title='bbox 2458 2482 2578 2535; x_wconf 70' lang='lat' dir='ltr'><strong>qua:</strong></span> <span class='ocrx_word' id='word_1_609' title='bbox 2604 2476 2688 2521; x_wconf 82' lang='lat' dir='ltr'><strong>est</strong></span> <span class='ocrx_word' id='word_1_610' title='bbox 2710 2481 2806 2534; x_wconf 77' lang='lat' dir='ltr'><strong>per</strong></span> <span class='ocrx_word' id='word_1_611' title='bbox 2838 2463 3310 2533; x_wconf 79' lang='lat' dir='ltr'><strong>compositionem,</strong></span> <span class='ocrx_word' id='word_1_612' title='bbox 3344 2471 3603 2527; x_wconf 83' lang='lat' dir='ltr'><strong>ponatur,</strong></span> <span class='ocrx_word' id='word_1_613' title='bbox 3659 2461 3765 2512; x_wconf 83' lang='lat' dir='ltr'><strong>duo</strong></span> 
     </span>
    </p>
   </div>
   <div class='ocr_carea' id='block_1_100' title="bbox 2175 2553 3759 2629">
    <p class='ocr_par' dir='ltr' id='par_1_100' title="bbox 2175 2553 3759 2629">
     <span class='ocr_line' id='line_1_100' title="bbox 2175 2553 3759 2629; baseline -0.006 -19"><span class='ocrx_word' id='word_1_614' title='bbox 2175 2561 2399 2613; x_wconf 82' lang='lat' dir='ltr'><strong>oiunino</strong></span> <span class='ocrx_word' id='word_1_615' title='bbox 2424 2567 2580 2629; x_wconf 80' lang='lat' dir='ltr'><strong>coget</strong></span> <span class='ocrx_word' id='word_1_616' title='bbox 2613 2556 2859 2627; x_wconf 78' lang='lat' dir='ltr'><strong>intelligi.</strong></span> <span class='ocrx_word' id='word_1_617' title='bbox 2898 2554 3371 2621; x_wconf 79' lang='lat' dir='ltr'><strong>Quemadmodum</strong></span> <span class='ocrx_word' id='word_1_618' title='bbox 3410 2553 3560 2607; x_wconf 89' lang='lat' dir='ltr'><strong>enim</strong></span> <span class='ocrx_word' id='word_1_619' title='bbox 3600 2568 3759 2605; x_wconf 88' lang='lat' dir='ltr'><strong>nemo</strong></span> 
     </span>
    </p>
   </div>
   <div class='ocr_carea' id='block_1_101' title="bbox 2175 2644 3759 2718">
    <p class='ocr_par' dir='ltr' id='par_1_101' title="bbox 2175 2644 3759 2718">
     <span class='ocr_line' id='line_1_101' title="bbox 2175 2644 3759 2718; baseline -0.004 -14"><span class='ocrx_word' id='word_1_620' title='bbox 2175 2650 2276 2705; x_wconf 88' lang='lat' dir='ltr'><strong>sibi</strong></span> <span class='ocrx_word' id='word_1_621' title='bbox 2306 2654 2597 2705; x_wconf 80' lang='lat' dir='ltr'><strong>convenire</strong></span> <span class='ocrx_word' id='word_1_622' title='bbox 2619 2650 2831 2704; x_wconf 85' lang='lat' dir='ltr'><strong>dicatur</strong></span> <span class='ocrx_word' id='word_1_623' title='bbox 2856 2687 2872 2711; x_wconf 91' lang='lat'><strong>,</strong></span> <span class='ocrx_word' id='word_1_624' title='bbox 2899 2663 3081 2718; x_wconf 89' lang='lat' dir='ltr'><strong>neque</strong></span> <span class='ocrx_word' id='word_1_625' title='bbox 3102 2662 3456 2708; x_wconf 69' lang='lat' dir='ltr'><strong>concaenare.</strong></span> <span class='ocrx_word' id='word_1_626' title='bbox 3485 2656 3577 2698; x_wconf 90' lang='lat' dir='ltr'><strong>aut</strong></span> <span class='ocrx_word' id='word_1_627' title='bbox 3599 2644 3759 2699; x_wconf 76' lang='lat' dir='ltr'><strong>coad-</strong></span> 
     </span>
    </p>
   </div>
   <div class='ocr_carea' id='block_1_102' title="bbox 2176 2738 3762 2808">
    <p class='ocr_par' dir='ltr' id='par_1_102' title="bbox 2176 2738 3762 2808">
     <span class='ocr_line' id='line_1_102' title="bbox 2176 2738 3762 2808; baseline -0.003 -13"><span class='ocrx_word' id='word_1_628' title='bbox 2176 2752 2453 2805; x_wconf 71' lang='lat' dir='ltr'><strong>orare,aut</strong></span> <span class='ocrx_word' id='word_1_629' title='bbox 2471 2741 2817 2796; x_wconf 88' lang='lat' dir='ltr'><strong>coatubulare</strong></span> <span class='ocrx_word' id='word_1_630' title='bbox 2844 2759 2857 2807; x_wconf 92' lang='lat'><strong>;</strong></span> <span class='ocrx_word' id='word_1_631' title='bbox 2886 2743 3110 2795; x_wconf 91' lang='lat' dir='ltr'><strong>duarum</strong></span> <span class='ocrx_word' id='word_1_632' title='bbox 3137 2740 3281 2794; x_wconf 88' lang='lat' dir='ltr'><strong>enim</strong></span> <span class='ocrx_word' id='word_1_633' title='bbox 3307 2754 3670 2808; x_wconf 83' lang='lat' dir='ltr'><strong>personarum</strong></span> <span class='ocrx_word' id='word_1_634' title='bbox 3690 2738 3762 2791; x_wconf 65' lang='lat' dir='ltr'><strong>sio</strong></span> 
     </span>
    </p>
   </div>
   <div class='ocr_carea' id='block_1_103' title="bbox 2176 2832 3760 2903">
    <p class='ocr_par' dir='ltr' id='par_1_103' title="bbox 2176 2832 3760 2903">
     <span class='ocr_line' id='line_1_103' title="bbox 2176 2832 3760 2903; baseline -0.002 -17"><span class='ocrx_word' id='word_1_635' title='bbox 2176 2832 2577 2901; x_wconf 72' lang='lat' dir='ltr'><strong>gnilicationetn</strong></span> <span class='ocrx_word' id='word_1_636' title='bbox 2607 2833 2807 2887; x_wconf 85' lang='lat' dir='ltr'><strong>inducit</strong></span> <span class='ocrx_word' id='word_1_637' title='bbox 2835 2833 3145 2903; x_wconf 69' lang='lat' dir='ltr'><strong>praepositio</strong></span> <span class='ocrx_word' id='word_1_638' title='bbox 3208 2833 3379 2887; x_wconf 85' lang='lat' dir='ltr'><strong>verbo</strong></span> <span class='ocrx_word' id='word_1_639' title='bbox 3418 2834 3707 2899; x_wconf 67' lang='lat' dir='ltr'><strong>prwposita</strong></span> <span class='ocrx_word' id='word_1_640' title='bbox 3749 2852 3760 2883; x_wconf 88' lang='lat'>:</span> 
     </span>
    </p>
   </div>
   <div class='ocr_carea' id='block_1_104' title="bbox 2180 2922 3761 2992">
    <p class='ocr_par' dir='ltr' id='par_1_104' title="bbox 2180 2922 3761 2992">
     <span class='ocr_line' id='line_1_104' title="bbox 2180 2922 3761 2992; baseline -0.003 -15"><span class='ocrx_word' id='word_1_641' title='bbox 2180 2925 2251 2977; x_wconf 88' lang='lat' dir='ltr'><strong>ita</strong></span> <span class='ocrx_word' id='word_1_642' title='bbox 2272 2924 2431 2977; x_wconf 88' lang='lat' dir='ltr'><strong>etiam</strong></span> <span class='ocrx_word' id='word_1_643' title='bbox 2456 2926 2500 2979; x_wconf 92' lang='lat' dir='ltr'><strong>si</strong></span> <span class='ocrx_word' id='word_1_644' title='bbox 2530 2926 2653 2992; x_wconf 82' lang='lat' dir='ltr'><strong>quis</strong></span> <span class='ocrx_word' id='word_1_645' title='bbox 2670 2926 2952 2979; x_wconf 85' lang='lat' dir='ltr'><strong>coadorari</strong></span> <span class='ocrx_word' id='word_1_646' title='bbox 2974 2926 3247 2978; x_wconf 88' lang='lat' dir='ltr'><strong>hominem</strong></span> <span class='ocrx_word' id='word_1_647' title='bbox 3261 2937 3384 2976; x_wconf 82' lang='lat' dir='ltr'><strong>cum</strong></span> <span class='ocrx_word' id='word_1_648' title='bbox 3409 2922 3521 2976; x_wconf 82' lang='lat' dir='ltr'><strong>Deo</strong></span> <span class='ocrx_word' id='word_1_649' title='bbox 3544 2925 3761 2987; x_wconf 87' lang='lat' dir='ltr'><strong>dixerit,</strong></span> 
     </span>
    </p>
   </div>
   <div class='ocr_carea' id='block_1_105' title="bbox 2178 3016 3765 3084">
    <p class='ocr_par' dir='ltr' id='par_1_105' title="bbox 2178 3016 3765 3084">
     <span class='ocr_line' id='line_1_105' title="bbox 2178 3016 3765 3084; baseline -0.001 -15"><span class='ocrx_word' id='word_1_650' title='bbox 2178 3016 2313 3069; x_wconf 86' lang='lat' dir='ltr'><strong>duos</strong></span> <span class='ocrx_word' id='word_1_651' title='bbox 2355 3016 2511 3084; x_wconf 88' lang='lat' dir='ltr'><strong>plane</strong></span> <span class='ocrx_word' id='word_1_652' title='bbox 2547 3016 2686 3070; x_wconf 83' lang='lat' dir='ltr'><strong>illius</strong></span> <span class='ocrx_word' id='word_1_653' title='bbox 2715 3018 2867 3081; x_wconf 89' lang='lat' dir='ltr'><strong>dicit,</strong></span> <span class='ocrx_word' id='word_1_654' title='bbox 2901 3026 3003 3070; x_wconf 87' lang='lat' dir='ltr'><strong>eta</strong></span> <span class='ocrx_word' id='word_1_655' title='bbox 3029 3031 3147 3070; x_wconf 79' lang='lat' dir='ltr'><strong>sese</strong></span> <span class='ocrx_word' id='word_1_656' title='bbox 3166 3016 3470 3083; x_wconf 81' lang='lat' dir='ltr'><strong>disjnnctos</strong></span> <span class='ocrx_word' id='word_1_657' title='bbox 3498 3033 3511 3074; x_wconf 86' lang='lat'><strong>;</strong></span> <span class='ocrx_word' id='word_1_658' title='bbox 3542 3016 3765 3067; x_wconf 77' lang='lat' dir='ltr'><strong>unitatis</strong></span> 
     </span>
    </p>
   </div>
   <div class='ocr_carea' id='block_1_106' title="bbox 2182 3105 3761 3177">
    <p class='ocr_par' dir='ltr' id='par_1_106' title="bbox 2182 3105 3761 3177">
     <span class='ocr_line' id='line_1_106' title="bbox 2182 3105 3761 3177; baseline -0.003 -17"><span class='ocrx_word' id='word_1_659' title='bbox 2182 3107 2325 3160; x_wconf 85' lang='lat' dir='ltr'><strong>enim</strong></span> <span class='ocrx_word' id='word_1_660' title='bbox 2359 3108 2514 3170; x_wconf 90' lang='lat' dir='ltr'><strong>ratio,</strong></span> <span class='ocrx_word' id='word_1_661' title='bbox 2542 3107 2660 3160; x_wconf 79' lang='lat' dir='ltr'><strong>siin</strong></span> <span class='ocrx_word' id='word_1_662' title='bbox 2689 3107 2801 3160; x_wconf 90' lang='lat' dir='ltr'><strong>sola</strong></span> <span class='ocrx_word' id='word_1_663' title='bbox 2841 3107 3115 3177; x_wconf 79' lang='lat' dir='ltr'><strong>dignitatis</strong></span> <span class='ocrx_word' id='word_1_664' title='bbox 3160 3105 3473 3175; x_wconf 80' lang='lat' dir='ltr'><strong>:equalitate</strong></span> <span class='ocrx_word' id='word_1_665' title='bbox 3504 3106 3620 3158; x_wconf 81' lang='lat' dir='ltr'><strong>sive</strong></span> <span class='ocrx_word' id='word_1_666' title='bbox 3667 3121 3761 3158; x_wconf 68' lang='lat' dir='ltr'><strong>au.</strong></span> 
     </span>
    </p>
   </div>
   <div class='ocr_carea' id='block_1_107' title="bbox 2176 3196 3760 3267">
    <p class='ocr_par' dir='ltr' id='par_1_107' title="bbox 2176 3196 3760 3267">
     <span class='ocr_line' id='line_1_107' title="bbox 2176 3196 3760 3267; baseline -0.001 -16"><span class='ocrx_word' id='word_1_667' title='bbox 2176 3198 2445 3252; x_wconf 90' lang='lat' dir='ltr'><strong>ctoritatis</strong></span> <span class='ocrx_word' id='word_1_668' title='bbox 2471 3198 2819 3267; x_wconf 82' lang='lat' dir='ltr'><strong>intelligatur,</strong></span> <span class='ocrx_word' id='word_1_669' title='bbox 2840 3213 2947 3252; x_wconf 86' lang='lat' dir='ltr'><strong>non</strong></span> <span class='ocrx_word' id='word_1_670' title='bbox 2974 3213 3094 3253; x_wconf 85' lang='lat' dir='ltr'><strong>esse</strong></span> <span class='ocrx_word' id='word_1_671' title='bbox 3124 3213 3245 3250; x_wconf 80' lang='lat' dir='ltr'><strong>vera</strong></span> <span class='ocrx_word' id='word_1_672' title='bbox 3268 3197 3640 3258; x_wconf 71' lang='lat' dir='ltr'><strong>convincitur,</strong></span> <span class='ocrx_word' id='word_1_673' title='bbox 3678 3196 3760 3249; x_wconf 88' lang='lat' dir='ltr'><strong>id-</strong></span> 
     </span>
    </p>
   </div>
   <div class='ocr_carea' id='block_1_108' title="bbox 2173 3289 3616 3361">
    <p class='ocr_par' dir='ltr' id='par_1_108' title="bbox 2173 3289 3616 3361">
     <span class='ocr_line' id='line_1_108' title="bbox 2173 3289 3616 3361; baseline -0.001 -18"><span class='ocrx_word' id='word_1_674' title='bbox 2173 3306 2280 3361; x_wconf 88' lang='lat' dir='ltr'><strong>que</strong></span> <span class='ocrx_word' id='word_1_675' title='bbox 2308 3307 2336 3343; x_wconf 91' lang='lat' dir='ltr'><strong>a</strong></span> <span class='ocrx_word' id='word_1_676' title='bbox 2370 3291 2523 3345; x_wconf 84' lang='lat' dir='ltr'><strong>nobis</strong></span> <span class='ocrx_word' id='word_1_677' title='bbox 2553 3291 2665 3361; x_wconf 86' lang='lat' dir='ltr'><strong>jam</strong></span> <span class='ocrx_word' id='word_1_678' title='bbox 2697 3289 2941 3359; x_wconf 90' lang='lat' dir='ltr'><strong>plurihus</strong></span> <span class='ocrx_word' id='word_1_679' title='bbox 2992 3301 3117 3343; x_wconf 89' lang='lat' dir='ltr'><strong>ante</strong></span> <span class='ocrx_word' id='word_1_680' title='bbox 3163 3290 3454 3357; x_wconf 74' lang='lat' dir='ltr'><strong>probatum</strong></span> <span class='ocrx_word' id='word_1_681' title='bbox 3512 3297 3616 3341; x_wconf 78' lang='lat' dir='ltr'><strong>est.</strong></span> 
     </span>
    </p>
   </div>
   <div class='ocr_carea' id='block_1_109' title="bbox 2665 3402 3260 3473">
    <p class='ocr_par' dir='ltr' id='par_1_109' title="bbox 2665 3402 3260 3473">
     <span class='ocr_line' id='line_1_109' title="bbox 2665 3402 3260 3473; baseline -0.003 -16"><span class='ocrx_word' id='word_1_682' title='bbox 2665 3403 2831 3473; x_wconf 75' lang='lat'><strong>793</strong></span> <span class='ocrx_word' id='word_1_683' title='bbox 2856 3402 3008 3457; x_wconf 77' lang='lat' dir='ltr'><strong>CAP.</strong></span> <span class='ocrx_word' id='word_1_684' title='bbox 3042 3402 3260 3456; x_wconf 85' lang='lat' dir='ltr'><strong>xxxv.</strong></span> 
     </span>
    </p>
   </div>
   <div class='ocr_carea' id='block_1_110' title="bbox 2176 3513 3761 3582">
    <p class='ocr_par' dir='ltr' id='par_1_110' title="bbox 2176 3513 3761 3582">
     <span class='ocr_line' id='line_1_110' title="bbox 2176 3513 3761 3582; baseline -0.002 -14"><span class='ocrx_word' id='word_1_685' title='bbox 2176 3516 2437 3569; x_wconf 72' lang='lat' dir='ltr'><strong>Adversus</strong></span> <span class='ocrx_word' id='word_1_686' title='bbox 2472 3514 2591 3569; x_wconf 72' lang='lat' dir='ltr'><strong>iHos</strong></span> <span class='ocrx_word' id='word_1_687' title='bbox 2620 3516 2713 3582; x_wconf 75' lang='lat' dir='ltr'><strong>qui</strong></span> <span class='ocrx_word' id='word_1_688' title='bbox 2742 3516 2916 3577; x_wconf 81' lang='lat' dir='ltr'><strong>aiunt,</strong></span> <span class='ocrx_word' id='word_1_689' title='bbox 2959 3516 3098 3577; x_wconf 78' lang='lat' dir='ltr'><strong>quod</strong></span> <span class='ocrx_word' id='word_1_690' title='bbox 3146 3516 3258 3566; x_wconf 82' lang='lat' dir='ltr'><strong>salu</strong></span> <span class='ocrx_word' id='word_1_691' title='bbox 3302 3515 3559 3568; x_wconf 78' lang='lat' dir='ltr'><strong>relatione</strong></span> <span class='ocrx_word' id='word_1_692' title='bbox 3597 3513 3761 3566; x_wconf 71' lang='lat' dir='ltr'><strong>Deum</strong></span> 
     </span>
    </p>
   </div>
   <div class='ocr_carea' id='block_1_111' title="bbox 2582 3584 3347 3639">
    <p class='ocr_par' dir='ltr' id='par_1_111' title="bbox 2582 3584 3347 3639">
     <span class='ocr_line' id='line_1_111' title="bbox 2582 3584 3347 3639; baseline 0.001 -1"><span class='ocrx_word' id='word_1_693' title='bbox 2582 3584 2805 3639; x_wconf 79' lang='lat' dir='ltr'><strong>Verbum</strong></span> <span class='ocrx_word' id='word_1_694' title='bbox 2839 3590 3057 3638; x_wconf 78' lang='lat' dir='ltr'><strong>deceant</strong></span> <span class='ocrx_word' id='word_1_695' title='bbox 3087 3586 3347 3638; x_wconf 78' lang='lat' dir='ltr'><strong>humana.</strong></span> 
     </span>
    </p>
   </div>
   <div class='ocr_carea' id='block_1_112' title="bbox 2244 3694 3744 3762">
    <p class='ocr_par' dir='ltr' id='par_1_112' title="bbox 2244 3694 3744 3762">
     <span class='ocr_line' id='line_1_112' title="bbox 2244 3694 3744 3762; baseline -0.003 -13"><span class='ocrx_word' id='word_1_696' title='bbox 2244 3696 2504 3751; x_wconf 63' lang='lat' dir='ltr'><strong>(lat-riunt</strong></span> <span class='ocrx_word' id='word_1_697' title='bbox 2535 3696 2771 3749; x_wconf 84' lang='lat' dir='ltr'><strong>nonnulli</strong></span> <span class='ocrx_word' id='word_1_698' title='bbox 2805 3697 2870 3749; x_wconf 91' lang='lat' dir='ltr'><strong>de</strong></span> <span class='ocrx_word' id='word_1_699' title='bbox 2920 3696 3121 3750; x_wconf 89' lang='lat' dir='ltr'><strong>carnali</strong></span> <span class='ocrx_word' id='word_1_700' title='bbox 3166 3695 3579 3762; x_wconf 61' lang='lat' dir='ltr'><strong>dispensitioie</strong></span> <span class='ocrx_word' id='word_1_701' title='bbox 3612 3694 3744 3747; x_wconf 84' lang='lat' dir='ltr'><strong>Uni-</strong></span> 
     </span>
    </p>
   </div>
   <div class='ocr_carea' id='block_1_113' title="bbox 2175 3787 3754 3857">
    <p class='ocr_par' dir='ltr' id='par_1_113' title="bbox 2175 3787 3754 3857">
     <span class='ocr_line' id='line_1_113' title="bbox 2175 3787 3754 3857; baseline 0 -18"><span class='ocrx_word' id='word_1_702' title='bbox 2175 3788 2361 3857; x_wconf 72' lang='lat' dir='ltr'><strong>geniti,</strong></span> <span class='ocrx_word' id='word_1_703' title='bbox 2394 3798 2447 3841; x_wconf 88' lang='lat' dir='ltr'><strong>et</strong></span> <span class='ocrx_word' id='word_1_704' title='bbox 2491 3787 2818 3849; x_wconf 78' lang='lat' dir='ltr'><strong>venerabile,</strong></span> <span class='ocrx_word' id='word_1_705' title='bbox 2850 3802 2915 3840; x_wconf 84' lang='lat' dir='ltr'><strong>ae</strong></span> <span class='ocrx_word' id='word_1_706' title='bbox 2958 3802 3228 3857; x_wconf 78' lang='lat' dir='ltr'><strong>maguum,</strong></span> <span class='ocrx_word' id='word_1_707' title='bbox 3258 3798 3312 3841; x_wconf 88' lang='lat' dir='ltr'><strong>et</strong></span> <span class='ocrx_word' id='word_1_708' title='bbox 3340 3789 3598 3855; x_wconf 82' lang='lat' dir='ltr'><strong>supernis</strong></span> <span class='ocrx_word' id='word_1_709' title='bbox 3641 3788 3754 3853; x_wconf 80' lang='lat' dir='ltr'><strong>spi-</strong></span> 
     </span>
    </p>
   </div>
   <div class='ocr_carea' id='block_1_114' title="bbox 2178 3878 3754 3948">
    <p class='ocr_par' dir='ltr' id='par_1_114' title="bbox 2178 3878 3754 3948">
     <span class='ocr_line' id='line_1_114' title="bbox 2178 3878 3754 3948; baseline -0.001 -18"><span class='ocrx_word' id='word_1_710' title='bbox 2178 3878 2371 3931; x_wconf 88' lang='lat' dir='ltr'><strong>ritibus</strong></span> <span class='ocrx_word' id='word_1_711' title='bbox 2398 3879 2845 3931; x_wconf 82' lang='lat' dir='ltr'><strong>aiuahilissiunun</strong></span> <span class='ocrx_word' id='word_1_712' title='bbox 2881 3879 3219 3948; x_wconf 80' lang='lat' dir='ltr'><strong>mysterium,</strong></span> <span class='ocrx_word' id='word_1_713' title='bbox 3264 3896 3361 3945; x_wconf 88' lang='lat' dir='ltr'><strong>per</strong></span> <span class='ocrx_word' id='word_1_714' title='bbox 3390 3882 3536 3948; x_wconf 86' lang='lat' dir='ltr'><strong>quod</strong></span> <span class='ocrx_word' id='word_1_715' title='bbox 3594 3882 3754 3932; x_wconf 76' lang='lat' dir='ltr'><strong>etiam</strong></span> 
     </span>
    </p>
   </div>
   <div class='ocr_carea' id='block_1_115' title="bbox 2177 3969 3760 4040">
    <p class='ocr_par' dir='ltr' id='par_1_115' title="bbox 2177 3969 3760 4040">
     <span class='ocr_line' id='line_1_115' title="bbox 2177 3969 3760 4040; baseline 0.001 -18"><span class='ocrx_word' id='word_1_716' title='bbox 2177 3969 2371 4022; x_wconf 79' lang='lat' dir='ltr'><strong>salvati</strong></span> <span class='ocrx_word' id='word_1_717' title='bbox 2406 3986 2613 4031; x_wconf 84' lang='lat' dir='ltr'><strong>smnus,</strong></span> <span class='ocrx_word' id='word_1_718' title='bbox 2646 3971 2713 4020; x_wconf 88' lang='lat' dir='ltr'><strong>ad</strong></span> <span class='ocrx_word' id='word_1_719' title='bbox 2747 3984 2940 4024; x_wconf 83' lang='lat' dir='ltr'><strong>sensus</strong></span> <span class='ocrx_word' id='word_1_720' title='bbox 2968 3969 3187 4040; x_wconf 79' lang='lat' dir='ltr'><strong>fragiles</strong></span> <span class='ocrx_word' id='word_1_721' title='bbox 3226 3970 3562 4031; x_wconf 75' lang='lat' dir='ltr'><strong>deterentes,</strong></span> <span class='ocrx_word' id='word_1_722' title='bbox 3600 3972 3760 4023; x_wconf 73' lang='lat' dir='ltr'><strong>tlcctts</strong></span> 
     </span>
    </p>
   </div>
   <div class='ocr_carea' id='block_1_116' title="bbox 2176 4059 3758 4128">
    <p class='ocr_par' dir='ltr' id='par_1_116' title="bbox 2176 4059 3758 4128">
     <span class='ocr_line' id='line_1_116' title="bbox 2176 4059 3758 4128; baseline -0.001 -14"><span class='ocrx_word' id='word_1_723' title='bbox 2176 4060 2553 4114; x_wconf 87' lang='lat' dir='ltr'><strong>contaminant</strong></span> <span class='ocrx_word' id='word_1_724' title='bbox 2580 4059 3155 4128; x_wconf 89' lang='lat' dir='ltr'><strong>pulehritudincmque</strong></span> <span class='ocrx_word' id='word_1_725' title='bbox 3180 4060 3437 4113; x_wconf 86' lang='lat' dir='ltr'><strong>veritatis</strong></span> <span class='ocrx_word' id='word_1_726' title='bbox 3462 4077 3476 4125; x_wconf 91' lang='lat'><strong>;</strong></span> <span class='ocrx_word' id='word_1_727' title='bbox 3517 4077 3639 4113; x_wconf 84' lang='lat' dir='ltr'><strong>cum</strong></span> <span class='ocrx_word' id='word_1_728' title='bbox 3669 4077 3758 4115; x_wconf 78' lang='lat' dir='ltr'><strong>eos</strong></span> 
     </span>
    </p>
   </div>
   <div class='ocr_carea' id='block_1_117' title="bbox 2177 4152 3755 4221">
    <p class='ocr_par' dir='ltr' id='par_1_117' title="bbox 2177 4152 3755 4221">
     <span class='ocr_line' id='line_1_117' title="bbox 2177 4152 3755 4221; baseline 0.001 -16"><span class='ocrx_word' id='word_1_729' title='bbox 2177 4162 2446 4221; x_wconf 88' lang='lat' dir='ltr'><strong>oporteat,</strong></span> <span class='ocrx_word' id='word_1_730' title='bbox 2482 4169 2586 4205; x_wconf 90' lang='lat' dir='ltr'><strong>non</strong></span> <span class='ocrx_word' id='word_1_731' title='bbox 2618 4152 2661 4205; x_wconf 91' lang='lat' dir='ltr'><strong>si</strong></span> <span class='ocrx_word' id='word_1_732' title='bbox 2700 4152 2827 4221; x_wconf 88' lang='lat' dir='ltr'><strong>quid</strong></span> <span class='ocrx_word' id='word_1_733' title='bbox 2873 4152 3005 4221; x_wconf 86' lang='lat' dir='ltr'><strong>ipsis</strong></span> <span class='ocrx_word' id='word_1_734' title='bbox 3047 4164 3192 4207; x_wconf 89' lang='lat' dir='ltr'><strong>recte</strong></span> <span class='ocrx_word' id='word_1_735' title='bbox 3240 4152 3443 4208; x_wconf 88' lang='lat' dir='ltr'><strong>habere</strong></span> <span class='ocrx_word' id='word_1_736' title='bbox 3489 4154 3755 4217; x_wconf 78' lang='lat' dir='ltr'><strong>videatur,</strong></span> 
     </span>
    </p>
   </div>
   <div class='ocr_carea' id='block_1_118' title="bbox 2177 4242 3757 4314">
    <p class='ocr_par' dir='ltr' id='par_1_118' title="bbox 2177 4242 3757 4314">
     <span class='ocr_line' id='line_1_118' title="bbox 2177 4242 3757 4314; baseline -0.001 -17"><span class='ocrx_word' id='word_1_737' title='bbox 2177 4244 2434 4297; x_wconf 80' lang='lat' dir='ltr'><strong>roborat&#39;c</strong></span> <span class='ocrx_word' id='word_1_738' title='bbox 2466 4242 2672 4309; x_wconf 85' lang='lat' dir='ltr'><strong>conari;</strong></span> <span class='ocrx_word' id='word_1_739' title='bbox 2714 4243 2807 4297; x_wconf 90' lang='lat' dir='ltr'><strong>sed</strong></span> <span class='ocrx_word' id='word_1_740' title='bbox 2840 4242 3108 4313; x_wconf 87' lang='lat' dir='ltr'><strong>inspicere</strong></span> <span class='ocrx_word' id='word_1_741' title='bbox 3140 4245 3332 4314; x_wconf 80' lang='lat' dir='ltr'><strong>magis,</strong></span> <span class='ocrx_word' id='word_1_742' title='bbox 3360 4244 3546 4297; x_wconf 87' lang='lat' dir='ltr'><strong>subtili</strong></span> <span class='ocrx_word' id='word_1_743' title='bbox 3569 4256 3757 4298; x_wconf 84' lang='lat' dir='ltr'><strong>acutu-</strong></span> 
     </span>
    </p>
   </div>
   <div class='ocr_carea' id='block_1_119' title="bbox 2174 4334 3757 4403">
    <p class='ocr_par' dir='ltr' id='par_1_119' title="bbox 2174 4334 3757 4403">
     <span class='ocr_line' id='line_1_119' title="bbox 2174 4334 3757 4403; baseline 0.003 -19"><span class='ocrx_word' id='word_1_744' title='bbox 2174 4350 2277 4403; x_wconf 89' lang='lat' dir='ltr'><strong>que</strong></span> <span class='ocrx_word' id='word_1_745' title='bbox 2297 4335 2495 4388; x_wconf 86' lang='lat' dir='ltr'><strong>mentis</strong></span> <span class='ocrx_word' id='word_1_746' title='bbox 2514 4334 2693 4398; x_wconf 82' lang='lat' dir='ltr'><strong>oculo,</strong></span> <span class='ocrx_word' id='word_1_747' title='bbox 2718 4348 2998 4387; x_wconf 83' lang='lat' dir='ltr'><strong>sacrarunt</strong></span> <span class='ocrx_word' id='word_1_748' title='bbox 3039 4338 3371 4403; x_wconf 85' lang='lat' dir='ltr'><strong>propositum</strong></span> <span class='ocrx_word' id='word_1_749' title='bbox 3401 4334 3757 4397; x_wconf 83' lang='lat' dir='ltr'><strong>Litterarum,</strong></span> 
     </span>
    </p>
   </div>
   <div class='ocr_carea' id='block_1_120' title="bbox 2175 4424 3757 4494">
    <p class='ocr_par' dir='ltr' id='par_1_120' title="bbox 2175 4424 3757 4494">
     <span class='ocr_line' id='line_1_120' title="bbox 2175 4424 3757 4494; baseline 0 -17"><span class='ocrx_word' id='word_1_750' title='bbox 2175 4435 2336 4493; x_wconf 90' lang='lat' dir='ltr'><strong>atque</strong></span> <span class='ocrx_word' id='word_1_751' title='bbox 2368 4436 2571 4478; x_wconf 90' lang='lat' dir='ltr'><strong>rectum</strong></span> <span class='ocrx_word' id='word_1_752' title='bbox 2605 4424 2676 4477; x_wconf 91' lang='lat' dir='ltr'><strong>ita</strong></span> <span class='ocrx_word' id='word_1_753' title='bbox 2709 4425 2812 4479; x_wconf 91' lang='lat' dir='ltr'><strong>iter</strong></span> <span class='ocrx_word' id='word_1_754' title='bbox 2839 4426 3069 4494; x_wconf 83' lang='lat' dir='ltr'><strong>ingredi,</strong></span> <span class='ocrx_word' id='word_1_755' title='bbox 3106 4436 3379 4480; x_wconf 85' lang='lat' dir='ltr'><strong>seetantes</strong></span> <span class='ocrx_word' id='word_1_756' title='bbox 3410 4440 3469 4477; x_wconf 88' lang='lat' dir='ltr'><strong>ea</strong></span> <span class='ocrx_word' id='word_1_757' title='bbox 3510 4444 3632 4489; x_wconf 80' lang='lat' dir='ltr'><strong>qua:</strong></span> <span class='ocrx_word' id='word_1_758' title='bbox 3665 4426 3757 4479; x_wconf 80' lang='lat' dir='ltr'><strong>Pa—</strong></span> 
     </span>
    </p>
   </div>
   <div class='ocr_carea' id='block_1_121' title="bbox 2180 4517 3761 4588">
    <p class='ocr_par' dir='ltr' id='par_1_121' title="bbox 2180 4517 3761 4588">
     <span class='ocr_line' id='line_1_121' title="bbox 2180 4517 3761 4588; baseline 0.002 -20"><span class='ocrx_word' id='word_1_759' title='bbox 2180 4530 2291 4573; x_wconf 89' lang='lat' dir='ltr'><strong>trcs</strong></span> <span class='ocrx_word' id='word_1_760' title='bbox 2317 4517 2647 4571; x_wconf 76' lang='lat' dir='ltr'><strong>sanctissimi</strong></span> <span class='ocrx_word' id='word_1_761' title='bbox 2683 4519 3067 4571; x_wconf 85' lang='lat' dir='ltr'><strong>exatuiuarunt</strong></span> <span class='ocrx_word' id='word_1_762' title='bbox 3093 4561 3107 4583; x_wconf 94' lang='lat'><strong>,</strong></span> <span class='ocrx_word' id='word_1_763' title='bbox 3162 4520 3253 4588; x_wconf 84' lang='lat' dir='ltr'><strong>qui</strong></span> <span class='ocrx_word' id='word_1_764' title='bbox 3295 4520 3465 4573; x_wconf 85' lang='lat' dir='ltr'><strong>sancti</strong></span> <span class='ocrx_word' id='word_1_765' title='bbox 3525 4519 3761 4587; x_wconf 73' lang='lat' dir='ltr'><strong>Spiritus</strong></span> 
     </span>
    </p>
   </div>
   <div class='ocr_carea' id='block_1_122' title="bbox 2181 4609 3759 4681">
    <p class='ocr_par' dir='ltr' id='par_1_122' title="bbox 2181 4609 3759 4681">
     <span class='ocr_line' id='line_1_122' title="bbox 2181 4609 3759 4681; baseline -0.001 -20"><span class='ocrx_word' id='word_1_766' title='bbox 2181 4610 2662 4664; x_wconf 87' lang='lat' dir='ltr'><strong>illuminationilms</strong></span> <span class='ocrx_word' id='word_1_767' title='bbox 2709 4609 2930 4673; x_wconf 85' lang='lat' dir='ltr'><strong>eruditi,</strong></span> <span class='ocrx_word' id='word_1_768' title='bbox 2979 4626 3211 4664; x_wconf 82' lang='lat' dir='ltr'><strong>s;mxere</strong></span> <span class='ocrx_word' id='word_1_769' title='bbox 3259 4612 3413 4664; x_wconf 88' lang='lat' dir='ltr'><strong>nobis</strong></span> <span class='ocrx_word' id='word_1_770' title='bbox 3450 4612 3759 4681; x_wconf 76' lang='lat' dir='ltr'><strong>symbolum</strong></span> 
     </span>
    </p>
   </div>
   <div class='ocr_carea' id='block_1_123' title="bbox 2183 4702 3759 4770">
    <p class='ocr_par' dir='ltr' id='par_1_123' title="bbox 2183 4702 3759 4770">
     <span class='ocr_line' id='line_1_123' title="bbox 2183 4702 3759 4770; baseline 0.003 -17"><span class='ocrx_word' id='word_1_771' title='bbox 2183 4702 2324 4765; x_wconf 84' lang='lat' dir='ltr'><strong>lidei,</strong></span> <span class='ocrx_word' id='word_1_772' title='bbox 2360 4703 2530 4770; x_wconf 82' lang='lat' dir='ltr'><strong>ipsum</strong></span> <span class='ocrx_word' id='word_1_773' title='bbox 2556 4704 2818 4766; x_wconf 80' lang='lat' dir='ltr'><strong>dicentes,</strong></span> <span class='ocrx_word' id='word_1_774' title='bbox 2851 4703 2991 4770; x_wconf 86' lang='lat' dir='ltr'><strong>qnnd</strong></span> <span class='ocrx_word' id='word_1_775' title='bbox 3024 4720 3084 4757; x_wconf 89' lang='lat' dir='ltr'><strong>cx</strong></span> <span class='ocrx_word' id='word_1_776' title='bbox 3114 4702 3288 4757; x_wconf 80' lang='lat' dir='ltr'><strong>Patris</strong></span> <span class='ocrx_word' id='word_1_777' title='bbox 3318 4705 3629 4758; x_wconf 76' lang='lat' dir='ltr'><strong>substantia</strong></span> <span class='ocrx_word' id='word_1_778' title='bbox 3675 4705 3759 4758; x_wconf 79' lang='lat' dir='ltr'><strong>iu-</strong></span> 
     </span>
    </p>
   </div>
   <div class='ocr_carea' id='block_1_124' title="bbox 2179 4794 3762 4865">
    <p class='ocr_par' dir='ltr' id='par_1_124' title="bbox 2179 4794 3762 4865">
     <span class='ocr_line' id='line_1_124' title="bbox 2179 4794 3762 4865; baseline 0.001 -18"><span class='ocrx_word' id='word_1_779' title='bbox 2179 4796 2567 4849; x_wconf 69' lang='lat' dir='ltr'><strong>testituabilitet&#39;</strong></span> <span class='ocrx_word' id='word_1_780' title='bbox 2601 4806 2783 4849; x_wconf 88' lang='lat' dir='ltr'><strong>natum</strong></span> <span class='ocrx_word' id='word_1_781' title='bbox 2815 4806 2918 4859; x_wconf 86' lang='lat' dir='ltr'><strong>est,</strong></span> <span class='ocrx_word' id='word_1_782' title='bbox 2960 4795 3127 4849; x_wconf 85' lang='lat' dir='ltr'><strong>Deum</strong></span> <span class='ocrx_word' id='word_1_783' title='bbox 3178 4794 3437 4862; x_wconf 76' lang='lat' dir='ltr'><strong>Verbum,</strong></span> <span class='ocrx_word' id='word_1_784' title='bbox 3488 4812 3585 4865; x_wconf 87' lang='lat' dir='ltr'><strong>per</strong></span> <span class='ocrx_word' id='word_1_785' title='bbox 3620 4799 3762 4865; x_wconf 85' lang='lat' dir='ltr'><strong>quod</strong></span> 
     </span>
    </p>
   </div>
   <div class='ocr_carea' id='block_1_125' title="bbox 2178 4886 3759 4958">
    <p class='ocr_par' dir='ltr' id='par_1_125' title="bbox 2178 4886 3759 4958">
     <span class='ocr_line' id='line_1_125' title="bbox 2178 4886 3759 4958; baseline 0.003 -19"><span class='ocrx_word' id='word_1_786' title='bbox 2178 4887 2358 4941; x_wconf 88' lang='lat' dir='ltr'><strong>omnia</strong></span> <span class='ocrx_word' id='word_1_787' title='bbox 2389 4886 2529 4939; x_wconf 83' lang='lat' dir='ltr'><strong>facta</strong></span> <span class='ocrx_word' id='word_1_788' title='bbox 2556 4897 2702 4949; x_wconf 89' lang='lat' dir='ltr'><strong>sunt,</strong></span> <span class='ocrx_word' id='word_1_789' title='bbox 2729 4904 2849 4958; x_wconf 83' lang='lat' dir='ltr'><strong>qua:</strong></span> <span class='ocrx_word' id='word_1_790' title='bbox 2873 4889 2924 4941; x_wconf 92' lang='lat' dir='ltr'><strong>in</strong></span> <span class='ocrx_word' id='word_1_791' title='bbox 2959 4890 3119 4955; x_wconf 73' lang='lat' dir='ltr'><strong>cmlo,</strong></span> <span class='ocrx_word' id='word_1_792' title='bbox 3144 4899 3194 4943; x_wconf 90' lang='lat' dir='ltr'><strong>et</strong></span> <span class='ocrx_word' id='word_1_793' title='bbox 3214 4905 3331 4956; x_wconf 74' lang='lat' dir='ltr'><strong>qua:</strong></span> <span class='ocrx_word' id='word_1_794' title='bbox 3364 4890 3415 4941; x_wconf 91' lang='lat' dir='ltr'><strong>in</strong></span> <span class='ocrx_word' id='word_1_795' title='bbox 3445 4899 3614 4951; x_wconf 85' lang='lat' dir='ltr'><strong>terra,</strong></span> <span class='ocrx_word' id='word_1_796' title='bbox 3639 4904 3759 4957; x_wconf 89' lang='lat' dir='ltr'><strong>pro-</strong></span> 
     </span>
    </p>
   </div>
   <div class='ocr_carea' id='block_1_126' title="bbox 2181 4979 3757 5048">
    <p class='ocr_par' dir='ltr' id='par_1_126' title="bbox 2181 4979 3757 5048">
     <span class='ocr_line' id='line_1_126' title="bbox 2181 4979 3757 5048; baseline 0.003 -18"><span class='ocrx_word' id='word_1_797' title='bbox 2181 4990 2299 5048; x_wconf 86' lang='lat' dir='ltr'><strong>pter</strong></span> <span class='ocrx_word' id='word_1_798' title='bbox 2333 4995 2431 5031; x_wconf 89' lang='lat' dir='ltr'><strong>nos</strong></span> <span class='ocrx_word' id='word_1_799' title='bbox 2459 4979 2725 5042; x_wconf 86' lang='lat' dir='ltr'><strong>homines,</strong></span> <span class='ocrx_word' id='word_1_800' title='bbox 2761 4990 2814 5034; x_wconf 91' lang='lat' dir='ltr'><strong>et</strong></span> <span class='ocrx_word' id='word_1_801' title='bbox 2858 4994 3057 5034; x_wconf 78' lang='lat' dir='ltr'><strong>nOStra:</strong></span> <span class='ocrx_word' id='word_1_802' title='bbox 3102 4982 3296 5035; x_wconf 87' lang='lat' dir='ltr'><strong>salutis</strong></span> <span class='ocrx_word' id='word_1_803' title='bbox 3325 4996 3488 5034; x_wconf 78' lang='lat' dir='ltr'><strong>Causa</strong></span> <span class='ocrx_word' id='word_1_804' title='bbox 3522 4982 3757 5036; x_wconf 76' lang='lat' dir='ltr'><strong>descen-</strong></span> 
     </span>
    </p>
   </div>
   <div class='ocr_carea' id='block_1_127' title="bbox 2178 5070 3758 5141">
    <p class='ocr_par' dir='ltr' id='par_1_127' title="bbox 2178 5070 3758 5141">
     <span class='ocr_line' id='line_1_127' title="bbox 2178 5070 3758 5141; baseline 0.001 -17"><span class='ocrx_word' id='word_1_805' title='bbox 2178 5071 2343 5132; x_wconf 84' lang='lat' dir='ltr'><strong>disse,</strong></span> <span class='ocrx_word' id='word_1_806' title='bbox 2385 5070 2654 5124; x_wconf 85' lang='lat' dir='ltr'><strong>hominem</strong></span> <span class='ocrx_word' id='word_1_807' title='bbox 2690 5072 2913 5134; x_wconf 76' lang='lat' dir='ltr'><strong>factum,</strong></span> <span class='ocrx_word' id='word_1_808' title='bbox 2958 5088 3304 5141; x_wconf 85' lang='lat' dir='ltr'><strong>passntnque,</strong></span> <span class='ocrx_word' id='word_1_809' title='bbox 3343 5073 3662 5127; x_wconf 80' lang='lat' dir='ltr'><strong>ascendisse</strong></span> <span class='ocrx_word' id='word_1_810' title='bbox 3708 5074 3758 5126; x_wconf 88' lang='lat' dir='ltr'><strong>in</strong></span> 
     </span>
    </p>
   </div>
   <div class='ocr_carea' id='block_1_128' title="bbox 2179 5160 3762 5233">
    <p class='ocr_par' dir='ltr' id='par_1_128' title="bbox 2179 5160 3762 5233">
     <span class='ocr_line' id='line_1_128' title="bbox 2179 5160 3762 5233; baseline 0.005 -19"><span class='ocrx_word' id='word_1_811' title='bbox 2179 5160 2398 5224; x_wconf 72' lang='lat' dir='ltr'><strong>coelum,</strong></span> <span class='ocrx_word' id='word_1_812' title='bbox 2439 5170 2725 5215; x_wconf 90' lang='lat' dir='ltr'><strong>venturum</strong></span> <span class='ocrx_word' id='word_1_813' title='bbox 2780 5174 2898 5232; x_wconf 86' lang='lat' dir='ltr'><strong>post</strong></span> <span class='ocrx_word' id='word_1_814' title='bbox 2936 5174 3178 5233; x_wconf 86' lang='lat' dir='ltr'><strong>tempora</strong></span> <span class='ocrx_word' id='word_1_815' title='bbox 3217 5164 3469 5233; x_wconf 83' lang='lat' dir='ltr'><strong>judicare</strong></span> <span class='ocrx_word' id='word_1_816' title='bbox 3506 5166 3663 5220; x_wconf 79' lang='lat' dir='ltr'><strong>vivos</strong></span> <span class='ocrx_word' id='word_1_817' title='bbox 3708 5176 3762 5221; x_wconf 86' lang='lat' dir='ltr'><strong>ct</strong></span> 
     </span>
    </p>
   </div>
   <div class='ocr_carea' id='block_1_129' title="bbox 2180 5264 2439 5307">
    <p class='ocr_par' dir='ltr' id='par_1_129' title="bbox 2180 5264 2439 5307">
     <span class='ocr_line' id='line_1_129' title="bbox 2180 5264 2439 5307; baseline -0.008 0"><span class='ocrx_word' id='word_1_818' title='bbox 2180 5264 2439 5307; x_wconf 76' lang='lat' dir='ltr'><strong>iiiOl‘lUOS.</strong></span> 
     </span>
    </p>
   </div>
   <div class='ocr_carea' id='block_1_130' title="bbox 2254 5345 3759 5420">
    <p class='ocr_par' dir='ltr' id='par_1_130' title="bbox 2254 5345 3759 5420">
     <span class='ocr_line' id='line_1_130' title="bbox 2254 5345 3759 5420; baseline 0.005 -23"><span class='ocrx_word' id='word_1_819' title='bbox 2254 5345 2448 5398; x_wconf 76' lang='lat' dir='ltr'><strong>Verum</strong></span> <span class='ocrx_word' id='word_1_820' title='bbox 2489 5346 2730 5399; x_wconf 89' lang='lat' dir='ltr'><strong>nonnulli</strong></span> <span class='ocrx_word' id='word_1_821' title='bbox 2765 5357 2910 5411; x_wconf 90' lang='lat' dir='ltr'><strong>sunt,</strong></span> <span class='ocrx_word' id='word_1_822' title='bbox 2940 5350 3130 5401; x_wconf 83' lang='lat' dir='ltr'><strong>doctos</strong></span> <span class='ocrx_word' id='word_1_823' title='bbox 3166 5364 3222 5401; x_wconf 90' lang='lat' dir='ltr'><strong>se</strong></span> <span class='ocrx_word' id='word_1_824' title='bbox 3258 5365 3377 5402; x_wconf 77' lang='lat' dir='ltr'><strong>esse</strong></span> <span class='ocrx_word' id='word_1_825' title='bbox 3410 5350 3759 5420; x_wconf 75' lang='lat' dir='ltr'><strong>srieuteSque</strong></span> 
     </span>
    </p>
   </div>
   <div class='ocr_carea' id='block_1_131' title="bbox 2180 5434 3757 5510">
    <p class='ocr_par' dir='ltr' id='par_1_131' title="bbox 2180 5434 3757 5510">
     <span class='ocr_line' id='line_1_131' title="bbox 2180 5434 3757 5510; baseline 0.008 -25"><span class='ocrx_word' id='word_1_826' title='bbox 2180 5434 2404 5503; x_wconf 87' lang='lat' dir='ltr'><strong>opinati,</strong></span> <span class='ocrx_word' id='word_1_827' title='bbox 2442 5445 2495 5487; x_wconf 85' lang='lat' dir='ltr'><strong>et</strong></span> <span class='ocrx_word' id='word_1_828' title='bbox 2524 5438 2828 5505; x_wconf 83' lang='lat' dir='ltr'><strong>supercilio,</strong></span> <span class='ocrx_word' id='word_1_829' title='bbox 2873 5451 2925 5491; x_wconf 86' lang='lat' dir='ltr'><strong>et</strong></span> <span class='ocrx_word' id='word_1_830' title='bbox 2947 5448 3153 5493; x_wconf 88' lang='lat' dir='ltr'><strong>tumore</strong></span> <span class='ocrx_word' id='word_1_831' title='bbox 3186 5440 3403 5505; x_wconf 77' lang='lat' dir='ltr'><strong>suﬂlati,</strong></span> <span class='ocrx_word' id='word_1_832' title='bbox 3448 5443 3539 5510; x_wconf 87' lang='lat' dir='ltr'><strong>qui</strong></span> <span class='ocrx_word' id='word_1_833' title='bbox 3572 5444 3613 5493; x_wconf 73' lang='lat' dir='ltr'><strong>si</strong></span> <span class='ocrx_word' id='word_1_834' title='bbox 3647 5444 3757 5497; x_wconf 74' lang='lat' dir='ltr'><strong>ltzt&#39;t:</strong></span> 
     </span>
    </p>
   </div>
   <div class='ocr_carea' id='block_1_132' title="bbox 2175 5527 3756 5600">
    <p class='ocr_par' dir='ltr' id='par_1_132' title="bbox 2175 5527 3756 5600">
     <span class='ocr_line' id='line_1_132' title="bbox 2175 5527 3756 5600; baseline 0.006 -22"><span class='ocrx_word' id='word_1_835' title='bbox 2175 5527 2334 5580; x_wconf 86' lang='lat' dir='ltr'><strong>verba</strong></span> <span class='ocrx_word' id='word_1_836' title='bbox 2368 5527 2656 5595; x_wconf 85' lang='lat' dir='ltr'><strong>audierint,</strong></span> <span class='ocrx_word' id='word_1_837' title='bbox 2692 5531 2979 5595; x_wconf 86' lang='lat' dir='ltr'><strong>derident;</strong></span> <span class='ocrx_word' id='word_1_838' title='bbox 3013 5542 3061 5585; x_wconf 88' lang='lat' dir='ltr'><strong>cl</strong></span> <span class='ocrx_word' id='word_1_839' title='bbox 3089 5550 3149 5584; x_wconf 89' lang='lat' dir='ltr'><strong>ea</strong></span> <span class='ocrx_word' id='word_1_840' title='bbox 3173 5549 3291 5600; x_wconf 70' lang='lat' dir='ltr'><strong>quae</strong></span> <span class='ocrx_word' id='word_1_841' title='bbox 3326 5543 3431 5585; x_wconf 83' lang='lat' dir='ltr'><strong>tant</strong></span> <span class='ocrx_word' id='word_1_842' title='bbox 3464 5547 3609 5587; x_wconf 80' lang='lat' dir='ltr'><strong>recte</strong></span> <span class='ocrx_word' id='word_1_843' title='bbox 3633 5547 3756 5587; x_wconf 82' lang='lat' dir='ltr'><strong>sunt</strong></span> 
     </span>
    </p>
   </div>
   <div class='ocr_carea' id='block_1_133' title="bbox 2176 5619 3752 5695">
    <p class='ocr_par' dir='ltr' id='par_1_133' title="bbox 2176 5619 3752 5695">
     <span class='ocr_line' id='line_1_133' title="bbox 2176 5619 3752 5695; baseline 0.004 -21"><span class='ocrx_word' id='word_1_844' title='bbox 2176 5620 2344 5684; x_wconf 87' lang='lat' dir='ltr'><strong>dicta,</strong></span> <span class='ocrx_word' id='word_1_845' title='bbox 2369 5619 2719 5676; x_wconf 88' lang='lat' dir='ltr'><strong>deliramenta</strong></span> <span class='ocrx_word' id='word_1_846' title='bbox 2752 5624 2921 5690; x_wconf 73' lang='lat' dir='ltr'><strong>magis</strong></span> <span class='ocrx_word' id='word_1_847' title='bbox 2974 5625 3287 5678; x_wconf 81' lang='lat' dir='ltr'><strong>existimant</strong></span> <span class='ocrx_word' id='word_1_848' title='bbox 3317 5644 3329 5679; x_wconf 88' lang='lat'>:</span> <span class='ocrx_word' id='word_1_849' title='bbox 3359 5641 3481 5679; x_wconf 88' lang='lat' dir='ltr'><strong>cum</strong></span> <span class='ocrx_word' id='word_1_850' title='bbox 3526 5644 3752 5695; x_wconf 73' lang='lat' dir='ltr'><strong>pueser-</strong></span> 
     </span>
    </p>
   </div>
   <div class='ocr_carea' id='block_1_134' title="bbox 2307 5823 2896 5895">
    <p class='ocr_par' dir='ltr' id='par_1_134' title="bbox 2307 5823 2896 5895">
     <span class='ocr_line' id='line_1_134' title="bbox 2307 5823 2896 5895; baseline 0.01 -17"><span class='ocrx_word' id='word_1_851' title='bbox 2307 5825 2350 5856; x_wconf 74' lang='grc'><strong>³³</strong></span> <span class='ocrx_word' id='word_1_852' title='bbox 2409 5823 2557 5880; x_wconf 84' lang='grc' dir='ltr'><strong>.Ιυ.ιιι.</strong></span> <span class='ocrx_word' id='word_1_853' title='bbox 2596 5843 2667 5890; x_wconf 86' lang='lat' dir='ltr'><strong>t\,</strong></span> <span class='ocrx_word' id='word_1_854' title='bbox 2701 5828 2896 5895; x_wconf 63' lang='lat'><strong>58,51).</strong></span> 
     </span>
    </p>
   </div>
   <div class='ocr_carea' id='block_1_135' title="bbox 3016 5830 3746 5886">
    <p class='ocr_par' dir='ltr' id='par_1_135' title="bbox 3016 5830 3746 5886">
     <span class='ocr_line' id='line_1_135' title="bbox 3016 5830 3746 5886; baseline 0 -3"><span class='ocrx_word' id='word_1_855' title='bbox 3016 5832 3052 5861; x_wconf 60' lang='grc' dir='ltr'><strong>δ’·</strong></span> <span class='ocrx_word' id='word_1_856' title='bbox 3097 5831 3219 5886; x_wconf 84' lang='lat' dir='ltr'><strong>ibid.</strong></span> <span class='ocrx_word' id='word_1_857' title='bbox 3288 5830 3351 5881; x_wconf 69' lang='grc'><strong>57</strong></span> <span class='ocrx_word' id='word_1_858' title='bbox 3490 5834 3528 5863; x_wconf 57' lang='grc'><strong>*³</strong></span> <span class='ocrx_word' id='word_1_859' title='bbox 3564 5831 3746 5886; x_wconf 71' lang='lat' dir='ltr'><strong>Matth.</strong></span> 
     </span>
    </p>
   </div>
  </div>
