3996 6512
247 486 383 539 t-EC'J

1173 470 1463 530 St‘JIOLlA
1508 471 1593 524 DF.
1635 465 2152 525 [NCARNATIOSE
2196 466 2574 524 liNlGENlTl.

3410 458 3549 514 Nlo

238 604 337 655 tim
367 572 655 655 credamus
686 595 1084 653 illuminationc
1118 591 1356 663 Spiritus
1388 590 1561 646 sancti
1595 590 1837 658 patuisse
1865 599 1911 647 Α
1944 589 2203 657 patiente,
2237 604 2303 644 eo
2354 588 2497 658 quod
2523 600 2726 657 corpus
2782 585 2953 657 ipsius
2995 582 3175 637 fuisse
3208 579 3549 649 diciturpro-

237 696 445 748 sauetis
474 693 725 748 Patribns
750 689 1031 746 scientiam
1059 687 1326 741 veritatis.
1353 686 1422 738 At
1446 683 1542 745 illi,
1577 694 1836 752 tanquam

236 789 282 840 si
323 786 419 841 soli
457 786 663 856 possint
698 784 920 837 meliora
972 780 1200 843 sentire,
1262 794 1368 830 non
1410 777 1587 843 ipsum
1645 775 1839 829 existi-

239 889 414 942 mant,
445 879 781 947 unigenitum
826 873 916 927 Dei
952 872 1167 932 Filium,
1197 869 1288 939 qui
1316 877 1399 923 est
1428 884 1492 924 ex
1531 867 1836 922 substantia

241 970 388 1035 ejus,
452 972 635 1023 llennt—
670 966 905 1021 Verbum
965 978 1182 1033 passum
1215 975 1336 1015 esse
1382 975 1478 1014 sua
1511 972 1679 1013 carne
1736 973 1837 1027 pro

239 1063 398 1114 nobis
434 1061 691 1119 lnnnane,
721 1058 845 1111 licet
870 1070 934 1110 eo
953 1055 1095 1124 quod
1123 1053 1266 1107 Deus
1294 1052 1633 1122 intelligitur,
1659 1053 1711 1106 in
1740 1064 1836 1105 sua

239 1164 439 1205 natura
474 1154 690 1213 habeat,
728 1160 784 1201 ut
817 1150 924 1216 pati
968 1162 1071 1200 non
1104 1146 1271 1214 passit
1307 1164 1321 1211 ;
1354 1144 1627 1199 hominem
1651 1154 1833 1200 autem

240 1262 467 1300 seorsus
497 1254 552 1296 et
578 1242 870 1310 separatim
897 1256 1017 1293 cum
1063 1249 1345 1305 ponentes,
1378 1239 1469 1308 qui
1514 1250 1598 1291 est
1625 1254 1691 1293 ex
1718 1253 1840 1291 san-

240 1349 329 1389 eta
373 1334 590 1404 Virgine
638 1342 975 1401 procreatus.
1038 1328 1241 1382 Deinde
1286 1328 1360 1389 ei,
1409 1338 1672 1392 quantmu
1706 1328 1839 1396 ipsis

242 1431 481 1491 videtur,
509 1428 725 1480 modum
761 1423 946 1494 εισι-ιω
972 1421 1295 1481 tribuentes,
1348 1421 1642 1473 adunatnm
1673 1419 1837 1473 fuisse

240 1518 429 1570 dicunt
461 1514 640 1569 Verbo
676 1515 766 1567 Dei
800 1512 975 1566 Patris
1012 1527 1024 1573 ;
1079 1519 1133 1563 et
1176 1506 1438 1560 rationem
1493 1506 1838 1559 adunationis

241 1619 605 1676 exponentes,
640 1606 896 1659 donatam
923 1616 1045 1656 esse
1092 1602 1192 1671 ipsi
1238 1601 1423 1654 dicunt
1450 1616 1479 1650 a
1512 1596 1621 1651 Deo
1652 1613 1837 1667 :eqtta-

244 1702 458 1755 litatem
505 1699 814 1769 dignitatis,
870 1697 987 1750 sive
1042 1692 1404 1753 auctoritatis,
1464 1702 1517 1745 et
1565 1702 1621 1745 ιιι
1674 1689 1836 1744 simili

243 1789 632 1857 appellatione,
665 1798 721 1840 et
750 1785 1022 1849 Christus,
1066 1793 1117 1837 et
1163 1781 1333 1836 Filius
1378 1782 1609 1841 dicatur,
1642 1792 1696 1835 et
1728 1778 1836 1833 Do-

243 1884 449 1936 minus.
506 1879 601 1935 Sin
631 1894 761 1933 vero
797 1878 961 1931 etiam
1007 1890 1200 1946 passus
1221 1890 1342 1929 esse
1369 1874 1571 1942 aliquid
1622 1872 1837 1927 dicatur

1946 678 2122 749 prium
2158 697 2173 746 ;
2212 688 2395 733 manet
2424 694 2566 735 vero
2590 678 2707 748 ipse
2737 675 3105 748 impassibilis,
3125 690 3189 728 eo
3216 672 3358 742 quod
3384 673 3553 740 ipsius

1943 781 2029 826 est
2060 771 2340 841 proprium
2364 780 2420 824 ut
2454 770 2567 839 pati
2605 787 2712 823 non
2748 769 2941 838 possit.

2016 863 2170 929 Quod
2196 864 2239 918 si
2264 864 2502 933 glorilica
2520 872 2607 917 tus
2633 872 2717 917 est
2740 858 3061 914 Emmanuel
3089 874 3183 926 per
3215 856 3548 924 passio:.em,

1945 964 2004 1007 ut
2060 956 2175 1024 ipse
2231 954 2386 1017 Jixit,
2448 968 2571 1007 cum
2630 968 2727 1022 pro
2785 955 2941 1006 nobis
2995 952 3296 1021 pretiOSam
3330 962 3548 1001 erm-em

1942 1055 2086 1099 esset
2120 1060 2379 1115 passurus
2411 1058 2427 1098 :
2454 1062 2474 1096 ι
2509 1042 2664 1099 Nunc
2715 1042 3053 1114 gloriﬁcatus
3108 1050 3193 1096 est
3248 1039 3418 1093 Filius
3452 1039 3550 1090 bo-

1944 1137 2111 1191 minis
2143 1137 2191 1168 "
2235 1154 2250 1204 ;
2289 1136 2749 1205 rcur,passionis
2773 1136 3005 1207 gloriam
3044 1134 3248 1187 homini
3298 1132 3549 1186 tribuen-

1947 1240 2027 1284 tes
2062 1230 2231 1283 solam
2262 1230 2480 1284 habenti
2516 1228 2959 1297 conjunctionem
2994 1244 3117 1282 cum
3147 1244 3211 1280 eo
3252 1226 3303 1279 iu
3358 1240 3545 1293 requa-

1943 1323 2098 1378 litate
2150 1324 2450 1394 dignitatis,
2504 1340 2610 1378 non
2655 1319 3206 1385 erubescunt?Naai,
3250 1319 3393 1373 sicut
3444 1318 3545 1387 ipsi

1944 1418 2284 1479 existimant,
2342 1416 2626 1485 coojunxit
2682 1416 2787 1470 sibi
2853 1414 3153 1469 secundum
3213 1412 3549 1465 voluntatem

1944 1505 2119 1560 Patris
2142 1516 2198 1561 et
2220 1508 2603 1576 complacitum
2639 1507 2925 1561 hominem
2963 1506 3308 1576 simpliciter,
3334 1515 3389 1558 et
3424 1519 3547 1557 eum

1944 1612 2060 1651 sua:
2116 1599 2303 1669 gloriae
2356 1614 2541 1667 parent
2605 1598 2804 1661 eﬂ'ecit,
2851 1609 2906 1653 et
2948 1599 3246 1661 concessit,
3293 1606 3349 1649 ut
3382 1596 3548 1650 simili

1943 1691 2315 1759 appellatione
2342 1690 2613 1755 Christus,
2647 1701 2701 1747 et
2723 1690 2917 1758 Filius,
2951 1702 3004 1747 et
3043 1691 3189 1746 Deus
3235 1692 3552 1744 nominatus

1944 1783 2037 1844 sit,
2063 1794 2116 1836 et
2149 1782 2433 1837 Dominus.

2018 1874 2159 1945 Ergo
2212 1890 2388 1945 neque
2430 1876 2773 1931 incarnatum
2826 1885 2912 1930 est
2957 1889 3088 1930 vere
3135 1873 3397 1936 Verbum,
3447 1887 3550 1927 nec

250 1974 441 2037 homo,
474 1974 566 2041 qui
606 1971 676 2025 ab
718 1971 851 2039 ipsis
886 1962 1250 2036 cxcogitatur,
1292 1975 1546 2037 oportere
1592 1966 1744 2018 aiunt
1780 1964 1833 2018 in
1871 1944 1914 1999 Β
1943 1982 2167 2037 prorsus
2214 1971 2376 2022 boum
2415 1978 2501 2022 est
2554 1969 2778 2023 factmu.
2814 1969 2899 2022 An
2960 1968 3125 2032 forte,
3181 1967 3347 2021 etiam
3384 1964 3563 2019 lalsos-

245 2066 423 2135 ipsum
451 2065 618 2118 Deum
669 2062 899 2116 Verbum
956 2060 1172 2125 referri,
1214 2074 1281 2113 eo
1310 2058 1452 2127 quod
1485 2055 1832 2124 conjunctum

244 2158 319 2210 sit
355 2157 453 2225 ipsi
488 2153 797 2224 :equalitate
828 2152 1135 2221 dignitatis,
1196 2166 1342 2215 cum,
1381 2147 1591 2203 naturis
1622 2147 1832 2211 divisis,

245 2245 623 2315 unusquisque
657 2245 706 2296 id
742 2244 833 2307 sit,
865 2243 1006 2311 quod
1034 2252 1138 2296 est.

345 2337 662 2407 Explanabo
707 2347 885 2389 autem
945 2335 1052 2387 vim
1104 2332 1532 2397 sententiarum,
1573 2341 1833 2402 quantutn

247 2430 366 2500 ipse
408 2428 651 2490 valuero,
709 2441 991 2481 sacrarum
1031 2424 1357 2479 Litterarum
1415 2426 1661 2493 exempla
1710 2436 1838 2493 pro-

246 2536 476 2592 ponens.
508 2518 711 2573 Esuriit
734 2516 1006 2580 Christus,
1052 2516 1248 2569 itinere
1287 2514 1544 2586 fatigatus
1570 2525 1674 2579 est,
1707 2515 1837 2570 dor-

252 2613 435 2675 mivit,
470 2613 753 2681 ingressus
790 2619 873 2663 est
925 2609 977 2661 in
1026 2607 1351 2670 naviculam,
1389 2607 1634 2676 pulsatus
1684 2616 1769 2661 est
1809 2621 1839 2661 a

247 2705 519 2759 ministris
565 2701 907 2764 verberibus,
941 2716 968 2751 a
1012 2698 1185 2753 Pilato
1238 2700 1540 2766 ﬂagellatus
1568 2708 1672 2761 cst,
1706 2711 1837 2766 spu-

248 2799 455 2849 tamiua
488 2795 715 2849 militum
752 2793 988 2861 escepit,
1015 2793 1105 2860 qui
1137 2792 1320 2845 laurea
1350 2791 1491 2846 latos
1517 2800 1837 2859 pungentes,

249 2897 465 2944 acetum
501 2888 716 2939 mistum
748 2886 866 2939 felle
912 2885 995 2937 ori
1050 2885 1165 2953 ejus
1217 2884 1568 2947 obtulerunt;
1604 2884 1842 2952 gustavit

254 2990 437 3032 autem
482 2990 535 3031 et
559 2988 812 3037 mortem,
849 2992 1064 3030 crucem
1114 2991 1324 3044 passus,
1362 2985 1416 3028 et
1451 2976 1554 3027 alia
1596 2974 1842 3028 ειιιιιίι·ἱ;ι

246 3067 585 3123 Julia-orum.
626 3066 749 3120 Ilaec
798 3066 979 3118 omnia
1033 3066 1235 3120 homini
1281 3066 1499 3131 quidem
1548 3066 1845 3135 contigisse

250 3168 711 3220 commemorant,
752 3155 941 3210 referri
972 3171 1100 3208 vero
1142 3155 1191 3205 in
1220 3152 1339 3208 Filii
1382 3156 1491 3207 veri
1531 3170 1840 3222 personam.

1937 2063 2336 2131 mendacesque
2361 2043 2545 2118 dicere.
2587 2064 2844 2120 doctores
2876 2075 3099 2120 sanctos
3139 2062 3327 2117 mttntli
3359 2063 3547 2121 totius,

1940 2154 2147 2207 ιιιιΙΙιιιιι
2199 2154 2376 2221 pariat
2429 2154 2861 2210 detrimentum?
2890 2158 2999 2212 Aut
3049 2156 3217 2228 799
3274 2158 3421 2209 enim
3463 2154 3549 2207 di-

1937 2254 2085 2308 cant,
2115 2246 2225 2299 imo
2264 2246 2437 2316 magis
2479 2247 2780 2317 procedant
2835 2250 2888 2301 in
2946 2251 3184 2303 medium
3242 2246 3546 2316 probaturi,

1938 2338 2200 2407 quodqui
2248 2338 2651 2407 conjuuetionis
2685 2342 2753 2395 ab
2804 2340 2939 2410 ipsis
2986 2340 3267 2394 inducitur
3324 2341 3544 2399 modus,

1939 2431 2335 2486 incarnationis
2379 2434 2576 2507 habeat
2626 2436 2771 2495 vim,
2807 2442 2858 2486 et
2892 2434 2943 2485 id
3002 2435 3094 2496 sit,
3136 2430 3377 2485 Verbum
3424 2443 3549 2483 esse

1941 2522 2216 2577 hominem
2252 2523 2477 2579 factum.
2516 2526 2621 2578 Aut
2664 2525 2710 2578 sl
2743 2538 2805 2578 ea
2841 2538 2947 2576 non
2990 2524 3063 2577 ita
3104 2523 3307 2576 habere
3355 2520 3546 2574 existi-

1943 2622 2113 2680 mant,
2157 2630 2330 2683 quare
2376 2615 2779 2683 conjunctionis
2816 2615 2974 2669 nobis
3022 2614 3392 2680 incoujuncue
3423 2628 3544 2663 mo-

1944 2708 2069 2759 dum
2106 2707 2444 2775 excogitant,
2479 2709 2710 2761 veritate
2745 2708 2987 2777 neglecta
3021 2706 3193 2760 ?cum
3229 2705 3423 2758 deceat
3458 2718 3555 2757 eos

1944 2800 2127 2853 dicere
2211 2801 2535 2853 humanitati
2600 2811 2799 2855 nostra:
2858 2800 3156 2852 adunatum
3219 2796 3386 2851 fuisse
3458 2794 3550 2849 Dei

1950 2890 2186 2945 Verbum
2218 2902 2271 2945 ct
2300 2889 2522 2947 Patris:
2559 2893 2628 2946 ita
2673 2893 2819 2945 enim
2862 2904 3032 2944 carne
3068 2890 3288 2960 quidem
3332 2887 3551 2957 propria

1946 2980 2274 3050 intelligatur
2316 2998 2510 3052 passus
2540 2982 2799 3037 humana.
2833 2982 3112 3049 Quantum
3145 2995 3275 3035 vero
3309 2980 3549 3049 pertinet

1950 3073 2015 3126 ad
2052 3074 2355 3127 divinitatis
2402 3086 2676 3139 naturam,
2716 3075 2983 3130 molestia:
3015 3074 3194 3129 omnis
3240 3087 3459 3142 expers,
3494 3080 3555 3126 ut

1954 3164 2118 3221 Deus.
2342 3218 2343 3221 η
3574 3169 3579 3173 ’

250 3256 446 3306 Alnos
505 3250 800 3310 credimus,
863 3248 1004 3301 sicut
1057 3248 1107 3300 in
1165 3264 1329 3299 mmm
1377 3246 1540 3301 Deum
1607 3247 1841 3310 Patrem,

2024 3259 2175 3326 Quod
2219 3275 2347 3315 vero
2396 3259 2714 3314 relationem
2778 3259 3148 3323 omniuantes,
3194 3274 3319 3329 ane
3363 3258 3554 3314 nescio

251 3344 706 3412 omnipotentem,
755 3340 995 3392 ontniunt
1060 3336 1352 3389 visibilium
1412 3348 1464 3390 et
1492 3336 1845 3390 invisibilitnn

255 3433 674 3495 iactorem;ita
744 3432 909 3485 etiam
976 3430 1027 3482 in
1087 3445 1251 3481 ιιιιιιιιι
1314 3429 1597 3481 Dominmn
1660 3427 1849 3483 Jesum

252 3528 557 3587 Christum,
622 3521 812 3576 Filium
863 3523 1001 3589 ejus.
1059 3520 1311 3574 Dividere
1362 3535 1491 3575 vero
1541 3536 1761 3577 seorsus
1795 3523 1847 3574 in

256 3622 535 3674 hominem
576 3614 913 3677 Euunanuel,
968 3622 1023 3668 et
1056 3630 1276 3667 seorsus
1324 3613 1374 3665 in
1409 3611 1671 3677 Verbum,
1695 3628 1852 3667 reen-

253 3726 460 3764 samus.
493 3707 742 3762 Seientes
792 3716 972 3759 autem
1014 3708 1156 3771 quod
1216 3704 1415 3755 l‘actmn
1447 3702 1517 3754 sit
1548 3702 1700 3768 juxta
1752 3716 1849 3754 nos

261 3801 500 3856 Verbum
566 3801 749 3863 homo,
806 3813 931 3851 vere
981 3797 1156 3864 ipsum
1202 3798 1560 3862 etnudemque
1618 3794 1852 3847 dicimus

258 3896 429 3949 Deum
470 3896 536 3946 de.
568 3893 679 3947 Deo
712 3908 727 3955 ;
762 3892 995 3943 humane
1046 3904 1176 3942 vero
1226 3880 1499 3941 hominem
1542 3885 1696 3954 juxta
1754 3903 1851 3940 nos

255 4002 324 4041 ex
357 3986 605 4037 muliere.
646 3982 994 4035 Ammaamus
1022 3992 1201 4035 autem
1238 3994 1400 4049 porro
1432 3988 1653 4049 propter
1690 3978 1852 4033 lanii-

261 4079 583 4141 liaritatem,
635 4076 817 4129 carnis
868 4074 1084 4142 quidem
1141 4087 1263 4125 eum
1304 4072 1647 4125 inﬁrmitates
1686 4071 1852 4127 fuisse

262 4183 579 4236 perpesunn
615 4181 630 4229 ;
658 4180 905 4217 servasse
931 4179 1058 4217 vero
1090 4174 1297 4217 natura:
1330 4179 1441 4217 sna:
1499 4164 1850 4231 impassibili-

263 4270 452 4321 tatem,
497 4276 563 4310 eo
610 4257 753 4325 quod
812 4273 915 4308 non
975 4256 1135 4308 homo
1168 4266 1288 4309 erat
1336 4256 1534 4320 solum,
1584 4256 1675 4309 sed
1709 4255 1849 4309 ident

262 4350 427 4401 etiam
475 4348 615 4401 Deus
646 4357 865 4399 'natnra
904 4363 919 4411 ;
953 4356 1006 4399 et
1056 4346 1511 4413 quemadmodum
1572 4347 1849 4413 proprium

260 4450 381 4493 crat
416 4454 612 4509 corpus
654 4438 857 4507 ipsius,
888 4439 957 4490 ita
987 4438 1151 4489 etiam
1186 4436 1463 4490 naturales
1512 4438 1758 4505 corporis
1798 4447 1853 4491 et

265 4531 619 4599 inculpabiles
643 4532 947 4599 passiones,
984 4544 1194 4583 necnon
1218 4526 1385 4581 etiam
1404 4544 1466 4581 ea
1493 4544 1613 4598 quae
1634 4531 1682 4585 ei
1704 4530 1849 4583 illata

260 4631 414 4685 Sttnl,
453 4621 748 4690 petulantia
784 4621 1188 4674 nonnullorum.

336 4714 647 4768 Patiebatur
682 4724 859 4767 autem
888 4714 1315 4784 impassihiliter,
1354 4715 1480 4785 quia
1510 4730 1614 4771 non
1647 4718 1851 4777 idcirco

270 4822 334 4865 se
372 4806 696 4869 humiliavit,
730 4814 787 4859 ut
820 4816 965 4861 esset
1010 4815 1217 4861 tantum
1260 4811 1456 4868 similis
1490 4817 1661 4870 nostri
1698 4834 1713 4882 ;
1752 4818 1848 4872 Sed

263 4902 417 4971 quia,
468 4910 523 4953 ut
552 4910 676 4952 ante
708 4901 842 4960 disi,
876 4899 928 4953 id
969 4912 1175 4957 natura:
1210 4922 1341 4969 sum,
1385 4910 1459 4961 uti
1487 4909 1557 4963 sit
1599 4912 1852 4969 omnibus

265 4992 541 5060 superior,
588 5003 915 5045 reservarat.
973 4995 1042 5046 At
1101 4996 1146 5049 si
1207 4998 1535 5064 diceremus,
1580 5003 1721 5069 quod
1753 5016 1851 5072 per

264 5085 679 5140 canversionem
739 5081 823 5135 vel
877 5087 1357 5143 connnntationem
1407 5099 1613 5145 natura:
1660 5106 1772 5148 sua:
1802 5097 1852 5147 in

268 5189 521 5232 naturam
585 5180 861 5233 transierit
906 5182 1108 5245 carnis,
1155 5196 1378 5235 necesse
1429 5194 1547 5236 erat
1602 5186 1853 5241 onmibus

266 5270 442 5322 modis
476 5284 593 5331 nos,
631 5271 831 5325 invilos
870 5272 1060 5334 etiam,
1101 5273 1372 5337 confiteri,
1420 5289 1677 5328 arcanam
1711 5278 1853 5331 divi-

267 5376 503 5433 natnqne
531 5373 781 5416 naturam
813 5364 976 5418 fuisse
999 5363 1328 5432 passibilem.
1367 5366 1459 5419 Sin
1487 5376 1692 5432 autem,
1730 5368 1853 5424 licet

258 5454 415 5523 juxta
452 5470 549 5508 nos
581 5456 741 5508 homo
775 5456 845 5509 sit
881 5456 1075 5518 factus,
1108 5459 1370 5511 manserit
1402 5458 1852 5526 iueomnmtatus,

262 5555 350 5602 est
413 5547 557 5600 enim
617 5549 892 5615 proprium
946 5549 1154 5605 ctelesti
1201 5560 1428 5616 naturae,
1488 5564 1546 5606 ut
1588 5556 1697 5622 pati
1746 5572 1851 5611 non

266 5641 436 5710 possit
468 5656 484 5705 ;
515 5640 709 5694 deinde
735 5656 829 5709 per
856 5644 1239 5698 adiurationem
1270 5646 1439 5715 ipsius
1458 5646 1656 5702 factum
1692 5648 1857 5703 l'uerit

267 5746 464 5801 corpus
522 5732 779 5801 passibile
830 5752 843 5787 :
902 5743 1118 5804 oportet
1170 5747 1224 5789 ut
1286 5739 1543 5807 patiatur,
1621 5756 1852 5811 corpore

341 5906 385 5939 “
414 5906 576 5965 Joan.
610 5924 757 5975 xxxi,
800 5910 887 5963 5|.

968 5910 1011 5942 "
1046 5909 1211 5965 i-Ixod.
1252 5931 1359 5981 xw,
1390 5917 1441 5969 5.
1520 5917 1566 5949 ⁸⁸
1599 5918 1723 5973 ibid.
1756 5918 1808 5971 Ἰ.

1888 5921 1932 5951 ⁸*
1976 5918 1992 5973 l
2039 5918 2321 5990 Reg..rm,
2354 5921 2407 5975 fi.

1956 3352 2229 3421 quomodo
2279 3353 2350 3406 ab
2423 3352 2555 3419 ipsis
2616 3360 2828 3419 reperta
2888 3362 2993 3415 est,
3026 3352 3213 3418 gloria:
3267 3352 3557 3407 detrahant

1956 3442 2368 3504 Emmanuelis;
2403 3442 2653 3511 quodque
2694 3456 2818 3495 eum
2872 3442 2961 3495 vix
3017 3458 3183 3495 nnmn
3239 3451 3554 3497 sanctorum

1954 3535 2191 3589 cllieiant
2255 3536 2691 3605 prophetarum;
2746 3546 2801 3588 ct
2856 3537 2999 3605 quod
3066 3536 3209 3590 inter
3270 3552 3559 3591 mensuras

1953 3627 2292 3681 constituant
2349 3626 2731 3696 plurimorum,
2789 3628 2840 3681 in
2896 3644 3071 3698 eoque
3146 3630 3335 3697 procul
3390 3630 3557 3683 dubio

1953 3719 2260 3787 capiantur,
2293 3719 2534 3787 probabo
2571 3732 2756 3785 porro,
2786 3718 2984 3774 divina:
3017 3717 3318 3789 Scriptum
3348 3734 3558 3789 pmicus

1954 3810 2225 3876 exempla.

2029 3900 2403 3955 Murmurabat
2432 3902 2727 3971 aliquando
2767 3901 2821 3955 in
2852 3892 3067 3957 deserto
3092 3904 3361 3959 adversus
3409 3905 3559 3979 Ilo]-

1955 4009 2049 4048 seu
2074 4004 2128 4047 ct
2177 3994 2358 4047 Aaron
2411 3995 2641 4065 populus
2697 3992 2886 4055 Israel,
2942 3995 3181 4050 dicens:
3238 4014 3259 4047 ι
3334 3996 3555 4052 Utinam

1958 4088 2155 4139 mortui
2212 4102 2483 4151 essemus,
2543 4088 2787 4156 percussi
2822 4103 2849 4141 a
2900 4087 3132 4141 Domino
3188 4088 3240 4142 in
3296 4087 3556 4161 Egypto,

1956 4192 2079 4230 eum
2126 4179 2452 4231 sedebamus
2510 4176 2577 4231 ad
2632 4178 2769 4233 ollas
2836 4178 3107 4245 carnium,
3161 4189 3217 4234 et
3263 4182 3559 4237 edebamus

1957 4283 2128 4337 usque
2151 4270 2217 4320 ad
2248 4270 2558 4323 Satietalent
2585 4269 2652 4323 ⁵⁷.
2687 4289 2706 4320 ι
2733 4270 2871 4324 Dicit
2894 4270 3089 4325 deinde
3118 4273 3558 4341 sapientissimus

1956 4358 2170 4429 Moyses
2222 4359 2362 4429 (erat
2406 4360 2551 4415 enim
2591 4376 2936 4431 consequens
2979 4372 3085 4416 tam
3125 4372 3332 4419 temere
3382 4367 3559 4437 impa-

1959 4450 2151 4503 tientes
2179 4451 2483 4521 confutare)
2510 4470 2522 4505 :
2556 4471 2575 4503 ι
2610 4453 2721 4508 Nos
2746 4462 2925 4507 autem
2960 4455 3089 4523 quid
3116 4456 3557 4527 sumus?Neque

1955 4539 2102 4593 enim
2134 4541 2396 4597 adversus
2426 4559 2525 4597 nos
2561 4556 2645 4600 est
2681 4550 3041 4603 murmuratio
3076 4560 3280 4618 vestra,
3315 4555 3410 4607 sed
3450 4556 3555 4609 ad-

1889 4625 1932 4679 D
1958 4647 2149 4687 versus
2181 4634 2359 4689 Deum
2386 4636 2454 4691 ⁵⁸.
2495 4655 2513 4688 ι
2543 4635 2827 4707 Regnabat
2856 4641 3001 4695 enim
3046 4657 3143 4713 per
3181 4644 3269 4698 illa
3312 4655 3553 4716 tempora

1959 4725 2122 4780 etiam
2170 4726 2311 4782 Deus
2340 4730 2709 4800 omnipotens,
2742 4749 2839 4804 per
2881 4744 3103 4790 sanctos
3149 4738 3465 4807 prophetas,
3502 4740 3555 4795 in

1960 4818 2155 4888 pOpnlo
2182 4817 2368 4873 Israel.
2715 4887 2719 4890 ,

2034 4909 2111 4963 llh
2143 4920 2325 4966 autem
2358 4912 2410 4965 in
2456 4912 2557 4967 hoc
2587 4914 2753 4969 etiam
2798 4916 3194 4987 pusillanimes,
3221 4923 3558 4979 accedebant

1962 5003 2029 5057 ad
2051 5002 2293 5057 divimnn
2342 5004 2592 5072 Samuel,
2645 5008 2886 5065 dicentes
2928 5028 2942 5065 :
2985 5031 3004 5064 ι
3043 5011 3183 5068 Ecce
3218 5027 3271 5069 ιιι
3301 5018 3553 5083 senuisti,

1959 5110 2016 5153 et
2060 5098 2153 5152 lilii
2192 5102 2264 5154 tui
2291 5116 2394 5155 non
2425 5102 2703 5156 ambulant
2735 5103 2785 5157 in
2814 5105 2915 5160 viis
2943 5108 3070 5171 tuis,
3101 5118 3155 5163 et
3180 5124 3325 5162 nunc
3351 5112 3559 5165 consti-

1962 5201 2051 5246 tuc
2086 5207 2249 5262 Super
2278 5209 2377 5248 nos
2417 5210 2623 5265 regem,
2662 5199 2752 5265 qui
2776 5198 2980 5267 judicet
3015 5218 3133 5267 nos,
3177 5203 3316 5256 sicut
3344 5214 3558 5259 cteteraa

1966 5285 2163 5338 habent
2195 5296 2385 5355 gentes
2413 5287 2480 5341 '9.
2518 5306 2536 5340 ι
2578 5288 2800 5345 Moleste
2835 5292 2885 5345 id
2910 5294 3126 5361 quidem
3168 5296 3328 5348 nimis
3351 5293 3558 5350 ferebat

1966 5376 2254 5446 prepheta.
2282 5378 2372 5430 Ait
2412 5389 2594 5434 autem
2632 5380 2773 5436 Deus
2804 5384 3150 5454 omnipotens
3182 5402 3197 5439 :
3230 5404 3249 5438 ι
3289 5386 3426 5441 Audi
3457 5402 3557 5443 vo-

1957 5485 2076 5523 cem
2111 5468 2312 5539 populi,
2370 5469 2515 5524 sieut
2569 5471 2784 5528 locutus
2814 5484 2898 5529 est
2931 5475 2995 5529 ad
3042 5486 3091 5530 te
3125 5492 3140 5542 ;
3176 5478 3303 5547 quia
3342 5493 3446 5532 non
3504 5489 3557 5533 te

1956 5571 2304 5630 spreverunt,
2359 5561 2454 5617 sed
2506 5576 2593 5618 uie
2650 5577 2997 5635 spreverunt,
3069 5580 3126 5622 ut
3170 5584 3297 5625 non.
3337 5586 3556 5640 regnem

1956 5669 2119 5724 Super
2142 5668 2237 5708 eos
2259 5651 2327 5707 “.
2366 5672 2385 5705 ι

2032 5745 2381 5799 Dixitautem
2424 5745 2621 5802 alicubi
2667 5748 2834 5803 etiam
2869 5750 3121 5810 Christus
3170 5770 3285 5809 sant
3307 5756 3377 5811 tis
3424 5772 3557 5828 apo.

2485 5925 2530 5956 ”
2563 5925 2693 5980 ibid.
2731 5925 2783 5979 7.
