3996 6470
544 450 673 507 tttt

1544 451 1603 506 S.
1641 449 1921 505 C\'ltll.l.l
1964 444 2428 502 ALEXANDRINI
2470 445 2791 500 AltCIIIEP.

3666 448 3795 503 “I2

539 563 693 619 stolis
732 582 745 618 :
786 582 805 615 ι
848 563 949 629 Qui
989 562 1178 633 recipit
1218 575 1333 627 vos,
1380 578 1466 618 me
1515 562 1707 632 recipit
1737 563 1807 616 “.
1842 580 1858 611 ι
1895 560 2110 614 Necnon
2146 566 2185 617 Α
2215 560 2375 613 bilem
2416 573 2542 613 vero
2575 569 2629 613 ut
2656 559 2819 613 Deum
2850 559 3208 613 servavimus.
3251 558 3384 616 Nam
3443 560 3601 633 lieet_
3627 560 3791 617 factus

535 657 697 711 etiam
754 656 1135 710 misericordes
1185 672 1281 723 pro
1323 656 1575 709 tribunali
1613 668 1711 708 suo
1758 653 2114 708 allocutnrutn

538 765 599 803 se
628 749 906 818 pollicetur
934 768 946 803 :
977 768 995 799 ι
1047 749 1257 814 Venite,
1294 750 1555 803 benedicti
1584 748 1759 807 Patris
1784 747 1909 807 uici.
1936 745 2115 815 perci-

537 843 643 907 pite
662 850 906 909 paratum
930 840 1081 893 vobis
1106 855 1323 909 regnum
1344 855 1371 892 ιι
1398 840 1780 892 r-onstitutione
1798 836 2061 889 mundi“.
2092 854 2109 885 ι

538 930 826 984 l‘rohitatis
846 946 971 985 vero
998 932 1232 998 ipsorum
1254 947 1429 983 mores
1454 931 1791 983 familiariter
1812 942 2113 999 agnoscens

531 1022 597 1073 de
648 1022 735 1087 iis,
789 1023 982 1088 quibus
1036 1022 1170 1075 bene
1228 1021 1534 1074 consultum
1596 1020 1769 1073 fuerat
1814 1022 1880 1073 ab
1930 1020 2108 1089 ipsis:

536 1129 556 1163 ι
590 1114 834 1178 Quamliu
866 1113 1123 1175 feceritis,
1159 1114 1351 1182 inquit,
1382 1114 1468 1166 uni
1500 1113 1691 1167 horum
1743 1113 2107 1180 minimarum,

532 1205 661 1255 mihi
708 1202 908 1257 fecistis
930 1203 990 1253 “.
1028 1221 1046 1253 ι

601 1292 757 1356 Ecce,
786 1295 838 1347 in
868 1292 950 1346 his
981 1293 1258 1347 relationis
1288 1296 1475 1348 modus
1494 1296 1673 1364 qualis
1694 1298 1785 1361 sit,
1815 1300 2102 1367 cognosci-

534 1391 623 1435 tur
666 1383 963 1437 evideuter.
1032 1382 1407 1437 Hurmurahat
1470 1388 1729 1441 adversus
1783 1388 1998 1459 Moysen
2056 1400 2111 1444 et

528 1478 706 1527 Aaron
762 1474 990 1543 populus
1022 1472 1208 1538 lsrael,
1243 1484 1296 1528 et
1335 1491 1420 1529 res
1451 1476 1667 1544 quidem
1702 1477 1934 1531 habebat
1966 1480 2099 1533 rela-

528 1566 726 1616 tionem
773 1566 825 1617 iu
874 1565 1256 1628 Dettnt;erant
1285 1575 1461 1619 tamen
1505 1567 1750 1621 homines
1794 1567 2004 1638 Moyses
2054 1580 2110 1623 et

531 1658 709 1707 Aaron
741 1654 948 1709 similes
995 1657 1189 1710 nostri.
1223 1656 1425 1710 Eodem
1491 1668 1651 1725 pacto
1700 1660 1863 1711 etiam
1901 1659 1953 1712 in
1986 1659 2107 1715 aliis

528 1746 814 1816 intelliges,
857 1762 1086 1816 quorum
1142 1763 1313 1815 nuper
1342 1748 1567 1801 fecimus
1622 1752 1979 1805 mentionem:
2013 1754 2105 1805 sed

526 1845 683 1890 erant
733 1837 971 1904 quidem,
1005 1846 1061 1889 ut
1104 1845 1228 1891 ante
1260 1838 1392 1898 dixi,
1444 1840 1613 1891 sant-ti
1665 1849 1719 1893 et
1759 1843 2106 1897 admirabiles

2219 652 2291 703 sit
2316 651 2507 704 similis
2544 650 2737 714 nostri,
2771 659 3009 703 attamen
3040 650 3183 705 scire
3212 651 3473 707 debemus
3495 630 3792 708 rmiestium

2218 742 2540 809 dignitatum
2569 750 2623 795 et
2644 741 2837 795 divina:
2866 739 2983 808 ejus
3020 742 3339 796 eminentia:
3371 744 3738 813 inajcstatem.

2299 831 2581 887 Prmmissa
2616 833 2779 901 igitur
2809 833 3012 888 unitate
3051 849 3135 897 ea,
3165 835 3320 903 quasi
3358 834 3545 903 aliquo
3608 836 3793 889 funda-

2216 934 2397 978 ntento
2426 925 2546 979 lidei
2567 926 2841 995 prasjaeto,
2871 939 3033 979 carne
3050 940 3265 993 passum
3289 941 3411 981 esse
3429 942 3530 981 con
3541 928 3753 983 fiteuuir
3777 946 3788 987 ;

2215 1018 2480 1071 mansisse
2514 1032 2640 1071 vero
2693 1028 2846 1071 extra
2897 1016 3199 1083 passiones,
3247 1019 3449 1086 quippe
3493 1035 3618 1071 cum
3657 1021 3708 1071 in
3740 1038 3793 1073 se

2215 1108 2429 1173 habeat,
2454 1120 2510 1161 ut
2536 1110 2641 1177 pati
2680 1126 2781 1162 non
2808 1109 2974 1176 possit
3008 1126 3020 1161 :
3056 1108 3138 1161 sin
3175 1124 3304 1162 vero
3336 1112 3385 1162 in
3432 1122 3590 1179 parte
3632 1127 3791 1178 pona-

2215 1216 2335 1254 tnus
2367 1202 2530 1254 Deum
2563 1210 2616 1253 et
2659 1201 2951 1263 hominem,
2986 1212 3206 1269 naturas
3236 1217 3265 1254 a
3301 1216 3423 1255 sese
3464 1203 3788 1264 dividentes,

2210 1301 2257 1342 el
2286 1293 2581 1344 secundum
2605 1291 2773 1343 solam
2800 1291 3115 1345 relationem
3147 1293 3391 1345 dicamus
3420 1291 3663 1346 Verbum
3697 1310 3787 1345 sua

2212 1382 2429 1435 duxisse
2463 1397 2548 1445 ea,
2578 1396 2695 1451 qua:
2728 1384 2941 1450 corpori
2974 1384 3335 1451 contigerunt,
3367 1382 3575 1451 Moysis
3604 1399 3792 1449 nempe

2209 1483 2263 1526 et
2291 1474 2469 1526 Aaron
2500 1476 2712 1526 modum
2734 1474 2895 1526 habet
2924 1474 2989 1538 is,
3021 1474 3111 1541 qui
3158 1484 3239 1527 est
3265 1488 3331 1527 ex
3365 1488 3520 1526 sacra
3574 1472 3792 1542 Virgine

2210 1574 2522 1633 procreatus
2593 1563 2928 1630 Emmanuel,
2994 1567 3138 1634 quod
3210 1574 3291 1619 est
3349 1564 3788 1633 interpretatum,

2210 1655 2489 1709 nobiscum
2528 1655 2687 1709 Deus.

2274 1748 2441 1818 300
2490 1748 2628 1818 Ergo
2676 1749 2776 1802 etsi
2839 1764 2935 1817 per
2987 1748 3278 1817 prophetas
3326 1758 3553 1802 sanctos
3608 1749 3786 1803 dicat:

2212 1858 2229 1889 ι
2276 1840 2499 1893 horsum
2532 1854 2706 1893 meum
2742 1842 2892 1907 posui
2933 1841 2983 1893 in
3018 1839 3261 1907 ﬂagella;
3297 1840 3547 1893 maxillas
3606 1850 3788 1892 autem

534 1927 797 1991 ho‘miues,
829 1927 1070 1980 homines
1098 1939 1271 1979 tamen
1303 1930 1505 1981 similes
1540 1932 1727 1984 nostri.
1759 1930 1907 1986 Eone
1945 1934 2105 2003 igitur
2137 1908 2177 1959 Β
2209 1942 2356 1980 meas
2399 1929 2451 1980 ill
2490 1928 2695 1994 P-tllllas
2723 1945 2735 1991 ;
2762 1926 2953 1981 fidem
3003 1940 3173 1979 meam
3218 1937 3395 1980 Illlem
3449 1941 3555 1979 ηοω
3612 1927 3787 1981 ωειΐὶ

526 2020 683 2069 nmdo
708 2020 871 2070 etiam
902 2019 1060 2070 homo
1099 2018 1205 2071 Deo
1251 2017 1424 2073 Verbo
1466 2020 1810 2089 cenjnnctus,
1836 2025 1993 2079 sicut
2025 2025 2103 2079 illi

525 2112 692 2171 aiunt,
731 2108 1046 2162 relationem
1082 2106 1220 2162 inid
1266 2126 1484 2165 suarum
1521 2114 1715 2167 habeat
1748 2117 2107 2181 passionum?

526 2198 589 2250 lit
616 2199 1005 2266 qnomodojain
1039 2216 1144 2251 non
1173 2202 1237 2252 sit
1261 2202 1421 2253 homo
1440 2205 1765 2265 communis,
1788 2214 1839 2257 et
1861 2194 2099 2269 seorsus,

522 2298 578 2341 et
612 2290 755 2342 aliud
792 2292 920 2343 nilnil
945 2292 968 2344 ?
990 2291 1129 2359 Ergo
1165 2305 1267 2342 non
1297 2302 1378 2345 est
1420 2306 1545 2345 vere
1592 2293 1732 2346 Deus
1760 2293 2098 2360 Emmanuel,

523 2396 626 2432 non
659 2381 964 2448 nnigenitus
997 2380 1187 2445 Filius,
1218 2396 1323 2435 non
1350 2382 1485 2435 Deus
1511 2384 1803 2436 secundum
1832 2396 2095 2438 naturam.

596 2471 794 2525 Deinde
842 2486 1003 2539 quam
1071 2476 1139 2526 ob
1187 2488 1404 2527 causam
1457 2488 1613 2529 nemo
1670 2474 1901 2527 aliorum
1931 2492 1958 2527 a
1992 2476 2098 2529 Deo

519 2562 700 2618 Verbo
762 2563 1057 2616 honoratus
1110 2572 1193 2617 est
1248 2566 1554 2632 aequalitate
1625 2566 1921 2631 dignitatis,
1985 2568 2097 2620 sive

518 2657 861 2710 auctoritatis
891 2656 914 2708 ?
944 2654 1124 2709 Solum
1174 2665 1351 2707 autem
1384 2656 1521 2709 hunc
1577 2659 1722 2724 paria
1772 2660 1949 2709 omnia
1981 2674 2097 2710 sor-

520 2746 671 2799 titum
705 2745 870 2799 fuisse
893 2747 1260 2809 contendunt;
1288 2748 1521 2797 maxime
1550 2760 1669 2797 cum
1693 2745 1829 2798 Deus
1848 2744 2095 2799 Salvator

517 2837 782 2897 omnium,
818 2852 924 2888 non
952 2835 1159 2904 iudicet
1195 2836 1258 2889 ad
1286 2851 1591 2902 personant,
1612 2836 1705 2888 sed
1726 2837 1931 2903 justum
1958 2837 2094 2904 judi-

515 2929 679 2990 cium,
711 2927 851 2980 sicut
882 2927 993 2993 ipse
1021 2930 1413 2979 commemorat
1431 2926 1495 2979 “.
1531 2926 1708 2991 Quare
1742 2940 1871 2993 ergo
1912 2927 2091 2979 cousi-

514 3020 602 3071 tlcl
636 3018 827 3071 solus?
865 3017 1156 3084 Quomodo
1210 3020 1387 3070 veniet
1419 3017 1605 3083 jndex,
1665 3016 2089 3085 obsequentibus

512 3110 958 3179 angeliSYQuare
1010 3122 1186 3163 autem
1228 3111 1376 3163 solus
1426 3120 1532 3162 tam
1576 3126 1603 3161 a
1652 3111 1806 3164 nobis
1858 3126 2018 3178 quant
2056 3126 2085 3164 a

508 3202 755 3271 supernis
782 3204 1063 3272 spiritibus
1104 3203 1355 3257 adoratur
1382 3201 1405 3253 Ἰ
1442 3202 1546 3284 sed
1577 3202 1752 3264 valde,
1781 3203 1950 3269 inquit
1984 3220 1995 3254 :
2035 3212 2084 3256 te
2112 3234 2152 3287 η

505 3298 650 3349 enim
706 3310 923 3364 quoque
982 3296 1033 3349 id
1084 3309 1245 3364 agere
1292 3296 1595 3347 invenimus
1627 3311 1641 3359 ;
1673 3309 1887 3359 passum
1938 3294 2081 3347 enim

511 3388 684 3455 ipsum
710 3388 1003 3449 confiteris.
1027 3396 1295 3455 quatenus
1321 3386 1368 3439 ei
1396 3387 1576 3439 carnis
1600 3386 1847 3438 attribuis
1873 3386 2079 3453 passio-

510 3493 626 3540 nes,
650 3478 773 3531 licet
802 3477 1186 3545 impassibilem
1224 3490 1406 3529 serves
1434 3484 1491 3527 ut
1514 3473 1701 3528 Deum.
1741 3475 1809 3527 At
1839 3491 1955 3541 nos,
1997 3480 2079 3528 vir

507 3571 730 3639 optime,
767 3584 887 3623 cum
922 3569 1069 3637 prius
1107 3567 1525 3621 adunaverintus
1562 3566 1796 3619 Verbum
1825 3576 1877 3620 et
1902 3568 2079 3619 homi-

506 3676 648 3725 nem,
694 3662 841 3715 carui
893 3662 1107 3729 quidem
1143 3659 1426 3730 passiones
1472 3659 1778 3722 tribuimus,
1823 3659 2077 3727 iinpassi-

573 3838 616 3872 "
654 3837 784 3891 Luc.
811 3855 887 3904 Ix,
911 3840 999 3893 48.

1112 3838 1168 3912 οξ-
1188 3836 1371 3912 Matth.
1408 3855 1533 3912 xxv,
1575 3838 1663 3912 5i:

502 3904 541 3935 ⁸⁷
574 3904 709 3962 Psal.
744 3924 929 3972 uvut,
964 3910 1050 3962 ἐξ.

1128 3908 1173 3939 ⁸⁸
1215 3907 1318 3959 lsa.
1347 3925 1459 3973 LIII,
1497 3910 1548 3962 5.

1778 3839 1821 3869 ⁸³
1866 3839 1991 3893 ibid.
2036 3836 2121 3890 40.

2207 2034 2235 2069 a
2265 2018 2580 2071 confusione
2601 2028 2875 2086 sputorum
2894 2019 2959 2071 “.
2989 2035 3007 2069 ι
3037 2016 3236 2073 Porro:
3265 2037 3281 2069 ι
3326 2015 3647 2072 lutoderunt
3682 2033 3792 2070 nta-

2208 2124 2307 2161 nus
2346 2125 2492 2163 meas
2540 2119 2595 2163 et
2644 2110 2803 2177 pedes
2856 2124 3023 2173 meos,
3064 2108 3543 2163 dinumeraverunt
3601 2110 3786 2164 oinnia

2203 2216 2325 2254 ossa
2357 2215 2473 2253 mea
2499 2201 2563 2253 “.
2602 2220 2620 2253 ›
2664 2200 2730 2253 Ει
2763 2216 2959 2269 porro:
2990 2220 3009 2251 ι
3043 2200 3249 2256 Dedere
3281 2201 3334 2253 in
3377 2200 3556 2254 cibum
3604 2216 3785 2253 meum

2204 2291 2512 2360 hyssopum,
2551 2299 2605 2344 et
2658 2291 2707 2343 in
2750 2290 2895 2344 sitim
2931 2305 3102 2343 meam
3143 2291 3453 2346 obtulerunt
3484 2292 3619 2345 mihi
3660 2308 3786 2346 acc-

2203 2394 2311 2435 tnin
2345 2383 2411 2436 ".
2453 2401 2472 2433 ι
2526 2383 2629 2449 ipsi
2683 2384 2863 2438 omnia
2921 2383 3033 2437 hazc
3056 2381 3345 2452 Unigeuito
3402 2384 3781 2451 attribuimns,

2199 2488 2319 2543 qua!
2351 2487 2448 2542 pro
2466 2474 2615 2527 nobis
2637 2474 3030 2543 dispensatorie
3055 2488 3221 2529 carne
3240 2490 3431 2545 passus
3459 2486 3564 2539 est,
3590 2492 3785 2532 secun-

2198 2572 2319 2617 dum
2377 2564 2684 2631 Scripturas
2716 2584 2727 2617 :
2760 2584 2777 2616 ι
2813 2564 2997 2619 Vibice
3067 2568 3210 2619 enim
3271 2565 3387 2633 ejus
3440 2584 3538 2622 nos
3598 2571 3777 2622 sanati

2197 2674 2403 2720 sumus,
2469 2666 2523 2709 et
2584 2656 2697 2723 ipse
2756 2655 3055 2710 inﬁrmatus
3121 2668 3206 2711 est
3271 2667 3491 2726 pr0pter
3551 2669 3779 2727 peccata

2196 2762 2378 2803 nostra
2410 2750 2474 2803 ⁸⁸.
2516 2769 2533 2801 ι
2597 2750 2983 2817 lmpassihilem
3038 2764 3167 2803 vero
3229 2764 3350 2803 eum
3409 2763 3602 2804 natura
3655 2766 3779 2806 esse

2194 2840 2570 2908 cognoscimus
2605 2857 2616 2889 :
2659 2855 2777 2889 naut
2809 2840 2885 2901 si,
2923 2849 2978 2891 ut
3026 2839 3222 2892 dudum
3254 2840 3383 2905 dixi,
3420 2841 3562 2893 idem
3614 2841 3777 2893 homo

2190 2942 2272 2985 est
2323 2932 2481 2985 simul
2536 2940 2590 2983 et
2646 2931 2806 2994 Dens,
2869 2938 2991 2982 sunt
3038 2941 3185 2985 certe
3242 2930 3597 2985 humanitatis
3655 2934 3776 2999 ejus

2193 3020 2491 3089 passiones,
2520 3018 2608 3071 Dei
2636 3033 2797 3087 porro
2823 3019 3119 3087 proprium,
3146 3028 3202 3072 ut
3234 3021 3579 3079 impassibilis
3609 3022 3771 3077 intel-

2192 3114 2405 3182 ligatur.

2262 3205 2384 3258 ll:ec
2413 3206 2484 3258 ita
2541 3206 2835 3259 sentientes
2883 3205 3216 3261 servabimus
3260 3204 3540 3274 pietatem,
3578 3216 3632 3260 et
3672 3222 3769 3276 per

2189 3304 2366 3347 rectas
2413 3296 2771 3363 cogitationes
2818 3308 3007 3350 euntes
3054 3306 3108 3350 et
3161 3312 3371 3363 sensus,
3413 3299 3481 3351 ad
3528 3298 3765 3352 caelestis

2188 3386 2485 3440 vocationis
2533 3388 2763 3455 palmam
2825 3389 3195 3457 perveniemus
3253 3391 3306 3442 in
3363 3390 3611 3455 Christo,
3668 3407 3764 3460 per

2186 3491 2365 3543 quem,
2400 3487 2453 3527 et
2476 3492 2595 3530 cum
2630 3491 2757 3545 quo,
2792 3476 2900 3532 Deo
2940 3492 2996 3532 et
3023 3478 3167 3532 Patri
3196 3480 3361 3548 gloria
3398 3498 3521 3535 cum
3557 3481 3760 3551 Spiritu

2183 3578 2371 3622 sancto
2412 3568 2463 3621 in
2494 3570 2685 3623 saecula
2718 3573 3057 3626 saeculorum.
3098 3574 3290 3626 Amen.

2813 3840 2857 3870 "
2887 3840 2985 3893 lsa.
3018 3856 3070 3901 ι..
3112 3840 3162 3892 6.
3251 3839 3293 3869 ⁸⁸
3326 3839 3466 3895 Psal,
3503 3858 3625 3904 ut,
3664 3842 3753 3906 t8.

2212 3838 2254 3868 “
2294 3834 2447 3892 Joan.
2484 3855 2599 3903 vm,
2637 3839 2719 3893 16.
