  <div class='ocr_page' id='page_1' title='image "/cluster/home/n/w/nwhite01/storage/ocr_20150623/75/ien.35556001661032/718.png"; bbox 0 0 3996 6452; ppageno 0'>
   <div class='ocr_carea' id='block_1_1' title="bbox 222 488 383 547">
    <p class='ocr_par' dir='ltr' id='par_1_1' title="bbox 222 488 383 547">
     <span class='ocr_line' id='line_1_1' title="bbox 222 488 383 547; baseline -0.019 0"><span class='ocrx_word' id='word_1_1' title='bbox 222 488 383 547; x_wconf 63' lang='grc' dir='ltr'><strong>κίε</strong></span> 
     </span>
    </p>
   </div>
   <div class='ocr_carea' id='block_1_2' title="bbox 254 610 720 661">
    <p class='ocr_par' dir='ltr' id='par_1_2' title="bbox 254 644 720 661">
     <span class='ocr_line' id='line_1_2' title="bbox 254 644 720 661; baseline 0.006 -3"><span class='ocrx_word' id='word_1_2' title='bbox 254 644 720 661; x_wconf 45' lang='grc' dir='ltr'><strong>ν--ψ-</strong></span> 
     </span>
    </p>
   </div>
   <div class='ocr_carea' id='block_1_3' title="bbox 1482 658 1543 666">
    <p class='ocr_par' dir='ltr' id='par_1_3' title="bbox 1482 658 1543 666">
     <span class='ocr_line' id='line_1_3' title="bbox 1482 658 1543 666; baseline 0 -2"><span class='ocrx_word' id='word_1_3' title='bbox 1482 658 1543 666; x_wconf 71' lang='grc'><strong>...-</strong></span> 
     </span>
    </p>
   </div>
   <div class='ocr_carea' id='block_1_4' title="bbox 562 664 1026 676">
    <p class='ocr_par' dir='ltr' id='par_1_4' title="bbox 562 664 1026 676">
     <span class='ocr_line' id='line_1_4' title="bbox 562 664 1026 676; baseline -0.002 -2"><span class='ocrx_word' id='word_1_4' title='bbox 562 666 769 676; x_wconf 68' lang='grc' dir='ltr'><strong>σνι--ι-</strong></span> <span class='ocrx_word' id='word_1_5' title='bbox 831 664 1026 673; x_wconf 56' lang='grc' dir='ltr'><strong>.-πο-..ομ</strong></span> 
     </span>
    </p>
   </div>
   <div class='ocr_carea' id='block_1_5' title="bbox 243 665 555 680">
    <p class='ocr_par' dir='ltr' id='par_1_5' title="bbox 243 665 555 680">
     <span class='ocr_line' id='line_1_5' title="bbox 243 665 555 680; baseline 0.003 -3"><span class='ocrx_word' id='word_1_6' title='bbox 243 665 555 680; x_wconf 56' lang='lat' dir='ltr'><strong>m</strong></span> 
     </span>
    </p>
   </div>
   <div class='ocr_carea' id='block_1_6' title="bbox 1139 464 2532 541">
    <p class='ocr_par' dir='ltr' id='par_1_6' title="bbox 1139 464 2532 541">
     <span class='ocr_line' id='line_1_6' title="bbox 1139 464 2532 541; baseline -0.014 -3"><span class='ocrx_word' id='word_1_7' title='bbox 1139 480 1430 541; x_wconf 73' lang='lat' dir='ltr'><strong>SCIIOLIA</strong></span> <span class='ocrx_word' id='word_1_8' title='bbox 1470 478 1557 534; x_wconf 75' lang='lat' dir='ltr'><strong>DE</strong></span> <span class='ocrx_word' id='word_1_9' title='bbox 1597 470 2113 531; x_wconf 70' lang='lat' dir='ltr'><strong>INCARNATIONE</strong></span> <span class='ocrx_word' id='word_1_10' title='bbox 2153 465 2362 524; x_wconf 73' lang='lat' dir='ltr'><strong>VERBI</strong></span> <span class='ocrx_word' id='word_1_11' title='bbox 2399 464 2532 521; x_wconf 82' lang='lat' dir='ltr'><strong>DEI.</strong></span> 
     </span>
    </p>
   </div>
   <div class='ocr_carea' id='block_1_7' title="bbox 3407 451 3552 514">
    <p class='ocr_par' dir='ltr' id='par_1_7' title="bbox 3407 451 3552 514">
     <span class='ocr_line' id='line_1_7' title="bbox 3407 451 3552 514; baseline 0.021 -3"><span class='ocrx_word' id='word_1_12' title='bbox 3407 451 3552 514; x_wconf 72' lang='lat' dir='ltr'><strong>HM</strong></span> 
     </span>
    </p>
   </div>
   <div class='ocr_carea' id='block_1_8' title="bbox 2688 608 3529 647">
    <p class='ocr_par' dir='ltr' id='par_1_8' title="bbox 2688 608 3529 641">
     <span class='ocr_line' id='line_1_8' title="bbox 2688 608 3529 641; baseline 0.002 -24"><span class='ocrx_word' id='word_1_13' title='bbox 2688 610 3459 640; x_wconf 51' lang='lat'><strong>__________.-,</strong></span> <span class='ocrx_word' id='word_1_14' title='bbox 3481 608 3529 641; x_wconf 61' lang='grc' dir='ltr'><strong><em>η</em></strong></span> 
     </span>
    </p>
   </div>
   <div class='ocr_carea' id='block_1_9' title="bbox 3052 610 3396 661">
    <p class='ocr_par' dir='ltr' id='par_1_9' title="bbox 3052 610 3396 642">
     <span class='ocr_line' id='line_1_9' title="bbox 3052 610 3396 626; baseline -0.003 0"><span class='ocrx_word' id='word_1_15' title='bbox 3052 610 3396 626; x_wconf 66' lang='grc'><strong>---</strong></span> 
     </span>
     <span class='ocr_line' id='line_1_10' title="bbox 3052 627 3396 642; baseline -0.003 0"><span class='ocrx_word' id='word_1_16' title='bbox 3052 627 3396 642; x_wconf 66' lang='lat'><strong>.—</strong></span> 
     </span>
    </p>
   </div>
   <div class='ocr_carea' id='block_1_10' title="bbox 720 808 3052 1023">
    <p class='ocr_par' dir='ltr' id='par_1_10' title="bbox 720 808 3052 1023">
     <span class='ocr_line' id='line_1_11' title="bbox 720 808 3052 1023; baseline -0 -63"><span class='ocrx_word' id='word_1_17' title='bbox 720 827 1072 1023; x_wconf 69' lang='grc' dir='ltr'><strong>ΤΟΥ</strong></span> <span class='ocrx_word' id='word_1_18' title='bbox 1144 820 2037 959; x_wconf 84' lang='grc' dir='ltr'><strong>ΜΑΚΑΡΙΟΥ</strong></span> <span class='ocrx_word' id='word_1_19' title='bbox 2111 808 3052 959; x_wconf 69' lang='grc' dir='ltr'><strong>ΚΥΡΙΛΛΟΥ,</strong></span> 
     </span>
    </p>
   </div>
   <div class='ocr_carea' id='block_1_11' title="bbox 1315 1071 2481 1138">
    <p class='ocr_par' dir='ltr' id='par_1_11' title="bbox 1315 1071 2481 1138">
     <span class='ocr_line' id='line_1_12' title="bbox 1315 1071 2481 1138; baseline -0.013 0"><span class='ocrx_word' id='word_1_20' title='bbox 1315 1079 1895 1138; x_wconf 77' lang='grc' dir='ltr'><strong>ΑΡΧΙΕΠῙΣΚΟΠΟΥ</strong></span> <span class='ocrx_word' id='word_1_21' title='bbox 1932 1071 2481 1136; x_wconf 71' lang='grc' dir='ltr'><strong>ΑΛΕΞΑΝΔΡΕΙΔΣ,</strong></span> 
     </span>
    </p>
   </div>
   <div class='ocr_carea' id='block_1_12' title="bbox 538 1256 3249 1331">
    <p class='ocr_par' dir='ltr' id='par_1_12' title="bbox 538 1256 3249 1331">
     <span class='ocr_line' id='line_1_13' title="bbox 538 1256 3249 1331; baseline -0.008 -2"><span class='ocrx_word' id='word_1_22' title='bbox 538 1275 712 1331; x_wconf 81' lang='grc' dir='ltr'><strong>ΠΕΡΙ</strong></span> <span class='ocrx_word' id='word_1_23' title='bbox 757 1268 893 1328; x_wconf 76' lang='grc' dir='ltr'><strong>ΤΗΣ</strong></span> <span class='ocrx_word' id='word_1_24' title='bbox 933 1266 1578 1328; x_wconf 78' lang='grc' dir='ltr'><strong>ΕΝΑΝΘΡΩΠΗΣΕΩΣ</strong></span> <span class='ocrx_word' id='word_1_25' title='bbox 1620 1265 1765 1321; x_wconf 82' lang='grc' dir='ltr'><strong>ΤΟΥ</strong></span> <span class='ocrx_word' id='word_1_26' title='bbox 1801 1264 1990 1317; x_wconf 57' lang='lat' dir='ltr'><strong><em>QEO)“</em></strong></span> <span class='ocrx_word' id='word_1_27' title='bbox 2027 1268 2300 1331; x_wconf 84' lang='grc' dir='ltr'><strong>ΛΟΓΟΥ,</strong></span> <span class='ocrx_word' id='word_1_28' title='bbox 2348 1268 2493 1321; x_wconf 80' lang='grc' dir='ltr'><strong>ΤΟΥ</strong></span> <span class='ocrx_word' id='word_1_29' title='bbox 2536 1262 2715 1317; x_wconf 84' lang='grc' dir='ltr'><strong>ΥΙΟΥ</strong></span> <span class='ocrx_word' id='word_1_30' title='bbox 2753 1256 2899 1314; x_wconf 84' lang='grc' dir='ltr'><strong>ΤΟΥ</strong></span> <span class='ocrx_word' id='word_1_31' title='bbox 2931 1256 3027 1308; x_wconf 79' lang='grc' dir='ltr'><strong>ΠΛ</strong></span> <span class='ocrx_word' id='word_1_32' title='bbox 3044 1256 3249 1310; x_wconf 81' lang='grc' dir='ltr'><strong>ΤΡΟΣ.</strong></span> 
     </span>
    </p>
   </div>
   <div class='ocr_carea' id='block_1_13' title="bbox 1068 1502 2683 1734">
    <p class='ocr_par' dir='ltr' id='par_1_13' title="bbox 1068 1502 2683 1734">
     <span class='ocr_line' id='line_1_14' title="bbox 1068 1502 2683 1734; baseline -0.007 1"><span class='ocrx_word' id='word_1_33' title='bbox 1090 1608 1685 1734; x_wconf 87' lang='grc' dir='ltr'><strong>ΒΕΑΤΙ</strong></span> <span class='ocrx_word' id='word_1_34' title='bbox 1849 1601 2683 1733; x_wconf 80' lang='lat' dir='ltr'><strong>CYRILLI</strong></span> 
     </span>
    </p>
   </div>
   <div class='ocr_carea' id='block_1_14' title="bbox 1348 1861 2431 1927">
    <p class='ocr_par' dir='ltr' id='par_1_14' title="bbox 1348 1861 2431 1927">
     <span class='ocr_line' id='line_1_15' title="bbox 1348 1861 2431 1927; baseline -0.007 -4"><span class='ocrx_word' id='word_1_35' title='bbox 1348 1864 1881 1923; x_wconf 73' lang='lat' dir='ltr'><strong>ARCHIEPISCOPI</strong></span> <span class='ocrx_word' id='word_1_36' title='bbox 1933 1861 2431 1927; x_wconf 76' lang='lat' dir='ltr'><strong>ALEXANDRINI,</strong></span> 
     </span>
    </p>
   </div>
   <div class='ocr_carea' id='block_1_15' title="bbox 468 2036 3319 2167">
    <p class='ocr_par' dir='ltr' id='par_1_15' title="bbox 468 2036 3319 2167">
     <span class='ocr_line' id='line_1_16' title="bbox 468 2036 3319 2167; baseline -0.007 -25"><span class='ocrx_word' id='word_1_37' title='bbox 468 2050 617 2142; x_wconf 89' lang='lat' dir='ltr'><strong>DE</strong></span> <span class='ocrx_word' id='word_1_38' title='bbox 697 2046 1613 2142; x_wconf 81' lang='lat' dir='ltr'><strong>INCARNATIONE</strong></span> <span class='ocrx_word' id='word_1_39' title='bbox 1690 2047 2057 2141; x_wconf 82' lang='lat' dir='ltr'><strong>VEBBI</strong></span> <span class='ocrx_word' id='word_1_40' title='bbox 2142 2044 2393 2167; x_wconf 74' lang='lat' dir='ltr'><strong>DEI,</strong></span> <span class='ocrx_word' id='word_1_41' title='bbox 2469 2041 2771 2129; x_wconf 85' lang='lat' dir='ltr'><strong>FILII</strong></span> <span class='ocrx_word' id='word_1_42' title='bbox 2852 2036 3319 2127; x_wconf 79' lang='lat' dir='ltr'><strong>PATRIS.</strong></span> 
     </span>
    </p>
   </div>
   <div class='ocr_carea' id='block_1_16' title="bbox 318 2408 1857 2487">
    <p class='ocr_par' dir='ltr' id='par_1_16' title="bbox 318 2412 1834 2487">
     <span class='ocr_line' id='line_1_17' title="bbox 318 2412 1834 2487; baseline 0.001 -17"><span class='ocrx_word' id='word_1_43' title='bbox 318 2412 387 2470; x_wconf 81' lang='grc' dir='ltr'><strong><em>Ἠ</em></strong></span> <span class='ocrx_word' id='word_1_44' title='bbox 417 2414 515 2485; x_wconf 84' lang='grc' dir='ltr'><strong>τῆς</strong></span> <span class='ocrx_word' id='word_1_45' title='bbox 545 2414 699 2477; x_wconf 78' lang='grc' dir='ltr'>θείας</span> <span class='ocrx_word' id='word_1_46' title='bbox 727 2414 955 2486; x_wconf 77' lang='grc' dir='ltr'>Γραφῆς</span> <span class='ocrx_word' id='word_1_47' title='bbox 996 2414 1264 2487; x_wconf 79' lang='grc' dir='ltr'>όρϐοτάτη</span> <span class='ocrx_word' id='word_1_48' title='bbox 1309 2415 1507 2481; x_wconf 77' lang='grc' dir='ltr'>ἔννοια,</span> <span class='ocrx_word' id='word_1_49' title='bbox 1541 2415 1834 2481; x_wconf 75' lang='grc' dir='ltr'>εἰσοικιζο-</span> 
     </span>
    </p>
   </div>
   <div class='ocr_carea' id='block_1_17' title="bbox 1939 2408 3554 2487">
    <p class='ocr_par' dir='ltr' id='par_1_17' title="bbox 2014 2408 3554 2487">
     <span class='ocr_line' id='line_1_18' title="bbox 2014 2408 3554 2487; baseline -0.006 -18"><span class='ocrx_word' id='word_1_50' title='bbox 2014 2415 2176 2487; x_wconf 65' lang='grc' dir='ltr'><strong>θοι</strong></span> <span class='ocrx_word' id='word_1_51' title='bbox 2220 2412 2530 2469; x_wconf 83' lang='lat' dir='ltr'><strong>Germanus</strong></span> <span class='ocrx_word' id='word_1_52' title='bbox 2560 2409 2757 2463; x_wconf 72' lang='lat' dir='ltr'><strong>divina:</strong></span> <span class='ocrx_word' id='word_1_53' title='bbox 2786 2408 3086 2477; x_wconf 66' lang='lat' dir='ltr'><strong>Scriptum</strong></span> <span class='ocrx_word' id='word_1_54' title='bbox 3111 2420 3304 2459; x_wconf 86' lang='lat' dir='ltr'><strong>sensus</strong></span> <span class='ocrx_word' id='word_1_55' title='bbox 3331 2412 3554 2459; x_wconf 84' lang='lat' dir='ltr'><strong>sancto-</strong></span> 
     </span>
    </p>
   </div>
   <div class='ocr_carea' id='block_1_18' title="bbox 230 2502 1834 2581">
    <p class='ocr_par' dir='ltr' id='par_1_18' title="bbox 230 2502 1834 2581">
     <span class='ocr_line' id='line_1_19' title="bbox 230 2502 1834 2581; baseline 0.002 -23"><span class='ocrx_word' id='word_1_56' title='bbox 230 2506 379 2581; x_wconf 74' lang='grc' dir='ltr'>μέν-η</span> <span class='ocrx_word' id='word_1_57' title='bbox 405 2507 483 2570; x_wconf 87' lang='grc' dir='ltr'><strong>είς</strong></span> <span class='ocrx_word' id='word_1_58' title='bbox 510 2505 600 2559; x_wconf 88' lang='grc' dir='ltr'>τὸν</span> <span class='ocrx_word' id='word_1_59' title='bbox 627 2504 736 2558; x_wconf 87' lang='grc' dir='ltr'>τῶν</span> <span class='ocrx_word' id='word_1_60' title='bbox 763 2506 935 2574; x_wconf 80' lang='grc' dir='ltr'>ἁγίων</span> <span class='ocrx_word' id='word_1_61' title='bbox 964 2502 1110 2570; x_wconf 76' lang='grc' dir='ltr'>νοῦν,</span> <span class='ocrx_word' id='word_1_62' title='bbox 1142 2509 1514 2577; x_wconf 66' lang='grc' dir='ltr'><strong>κατακοσμεῖν</strong></span> <span class='ocrx_word' id='word_1_63' title='bbox 1552 2508 1710 2562; x_wconf 73' lang='grc' dir='ltr'>εἴωθε</span> <span class='ocrx_word' id='word_1_64' title='bbox 1733 2508 1834 2573; x_wconf 78' lang='grc' dir='ltr'><strong>τὰς</strong></span> 
     </span>
    </p>
   </div>
   <div class='ocr_carea' id='block_1_19' title="bbox 225 2596 1834 2668">
    <p class='ocr_par' dir='ltr' id='par_1_19' title="bbox 225 2596 1834 2668">
     <span class='ocr_line' id='line_1_20' title="bbox 225 2596 1834 2668; baseline -0.002 -13"><span class='ocrx_word' id='word_1_65' title='bbox 225 2601 346 2655; x_wconf 82' lang='grc' dir='ltr'><strong>τῶν</strong></span> <span class='ocrx_word' id='word_1_66' title='bbox 394 2598 567 2667; x_wconf 82' lang='grc' dir='ltr'>ἁγίων</span> <span class='ocrx_word' id='word_1_67' title='bbox 615 2598 824 2667; x_wconf 71' lang='grc' dir='ltr'>ψυχάςο</span> <span class='ocrx_word' id='word_1_68' title='bbox 861 2597 929 2660; x_wconf 71' lang='grc' dir='ltr'>ἃς</span> <span class='ocrx_word' id='word_1_69' title='bbox 958 2596 1018 2649; x_wconf 90' lang='grc' dir='ltr'>τὸ</span> <span class='ocrx_word' id='word_1_70' title='bbox 1046 2596 1273 2668; x_wconf 83' lang='grc' dir='ltr'><strong>Πνεῦμα</strong></span> <span class='ocrx_word' id='word_1_71' title='bbox 1319 2597 1381 2650; x_wconf 86' lang='grc' dir='ltr'>τὸ</span> <span class='ocrx_word' id='word_1_72' title='bbox 1420 2598 1575 2667; x_wconf 71' lang='grc' dir='ltr'>ἅγιον</span> <span class='ocrx_word' id='word_1_73' title='bbox 1620 2598 1834 2667; x_wconf 84' lang='grc' dir='ltr'>είσάγει</span> 
     </span>
    </p>
   </div>
   <div class='ocr_carea' id='block_1_20' title="bbox 227 2687 1834 2759">
    <p class='ocr_par' dir='ltr' id='par_1_20' title="bbox 227 2687 1834 2759">
     <span class='ocr_line' id='line_1_21' title="bbox 227 2687 1834 2759; baseline -0.001 -16"><span class='ocrx_word' id='word_1_74' title='bbox 227 2691 318 2753; x_wconf 85' lang='grc' dir='ltr'><strong>είς</strong></span> <span class='ocrx_word' id='word_1_75' title='bbox 351 2689 419 2743; x_wconf 81' lang='grc' dir='ltr'>τὰ</span> <span class='ocrx_word' id='word_1_76' title='bbox 449 2687 661 2757; x_wconf 79' lang='grc' dir='ltr'><strong>πελάγη</strong></span> <span class='ocrx_word' id='word_1_77' title='bbox 702 2687 802 2757; x_wconf 73' lang='grc' dir='ltr'>τῆς</span> <span class='ocrx_word' id='word_1_78' title='bbox 832 2687 1059 2741; x_wconf 82' lang='grc' dir='ltr'>ἀεννάου</span> <span class='ocrx_word' id='word_1_79' title='bbox 1108 2687 1365 2755; x_wconf 83' lang='grc' dir='ltr'>γνώσεώς</span> <span class='ocrx_word' id='word_1_80' title='bbox 1410 2706 1469 2740; x_wconf 88' lang='grc' dir='ltr'>τε</span> <span class='ocrx_word' id='word_1_81' title='bbox 1503 2689 1597 2741; x_wconf 76' lang='grc' dir='ltr'><strong>καὶ</strong></span> <span class='ocrx_word' id='word_1_82' title='bbox 1642 2689 1834 2759; x_wconf 85' lang='grc' dir='ltr'>σοφίας</span> 
     </span>
    </p>
   </div>
   <div class='ocr_carea' id='block_1_21' title="bbox 226 2773 1834 2853">
    <p class='ocr_par' dir='ltr' id='par_1_21' title="bbox 226 2773 1834 2853">
     <span class='ocr_line' id='line_1_22' title="bbox 226 2773 1834 2853; baseline 0 -18"><span class='ocrx_word' id='word_1_83' title='bbox 226 2778 477 2853; x_wconf 81' lang='grc' dir='ltr'><strong>Χριστοῦ</strong></span> <span class='ocrx_word' id='word_1_84' title='bbox 498 2795 511 2809; x_wconf 81' lang='lat'>&#39;</span> <span class='ocrx_word' id='word_1_85' title='bbox 562 2778 630 2831; x_wconf 74' lang='grc' dir='ltr'>δι’</span> <span class='ocrx_word' id='word_1_86' title='bbox 660 2773 735 2832; x_wconf 85' lang='grc' dir='ltr'><strong>ὧν</strong></span> <span class='ocrx_word' id='word_1_87' title='bbox 767 2779 795 2831; x_wconf 80' lang='grc' dir='ltr'>ὁ</span> <span class='ocrx_word' id='word_1_88' title='bbox 826 2778 1015 2851; x_wconf 70' lang='grc' dir='ltr'>Πατὴρ</span> <span class='ocrx_word' id='word_1_89' title='bbox 1053 2778 1160 2832; x_wconf 84' lang='grc' dir='ltr'>τῶν</span> <span class='ocrx_word' id='word_1_90' title='bbox 1192 2780 1330 2832; x_wconf 84' lang='grc' dir='ltr'>ὅλων</span> <span class='ocrx_word' id='word_1_91' title='bbox 1359 2780 1494 2845; x_wconf 90' lang='grc' dir='ltr'>Θεὸς</span> <span class='ocrx_word' id='word_1_92' title='bbox 1534 2782 1834 2851; x_wconf 76' lang='grc' dir='ltr'>δοξολογεῖ-</span> 
     </span>
    </p>
   </div>
   <div class='ocr_carea' id='block_1_22' title="bbox 227 2870 1835 2943">
    <p class='ocr_par' dir='ltr' id='par_1_22' title="bbox 227 2870 1835 2943">
     <span class='ocr_line' id='line_1_23' title="bbox 227 2870 1835 2943; baseline 0.001 -17"><span class='ocrx_word' id='word_1_93' title='bbox 227 2890 350 2927; x_wconf 83' lang='grc' dir='ltr'>ται.</span> <span class='ocrx_word' id='word_1_94' title='bbox 377 2871 701 2941; x_wconf 76' lang='grc' dir='ltr'>Θησαυροὺς</span> <span class='ocrx_word' id='word_1_95' title='bbox 718 2870 898 2923; x_wconf 92' lang='grc' dir='ltr'>τοίνυν</span> <span class='ocrx_word' id='word_1_96' title='bbox 918 2870 1295 2943; x_wconf 76' lang='grc' dir='ltr'><strong>ἀποκρύφους,</strong></span> <span class='ocrx_word' id='word_1_97' title='bbox 1321 2873 1609 2943; x_wconf 86' lang='grc' dir='ltr'>ἀοράτους,</span> <span class='ocrx_word' id='word_1_98' title='bbox 1635 2873 1835 2939; x_wconf 80' lang='grc' dir='ltr'>ἀνοίξω</span> 
     </span>
    </p>
   </div>
   <div class='ocr_carea' id='block_1_23' title="bbox 230 2961 1837 3036">
    <p class='ocr_par' dir='ltr' id='par_1_23' title="bbox 230 2961 1837 3036">
     <span class='ocr_line' id='line_1_24' title="bbox 230 2961 1837 3036; baseline 0.001 -19"><span class='ocrx_word' id='word_1_99' title='bbox 230 2980 345 3026; x_wconf 83' lang='grc' dir='ltr'>σοι,</span> <span class='ocrx_word' id='word_1_100' title='bbox 380 2962 522 3015; x_wconf 80' lang='grc' dir='ltr'>κατὰ</span> <span class='ocrx_word' id='word_1_101' title='bbox 550 2962 610 3014; x_wconf 88' lang='grc' dir='ltr'><strong>τὸ</strong></span> <span class='ocrx_word' id='word_1_102' title='bbox 637 2962 1043 3033; x_wconf 81' lang='grc' dir='ltr'>γεγραμμένον.</span> <span class='ocrx_word' id='word_1_103' title='bbox 1078 2961 1401 3032; x_wconf 78' lang='grc' dir='ltr'>Θησαυροὺς</span> <span class='ocrx_word' id='word_1_104' title='bbox 1430 2964 1483 3016; x_wconf 83' lang='grc' dir='ltr'><strong>δέ</strong></span> <span class='ocrx_word' id='word_1_105' title='bbox 1517 2981 1662 3036; x_wconf 84' lang='grc' dir='ltr'>φημι</span> <span class='ocrx_word' id='word_1_106' title='bbox 1708 2966 1837 3029; x_wconf 78' lang='grc' dir='ltr'>τοὺς</span> 
     </span>
    </p>
   </div>
   <div class='ocr_carea' id='block_1_24' title="bbox 227 3052 1837 3127">
    <p class='ocr_par' dir='ltr' id='par_1_24' title="bbox 227 3052 1837 3127">
     <span class='ocr_line' id='line_1_25' title="bbox 227 3052 1837 3127; baseline -0.002 -21"><span class='ocrx_word' id='word_1_107' title='bbox 227 3056 337 3123; x_wconf 81' lang='grc' dir='ltr'><strong>τῆς</strong></span> <span class='ocrx_word' id='word_1_108' title='bbox 367 3052 539 3124; x_wconf 79' lang='grc' dir='ltr'>ὀρθῆς</span> <span class='ocrx_word' id='word_1_109' title='bbox 560 3052 817 3121; x_wconf 82' lang='grc' dir='ltr'>γνώσεως</span> <span class='ocrx_word' id='word_1_110' title='bbox 843 3053 1084 3115; x_wconf 78' lang='grc' dir='ltr'><strong>διανοίας</strong></span> <span class='ocrx_word' id='word_1_111' title='bbox 1117 3054 1448 3125; x_wconf 79' lang='grc' dir='ltr'>ὀφθαλμοὺς,</span> <span class='ocrx_word' id='word_1_112' title='bbox 1476 3057 1644 3123; x_wconf 77' lang='grc' dir='ltr'>ὑγιῶς</span> <span class='ocrx_word' id='word_1_113' title='bbox 1666 3057 1837 3127; x_wconf 76' lang='grc' dir='ltr'>ὁρῶν.</span> 
     </span>
    </p>
   </div>
   <div class='ocr_carea' id='block_1_25' title="bbox 226 3144 1837 3222">
    <p class='ocr_par' dir='ltr' id='par_1_25' title="bbox 226 3144 1837 3222">
     <span class='ocr_line' id='line_1_26' title="bbox 226 3144 1837 3222; baseline 0.002 -23"><span class='ocrx_word' id='word_1_114' title='bbox 226 3162 333 3209; x_wconf 87' lang='grc' dir='ltr'>τας</span> <span class='ocrx_word' id='word_1_115' title='bbox 364 3144 461 3197; x_wconf 71' lang='grc' dir='ltr'>καὶ</span> <span class='ocrx_word' id='word_1_116' title='bbox 489 3144 807 3216; x_wconf 80' lang='grc' dir='ltr'><strong>ἀλωδήτως.</strong></span> <span class='ocrx_word' id='word_1_117' title='bbox 842 3146 918 3199; x_wconf 83' lang='grc' dir='ltr'><strong>Οὐ</strong></span> <span class='ocrx_word' id='word_1_118' title='bbox 950 3145 1059 3217; x_wconf 80' lang='grc' dir='ltr'><strong>γὰρ</strong></span> <span class='ocrx_word' id='word_1_119' title='bbox 1100 3147 1419 3217; x_wconf 79' lang='grc' dir='ltr'><strong>χαρίσματα</strong></span> <span class='ocrx_word' id='word_1_120' title='bbox 1449 3148 1615 3219; x_wconf 80' lang='grc' dir='ltr'><strong>ἀτελῆ</strong></span> <span class='ocrx_word' id='word_1_121' title='bbox 1648 3149 1837 3222; x_wconf 82' lang='grc' dir='ltr'>δωρεῖ-</span> 
     </span>
    </p>
   </div>
   <div class='ocr_carea' id='block_1_26' title="bbox 227 3237 1835 3314">
    <p class='ocr_par' dir='ltr' id='par_1_26' title="bbox 227 3237 1835 3314">
     <span class='ocr_line' id='line_1_27' title="bbox 227 3237 1835 3314; baseline 0.003 -24"><span class='ocrx_word' id='word_1_122' title='bbox 227 3255 327 3292; x_wconf 86' lang='grc' dir='ltr'>ται</span> <span class='ocrx_word' id='word_1_123' title='bbox 373 3237 509 3299; x_wconf 83' lang='grc' dir='ltr'><strong>Θεὸς</strong></span> <span class='ocrx_word' id='word_1_124' title='bbox 558 3239 674 3298; x_wconf 72' lang='grc' dir='ltr'>τοῖς</span> <span class='ocrx_word' id='word_1_125' title='bbox 726 3238 1101 3306; x_wconf 81' lang='grc' dir='ltr'>ὲπεγνωκόσιν</span> <span class='ocrx_word' id='word_1_126' title='bbox 1144 3239 1339 3293; x_wconf 74' lang='grc' dir='ltr'>αὐτόν’</span> <span class='ocrx_word' id='word_1_127' title='bbox 1386 3239 1510 3293; x_wconf 74' lang='grc' dir='ltr'>οὔτε</span> <span class='ocrx_word' id='word_1_128' title='bbox 1547 3241 1654 3311; x_wconf 86' lang='grc' dir='ltr'>μὴν</span> <span class='ocrx_word' id='word_1_129' title='bbox 1688 3242 1835 3314; x_wconf 81' lang='grc' dir='ltr'><strong>ὅροις</strong></span> 
     </span>
    </p>
   </div>
   <div class='ocr_carea' id='block_1_27' title="bbox 228 3328 1835 3408">
    <p class='ocr_par' dir='ltr' id='par_1_27' title="bbox 228 3328 1835 3408">
     <span class='ocr_line' id='line_1_28' title="bbox 228 3328 1835 3408; baseline 0.002 -25"><span class='ocrx_word' id='word_1_130' title='bbox 228 3328 592 3399; x_wconf 83' lang='grc' dir='ltr'><strong>ἀνθρωπίνης</strong></span> <span class='ocrx_word' id='word_1_131' title='bbox 614 3328 856 3393; x_wconf 86' lang='grc' dir='ltr'>διανοίας</span> <span class='ocrx_word' id='word_1_132' title='bbox 882 3331 1336 3408; x_wconf 62' lang='grc' dir='ltr'><strong>περιγραφόμενα</strong></span> <span class='ocrx_word' id='word_1_133' title='bbox 1353 3348 1367 3362; x_wconf 69' lang='grc'><strong>⁸</strong></span> <span class='ocrx_word' id='word_1_134' title='bbox 1396 3332 1603 3396; x_wconf 87' lang='grc' dir='ltr'>τέλειος</span> <span class='ocrx_word' id='word_1_135' title='bbox 1626 3332 1735 3406; x_wconf 83' lang='grc' dir='ltr'>γὰρ</span> <span class='ocrx_word' id='word_1_136' title='bbox 1759 3332 1835 3387; x_wconf 84' lang='grc' dir='ltr'><strong>ὢν</strong></span> 
     </span>
    </p>
   </div>
   <div class='ocr_carea' id='block_1_28' title="bbox 228 3422 1834 3500">
    <p class='ocr_par' dir='ltr' id='par_1_28' title="bbox 228 3422 1834 3500">
     <span class='ocr_line' id='line_1_29' title="bbox 228 3422 1834 3500; baseline 0.004 -24"><span class='ocrx_word' id='word_1_137' title='bbox 228 3424 262 3476; x_wconf 83' lang='grc' dir='ltr'><strong>δ</strong></span> <span class='ocrx_word' id='word_1_138' title='bbox 301 3422 411 3475; x_wconf 87' lang='grc' dir='ltr'>τῶν</span> <span class='ocrx_word' id='word_1_139' title='bbox 444 3422 699 3476; x_wconf 80' lang='grc' dir='ltr'><strong>ἁπάντων</strong></span> <span class='ocrx_word' id='word_1_140' title='bbox 728 3422 882 3493; x_wconf 79' lang='grc' dir='ltr'>ἡμῶν</span> <span class='ocrx_word' id='word_1_141' title='bbox 910 3425 1189 3497; x_wconf 78' lang='grc' dir='ltr'><strong>Δεσπότης</strong></span> <span class='ocrx_word' id='word_1_142' title='bbox 1207 3426 1360 3490; x_wconf 88' lang='grc' dir='ltr'>Θεὸς,</span> <span class='ocrx_word' id='word_1_143' title='bbox 1392 3426 1613 3491; x_wconf 82' lang='grc' dir='ltr'><strong>τελείως</strong></span> <span class='ocrx_word' id='word_1_144' title='bbox 1643 3427 1834 3500; x_wconf 85' lang='grc' dir='ltr'>δωρεί-</span> 
     </span>
    </p>
   </div>
   <div class='ocr_carea' id='block_1_29' title="bbox 230 3514 1829 3589">
    <p class='ocr_par' dir='ltr' id='par_1_29' title="bbox 230 3514 1829 3589">
     <span class='ocr_line' id='line_1_30' title="bbox 230 3514 1829 3589; baseline 0.005 -22"><span class='ocrx_word' id='word_1_145' title='bbox 230 3531 329 3568; x_wconf 82' lang='grc' dir='ltr'><strong>ται</strong></span> <span class='ocrx_word' id='word_1_146' title='bbox 376 3514 445 3568; x_wconf 84' lang='grc' dir='ltr'><strong>τὰ</strong></span> <span class='ocrx_word' id='word_1_147' title='bbox 489 3514 699 3584; x_wconf 79' lang='grc' dir='ltr'>ἄφθονα</span> <span class='ocrx_word' id='word_1_148' title='bbox 742 3517 855 3579; x_wconf 83' lang='grc' dir='ltr'>τοῖς</span> <span class='ocrx_word' id='word_1_149' title='bbox 904 3516 1071 3581; x_wconf 80' lang='grc' dir='ltr'>ἀξίως</span> <span class='ocrx_word' id='word_1_150' title='bbox 1134 3517 1575 3589; x_wconf 77' lang='grc' dir='ltr'>πολιτευομένοις</span> <span class='ocrx_word' id='word_1_151' title='bbox 1624 3521 1829 3575; x_wconf 81' lang='grc' dir='ltr'>αὑτοῦ·</span> 
     </span>
    </p>
   </div>
   <div class='ocr_carea' id='block_1_30' title="bbox 231 3604 1836 3682">
    <p class='ocr_par' dir='ltr' id='par_1_30' title="bbox 231 3604 1836 3682">
     <span class='ocr_line' id='line_1_31' title="bbox 231 3604 1836 3682; baseline 0.003 -21"><span class='ocrx_word' id='word_1_152' title='bbox 231 3604 476 3679; x_wconf 65' lang='grc' dir='ltr'>ἐραστὴς</span> <span class='ocrx_word' id='word_1_153' title='bbox 499 3606 609 3678; x_wconf 85' lang='grc' dir='ltr'><strong>γὰρ</strong></span> <span class='ocrx_word' id='word_1_154' title='bbox 630 3606 846 3676; x_wconf 79' lang='grc' dir='ltr'>πέφυκε</span> <span class='ocrx_word' id='word_1_155' title='bbox 877 3607 988 3661; x_wconf 86' lang='grc' dir='ltr'><strong>τῶν</strong></span> <span class='ocrx_word' id='word_1_156' title='bbox 1012 3609 1070 3661; x_wconf 75' lang='grc' dir='ltr'><strong>ὲν</strong></span> <span class='ocrx_word' id='word_1_157' title='bbox 1093 3609 1314 3680; x_wconf 83' lang='grc' dir='ltr'>καθαρᾷ</span> <span class='ocrx_word' id='word_1_158' title='bbox 1336 3611 1536 3682; x_wconf 77' lang='grc' dir='ltr'>καρδίᾳ</span> <span class='ocrx_word' id='word_1_159' title='bbox 1558 3611 1836 3666; x_wconf 86' lang='grc' dir='ltr'>δουλευόν-</span> 
     </span>
    </p>
   </div>
   <div class='ocr_carea' id='block_1_31' title="bbox 232 3696 1834 3773">
    <p class='ocr_par' dir='ltr' id='par_1_31' title="bbox 232 3696 1834 3773">
     <span class='ocr_line' id='line_1_32' title="bbox 232 3696 1834 3773; baseline 0.004 -21"><span class='ocrx_word' id='word_1_160' title='bbox 232 3714 348 3752; x_wconf 84' lang='grc' dir='ltr'><strong>των</strong></span> <span class='ocrx_word' id='word_1_161' title='bbox 397 3696 548 3767; x_wconf 85' lang='grc' dir='ltr'><strong>αὐτῷ</strong></span> <span class='ocrx_word' id='word_1_162' title='bbox 603 3698 1006 3768; x_wconf 83' lang='grc' dir='ltr'>ἀνυποκρίτως.</span> <span class='ocrx_word' id='word_1_163' title='bbox 1044 3699 1255 3751; x_wconf 86' lang='grc' dir='ltr'>Ἦκέτω</span> <span class='ocrx_word' id='word_1_164' title='bbox 1308 3699 1488 3754; x_wconf 80' lang='grc' dir='ltr'>τοίνυν</span> <span class='ocrx_word' id='word_1_165' title='bbox 1539 3703 1646 3767; x_wconf 78' lang='grc' dir='ltr'>πᾶς</span> <span class='ocrx_word' id='word_1_166' title='bbox 1695 3702 1834 3773; x_wconf 81' lang='grc' dir='ltr'><strong>ὀρθὰ</strong></span> 
     </span>
    </p>
   </div>
   <div class='ocr_carea' id='block_1_32' title="bbox 1940 2499 3545 2572">
    <p class='ocr_par' dir='ltr' id='par_1_32' title="bbox 1940 2499 3545 2572">
     <span class='ocr_line' id='line_1_33' title="bbox 1940 2499 3545 2572; baseline -0.007 -10"><span class='ocrx_word' id='word_1_167' title='bbox 1940 2524 2059 2562; x_wconf 90' lang='lat' dir='ltr'><strong>rum</strong></span> <span class='ocrx_word' id='word_1_168' title='bbox 2114 2506 2392 2561; x_wconf 75' lang='lat' dir='ltr'><strong>mentibus</strong></span> <span class='ocrx_word' id='word_1_169' title='bbox 2444 2502 2704 2572; x_wconf 86' lang='lat' dir='ltr'><strong>illapsus,</strong></span> <span class='ocrx_word' id='word_1_170' title='bbox 2752 2500 2969 2555; x_wconf 89' lang='lat' dir='ltr'><strong>illormn</strong></span> <span class='ocrx_word' id='word_1_171' title='bbox 3023 2499 3235 2552; x_wconf 86' lang='lat' dir='ltr'><strong>animos</strong></span> <span class='ocrx_word' id='word_1_172' title='bbox 3278 2506 3545 2563; x_wconf 77' lang='lat' dir='ltr'><strong>exornat,</strong></span> 
     </span>
    </p>
   </div>
   <div class='ocr_carea' id='block_1_33' title="bbox 1938 2588 3549 2665">
    <p class='ocr_par' dir='ltr' id='par_1_33' title="bbox 1938 2588 3549 2665">
     <span class='ocr_line' id='line_1_34' title="bbox 1938 2588 3549 2665; baseline -0.002 -18"><span class='ocrx_word' id='word_1_173' title='bbox 1938 2610 2075 2665; x_wconf 88' lang='lat' dir='ltr'><strong>quos</strong></span> <span class='ocrx_word' id='word_1_174' title='bbox 2116 2594 2356 2665; x_wconf 76' lang='lat' dir='ltr'><strong>Spiritus</strong></span> <span class='ocrx_word' id='word_1_175' title='bbox 2395 2601 2621 2647; x_wconf 81' lang='lat' dir='ltr'><strong>sanctus</strong></span> <span class='ocrx_word' id='word_1_176' title='bbox 2656 2590 2710 2645; x_wconf 92' lang='lat' dir='ltr'><strong>in</strong></span> <span class='ocrx_word' id='word_1_177' title='bbox 2748 2589 2877 2644; x_wconf 83' lang='lat' dir='ltr'><strong>iliud</strong></span> <span class='ocrx_word' id='word_1_178' title='bbox 2917 2588 3175 2659; x_wconf 84' lang='lat' dir='ltr'><strong>perennis</strong></span> <span class='ocrx_word' id='word_1_179' title='bbox 3209 2588 3457 2644; x_wconf 67' lang='lat' dir='ltr'><strong>scientia:</strong></span> <span class='ocrx_word' id='word_1_180' title='bbox 3494 2598 3549 2644; x_wconf 88' lang='lat' dir='ltr'><strong>et</strong></span> 
     </span>
    </p>
   </div>
   <div class='ocr_carea' id='block_1_34' title="bbox 1938 2680 3549 2758">
    <p class='ocr_par' dir='ltr' id='par_1_34' title="bbox 1938 2680 3549 2758">
     <span class='ocr_line' id='line_1_35' title="bbox 1938 2680 3549 2758; baseline -0.005 -15"><span class='ocrx_word' id='word_1_181' title='bbox 1938 2688 2223 2758; x_wconf 67' lang='lat' dir='ltr'><strong>sapientia:</strong></span> <span class='ocrx_word' id='word_1_182' title='bbox 2267 2685 2474 2742; x_wconf 76' lang='lat' dir='ltr'><strong>Christi</strong></span> <span class='ocrx_word' id='word_1_183' title='bbox 2520 2684 2744 2755; x_wconf 82' lang='lat' dir='ltr'><strong>pelagus</strong></span> <span class='ocrx_word' id='word_1_184' title='bbox 2788 2682 2999 2737; x_wconf 86' lang='lat' dir='ltr'><strong>inducit</strong></span> <span class='ocrx_word' id='word_1_185' title='bbox 3037 2699 3050 2736; x_wconf 89' lang='lat'><strong>:</strong></span> <span class='ocrx_word' id='word_1_186' title='bbox 3089 2696 3185 2749; x_wconf 86' lang='lat' dir='ltr'><strong>per</strong></span> <span class='ocrx_word' id='word_1_187' title='bbox 3220 2697 3343 2752; x_wconf 72' lang='lat' dir='ltr'><strong>quae</strong></span> <span class='ocrx_word' id='word_1_188' title='bbox 3386 2680 3549 2736; x_wconf 74' lang='lat' dir='ltr'><strong>Pater</strong></span> 
     </span>
    </p>
   </div>
   <div class='ocr_carea' id='block_1_35' title="bbox 1939 2774 3551 2848">
    <p class='ocr_par' dir='ltr' id='par_1_35' title="bbox 1939 2774 3551 2848">
     <span class='ocr_line' id='line_1_36' title="bbox 1939 2774 3551 2848; baseline -0.006 -14"><span class='ocrx_word' id='word_1_189' title='bbox 1939 2779 2028 2834; x_wconf 89' lang='lat' dir='ltr'><strong>ille</strong></span> <span class='ocrx_word' id='word_1_190' title='bbox 2069 2780 2450 2835; x_wconf 85' lang='lat' dir='ltr'><strong>universorum</strong></span> <span class='ocrx_word' id='word_1_191' title='bbox 2492 2776 2637 2831; x_wconf 88' lang='lat' dir='ltr'><strong>Deus</strong></span> <span class='ocrx_word' id='word_1_192' title='bbox 2674 2775 3034 2848; x_wconf 79' lang='lat' dir='ltr'><strong>glorificatur.</strong></span> <span class='ocrx_word' id='word_1_193' title='bbox 3071 2774 3385 2831; x_wconf 84' lang='lat' dir='ltr'><strong>Thesauros</strong></span> <span class='ocrx_word' id='word_1_194' title='bbox 3425 2790 3551 2845; x_wconf 86' lang='lat' dir='ltr'><strong>pro-</strong></span> 
     </span>
    </p>
   </div>
   <div class='ocr_carea' id='block_1_36' title="bbox 1940 2865 3551 2936">
    <p class='ocr_par' dir='ltr' id='par_1_36' title="bbox 1940 2865 3551 2936">
     <span class='ocr_line' id='line_1_37' title="bbox 1940 2865 3551 2936; baseline -0.005 -10"><span class='ocrx_word' id='word_1_195' title='bbox 1940 2872 2067 2926; x_wconf 89' lang='lat' dir='ltr'><strong>inde</strong></span> <span class='ocrx_word' id='word_1_196' title='bbox 2098 2872 2455 2927; x_wconf 84' lang='lat' dir='ltr'><strong>absconditos</strong></span> <span class='ocrx_word' id='word_1_197' title='bbox 2482 2882 2536 2928; x_wconf 92' lang='lat' dir='ltr'><strong>et</strong></span> <span class='ocrx_word' id='word_1_198' title='bbox 2572 2867 2904 2936; x_wconf 86' lang='lat' dir='ltr'><strong>invisibiles,</strong></span> <span class='ocrx_word' id='word_1_199' title='bbox 2940 2881 2999 2921; x_wconf 93' lang='lat' dir='ltr'><strong>ut</strong></span> <span class='ocrx_word' id='word_1_200' title='bbox 3027 2876 3112 2923; x_wconf 88' lang='lat' dir='ltr'><strong>est</strong></span> <span class='ocrx_word' id='word_1_201' title='bbox 3142 2868 3196 2921; x_wconf 89' lang='lat' dir='ltr'><strong>in</strong></span> <span class='ocrx_word' id='word_1_202' title='bbox 3228 2868 3403 2922; x_wconf 84' lang='lat' dir='ltr'><strong>sacris</strong></span> <span class='ocrx_word' id='word_1_203' title='bbox 3433 2865 3551 2919; x_wconf 85' lang='lat' dir='ltr'><strong>Lit-</strong></span> 
     </span>
    </p>
   </div>
   <div class='ocr_carea' id='block_1_37' title="bbox 1940 2956 3552 3027">
    <p class='ocr_par' dir='ltr' id='par_1_37' title="bbox 1940 2956 3552 3027">
     <span class='ocr_line' id='line_1_38' title="bbox 1940 2956 3552 3027; baseline -0.004 -11"><span class='ocrx_word' id='word_1_204' title='bbox 1940 2964 2071 3017; x_wconf 84' lang='lat' dir='ltr'><strong>teris</strong></span> <span class='ocrx_word' id='word_1_205' title='bbox 2091 2962 2128 3026; x_wconf 84' lang='grc'>¹,</span> <span class='ocrx_word' id='word_1_206' title='bbox 2157 2962 2253 3017; x_wconf 88' lang='lat' dir='ltr'><strong>tibi</strong></span> <span class='ocrx_word' id='word_1_207' title='bbox 2284 2961 2583 3016; x_wconf 85' lang='lat' dir='ltr'><strong>recludam.</strong></span> <span class='ocrx_word' id='word_1_208' title='bbox 2606 2957 2928 3013; x_wconf 87' lang='lat' dir='ltr'><strong>Thesauros</strong></span> <span class='ocrx_word' id='word_1_209' title='bbox 2957 2967 3137 3013; x_wconf 87' lang='lat' dir='ltr'><strong>autem</strong></span> <span class='ocrx_word' id='word_1_210' title='bbox 3172 2965 3340 3011; x_wconf 63' lang='lat' dir='ltr'><strong>recte</strong></span> <span class='ocrx_word' id='word_1_211' title='bbox 3363 2956 3552 3027; x_wconf 89' lang='lat' dir='ltr'><strong>cogni-</strong></span> 
     </span>
    </p>
   </div>
   <div class='ocr_carea' id='block_1_38' title="bbox 1941 3048 3549 3124">
    <p class='ocr_par' dir='ltr' id='par_1_38' title="bbox 1941 3048 3549 3124">
     <span class='ocr_line' id='line_1_39' title="bbox 1941 3048 3549 3124; baseline -0.004 -14"><span class='ocrx_word' id='word_1_212' title='bbox 1941 3055 2104 3110; x_wconf 85' lang='lat' dir='ltr'><strong>tionis</strong></span> <span class='ocrx_word' id='word_1_213' title='bbox 2128 3053 2342 3124; x_wconf 89' lang='lat' dir='ltr'><strong>appello</strong></span> <span class='ocrx_word' id='word_1_214' title='bbox 2366 3055 2565 3108; x_wconf 86' lang='lat' dir='ltr'><strong>mentis</strong></span> <span class='ocrx_word' id='word_1_215' title='bbox 2585 3053 2796 3115; x_wconf 88' lang='lat' dir='ltr'><strong>oculos,</strong></span> <span class='ocrx_word' id='word_1_216' title='bbox 2820 3053 2910 3123; x_wconf 92' lang='lat' dir='ltr'><strong>qui</strong></span> <span class='ocrx_word' id='word_1_217' title='bbox 2936 3052 3151 3107; x_wconf 84' lang='lat' dir='ltr'><strong>sincere</strong></span> <span class='ocrx_word' id='word_1_218' title='bbox 3175 3048 3549 3121; x_wconf 74' lang='lat' dir='ltr'><strong>inon‘enseque</strong></span> 
     </span>
    </p>
   </div>
   <div class='ocr_carea' id='block_1_39' title="bbox 1938 3141 3550 3213">
    <p class='ocr_par' dir='ltr' id='par_1_39' title="bbox 1938 3141 3550 3213">
     <span class='ocr_line' id='line_1_40' title="bbox 1938 3141 3550 3213; baseline -0.003 -14"><span class='ocrx_word' id='word_1_219' title='bbox 1938 3142 2526 3213; x_wconf 56' lang='lat' dir='ltr'><strong>perspiciunt.»Neque</strong></span> <span class='ocrx_word' id='word_1_220' title='bbox 2561 3144 2709 3198; x_wconf 90' lang='lat' dir='ltr'><strong>enim</strong></span> <span class='ocrx_word' id='word_1_221' title='bbox 2752 3144 2895 3199; x_wconf 86' lang='lat' dir='ltr'><strong>Deus</strong></span> <span class='ocrx_word' id='word_1_222' title='bbox 2931 3141 3282 3211; x_wconf 80' lang='lat' dir='ltr'><strong>imperfecta,</strong></span> <span class='ocrx_word' id='word_1_223' title='bbox 3320 3150 3415 3194; x_wconf 76' lang='lat' dir='ltr'><strong>nul.</strong></span> <span class='ocrx_word' id='word_1_224' title='bbox 3451 3141 3550 3196; x_wconf 85' lang='lat' dir='ltr'><strong>btt-</strong></span> 
     </span>
    </p>
   </div>
   <div class='ocr_carea' id='block_1_40' title="bbox 1938 3232 3549 3304">
    <p class='ocr_par' dir='ltr' id='par_1_40' title="bbox 1938 3232 3549 3304">
     <span class='ocr_line' id='line_1_41' title="bbox 1938 3232 3549 3304; baseline -0.001 -15"><span class='ocrx_word' id='word_1_225' title='bbox 1938 3251 2113 3291; x_wconf 73' lang='lat' dir='ltr'><strong>mante</strong></span> <span class='ocrx_word' id='word_1_226' title='bbox 2141 3236 2340 3290; x_wconf 88' lang='lat' dir='ltr'><strong>mentis</strong></span> <span class='ocrx_word' id='word_1_227' title='bbox 2368 3235 2633 3289; x_wconf 89' lang='lat' dir='ltr'><strong>limitibus</strong></span> <span class='ocrx_word' id='word_1_228' title='bbox 2660 3234 3076 3304; x_wconf 89' lang='lat' dir='ltr'><strong>circumscripta</strong></span> <span class='ocrx_word' id='word_1_229' title='bbox 3106 3246 3330 3287; x_wconf 88' lang='lat' dir='ltr'><strong>munera</strong></span> <span class='ocrx_word' id='word_1_230' title='bbox 3361 3232 3427 3288; x_wconf 90' lang='lat' dir='ltr'><strong>iis</strong></span> <span class='ocrx_word' id='word_1_231' title='bbox 3455 3233 3549 3301; x_wconf 91' lang='lat' dir='ltr'><strong>qui</strong></span> 
     </span>
    </p>
   </div>
   <div class='ocr_carea' id='block_1_41' title="bbox 1938 3324 3550 3399">
    <p class='ocr_par' dir='ltr' id='par_1_41' title="bbox 1938 3324 3550 3399">
     <span class='ocr_line' id='line_1_42' title="bbox 1938 3324 3550 3399; baseline -0.001 -17"><span class='ocrx_word' id='word_1_232' title='bbox 1938 3327 2087 3383; x_wconf 90' lang='lat' dir='ltr'><strong>illum</strong></span> <span class='ocrx_word' id='word_1_233' title='bbox 2121 3327 2857 3399; x_wconf 72' lang='lat' dir='ltr'><strong>agnoverint,,impertitur.</strong></span> <span class='ocrx_word' id='word_1_234' title='bbox 2893 3326 3031 3380; x_wconf 78' lang='lat' dir='ltr'><strong>Nam</strong></span> <span class='ocrx_word' id='word_1_235' title='bbox 3055 3366 3069 3388; x_wconf 89' lang='lat'><strong>,</strong></span> <span class='ocrx_word' id='word_1_236' title='bbox 3106 3325 3233 3395; x_wconf 87' lang='lat' dir='ltr'><strong>quia</strong></span> <span class='ocrx_word' id='word_1_237' title='bbox 3270 3324 3550 3395; x_wconf 80' lang='lat' dir='ltr'><strong>perfectus</strong></span> 
     </span>
    </p>
   </div>
   <div class='ocr_carea' id='block_1_42' title="bbox 1936 3416 3551 3492">
    <p class='ocr_par' dir='ltr' id='par_1_42' title="bbox 1936 3416 3551 3492">
     <span class='ocr_line' id='line_1_43' title="bbox 1936 3416 3551 3492; baseline -0.003 -15"><span class='ocrx_word' id='word_1_238' title='bbox 1936 3432 2022 3477; x_wconf 91' lang='lat' dir='ltr'><strong>est</strong></span> <span class='ocrx_word' id='word_1_239' title='bbox 2066 3422 2183 3492; x_wconf 87' lang='lat' dir='ltr'><strong>ipse</strong></span> <span class='ocrx_word' id='word_1_240' title='bbox 2222 3420 2365 3476; x_wconf 84' lang='lat' dir='ltr'><strong>Deus</strong></span> <span class='ocrx_word' id='word_1_241' title='bbox 2407 3430 2595 3476; x_wconf 85' lang='lat' dir='ltr'><strong>noster</strong></span> <span class='ocrx_word' id='word_1_242' title='bbox 2633 3420 2879 3475; x_wconf 87' lang='lat' dir='ltr'><strong>omnium</strong></span> <span class='ocrx_word' id='word_1_243' title='bbox 2925 3419 3206 3484; x_wconf 86' lang='lat' dir='ltr'><strong>DOmimIs,</strong></span> <span class='ocrx_word' id='word_1_244' title='bbox 3247 3416 3551 3488; x_wconf 75' lang='lat' dir='ltr'><strong>perfectam</strong></span> 
     </span>
    </p>
   </div>
   <div class='ocr_carea' id='block_1_43' title="bbox 1936 3510 3547 3586">
    <p class='ocr_par' dir='ltr' id='par_1_43' title="bbox 1936 3510 3547 3586">
     <span class='ocr_line' id='line_1_44' title="bbox 1936 3510 3547 3586; baseline -0.003 -17"><span class='ocrx_word' id='word_1_245' title='bbox 1936 3530 2156 3586; x_wconf 89' lang='lat' dir='ltr'><strong>quoque</strong></span> <span class='ocrx_word' id='word_1_246' title='bbox 2190 3516 2461 3570; x_wconf 84' lang='lat' dir='ltr'><strong>bonorum</strong></span> <span class='ocrx_word' id='word_1_247' title='bbox 2499 3528 2725 3569; x_wconf 88' lang='lat' dir='ltr'><strong>suorum</strong></span> <span class='ocrx_word' id='word_1_248' title='bbox 2764 3513 2975 3583; x_wconf 85' lang='lat' dir='ltr'><strong>c0piam</strong></span> <span class='ocrx_word' id='word_1_249' title='bbox 3015 3511 3123 3565; x_wconf 80' lang='lat' dir='ltr'><strong>illis</strong></span> <span class='ocrx_word' id='word_1_250' title='bbox 3157 3510 3247 3581; x_wconf 82' lang='lat' dir='ltr'><strong>qui</strong></span> <span class='ocrx_word' id='word_1_251' title='bbox 3285 3513 3402 3579; x_wconf 78' lang='lat' dir='ltr'><strong>ipso</strong></span> <span class='ocrx_word' id='word_1_252' title='bbox 3437 3526 3547 3564; x_wconf 91' lang='lat' dir='ltr'><strong>non</strong></span> 
     </span>
    </p>
   </div>
   <div class='ocr_carea' id='block_1_44' title="bbox 1938 3603 3548 3677">
    <p class='ocr_par' dir='ltr' id='par_1_44' title="bbox 1938 3603 3548 3677">
     <span class='ocr_line' id='line_1_45' title="bbox 1938 3603 3548 3677; baseline -0.003 -16"><span class='ocrx_word' id='word_1_253' title='bbox 1938 3607 2215 3676; x_wconf 76' lang='lat' dir='ltr'><strong>indignam</strong></span> <span class='ocrx_word' id='word_1_254' title='bbox 2242 3607 2407 3660; x_wconf 87' lang='lat' dir='ltr'><strong>vitam</strong></span> <span class='ocrx_word' id='word_1_255' title='bbox 2436 3615 2626 3677; x_wconf 85' lang='lat' dir='ltr'><strong>agunt,</strong></span> <span class='ocrx_word' id='word_1_256' title='bbox 2653 3605 2896 3677; x_wconf 80' lang='lat' dir='ltr'><strong>dilargiri</strong></span> <span class='ocrx_word' id='word_1_257' title='bbox 2921 3604 3079 3660; x_wconf 87' lang='lat' dir='ltr'><strong>solet.</strong></span> <span class='ocrx_word' id='word_1_258' title='bbox 3106 3603 3240 3657; x_wconf 82' lang='lat' dir='ltr'><strong>Nam</strong></span> <span class='ocrx_word' id='word_1_259' title='bbox 3293 3604 3383 3673; x_wconf 89' lang='lat' dir='ltr'><strong>qui</strong></span> <span class='ocrx_word' id='word_1_260' title='bbox 3410 3618 3548 3673; x_wconf 85' lang='lat' dir='ltr'><strong>puro</strong></span> 
     </span>
    </p>
   </div>
   <div class='ocr_carea' id='block_1_45' title="bbox 1936 3694 3550 3767">
    <p class='ocr_par' dir='ltr' id='par_1_45' title="bbox 1936 3694 3550 3767">
     <span class='ocr_line' id='line_1_46' title="bbox 1936 3694 3550 3767; baseline -0.001 -17"><span class='ocrx_word' id='word_1_261' title='bbox 1936 3700 2198 3767; x_wconf 82' lang='lat' dir='ltr'><strong>omnique</strong></span> <span class='ocrx_word' id='word_1_262' title='bbox 2228 3696 2579 3751; x_wconf 82' lang='lat' dir='ltr'><strong>simulatione</strong></span> <span class='ocrx_word' id='word_1_263' title='bbox 2616 3711 2790 3750; x_wconf 82' lang='lat' dir='ltr'><strong>vacuo</strong></span> <span class='ocrx_word' id='word_1_264' title='bbox 2823 3695 3006 3749; x_wconf 80' lang='lat' dir='ltr'><strong>animo</strong></span> <span class='ocrx_word' id='word_1_265' title='bbox 3036 3694 3110 3748; x_wconf 89' lang='lat' dir='ltr'><strong>illi</strong></span> <span class='ocrx_word' id='word_1_266' title='bbox 3142 3694 3421 3756; x_wconf 88' lang='lat' dir='ltr'><strong>serviunt,</strong></span> <span class='ocrx_word' id='word_1_267' title='bbox 3451 3710 3550 3748; x_wconf 81' lang='lat' dir='ltr'><strong>eos</strong></span> 
     </span>
    </p>
   </div>
   <div class='ocr_carea' id='block_1_46' title="bbox 234 3782 1857 3866">
    <p class='ocr_par' dir='ltr' id='par_1_46' title="bbox 234 3786 1837 3866">
     <span class='ocr_line' id='line_1_47' title="bbox 234 3786 1837 3866; baseline 0.005 -27"><span class='ocrx_word' id='word_1_268' title='bbox 234 3790 459 3861; x_wconf 83' lang='grc' dir='ltr'>φρονεῖν</span> <span class='ocrx_word' id='word_1_269' title='bbox 501 3786 778 3859; x_wconf 77' lang='grc' dir='ltr'><strong>ᾑρημένος</strong></span> <span class='ocrx_word' id='word_1_270' title='bbox 828 3790 921 3841; x_wconf 76' lang='grc' dir='ltr'><strong>ἐπὶ</strong></span> <span class='ocrx_word' id='word_1_271' title='bbox 955 3791 1053 3859; x_wconf 87' lang='grc' dir='ltr'><strong>τὴν</strong></span> <span class='ocrx_word' id='word_1_272' title='bbox 1083 3790 1312 3842; x_wconf 83' lang='grc' dir='ltr'>ἁένναον</span> <span class='ocrx_word' id='word_1_273' title='bbox 1339 3789 1521 3862; x_wconf 78' lang='grc' dir='ltr'>πηγὴν</span> <span class='ocrx_word' id='word_1_274' title='bbox 1566 3792 1657 3844; x_wconf 93' lang='grc' dir='ltr'><strong>τὸν</strong></span> <span class='ocrx_word' id='word_1_275' title='bbox 1702 3795 1837 3866; x_wconf 87' lang='grc' dir='ltr'><strong>Χρι-</strong></span> 
     </span>
    </p>
   </div>
   <div class='ocr_carea' id='block_1_47' title="bbox 1939 3782 3548 3866">
    <p class='ocr_par' dir='ltr' id='par_1_47' title="bbox 1942 3782 3548 3859">
     <span class='ocr_line' id='line_1_48' title="bbox 1942 3782 3548 3859; baseline -0.003 -15"><span class='ocrx_word' id='word_1_276' title='bbox 1942 3790 2203 3859; x_wconf 78' lang='lat' dir='ltr'><strong>singulari</strong></span> <span class='ocrx_word' id='word_1_277' title='bbox 2243 3803 2431 3843; x_wconf 82' lang='lat' dir='ltr'><strong>amore</strong></span> <span class='ocrx_word' id='word_1_278' title='bbox 2465 3796 2521 3843; x_wconf 84' lang='lat' dir='ltr'><strong>et</strong></span> <span class='ocrx_word' id='word_1_279' title='bbox 2556 3787 2937 3841; x_wconf 84' lang='lat' dir='ltr'><strong>benevolentia</strong></span> <span class='ocrx_word' id='word_1_280' title='bbox 2973 3786 3375 3856; x_wconf 86' lang='lat' dir='ltr'><strong>complectitur.</strong></span> <span class='ocrx_word' id='word_1_281' title='bbox 3412 3782 3548 3840; x_wconf 78' lang='lat' dir='ltr'><strong>Oni-</strong></span> 
     </span>
    </p>
   </div>
   <div class='ocr_carea' id='block_1_48' title="bbox 237 3875 1838 3954">
    <p class='ocr_par' dir='ltr' id='par_1_48' title="bbox 237 3875 1838 3954">
     <span class='ocr_line' id='line_1_49' title="bbox 237 3875 1838 3954; baseline 0.006 -25"><span class='ocrx_word' id='word_1_282' title='bbox 237 3875 387 3941; x_wconf 82' lang='grc' dir='ltr'>στὸν,</span> <span class='ocrx_word' id='word_1_283' title='bbox 414 3876 628 3930; x_wconf 81' lang='grc' dir='ltr'>ἀκούων</span> <span class='ocrx_word' id='word_1_284' title='bbox 675 3875 840 3930; x_wconf 81' lang='grc' dir='ltr'>αὐτοῦ</span> <span class='ocrx_word' id='word_1_285' title='bbox 875 3878 1330 3949; x_wconf 76' lang='grc' dir='ltr'>προσφωνοῦντος</span> <span class='ocrx_word' id='word_1_286' title='bbox 1358 3880 1446 3934; x_wconf 84' lang='grc' dir='ltr'>διὰ</span> <span class='ocrx_word' id='word_1_287' title='bbox 1471 3880 1565 3935; x_wconf 80' lang='grc' dir='ltr'><strong>τοῦ</strong></span> <span class='ocrx_word' id='word_1_288' title='bbox 1595 3881 1838 3954; x_wconf 80' lang='grc' dir='ltr'>Εὐαγγε-</span> 
     </span>
    </p>
   </div>
   <div class='ocr_carea' id='block_1_49' title="bbox 235 3968 1831 4043">
    <p class='ocr_par' dir='ltr' id='par_1_49' title="bbox 235 3968 1831 4043">
     <span class='ocr_line' id='line_1_50' title="bbox 235 3968 1831 4043; baseline 0.007 -24"><span class='ocrx_word' id='word_1_289' title='bbox 235 3968 355 4021; x_wconf 83' lang='grc' dir='ltr'>λίου</span> <span class='ocrx_word' id='word_1_290' title='bbox 372 3984 385 3996; x_wconf 91' lang='grc'><strong>·</strong></span> <span class='ocrx_word' id='word_1_291' title='bbox 416 3986 434 4019; x_wconf 85' lang='lat' dir='ltr'><strong>t</strong></span> <span class='ocrx_word' id='word_1_292' title='bbox 460 3968 587 4021; x_wconf 81' lang='grc' dir='ltr'><strong>Ἐάν</strong></span> <span class='ocrx_word' id='word_1_293' title='bbox 616 3986 701 4031; x_wconf 86' lang='grc' dir='ltr'><strong>τις</strong></span> <span class='ocrx_word' id='word_1_294' title='bbox 725 3968 876 4040; x_wconf 74' lang='grc' dir='ltr'>διψᾷ,</span> <span class='ocrx_word' id='word_1_295' title='bbox 907 3970 1153 4040; x_wconf 73' lang='grc' dir='ltr'>ἐρχέσθω</span> <span class='ocrx_word' id='word_1_296' title='bbox 1180 3972 1318 4043; x_wconf 85' lang='grc' dir='ltr'>πρός</span> <span class='ocrx_word' id='word_1_297' title='bbox 1342 3990 1432 4042; x_wconf 85' lang='grc' dir='ltr'><strong>με,</strong></span> <span class='ocrx_word' id='word_1_298' title='bbox 1452 3974 1548 4026; x_wconf 73' lang='grc' dir='ltr'><strong>καὶ</strong></span> <span class='ocrx_word' id='word_1_299' title='bbox 1574 3977 1795 4033; x_wconf 88' lang='grc' dir='ltr'>πινέτω.</span> <span class='ocrx_word' id='word_1_300' title='bbox 1812 3997 1831 4030; x_wconf 77' lang='grc' dir='ltr'><strong>ι</strong></span> 
     </span>
    </p>
   </div>
   <div class='ocr_carea' id='block_1_50' title="bbox 235 4058 1838 4134">
    <p class='ocr_par' dir='ltr' id='par_1_50' title="bbox 235 4058 1838 4134">
     <span class='ocr_line' id='line_1_51' title="bbox 235 4058 1838 4134; baseline 0.007 -22"><span class='ocrx_word' id='word_1_301' title='bbox 235 4059 313 4113; x_wconf 80' lang='grc' dir='ltr'><strong>οὐ</strong></span> <span class='ocrx_word' id='word_1_302' title='bbox 339 4059 450 4129; x_wconf 82' lang='grc' dir='ltr'>γὰρ</span> <span class='ocrx_word' id='word_1_303' title='bbox 484 4058 603 4110; x_wconf 89' lang='grc' dir='ltr'>δέον</span> <span class='ocrx_word' id='word_1_304' title='bbox 632 4060 781 4111; x_wconf 75' lang='grc' dir='ltr'>ἐστὶν</span> <span class='ocrx_word' id='word_1_305' title='bbox 813 4061 982 4129; x_wconf 78' lang='grc' dir='ltr'>ἡμᾶς,</span> <span class='ocrx_word' id='word_1_306' title='bbox 1014 4060 1089 4131; x_wconf 82' lang='grc' dir='ltr'><strong>μὴ</strong></span> <span class='ocrx_word' id='word_1_307' title='bbox 1127 4062 1392 4134; x_wconf 87' lang='grc' dir='ltr'>πρότερον</span> <span class='ocrx_word' id='word_1_308' title='bbox 1425 4067 1748 4134; x_wconf 80' lang='grc' dir='ltr'>ὲπιγνόντας</span> <span class='ocrx_word' id='word_1_309' title='bbox 1777 4070 1838 4124; x_wconf 90' lang='grc' dir='ltr'>τὸ</span> 
     </span>
    </p>
   </div>
   <div class='ocr_carea' id='block_1_51' title="bbox 236 4150 1837 4230">
    <p class='ocr_par' dir='ltr' id='par_1_51' title="bbox 236 4150 1837 4230">
     <span class='ocr_line' id='line_1_52' title="bbox 236 4150 1837 4230; baseline 0.008 -28"><span class='ocrx_word' id='word_1_310' title='bbox 236 4151 339 4222; x_wconf 85' lang='grc' dir='ltr'>τῆς</span> <span class='ocrx_word' id='word_1_311' title='bbox 372 4150 657 4214; x_wconf 79' lang='grc' dir='ltr'>εὐσεϐείας</span> <span class='ocrx_word' id='word_1_312' title='bbox 705 4153 1345 4227; x_wconf 79' lang='grc' dir='ltr'>μυστήριον,-διερευνᾷν</span> <span class='ocrx_word' id='word_1_313' title='bbox 1390 4158 1422 4228; x_wconf 80' lang='grc' dir='ltr'><strong>ἢ</strong></span> <span class='ocrx_word' id='word_1_314' title='bbox 1471 4158 1837 4230; x_wconf 70' lang='grc' dir='ltr'>ἐκλαμϐάνειν</span> 
     </span>
    </p>
   </div>
   <div class='ocr_carea' id='block_1_52' title="bbox 238 4242 1836 4316">
    <p class='ocr_par' dir='ltr' id='par_1_52' title="bbox 238 4242 1836 4316">
     <span class='ocr_line' id='line_1_53' title="bbox 238 4242 1836 4316; baseline 0.011 -22"><span class='ocrx_word' id='word_1_315' title='bbox 238 4242 427 4306; x_wconf 78' lang='grc' dir='ltr'>ἁπλῶς</span> <span class='ocrx_word' id='word_1_316' title='bbox 474 4244 603 4315; x_wconf 74' lang='grc' dir='ltr'>περὶ</span> <span class='ocrx_word' id='word_1_317' title='bbox 642 4244 879 4316; x_wconf 84' lang='grc' dir='ltr'>Χριστοῦ</span> <span class='ocrx_word' id='word_1_318' title='bbox 913 4246 1009 4299; x_wconf 84' lang='grc' dir='ltr'><strong>τοῦ</strong></span> <span class='ocrx_word' id='word_1_319' title='bbox 1040 4247 1611 4308; x_wconf 84' lang='grc' dir='ltr'>Θεοῦ.’Υποκλέπτειν</span> <span class='ocrx_word' id='word_1_320' title='bbox 1658 4258 1836 4311; x_wconf 83' lang='grc' dir='ltr'>τοίνυν</span> 
     </span>
    </p>
   </div>
   <div class='ocr_carea' id='block_1_53' title="bbox 234 4330 1833 4419">
    <p class='ocr_par' dir='ltr' id='par_1_53' title="bbox 234 4330 1833 4419">
     <span class='ocr_line' id='line_1_54' title="bbox 234 4330 1833 4419; baseline 0.011 -34"><span class='ocrx_word' id='word_1_321' title='bbox 234 4330 440 4386; x_wconf 78' lang='grc' dir='ltr'>οεονταί</span> <span class='ocrx_word' id='word_1_322' title='bbox 472 4349 616 4396; x_wconf 90' lang='grc' dir='ltr'>τινες</span> <span class='ocrx_word' id='word_1_323' title='bbox 638 4334 753 4395; x_wconf 74' lang='grc' dir='ltr'><strong>τῶν</strong></span> <span class='ocrx_word' id='word_1_324' title='bbox 783 4336 1153 4408; x_wconf 80' lang='grc' dir='ltr'>ἀκροωμένων</span> <span class='ocrx_word' id='word_1_325' title='bbox 1178 4340 1276 4405; x_wconf 82' lang='grc' dir='ltr'>τὰς</span> <span class='ocrx_word' id='word_1_326' title='bbox 1302 4341 1504 4413; x_wconf 73' lang='grc' dir='ltr'>ψυχὰς,</span> <span class='ocrx_word' id='word_1_327' title='bbox 1524 4344 1833 4419; x_wconf 81' lang='grc' dir='ltr'>ἄνθρωπον,</span> 
     </span>
    </p>
   </div>
   <div class='ocr_carea' id='block_1_54' title="bbox 235 4426 1834 4509">
    <p class='ocr_par' dir='ltr' id='par_1_54' title="bbox 235 4426 1834 4509">
     <span class='ocr_line' id='line_1_55' title="bbox 235 4426 1834 4509; baseline 0.012 -32"><span class='ocrx_word' id='word_1_328' title='bbox 235 4426 393 4496; x_wconf 73' lang='grc' dir='ltr'>φησὶ,</span> <span class='ocrx_word' id='word_1_329' title='bbox 426 4426 679 4494; x_wconf 83' lang='grc' dir='ltr'>λέγοντες</span> <span class='ocrx_word' id='word_1_330' title='bbox 715 4428 1068 4500; x_wconf 73' lang='grc' dir='ltr'>ἀνειληφέναι</span> <span class='ocrx_word' id='word_1_331' title='bbox 1098 4434 1189 4487; x_wconf 86' lang='grc' dir='ltr'>τὸν</span> <span class='ocrx_word' id='word_1_332' title='bbox 1222 4434 1356 4490; x_wconf 87' lang='grc' dir='ltr'>Θεὸν</span> <span class='ocrx_word' id='word_1_333' title='bbox 1385 4439 1559 4509; x_wconf 84' lang='grc' dir='ltr'>Λόγον</span> <span class='ocrx_word' id='word_1_334' title='bbox 1580 4456 1593 4470; x_wconf 86' lang='grc'><strong>·</strong></span> <span class='ocrx_word' id='word_1_335' title='bbox 1631 4442 1724 4494; x_wconf 76' lang='grc' dir='ltr'><strong>καὶ</strong></span> <span class='ocrx_word' id='word_1_336' title='bbox 1747 4440 1834 4497; x_wconf 80' lang='grc' dir='ltr'>διὰ</span> 
     </span>
    </p>
   </div>
   <div class='ocr_carea' id='block_1_55' title="bbox 234 4516 1832 4605">
    <p class='ocr_par' dir='ltr' id='par_1_55' title="bbox 234 4516 1832 4605">
     <span class='ocr_line' id='line_1_56' title="bbox 234 4516 1832 4605; baseline 0.013 -35"><span class='ocrx_word' id='word_1_337' title='bbox 234 4516 399 4570; x_wconf 79' lang='grc' dir='ltr'>τοῦτο</span> <span class='ocrx_word' id='word_1_338' title='bbox 430 4519 659 4590; x_wconf 82' lang='grc' dir='ltr'>πρόοδον</span> <span class='ocrx_word' id='word_1_339' title='bbox 698 4522 1035 4592; x_wconf 83' lang='grc' dir='ltr'>πεποιῆσθαι</span> <span class='ocrx_word' id='word_1_340' title='bbox 1074 4524 1163 4579; x_wconf 85' lang='grc' dir='ltr'>διὰ</span> <span class='ocrx_word' id='word_1_341' title='bbox 1204 4528 1304 4599; x_wconf 79' lang='grc' dir='ltr'>τῆς</span> <span class='ocrx_word' id='word_1_342' title='bbox 1334 4531 1496 4600; x_wconf 83' lang='grc' dir='ltr'>ἁγίας</span> <span class='ocrx_word' id='word_1_343' title='bbox 1528 4534 1832 4605; x_wconf 82' lang='grc' dir='ltr'>Παρθένου,</span> 
     </span>
    </p>
   </div>
   <div class='ocr_carea' id='block_1_56' title="bbox 234 4607 1836 4697">
    <p class='ocr_par' dir='ltr' id='par_1_56' title="bbox 234 4607 1836 4697">
     <span class='ocr_line' id='line_1_57' title="bbox 234 4607 1836 4697; baseline 0.014 -38"><span class='ocrx_word' id='word_1_344' title='bbox 234 4608 334 4660; x_wconf 73' lang='grc' dir='ltr'>καὶ</span> <span class='ocrx_word' id='word_1_345' title='bbox 379 4607 569 4662; x_wconf 81' lang='grc' dir='ltr'>τοῦτον</span> <span class='ocrx_word' id='word_1_346' title='bbox 619 4609 785 4664; x_wconf 83' lang='grc' dir='ltr'>αὐτὸν</span> <span class='ocrx_word' id='word_1_347' title='bbox 834 4612 927 4666; x_wconf 87' lang='grc' dir='ltr'>τὸν</span> <span class='ocrx_word' id='word_1_348' title='bbox 975 4613 1263 4688; x_wconf 77' lang='grc' dir='ltr'><strong>ἄνθρωπον</strong></span> <span class='ocrx_word' id='word_1_349' title='bbox 1312 4622 1725 4679; x_wconf 83' lang='grc' dir='ltr'>ἀποτεθεῶσθαι</span> <span class='ocrx_word' id='word_1_350' title='bbox 1756 4626 1836 4697; x_wconf 84' lang='grc' dir='ltr'><strong>τῷ</strong></span> 
     </span>
    </p>
   </div>
   <div class='ocr_carea' id='block_1_57' title="bbox 233 4698 1831 4789">
    <p class='ocr_par' dir='ltr' id='par_1_57' title="bbox 233 4698 1831 4789">
     <span class='ocr_line' id='line_1_58' title="bbox 233 4698 1831 4789; baseline 0.014 -38"><span class='ocrx_word' id='word_1_351' title='bbox 233 4698 357 4771; x_wconf 84' lang='grc' dir='ltr'>Θεῷ</span> <span class='ocrx_word' id='word_1_352' title='bbox 386 4700 568 4771; x_wconf 84' lang='grc' dir='ltr'>Λόγῳ.</span> <span class='ocrx_word' id='word_1_353' title='bbox 593 4701 656 4755; x_wconf 82' lang='grc' dir='ltr'>οὐ</span> <span class='ocrx_word' id='word_1_354' title='bbox 690 4703 963 4789; x_wconf 69' lang='grc' dir='ltr'>συνιέντες</span> <span class='ocrx_word' id='word_1_355' title='bbox 990 4708 1052 4760; x_wconf 89' lang='grc' dir='ltr'><strong>τὸ</strong></span> <span class='ocrx_word' id='word_1_356' title='bbox 1076 4709 1174 4780; x_wconf 85' lang='grc' dir='ltr'>τῆς</span> <span class='ocrx_word' id='word_1_357' title='bbox 1195 4712 1483 4779; x_wconf 77' lang='grc' dir='ltr'>εὐσεϐείας</span> <span class='ocrx_word' id='word_1_358' title='bbox 1508 4719 1831 4789; x_wconf 82' lang='grc' dir='ltr'>μυστήριον,</span> 
     </span>
    </p>
   </div>
   <div class='ocr_carea' id='block_1_58' title="bbox 233 4787 1835 4881">
    <p class='ocr_par' dir='ltr' id='par_1_58' title="bbox 233 4787 1835 4881">
     <span class='ocr_line' id='line_1_59' title="bbox 233 4787 1835 4881; baseline 0.015 -41"><span class='ocrx_word' id='word_1_359' title='bbox 233 4790 456 4861; x_wconf 75' lang='grc' dir='ltr'>καὶτῆς</span> <span class='ocrx_word' id='word_1_360' title='bbox 494 4792 633 4861; x_wconf 79' lang='grc' dir='ltr'>μετὰ</span> <span class='ocrx_word' id='word_1_361' title='bbox 667 4787 872 4867; x_wconf 84' lang='grc' dir='ltr'>σαρκὸς</span> <span class='ocrx_word' id='word_1_362' title='bbox 899 4798 1215 4870; x_wconf 84' lang='grc' dir='ltr'>οίκονομίας</span> <span class='ocrx_word' id='word_1_363' title='bbox 1243 4803 1338 4856; x_wconf 81' lang='grc' dir='ltr'>τοῦ</span> <span class='ocrx_word' id='word_1_364' title='bbox 1372 4787 1714 4875; x_wconf 67' lang='grc' dir='ltr'>Μονογενοῧς</span> <span class='ocrx_word' id='word_1_365' title='bbox 1734 4810 1835 4881; x_wconf 77' lang='grc' dir='ltr'><strong>τὴν</strong></span> 
     </span>
    </p>
   </div>
   <div class='ocr_carea' id='block_1_59' title="bbox 233 4882 1835 4969">
    <p class='ocr_par' dir='ltr' id='par_1_59' title="bbox 233 4882 1835 4969">
     <span class='ocr_line' id='line_1_60' title="bbox 233 4882 1835 4969; baseline 0.011 -34"><span class='ocrx_word' id='word_1_366' title='bbox 233 4882 396 4969; x_wconf 65' lang='grc' dir='ltr'>χᾴριν</span> <span class='ocrx_word' id='word_1_367' title='bbox 442 4883 673 4969; x_wconf 83' lang='grc' dir='ltr'>μετρίαν</span> <span class='ocrx_word' id='word_1_368' title='bbox 718 4885 1054 4958; x_wconf 85' lang='grc' dir='ltr'>ποιούμενοι.</span> <span class='ocrx_word' id='word_1_369' title='bbox 1074 4891 1269 4963; x_wconf 85' lang='grc' dir='ltr'>Ἡμεῖς</span> <span class='ocrx_word' id='word_1_370' title='bbox 1301 4894 1359 4949; x_wconf 79' lang='grc' dir='ltr'>δὲ</span> <span class='ocrx_word' id='word_1_371' title='bbox 1391 4898 1491 4969; x_wconf 86' lang='grc' dir='ltr'><strong>οὐχ</strong></span> <span class='ocrx_word' id='word_1_372' title='bbox 1522 4897 1668 4954; x_wconf 80' lang='grc' dir='ltr'>οὕτω</span> <span class='ocrx_word' id='word_1_373' title='bbox 1695 4900 1835 4955; x_wconf 88' lang='grc' dir='ltr'>δεδι-</span> 
     </span>
    </p>
   </div>
   <div class='ocr_carea' id='block_1_60' title="bbox 233 4966 1835 5055">
    <p class='ocr_par' dir='ltr' id='par_1_60' title="bbox 233 4966 1835 5055">
     <span class='ocr_line' id='line_1_61' title="bbox 233 4966 1835 5055; baseline 0.012 -35"><span class='ocrx_word' id='word_1_374' title='bbox 233 4966 517 5055; x_wconf 68' lang='grc' dir='ltr'>δαγμεθαο</span> <span class='ocrx_word' id='word_1_375' title='bbox 574 4968 691 5030; x_wconf 73' lang='grc' dir='ltr'>ἕνα,</span> <span class='ocrx_word' id='word_1_376' title='bbox 726 4972 821 5024; x_wconf 77' lang='grc' dir='ltr'><strong>καὶ</strong></span> <span class='ocrx_word' id='word_1_377' title='bbox 873 4972 967 5026; x_wconf 84' lang='grc' dir='ltr'><strong>τὸν</strong></span> <span class='ocrx_word' id='word_1_378' title='bbox 1025 4976 1191 5031; x_wconf 87' lang='grc' dir='ltr'>αὑτὸν</span> <span class='ocrx_word' id='word_1_379' title='bbox 1248 4980 1429 5051; x_wconf 75' lang='grc' dir='ltr'>ἴσμεν,</span> <span class='ocrx_word' id='word_1_380' title='bbox 1462 4966 1708 5055; x_wconf 60' lang='grc' dir='ltr'>αδελφοί,</span> <span class='ocrx_word' id='word_1_381' title='bbox 1742 4985 1835 5040; x_wconf 90' lang='grc' dir='ltr'>τὸν</span> 
     </span>
    </p>
   </div>
   <div class='ocr_carea' id='block_1_61' title="bbox 232 5053 1834 5148">
    <p class='ocr_par' dir='ltr' id='par_1_61' title="bbox 232 5053 1834 5148">
     <span class='ocr_line' id='line_1_62' title="bbox 232 5053 1834 5148; baseline 0.015 -43"><span class='ocrx_word' id='word_1_382' title='bbox 348 5054 451 5125; x_wconf 83' lang='grc' dir='ltr'>τῆς</span> <span class='ocrx_word' id='word_1_383' title='bbox 468 5055 639 5148; x_wconf 17' lang='grc' dir='ltr'>Ϋὰγίας</span> <span class='ocrx_word' id='word_1_384' title='bbox 673 5059 955 5131; x_wconf 80' lang='grc' dir='ltr'>Παρθένου</span> <span class='ocrx_word' id='word_1_385' title='bbox 981 5064 1082 5134; x_wconf 83' lang='grc' dir='ltr'>τῆς</span> <span class='ocrx_word' id='word_1_386' title='bbox 1114 5066 1380 5123; x_wconf 87' lang='grc' dir='ltr'>Θεοτόκου</span> <span class='ocrx_word' id='word_1_387' title='bbox 1407 5053 1627 5145; x_wconf 85' lang='grc' dir='ltr'>Μαρίας</span> <span class='ocrx_word' id='word_1_388' title='bbox 1647 5092 1834 5148; x_wconf 79' lang='grc' dir='ltr'>γεννη-</span> 
     </span>
    </p>
   </div>
   <div class='ocr_carea' id='block_1_62' title="bbox 235 5144 1907 5239">
    <p class='ocr_par' dir='ltr' id='par_1_62' title="bbox 235 5144 1907 5239">
     <span class='ocr_line' id='line_1_63' title="bbox 235 5144 1907 5239; baseline 0.013 -42"><span class='ocrx_word' id='word_1_389' title='bbox 235 5144 420 5239; x_wconf 49' lang='lat' dir='ltr'><strong>Diana,</strong></span> <span class='ocrx_word' id='word_1_390' title='bbox 453 5147 587 5201; x_wconf 84' lang='grc' dir='ltr'><strong>Θεὸν</strong></span> <span class='ocrx_word' id='word_1_391' title='bbox 611 5150 840 5219; x_wconf 76' lang='grc' dir='ltr'>τέλειον,</span> <span class='ocrx_word' id='word_1_392' title='bbox 865 5154 961 5207; x_wconf 60' lang='grc' dir='ltr'><strong>καὶ⁸</strong></span> <span class='ocrx_word' id='word_1_393' title='bbox 988 5155 1276 5229; x_wconf 75' lang='grc' dir='ltr'>ἄνθρωπον</span> <span class='ocrx_word' id='word_1_394' title='bbox 1302 5144 1531 5232; x_wconf 84' lang='grc' dir='ltr'>τέλειον,</span> <span class='ocrx_word' id='word_1_395' title='bbox 1563 5144 1829 5239; x_wconf 70' lang='grc' dir='ltr'>ἔμψυχον,</span> <span class='ocrx_word' id='word_1_396' title='bbox 1860 5146 1907 5207; x_wconf 78' lang='lat' dir='ltr'>C</span> 
     </span>
    </p>
   </div>
   <div class='ocr_carea' id='block_1_63' title="bbox 235 5236 1836 5332">
    <p class='ocr_par' dir='ltr' id='par_1_63' title="bbox 235 5236 1836 5332">
     <span class='ocr_line' id='line_1_64' title="bbox 235 5236 1836 5332; baseline 0.018 -39"><span class='ocrx_word' id='word_1_397' title='bbox 235 5236 477 5332; x_wconf 79' lang='grc' dir='ltr'>λογικόν.</span> <span class='ocrx_word' id='word_1_398' title='bbox 512 5240 785 5314; x_wconf 82' lang='grc' dir='ltr'><strong>Ταύτῃτοι</strong></span> <span class='ocrx_word' id='word_1_399' title='bbox 831 5248 928 5300; x_wconf 80' lang='grc' dir='ltr'>καὶ</span> <span class='ocrx_word' id='word_1_400' title='bbox 974 5246 1236 5306; x_wconf 86' lang='grc' dir='ltr'>Θεοτόκον</span> <span class='ocrx_word' id='word_1_401' title='bbox 1271 5254 1505 5327; x_wconf 86' lang='grc' dir='ltr'>λέγομεν</span> <span class='ocrx_word' id='word_1_402' title='bbox 1544 5236 1836 5332; x_wconf 35' lang='grc' dir='ltr'>την-ἁγίαν</span> 
     </span>
    </p>
   </div>
   <div class='ocr_carea' id='block_1_64' title="bbox 238 5330 1836 5426">
    <p class='ocr_par' dir='ltr' id='par_1_64' title="bbox 238 5330 1836 5426">
     <span class='ocr_line' id='line_1_65' title="bbox 238 5330 1836 5426; baseline 0.018 -41"><span class='ocrx_word' id='word_1_403' title='bbox 238 5330 665 5426; x_wconf 63' lang='grc' dir='ltr'><strong>Παρδὲνον,καὶ</strong></span> <span class='ocrx_word' id='word_1_404' title='bbox 692 5337 1032 5409; x_wconf 80' lang='grc' dir='ltr'>ὲνῳκηκέναι</span> <span class='ocrx_word' id='word_1_405' title='bbox 1059 5344 1334 5411; x_wconf 81' lang='grc' dir='ltr'>οὐσιωδῶς</span> <span class='ocrx_word' id='word_1_406' title='bbox 1361 5348 1454 5404; x_wconf 86' lang='grc' dir='ltr'>τὸν</span> <span class='ocrx_word' id='word_1_407' title='bbox 1484 5330 1619 5407; x_wconf 83' lang='grc' dir='ltr'>Θεὸν</span> <span class='ocrx_word' id='word_1_408' title='bbox 1663 5330 1836 5426; x_wconf 83' lang='grc' dir='ltr'>Λόγον</span> 
     </span>
    </p>
   </div>
   <div class='ocr_carea' id='block_1_65' title="bbox 234 5423 1835 5523">
    <p class='ocr_par' dir='ltr' id='par_1_65' title="bbox 234 5423 1835 5523">
     <span class='ocr_line' id='line_1_66' title="bbox 234 5423 1835 5523; baseline 0.016 -45"><span class='ocrx_word' id='word_1_409' title='bbox 234 5423 462 5523; x_wconf 30' lang='grc' dir='ltr'><strong>ἐν’-αὐτῇ</strong></span> <span class='ocrx_word' id='word_1_410' title='bbox 507 5425 568 5523; x_wconf 80' lang='grc' dir='ltr'><strong>οὗ</strong></span> <span class='ocrx_word' id='word_1_411' title='bbox 606 5424 850 5523; x_wconf 79' lang='grc' dir='ltr'>δοκήσει,</span> <span class='ocrx_word' id='word_1_412' title='bbox 876 5431 1017 5523; x_wconf 65' lang='grc' dir='ltr'>ἀλλα</span> <span class='ocrx_word' id='word_1_413' title='bbox 1042 5434 1295 5511; x_wconf 74' lang='grc' dir='ltr'>ἐνεργείᾳ</span> <span class='ocrx_word' id='word_1_414' title='bbox 1314 5451 1329 5467; x_wconf 81' lang='grc'><em>’</em></span> <span class='ocrx_word' id='word_1_415' title='bbox 1354 5440 1445 5495; x_wconf 88' lang='grc' dir='ltr'><strong>τὸν</strong></span> <span class='ocrx_word' id='word_1_416' title='bbox 1475 5444 1640 5501; x_wconf 86' lang='grc' dir='ltr'>αὑτὸν</span> <span class='ocrx_word' id='word_1_417' title='bbox 1670 5423 1835 5523; x_wconf 86' lang='grc' dir='ltr'>διμη-</span> 
     </span>
    </p>
   </div>
   <div class='ocr_carea' id='block_1_66' title="bbox 235 5512 1836 5603">
    <p class='ocr_par' dir='ltr' id='par_1_66' title="bbox 235 5512 1836 5603">
     <span class='ocr_line' id='line_1_67' title="bbox 235 5512 1836 5603; baseline 0.022 -43"><span class='ocrx_word' id='word_1_418' title='bbox 235 5512 407 5603; x_wconf 61' lang='grc' dir='ltr'>ναίον,</span> <span class='ocrx_word' id='word_1_419' title='bbox 440 5512 537 5566; x_wconf 71' lang='grc' dir='ltr'>καὶ</span> <span class='ocrx_word' id='word_1_420' title='bbox 582 5520 930 5589; x_wconf 82' lang='grc' dir='ltr'>τριμηναῖον,</span> <span class='ocrx_word' id='word_1_421' title='bbox 966 5521 1091 5577; x_wconf 59' lang='lat' dir='ltr'><strong>ne»</strong></span> <span class='ocrx_word' id='word_1_422' title='bbox 1120 5542 1179 5579; x_wconf 86' lang='grc' dir='ltr'>τε</span> <span class='ocrx_word' id='word_1_423' title='bbox 1218 5527 1354 5583; x_wconf 80' lang='grc' dir='ltr'>Θεοῦ</span> <span class='ocrx_word' id='word_1_424' title='bbox 1397 5531 1537 5603; x_wconf 79' lang='grc' dir='ltr'>ἅμα,</span> <span class='ocrx_word' id='word_1_425' title='bbox 1580 5540 1675 5591; x_wconf 77' lang='grc' dir='ltr'><strong>καὶ</strong></span> <span class='ocrx_word' id='word_1_426' title='bbox 1708 5512 1836 5596; x_wconf 74' lang='grc' dir='ltr'>Ῠίὸν</span> 
     </span>
    </p>
   </div>
   <div class='ocr_carea' id='block_1_67' title="bbox 236 5601 1832 5700">
    <p class='ocr_par' dir='ltr' id='par_1_67' title="bbox 236 5601 1832 5700">
     <span class='ocr_line' id='line_1_68' title="bbox 236 5601 1832 5700; baseline 0.023 -49"><span class='ocrx_word' id='word_1_427' title='bbox 236 5601 727 5700; x_wconf 38' lang='grc' dir='ltr'><strong>ἀνθρώπουῖἎλλὰ</strong></span> <span class='ocrx_word' id='word_1_428' title='bbox 746 5608 873 5700; x_wconf 13' lang='grc' dir='ltr'>ᾃγὰρ</span> <span class='ocrx_word' id='word_1_429' title='bbox 899 5614 994 5665; x_wconf 78' lang='grc' dir='ltr'><strong>καὶ</strong></span> <span class='ocrx_word' id='word_1_430' title='bbox 1018 5614 1117 5679; x_wconf 85' lang='grc' dir='ltr'><strong>τὰς</strong></span> <span class='ocrx_word' id='word_1_431' title='bbox 1146 5620 1244 5689; x_wconf 79' lang='grc' dir='ltr'>τῆς</span> <span class='ocrx_word' id='word_1_432' title='bbox 1272 5601 1716 5700; x_wconf 78' lang='grc' dir='ltr'>ἀνθρωπότητος,</span> <span class='ocrx_word' id='word_1_433' title='bbox 1735 5635 1832 5687; x_wconf 74' lang='grc' dir='ltr'>καὶ</span> 
     </span>
    </p>
   </div>
   <div class='ocr_carea' id='block_1_68' title="bbox 242 5692 1829 5786">
    <p class='ocr_par' dir='ltr' id='par_1_68' title="bbox 242 5692 1829 5786">
     <span class='ocr_line' id='line_1_69' title="bbox 242 5692 1829 5786; baseline 0.023 -44"><span class='ocrx_word' id='word_1_434' title='bbox 242 5692 347 5764; x_wconf 77' lang='grc' dir='ltr'>μὴν</span> <span class='ocrx_word' id='word_1_435' title='bbox 373 5694 468 5786; x_wconf 76' lang='grc' dir='ltr'>καὶ</span> <span class='ocrx_word' id='word_1_436' title='bbox 497 5695 597 5759; x_wconf 83' lang='grc' dir='ltr'>τὰς</span> <span class='ocrx_word' id='word_1_437' title='bbox 624 5699 683 5750; x_wconf 73' lang='grc' dir='ltr'>ἐν</span> <span class='ocrx_word' id='word_1_438' title='bbox 706 5698 928 5773; x_wconf 74' lang='grc' dir='ltr'>ἑξουσία</span> <span class='ocrx_word' id='word_1_439' title='bbox 958 5706 1024 5776; x_wconf 82' lang='grc' dir='ltr'><strong>τῇ</strong></span> <span class='ocrx_word' id='word_1_440' title='bbox 1055 5707 1355 5782; x_wconf 82' lang='grc' dir='ltr'>Θεοπρεπεί</span> <span class='ocrx_word' id='word_1_441' title='bbox 1381 5692 1601 5785; x_wconf 82' lang='grc' dir='ltr'>φωνὰς</span> <span class='ocrx_word' id='word_1_442' title='bbox 1624 5692 1712 5786; x_wconf 54' lang='grc' dir='ltr'>δέ</span> <span class='ocrx_word' id='word_1_443' title='bbox 1750 5725 1829 5778; x_wconf 80' lang='grc' dir='ltr'>δι-</span> 
     </span>
    </p>
   </div>
   <div class='ocr_carea' id='block_1_69' title="bbox 239 5785 1825 5879">
    <p class='ocr_par' dir='ltr' id='par_1_69' title="bbox 239 5785 1825 5879">
     <span class='ocr_line' id='line_1_70' title="bbox 239 5785 1825 5879; baseline 0.023 -44"><span class='ocrx_word' id='word_1_444' title='bbox 239 5785 591 5856; x_wconf 83' lang='grc' dir='ltr'>αγορεύουσιν</span> <span class='ocrx_word' id='word_1_445' title='bbox 622 5792 753 5860; x_wconf 78' lang='grc' dir='ltr'><strong>ἡμῖν</strong></span> <span class='ocrx_word' id='word_1_446' title='bbox 785 5792 838 5844; x_wconf 82' lang='lat' dir='ltr'><strong>at!</strong></span> <span class='ocrx_word' id='word_1_447' title='bbox 867 5792 1007 5849; x_wconf 80' lang='grc' dir='ltr'>Θεῖαι</span> <span class='ocrx_word' id='word_1_448' title='bbox 1043 5797 1255 5870; x_wconf 72' lang='grc' dir='ltr'>Γραφαὶ</span> <span class='ocrx_word' id='word_1_449' title='bbox 1287 5808 1414 5877; x_wconf 83' lang='grc' dir='ltr'>περὶ</span> <span class='ocrx_word' id='word_1_450' title='bbox 1443 5811 1633 5877; x_wconf 76' lang='grc' dir='ltr'>αὑτοῦ,</span> <span class='ocrx_word' id='word_1_451' title='bbox 1658 5785 1736 5879; x_wconf 73' lang='grc' dir='ltr'><strong>εἰς</strong></span> <span class='ocrx_word' id='word_1_452' title='bbox 1770 5817 1825 5869; x_wconf 76' lang='grc' dir='ltr'><strong>ἓν</strong></span> 
     </span>
    </p>
   </div>
   <div class='ocr_carea' id='block_1_70' title="bbox 693 5976 1253 6043">
    <p class='ocr_par' dir='ltr' id='par_1_70' title="bbox 693 5976 1253 6043">
     <span class='ocr_line' id='line_1_71' title="bbox 693 5976 1253 6043; baseline 0.004 -11"><span class='ocrx_word' id='word_1_453' title='bbox 693 6014 705 6026; x_wconf 78' lang='grc' dir='ltr'><strong><em>ο</em></strong></span> <span class='ocrx_word' id='word_1_454' title='bbox 784 5977 803 6006; x_wconf 88' lang='grc'>¹</span> <span class='ocrx_word' id='word_1_455' title='bbox 843 5976 1000 6035; x_wconf 83' lang='lat' dir='ltr'><strong>Joan.</strong></span> <span class='ocrx_word' id='word_1_456' title='bbox 1034 5998 1125 6043; x_wconf 86' lang='lat' dir='ltr'><strong>vn,</strong></span> <span class='ocrx_word' id='word_1_457' title='bbox 1165 5984 1253 6037; x_wconf 74' lang='lat'><strong>37.</strong></span> 
     </span>
    </p>
   </div>
   <div class='ocr_carea' id='block_1_71' title="bbox 1944 3877 3549 3952">
    <p class='ocr_par' dir='ltr' id='par_1_71' title="bbox 1944 3877 3549 3952">
     <span class='ocr_line' id='line_1_72' title="bbox 1944 3877 3549 3952; baseline -0.002 -17"><span class='ocrx_word' id='word_1_458' title='bbox 1944 3895 2042 3935; x_wconf 90' lang='lat' dir='ltr'><strong>nes</strong></span> <span class='ocrx_word' id='word_1_459' title='bbox 2084 3882 2267 3952; x_wconf 77' lang='lat' dir='ltr'><strong>itaque</strong></span> <span class='ocrx_word' id='word_1_460' title='bbox 2300 3882 2394 3951; x_wconf 91' lang='lat' dir='ltr'><strong>qui</strong></span> <span class='ocrx_word' id='word_1_461' title='bbox 2440 3889 2589 3935; x_wconf 90' lang='lat' dir='ltr'><strong>recte</strong></span> <span class='ocrx_word' id='word_1_462' title='bbox 2630 3893 2823 3948; x_wconf 84' lang='lat' dir='ltr'><strong>sapere</strong></span> <span class='ocrx_word' id='word_1_463' title='bbox 2866 3879 3241 3944; x_wconf 86' lang='lat' dir='ltr'><strong>instituerunt,</strong></span> <span class='ocrx_word' id='word_1_464' title='bbox 3279 3877 3345 3933; x_wconf 81' lang='lat' dir='ltr'><strong>ad</strong></span> <span class='ocrx_word' id='word_1_465' title='bbox 3376 3877 3549 3932; x_wconf 67' lang='lat' dir='ltr'><strong>&#39;tlhri-</strong></span> 
     </span>
    </p>
   </div>
   <div class='ocr_carea' id='block_1_72' title="bbox 1942 3971 3548 4043">
    <p class='ocr_par' dir='ltr' id='par_1_72' title="bbox 1942 3971 3548 4043">
     <span class='ocr_line' id='line_1_73' title="bbox 1942 3971 3548 4043; baseline -0.002 -14"><span class='ocrx_word' id='word_1_466' title='bbox 1942 3982 2085 4029; x_wconf 89' lang='lat' dir='ltr'><strong>stum</strong></span> <span class='ocrx_word' id='word_1_467' title='bbox 2128 3989 2425 4043; x_wconf 88' lang='lat' dir='ltr'><strong>perennem</strong></span> <span class='ocrx_word' id='word_1_468' title='bbox 2473 3973 2626 4027; x_wconf 88' lang='lat' dir='ltr'><strong>illum</strong></span> <span class='ocrx_word' id='word_1_469' title='bbox 2672 3972 2879 4027; x_wconf 80' lang='lat' dir='ltr'><strong>fontem</strong></span> <span class='ocrx_word' id='word_1_470' title='bbox 2925 3971 3209 4037; x_wconf 74' lang='lat' dir='ltr'><strong>accedunt,</strong></span> <span class='ocrx_word' id='word_1_471' title='bbox 3254 3971 3402 4025; x_wconf 90' lang='lat' dir='ltr'><strong>illum</strong></span> <span class='ocrx_word' id='word_1_472' title='bbox 3449 3986 3548 4040; x_wconf 80' lang='lat' dir='ltr'><strong>per</strong></span> 
     </span>
    </p>
   </div>
   <div class='ocr_carea' id='block_1_73' title="bbox 1943 4064 3547 4137">
    <p class='ocr_par' dir='ltr' id='par_1_73' title="bbox 1943 4064 3547 4137">
     <span class='ocr_line' id='line_1_74' title="bbox 1943 4064 3547 4137; baseline -0.001 -16"><span class='ocrx_word' id='word_1_473' title='bbox 1943 4067 2297 4137; x_wconf 79' lang='lat' dir='ltr'><strong>Evangelium</strong></span> <span class='ocrx_word' id='word_1_474' title='bbox 2352 4067 2680 4122; x_wconf 86' lang='lat' dir='ltr'><strong>clamantem</strong></span> <span class='ocrx_word' id='word_1_475' title='bbox 2736 4065 3020 4121; x_wconf 82' lang='lat' dir='ltr'><strong>audientes</strong></span> <span class='ocrx_word' id='word_1_476' title='bbox 3057 4080 3071 4119; x_wconf 90' lang='lat'><strong>:</strong></span> <span class='ocrx_word' id='word_1_477' title='bbox 3113 4082 3132 4116; x_wconf 85' lang='lat' dir='ltr'><strong>t</strong></span> <span class='ocrx_word' id='word_1_478' title='bbox 3175 4065 3231 4119; x_wconf 91' lang='lat' dir='ltr'><strong>Si</strong></span> <span class='ocrx_word' id='word_1_479' title='bbox 3268 4064 3392 4135; x_wconf 90' lang='lat' dir='ltr'><strong>quis</strong></span> <span class='ocrx_word' id='word_1_480' title='bbox 3427 4066 3547 4120; x_wconf 88' lang='lat' dir='ltr'><strong>sitit</strong></span> 
     </span>
    </p>
   </div>
   <div class='ocr_carea' id='block_1_74' title="bbox 1942 4158 3545 4230">
    <p class='ocr_par' dir='ltr' id='par_1_74' title="bbox 1942 4158 3545 4230">
     <span class='ocr_line' id='line_1_75' title="bbox 1942 4158 3545 4230; baseline 0 -15"><span class='ocrx_word' id='word_1_481' title='bbox 1942 4163 2127 4217; x_wconf 90' lang='lat' dir='ltr'><strong>veniat</strong></span> <span class='ocrx_word' id='word_1_482' title='bbox 2152 4163 2218 4215; x_wconf 85' lang='lat' dir='ltr'><strong>ad</strong></span> <span class='ocrx_word' id='word_1_483' title='bbox 2250 4177 2357 4226; x_wconf 89' lang='lat' dir='ltr'><strong>me,</strong></span> <span class='ocrx_word' id='word_1_484' title='bbox 2383 4171 2438 4216; x_wconf 93' lang='lat' dir='ltr'><strong>et</strong></span> <span class='ocrx_word' id='word_1_485' title='bbox 2468 4162 2709 4217; x_wconf 64' lang='lat' dir='ltr'><strong>bibat‘.»</strong></span> <span class='ocrx_word' id='word_1_486' title='bbox 2739 4158 2925 4230; x_wconf 82' lang='lat' dir='ltr'><strong>Neque</strong></span> <span class='ocrx_word' id='word_1_487' title='bbox 2955 4159 3100 4215; x_wconf 89' lang='lat' dir='ltr'><strong>enim</strong></span> <span class='ocrx_word' id='word_1_488' title='bbox 3132 4174 3267 4230; x_wconf 86' lang='lat' dir='ltr'><strong>opus</strong></span> <span class='ocrx_word' id='word_1_489' title='bbox 3300 4170 3404 4223; x_wconf 89' lang='lat' dir='ltr'><strong>est,</strong></span> <span class='ocrx_word' id='word_1_490' title='bbox 3437 4176 3545 4215; x_wconf 92' lang='lat' dir='ltr'><strong>nou</strong></span> 
     </span>
    </p>
   </div>
   <div class='ocr_carea' id='block_1_75' title="bbox 1941 4253 3547 4326">
    <p class='ocr_par' dir='ltr' id='par_1_75' title="bbox 1941 4253 3547 4326">
     <span class='ocr_line' id='line_1_76' title="bbox 1941 4253 3547 4326; baseline 0 -16"><span class='ocrx_word' id='word_1_491' title='bbox 1941 4256 2127 4320; x_wconf 76' lang='lat' dir='ltr'><strong>agnito</strong></span> <span class='ocrx_word' id='word_1_492' title='bbox 2153 4256 2304 4326; x_wconf 88' lang='lat' dir='ltr'><strong>prius</strong></span> <span class='ocrx_word' id='word_1_493' title='bbox 2330 4255 2419 4309; x_wconf 91' lang='lat' dir='ltr'><strong>illo</strong></span> <span class='ocrx_word' id='word_1_494' title='bbox 2447 4254 2667 4325; x_wconf 87' lang='lat' dir='ltr'><strong>pietatis</strong></span> <span class='ocrx_word' id='word_1_495' title='bbox 2690 4254 2977 4326; x_wconf 83' lang='lat' dir='ltr'><strong>mysterio,</strong></span> <span class='ocrx_word' id='word_1_496' title='bbox 3006 4262 3211 4311; x_wconf 85' lang='lat' dir='ltr'><strong>temere</strong></span> <span class='ocrx_word' id='word_1_497' title='bbox 3234 4254 3299 4308; x_wconf 89' lang='lat' dir='ltr'><strong>de</strong></span> <span class='ocrx_word' id='word_1_498' title='bbox 3323 4253 3547 4310; x_wconf 81' lang='lat' dir='ltr'><strong>Christo</strong></span> 
     </span>
    </p>
   </div>
   <div class='ocr_carea' id='block_1_76' title="bbox 1943 4346 3549 4419">
    <p class='ocr_par' dir='ltr' id='par_1_76' title="bbox 1943 4346 3549 4419">
     <span class='ocr_line' id='line_1_77' title="bbox 1943 4346 3549 4419; baseline -0.001 -16"><span class='ocrx_word' id='word_1_499' title='bbox 1943 4347 2053 4403; x_wconf 92' lang='lat' dir='ltr'><strong>Deo</strong></span> <span class='ocrx_word' id='word_1_500' title='bbox 2083 4347 2433 4419; x_wconf 85' lang='lat' dir='ltr'><strong>investigare,</strong></span> <span class='ocrx_word' id='word_1_501' title='bbox 2467 4346 2547 4403; x_wconf 84' lang='lat' dir='ltr'><strong>vel</strong></span> <span class='ocrx_word' id='word_1_502' title='bbox 2582 4348 2880 4403; x_wconf 88' lang='lat' dir='ltr'><strong>disserere.</strong></span> <span class='ocrx_word' id='word_1_503' title='bbox 2910 4346 3050 4400; x_wconf 85' lang='lat' dir='ltr'><strong>Sunt</strong></span> <span class='ocrx_word' id='word_1_504' title='bbox 3080 4360 3212 4415; x_wconf 84' lang='lat' dir='ltr'><strong>ergo</strong></span> <span class='ocrx_word' id='word_1_505' title='bbox 3238 4347 3329 4417; x_wconf 91' lang='lat' dir='ltr'><strong>qui</strong></span> <span class='ocrx_word' id='word_1_506' title='bbox 3364 4348 3415 4400; x_wconf 91' lang='lat' dir='ltr'><strong>in</strong></span> <span class='ocrx_word' id='word_1_507' title='bbox 3449 4362 3549 4401; x_wconf 86' lang='lat' dir='ltr'><strong>au-</strong></span> 
     </span>
    </p>
   </div>
   <div class='ocr_carea' id='block_1_77' title="bbox 1942 4438 3544 4510">
    <p class='ocr_par' dir='ltr' id='par_1_77' title="bbox 1942 4438 3544 4510">
     <span class='ocr_line' id='line_1_78' title="bbox 1942 4438 3544 4510; baseline 0 -15"><span class='ocrx_word' id='word_1_508' title='bbox 1942 4442 2179 4495; x_wconf 88' lang='lat' dir='ltr'><strong>ditorum</strong></span> <span class='ocrx_word' id='word_1_509' title='bbox 2223 4442 2435 4496; x_wconf 85' lang='lat' dir='ltr'><strong>animos</strong></span> <span class='ocrx_word' id='word_1_510' title='bbox 2479 4441 2665 4495; x_wconf 76' lang='lat' dir='ltr'><strong>furtim</strong></span> <span class='ocrx_word' id='word_1_511' title='bbox 2715 4454 2778 4495; x_wconf 88' lang='lat' dir='ltr'><strong>ac</strong></span> <span class='ocrx_word' id='word_1_512' title='bbox 2823 4455 2921 4510; x_wconf 87' lang='lat' dir='ltr'><strong>per</strong></span> <span class='ocrx_word' id='word_1_513' title='bbox 2962 4438 3209 4496; x_wconf 76' lang='lat' dir='ltr'><strong>fraudem</strong></span> <span class='ocrx_word' id='word_1_514' title='bbox 3258 4444 3544 4509; x_wconf 81' lang='lat' dir='ltr'><strong>irrepunt,</strong></span> 
     </span>
    </p>
   </div>
   <div class='ocr_carea' id='block_1_78' title="bbox 1942 4531 3536 4603">
    <p class='ocr_par' dir='ltr' id='par_1_78' title="bbox 1942 4531 3536 4603">
     <span class='ocr_line' id='line_1_79' title="bbox 1942 4531 3536 4603; baseline 0.003 -18"><span class='ocrx_word' id='word_1_515' title='bbox 1942 4532 2109 4587; x_wconf 88' lang='lat' dir='ltr'><strong>Deum</strong></span> <span class='ocrx_word' id='word_1_516' title='bbox 2132 4531 2366 4588; x_wconf 83' lang='lat' dir='ltr'><strong>Verbum</strong></span> <span class='ocrx_word' id='word_1_517' title='bbox 2398 4544 2712 4589; x_wconf 86' lang='lat' dir='ltr'><strong>asserentes</strong></span> <span class='ocrx_word' id='word_1_518' title='bbox 2745 4534 3021 4589; x_wconf 86' lang='lat' dir='ltr'><strong>hominem</strong></span> <span class='ocrx_word' id='word_1_519' title='bbox 3053 4536 3437 4603; x_wconf 80' lang='lat' dir='ltr'><strong>assumpsisse.</strong></span> <span class='ocrx_word' id='word_1_520' title='bbox 3468 4552 3536 4591; x_wconf 87' lang='lat' dir='ltr'><strong>ae</strong></span> 
     </span>
    </p>
   </div>
   <div class='ocr_carea' id='block_1_79' title="bbox 1941 4622 3547 4696">
    <p class='ocr_par' dir='ltr' id='par_1_79' title="bbox 1941 4622 3547 4696">
     <span class='ocr_line' id='line_1_80' title="bbox 1941 4622 3547 4696; baseline 0.004 -21"><span class='ocrx_word' id='word_1_521' title='bbox 1941 4623 2147 4679; x_wconf 88' lang='lat' dir='ltr'><strong>idcirco</strong></span> <span class='ocrx_word' id='word_1_522' title='bbox 2191 4638 2285 4694; x_wconf 90' lang='lat' dir='ltr'><strong>per</strong></span> <span class='ocrx_word' id='word_1_523' title='bbox 2324 4633 2573 4679; x_wconf 88' lang='lat' dir='ltr'><strong>sanctam</strong></span> <span class='ocrx_word' id='word_1_524' title='bbox 2617 4622 2898 4695; x_wconf 84' lang='lat' dir='ltr'><strong>Virginem</strong></span> <span class='ocrx_word' id='word_1_525' title='bbox 2947 4626 3254 4696; x_wconf 86' lang='lat' dir='ltr'><strong>prodiisse,</strong></span> <span class='ocrx_word' id='word_1_526' title='bbox 3296 4636 3351 4681; x_wconf 88' lang='lat' dir='ltr'><strong>et</strong></span> <span class='ocrx_word' id='word_1_527' title='bbox 3400 4626 3547 4682; x_wconf 84' lang='lat' dir='ltr'><strong>hunc</strong></span> 
     </span>
    </p>
   </div>
   <div class='ocr_carea' id='block_1_80' title="bbox 1939 4714 3546 4787">
    <p class='ocr_par' dir='ltr' id='par_1_80' title="bbox 1939 4714 3546 4787">
     <span class='ocr_line' id='line_1_81' title="bbox 1939 4714 3546 4787; baseline 0.003 -18"><span class='ocrx_word' id='word_1_528' title='bbox 1939 4714 2193 4769; x_wconf 85' lang='lat' dir='ltr'><strong>eumdem</strong></span> <span class='ocrx_word' id='word_1_529' title='bbox 2242 4714 2516 4769; x_wconf 87' lang='lat' dir='ltr'><strong>hominem</strong></span> <span class='ocrx_word' id='word_1_530' title='bbox 2565 4731 2594 4769; x_wconf 92' lang='lat' dir='ltr'><strong>a</strong></span> <span class='ocrx_word' id='word_1_531' title='bbox 2645 4716 2755 4772; x_wconf 86' lang='lat' dir='ltr'><strong>Deo</strong></span> <span class='ocrx_word' id='word_1_532' title='bbox 2794 4715 2977 4773; x_wconf 82' lang='lat' dir='ltr'><strong>Verbo</strong></span> <span class='ocrx_word' id='word_1_533' title='bbox 3024 4718 3336 4774; x_wconf 81' lang='lat' dir='ltr'><strong>deiﬁcntum</strong></span> <span class='ocrx_word' id='word_1_534' title='bbox 3382 4733 3546 4787; x_wconf 85' lang='lat' dir='ltr'><strong>esse;</strong></span> 
     </span>
    </p>
   </div>
   <div class='ocr_carea' id='block_1_81' title="bbox 1941 4804 3544 4880">
    <p class='ocr_par' dir='ltr' id='par_1_81' title="bbox 1941 4804 3544 4880">
     <span class='ocr_line' id='line_1_82' title="bbox 1941 4804 3544 4880; baseline 0.005 -24"><span class='ocrx_word' id='word_1_535' title='bbox 1941 4817 2201 4875; x_wconf 87' lang='lat' dir='ltr'><strong>maguum</strong></span> <span class='ocrx_word' id='word_1_536' title='bbox 2237 4804 2365 4859; x_wconf 88' lang='lat' dir='ltr'><strong>illud</strong></span> <span class='ocrx_word' id='word_1_537' title='bbox 2399 4805 2619 4876; x_wconf 85' lang='lat' dir='ltr'><strong>pietatis</strong></span> <span class='ocrx_word' id='word_1_538' title='bbox 2652 4808 2973 4877; x_wconf 76' lang='lat' dir='ltr'><strong>mysterium</strong></span> <span class='ocrx_word' id='word_1_539' title='bbox 3010 4824 3115 4862; x_wconf 91' lang='lat' dir='ltr'><strong>non</strong></span> <span class='ocrx_word' id='word_1_540' title='bbox 3153 4808 3544 4880; x_wconf 82' lang='lat' dir='ltr'><strong>intelligentes,</strong></span> 
     </span>
    </p>
   </div>
   <div class='ocr_carea' id='block_1_82' title="bbox 1939 4897 3545 4970">
    <p class='ocr_par' dir='ltr' id='par_1_82' title="bbox 1939 4897 3545 4970">
     <span class='ocr_line' id='line_1_83' title="bbox 1939 4897 3545 4970; baseline 0.003 -19"><span class='ocrx_word' id='word_1_541' title='bbox 1939 4897 2473 4968; x_wconf 84' lang='lat' dir='ltr'><strong>dispensationisque</strong></span> <span class='ocrx_word' id='word_1_542' title='bbox 2519 4897 2793 4970; x_wconf 86' lang='lat' dir='ltr'><strong>Unigeuiti</strong></span> <span class='ocrx_word' id='word_1_543' title='bbox 2838 4915 2964 4955; x_wconf 90' lang='lat' dir='ltr'><strong>cum</strong></span> <span class='ocrx_word' id='word_1_544' title='bbox 3009 4916 3175 4956; x_wconf 88' lang='lat' dir='ltr'><strong>carne</strong></span> <span class='ocrx_word' id='word_1_545' title='bbox 3214 4902 3545 4956; x_wconf 80' lang='lat' dir='ltr'><strong>beneﬁcium</strong></span> 
     </span>
    </p>
   </div>
   <div class='ocr_carea' id='block_1_83' title="bbox 1939 4990 3541 5059">
    <p class='ocr_par' dir='ltr' id='par_1_83' title="bbox 1939 4990 3541 5059">
     <span class='ocr_line' id='line_1_84' title="bbox 1939 4990 3541 5059; baseline 0.006 -16"><span class='ocrx_word' id='word_1_546' title='bbox 1939 4990 2381 5059; x_wconf 77' lang='lat' dir='ltr'><strong>parvifacientes.</strong></span> <span class='ocrx_word' id='word_1_547' title='bbox 2422 4992 2533 5049; x_wconf 79' lang='lat' dir='ltr'><strong>Nos</strong></span> <span class='ocrx_word' id='word_1_548' title='bbox 2575 5002 2779 5059; x_wconf 88' lang='lat' dir='ltr'><strong>autem,</strong></span> <span class='ocrx_word' id='word_1_549' title='bbox 2820 4992 3045 5059; x_wconf 77' lang='lat' dir='ltr'><strong>fratres,</strong></span> <span class='ocrx_word' id='word_1_550' title='bbox 3090 5012 3193 5049; x_wconf 88' lang='lat' dir='ltr'><strong>non</strong></span> <span class='ocrx_word' id='word_1_551' title='bbox 3238 4998 3317 5051; x_wconf 90' lang='lat' dir='ltr'><strong>sic</strong></span> <span class='ocrx_word' id='word_1_552' title='bbox 3363 4996 3541 5053; x_wconf 87' lang='lat' dir='ltr'><strong>edocti</strong></span> 
     </span>
    </p>
   </div>
   <div class='ocr_carea' id='block_1_84' title="bbox 1940 5085 3543 5159">
    <p class='ocr_par' dir='ltr' id='par_1_84' title="bbox 1940 5085 3543 5159">
     <span class='ocr_line' id='line_1_85' title="bbox 1940 5085 3543 5159; baseline 0.004 -21"><span class='ocrx_word' id='word_1_553' title='bbox 1940 5100 2148 5139; x_wconf 87' lang='lat' dir='ltr'><strong>sumus.</strong></span> <span class='ocrx_word' id='word_1_554' title='bbox 2187 5085 2342 5140; x_wconf 83' lang='lat' dir='ltr'><strong>Illum</strong></span> <span class='ocrx_word' id='word_1_555' title='bbox 2384 5102 2623 5157; x_wconf 85' lang='lat' dir='ltr'><strong>namque</strong></span> <span class='ocrx_word' id='word_1_556' title='bbox 2660 5088 2752 5156; x_wconf 89' lang='lat' dir='ltr'><strong>qui</strong></span> <span class='ocrx_word' id='word_1_557' title='bbox 2793 5103 2861 5143; x_wconf 76' lang='lat' dir='ltr'><strong>ex</strong></span> <span class='ocrx_word' id='word_1_558' title='bbox 2901 5096 3089 5144; x_wconf 82' lang='lat' dir='ltr'><strong>sancta</strong></span> <span class='ocrx_word' id='word_1_559' title='bbox 3125 5086 3344 5159; x_wconf 87' lang='lat' dir='ltr'><strong>Virgine</strong></span> <span class='ocrx_word' id='word_1_560' title='bbox 3384 5100 3543 5145; x_wconf 79' lang='lat' dir='ltr'><strong>nutus</strong></span> 
     </span>
    </p>
   </div>
   <div class='ocr_carea' id='block_1_85' title="bbox 1938 5181 3542 5253">
    <p class='ocr_par' dir='ltr' id='par_1_85' title="bbox 1938 5181 3542 5253">
     <span class='ocr_line' id='line_1_86' title="bbox 1938 5181 3542 5253; baseline 0.006 -24"><span class='ocrx_word' id='word_1_561' title='bbox 1938 5186 2042 5242; x_wconf 89' lang='lat' dir='ltr'><strong>est,</strong></span> <span class='ocrx_word' id='word_1_562' title='bbox 2075 5193 2242 5231; x_wconf 90' lang='lat' dir='ltr'><strong>unum</strong></span> <span class='ocrx_word' id='word_1_563' title='bbox 2280 5181 2643 5248; x_wconf 77' lang='lat' dir='ltr'><strong>eamdemque</strong></span> <span class='ocrx_word' id='word_1_564' title='bbox 2676 5194 2798 5236; x_wconf 84' lang='lat' dir='ltr'><strong>esse</strong></span> <span class='ocrx_word' id='word_1_565' title='bbox 2828 5183 3199 5253; x_wconf 83' lang='lat' dir='ltr'><strong>agnoscimus.</strong></span> <span class='ocrx_word' id='word_1_566' title='bbox 3237 5182 3542 5251; x_wconf 75' lang='lat' dir='ltr'><strong>perfectum</strong></span> 
     </span>
    </p>
   </div>
   <div class='ocr_carea' id='block_1_86' title="bbox 1940 5269 3540 5345">
    <p class='ocr_par' dir='ltr' id='par_1_86' title="bbox 1940 5269 3540 5345">
     <span class='ocr_line' id='line_1_87' title="bbox 1940 5269 3540 5345; baseline 0.006 -23"><span class='ocrx_word' id='word_1_567' title='bbox 1940 5269 2106 5323; x_wconf 91' lang='lat' dir='ltr'><strong>Deum</strong></span> <span class='ocrx_word' id='word_1_568' title='bbox 2142 5279 2197 5324; x_wconf 89' lang='lat' dir='ltr'><strong>et</strong></span> <span class='ocrx_word' id='word_1_569' title='bbox 2231 5269 2533 5342; x_wconf 82' lang='lat' dir='ltr'><strong>perfectum</strong></span> <span class='ocrx_word' id='word_1_570' title='bbox 2579 5272 2854 5329; x_wconf 87' lang='lat' dir='ltr'><strong>hominem</strong></span> <span class='ocrx_word' id='word_1_571' title='bbox 2891 5274 3071 5328; x_wconf 83' lang='lat' dir='ltr'><strong>anima</strong></span> <span class='ocrx_word' id='word_1_572' title='bbox 3110 5275 3360 5330; x_wconf 77' lang='lat' dir='ltr'><strong>rationali</strong></span> <span class='ocrx_word' id='word_1_573' title='bbox 3400 5293 3540 5345; x_wconf 69' lang='lat' dir='ltr'><strong>pra:-</strong></span> 
     </span>
    </p>
   </div>
   <div class='ocr_carea' id='block_1_87' title="bbox 1936 5362 3543 5436">
    <p class='ocr_par' dir='ltr' id='par_1_87' title="bbox 1936 5362 3543 5436">
     <span class='ocr_line' id='line_1_88' title="bbox 1936 5362 3543 5436; baseline 0.006 -20"><span class='ocrx_word' id='word_1_574' title='bbox 1936 5362 2132 5416; x_wconf 87' lang='lat' dir='ltr'><strong>ditum.</strong></span> <span class='ocrx_word' id='word_1_575' title='bbox 2166 5362 2278 5417; x_wconf 81' lang='lat' dir='ltr'><strong>Hac</strong></span> <span class='ocrx_word' id='word_1_576' title='bbox 2312 5363 2481 5419; x_wconf 85' lang='lat' dir='ltr'><strong>etiam</strong></span> <span class='ocrx_word' id='word_1_577' title='bbox 2514 5365 2580 5420; x_wconf 89' lang='lat' dir='ltr'><strong>de</strong></span> <span class='ocrx_word' id='word_1_578' title='bbox 2612 5380 2776 5421; x_wconf 88' lang='lat' dir='ltr'><strong>causa</strong></span> <span class='ocrx_word' id='word_1_579' title='bbox 2810 5376 3055 5421; x_wconf 85' lang='lat' dir='ltr'><strong>sanctam</strong></span> <span class='ocrx_word' id='word_1_580' title='bbox 3094 5366 3375 5436; x_wconf 82' lang='lat' dir='ltr'><strong>Virginem</strong></span> <span class='ocrx_word' id='word_1_581' title='bbox 3416 5368 3543 5425; x_wconf 74' lang='lat' dir='ltr'><strong>Dei~</strong></span> 
     </span>
    </p>
   </div>
   <div class='ocr_carea' id='block_1_88' title="bbox 1938 5455 3539 5529">
    <p class='ocr_par' dir='ltr' id='par_1_88' title="bbox 1938 5455 3539 5529">
     <span class='ocr_line' id='line_1_89' title="bbox 1938 5455 3539 5529; baseline 0.004 -23"><span class='ocrx_word' id='word_1_582' title='bbox 1938 5468 2124 5521; x_wconf 81' lang='lat' dir='ltr'><strong>param</strong></span> <span class='ocrx_word' id='word_1_583' title='bbox 2152 5455 2523 5525; x_wconf 76' lang='lat' dir='ltr'><strong>appellamus;</strong></span> <span class='ocrx_word' id='word_1_584' title='bbox 2554 5457 2835 5527; x_wconf 89' lang='lat' dir='ltr'><strong>Deumque</strong></span> <span class='ocrx_word' id='word_1_585' title='bbox 2854 5455 3096 5513; x_wconf 86' lang='lat' dir='ltr'><strong>Verbqu</strong></span> <span class='ocrx_word' id='word_1_586' title='bbox 3124 5473 3231 5513; x_wconf 92' lang='lat' dir='ltr'><strong>non</strong></span> <span class='ocrx_word' id='word_1_587' title='bbox 3258 5458 3539 5529; x_wconf 86' lang='lat' dir='ltr'><strong>opinione,</strong></span> 
     </span>
    </p>
   </div>
   <div class='ocr_carea' id='block_1_89' title="bbox 1936 5544 3539 5615">
    <p class='ocr_par' dir='ltr' id='par_1_89' title="bbox 1936 5544 3539 5615">
     <span class='ocr_line' id='line_1_90' title="bbox 1936 5544 3539 5615; baseline 0.006 -16"><span class='ocrx_word' id='word_1_588' title='bbox 1936 5544 2029 5599; x_wconf 85' lang='lat' dir='ltr'><strong>sed</strong></span> <span class='ocrx_word' id='word_1_589' title='bbox 2072 5559 2128 5599; x_wconf 89' lang='lat' dir='ltr'><strong>re</strong></span> <span class='ocrx_word' id='word_1_590' title='bbox 2168 5547 2282 5615; x_wconf 82' lang='lat' dir='ltr'><strong>ipsa</strong></span> <span class='ocrx_word' id='word_1_591' title='bbox 2323 5547 2376 5602; x_wconf 92' lang='lat' dir='ltr'><strong>in</strong></span> <span class='ocrx_word' id='word_1_592' title='bbox 2417 5548 2505 5601; x_wconf 90' lang='lat' dir='ltr'><strong>illa</strong></span> <span class='ocrx_word' id='word_1_593' title='bbox 2550 5549 2823 5604; x_wconf 83' lang='lat' dir='ltr'><strong>habitasse</strong></span> <span class='ocrx_word' id='word_1_594' title='bbox 2857 5550 3091 5606; x_wconf 84' lang='lat' dir='ltr'><strong>dicimus</strong></span> <span class='ocrx_word' id='word_1_595' title='bbox 3124 5568 3136 5604; x_wconf 95' lang='lat'>:</span> <span class='ocrx_word' id='word_1_596' title='bbox 3172 5553 3422 5606; x_wconf 86' lang='lat' dir='ltr'><strong>eumdem</strong></span> <span class='ocrx_word' id='word_1_597' title='bbox 3461 5553 3539 5608; x_wconf 87' lang='lat' dir='ltr'><strong>bi-</strong></span> 
     </span>
    </p>
   </div>
   <div class='ocr_carea' id='block_1_90' title="bbox 1943 5639 3540 5707">
    <p class='ocr_par' dir='ltr' id='par_1_90' title="bbox 1943 5639 3540 5707">
     <span class='ocr_line' id='line_1_91' title="bbox 1943 5639 3540 5707; baseline 0.006 -20"><span class='ocrx_word' id='word_1_598' title='bbox 1943 5644 2197 5690; x_wconf 89' lang='lat' dir='ltr'><strong>mestrem</strong></span> <span class='ocrx_word' id='word_1_599' title='bbox 2232 5647 2284 5690; x_wconf 87' lang='lat' dir='ltr'><strong>et</strong></span> <span class='ocrx_word' id='word_1_600' title='bbox 2318 5639 2671 5703; x_wconf 84' lang='lat' dir='ltr'><strong>trimestrem,</strong></span> <span class='ocrx_word' id='word_1_601' title='bbox 2701 5639 2893 5693; x_wconf 84' lang='lat' dir='ltr'><strong>Filium</strong></span> <span class='ocrx_word' id='word_1_602' title='bbox 2926 5640 3018 5696; x_wconf 88' lang='lat' dir='ltr'><strong>Dei</strong></span> <span class='ocrx_word' id='word_1_603' title='bbox 3050 5641 3237 5707; x_wconf 87' lang='lat' dir='ltr'><strong>simul,</strong></span> <span class='ocrx_word' id='word_1_604' title='bbox 3263 5652 3320 5697; x_wconf 88' lang='lat' dir='ltr'><strong>et</strong></span> <span class='ocrx_word' id='word_1_605' title='bbox 3343 5642 3540 5697; x_wconf 80' lang='lat' dir='ltr'><strong>Filium</strong></span> 
     </span>
    </p>
   </div>
   <div class='ocr_carea' id='block_1_91' title="bbox 1944 5725 3543 5801">
    <p class='ocr_par' dir='ltr' id='par_1_91' title="bbox 1944 5725 3543 5801">
     <span class='ocr_line' id='line_1_92' title="bbox 1944 5725 3543 5801; baseline 0.006 -24"><span class='ocrx_word' id='word_1_606' title='bbox 1944 5725 2200 5779; x_wconf 87' lang='lat' dir='ltr'><strong>hominis.</strong></span> <span class='ocrx_word' id='word_1_607' title='bbox 2238 5725 2378 5793; x_wconf 85' lang='lat' dir='ltr'><strong>Quin</strong></span> <span class='ocrx_word' id='word_1_608' title='bbox 2425 5729 2590 5783; x_wconf 86' lang='lat' dir='ltr'><strong>etiam</strong></span> <span class='ocrx_word' id='word_1_609' title='bbox 2626 5744 2786 5786; x_wconf 84' lang='lat' dir='ltr'><strong>voces</strong></span> <span class='ocrx_word' id='word_1_610' title='bbox 2831 5731 2973 5795; x_wconf 82' lang='lat' dir='ltr'><strong>illas,</strong></span> <span class='ocrx_word' id='word_1_611' title='bbox 3009 5747 3147 5801; x_wconf 85' lang='lat' dir='ltr'><strong>quas</strong></span> <span class='ocrx_word' id='word_1_612' title='bbox 3191 5734 3387 5789; x_wconf 81' lang='lat' dir='ltr'><strong>divinae</strong></span> <span class='ocrx_word' id='word_1_613' title='bbox 3432 5733 3543 5788; x_wconf 89' lang='lat' dir='ltr'><strong>Lit-</strong></span> 
     </span>
    </p>
   </div>
   <div class='ocr_carea' id='block_1_92' title="bbox 1942 5823 3541 5897">
    <p class='ocr_par' dir='ltr' id='par_1_92' title="bbox 1942 5823 3541 5897">
     <span class='ocr_line' id='line_1_93' title="bbox 1942 5823 3541 5897; baseline 0.007 -27"><span class='ocrx_word' id='word_1_614' title='bbox 1942 5826 2069 5871; x_wconf 65' lang='lat' dir='ltr'><strong>terae</strong></span> <span class='ocrx_word' id='word_1_615' title='bbox 2100 5825 2261 5875; x_wconf 89' lang='lat' dir='ltr'><strong>modo</strong></span> <span class='ocrx_word' id='word_1_616' title='bbox 2295 5823 2654 5891; x_wconf 86' lang='lat' dir='ltr'><strong>humanitati,</strong></span> <span class='ocrx_word' id='word_1_617' title='bbox 2691 5826 2850 5882; x_wconf 89' lang='lat' dir='ltr'><strong>modo</strong></span> <span class='ocrx_word' id='word_1_618' title='bbox 2881 5827 3079 5881; x_wconf 78' lang='lat' dir='ltr'><strong>divinae</strong></span> <span class='ocrx_word' id='word_1_619' title='bbox 3113 5826 3255 5881; x_wconf 87' lang='lat' dir='ltr'><strong>illius</strong></span> <span class='ocrx_word' id='word_1_620' title='bbox 3287 5828 3541 5897; x_wconf 84' lang='lat' dir='ltr'><strong>potestati</strong></span> 
     </span>
    </p>
   </div>
  </div>
