3996 6480
523 429 661 486 ιιιδ

1508 444 1566 500 S.
1604 442 1878 498 CVRII.”
1918 441 2387 499 ALEXANDIHNI
2430 445 2752 502 ARCHIEP.

3656 455 3782 510 1316

519 561 783 625 tribuunt,
813 560 975 631 802
1002 560 1054 613 in
1087 573 1245 612 unam
1278 560 1541 613 duntaxat
1572 575 1855 629 personam
1887 574 2085 615 conve-

2198 566 2488 635 πρόσωπον
2517 566 2775 636 συνῆχθαί
2809 584 3006 636 φαμεν.
3033 568 3139 620 Τὸν
3164 569 3349 622 αὐτὸν
3368 570 3478 641 γὰρ
3514 571 3674 641 ἴσμεν
3697 574 3781 624 ἐπὶ

521 667 635 705 ture
682 654 1055 720 praedicamus.
1102 652 1360 705 Eumdem
1410 654 1554 705 enim
1602 652 1946 722 agnoscimus
1995 652 2085 721 qui

520 758 679 811 super
705 743 937 797 cervical
972 743 1305 809 dormiebat,
1335 756 1388 797 et
1417 743 1512 811 qui
1546 758 1694 796 mare
1723 752 1775 797 et
1806 751 1996 797 ventos
2026 758 2093 796 ex

521 846 784 902 potestate
820 837 1132 903 increpabat
1155 834 1175 865 ³
1210 852 1223 888 :
1260 837 1507 890 eumdem
1541 838 1631 904 qni
1667 851 1731 889 ex
1771 837 1964 889 itinere
1999 836 2094 889 de—

522 926 849 994 fatigabatur
873 924 914 988 ⁸,
951 936 1003 980 et
1038 926 1127 993 qui
1165 940 1325 993 super
1360 940 1543 988 mare,
1580 926 1801 993 perinde
1836 941 1899 979 ac
1935 938 2096 992 super

519 1018 743 1071 solidam
790 1028 1009 1077 terram,
1052 1032 1146 1070 sua
1192 1024 1456 1083 potestate
1499 1017 1843 1086 gradiebatur
1866 1016 1905 1068 ⁵.
1952 1015 2092 1067 Idem

522 1110 705 1177 itaque
755 1109 891 1161 citra
942 1106 1101 1159 ullam
1159 1107 1582 1159 controversiam
1639 1106 1777 1160 Deus
1826 1106 1987 1159 simul
2041 1116 2095 1159 et

521 1198 680 1250 homo
718 1197 950 1251 exsistit.
992 1194 1131 1260 Quid
1178 1197 1322 1248 enim
1367 1195 1559 1247 mirum
1604 1205 1767 1257 esset,
1806 1195 1849 1249 si
1898 1204 2096 1248 nostra:

518 1288 843 1341 conditionis
889 1288 1048 1340 homo
1091 1287 1357 1355 quiSpiam
1404 1286 1496 1339 Dei
1547 1294 1810 1355 potestate
1857 1288 2094 1339 munitus

523 1380 776 1433 miracula
820 1378 1097 1447 patraret?
1130 1378 1322 1431 Verum
1364 1388 1420 1429 nt
1454 1378 1579 1429 illud
1617 1379 1787 1447 ipsum
1836 1378 1926 1430 Dei
1961 1377 2093 1430 Ver—

520 1475 642 1527 hum
690 1488 791 1524 non
836 1472 1237 1543 imaginatione,
1278 1482 1371 1524 aut
1410 1474 1686 1541 apparenti
1729 1474 1959 1541 quadam
2004 1488 2092 1525 ra-

523 1564 686 1625 tione,
715 1562 811 1616 sed
844 1578 900 1616 re
932 1564 1043 1629 ipsa
1071 1578 1129 1616 se
1154 1565 1540 1629 exinanivisse,
1574 1566 1769 1620 divina:
1798 1565 2094 1634 Scriptura:

522 1654 677 1706 nobis
715 1653 1002 1706 ostemlant
1028 1653 1081 1716 ⁶;
1122 1669 1284 1705 unum
1331 1654 1686 1723 eumdemque
1731 1656 1893 1708 Deum
1933 1657 2095 1710 simul

518 1754 574 1795 et
600 1744 868 1796 hominem
900 1757 994 1810 per
1020 1746 1310 1811 prophetas
1338 1755 1389 1796 et
1416 1746 1690 1812 apostolos
1716 1748 1870 1799 nobis
1894 1748 2094 1801 diserte

520 1835 929 1900 pronuntiantes
961 1834 1233 1887 dixerunt.
1270 1836 1359 1887 Dei
1393 1833 1573 1903 itaque
1600 1847 1717 1889 erat
1752 1838 1838 1889 illa
1869 1852 1934 1891 ex
1964 1836 2090 1892 Vir-

2196 656 2255 708 τδ
2286 659 2719 726 προσκεφάλαιον
2744 659 3068 713 καθεύδοντα
3090 660 3479 737 [καθήμενον],
3506 666 3599 717 τὸν
3627 667 3781 719 αὐτὸν

2195 747 2261 815 τῇ
2293 744 2534 818 Θαλάσσῃ
2566 749 2900 816 ἐπιτιμῶντα
2924 751 2981 801 ἐν
3004 751 3246 824 ἐξουσίᾳ,
3276 756 3369 806 καὶ
3395 758 3512 819 τοῖς
3539 757 3778 825 ἀνέμοις·

2195 834 2284 884 τὸν
2332 835 2497 887 αὐτον
2540 838 2644 889 καὶ
2677 838 2769 889 ἐπὶ
2809 839 2907 907 τῆς
2947 839 3255 909 ὁδοιπορίας
3303 839 3653 915 κείιμηκὸτα,
3698 851 3781 901 τὶν

2195 922 2355 974 αὑτὸν
2382 925 2478 976 καὶ
2508 927 2599 977 ἐπὶ
2631 928 2726 995 τῆς
2772 926 3044 998 θαλάσσης
3090 932 3532 1000 περιπατοῦντα,
3568 934 3644 996 ὡς
3697 939 3780 987 ἐπὶ

2197 1017 2424 1084 στερεᾶς
2473 1016 2596 1085 γῆς,
2633 1018 2737 1088 ἰδίᾳ⁵
2796 1018 3043 1091 ἐξουσίῴ
3074 1021 3103 1071 ὁ
3142 1022 3310 1083 αὐτὸς
3350 1026 3541 1077 τοίνυν
3572 1026 3723 1090 Θεὸς,
3756 1026 3782 1076 ὸ

2194 1106 2356 1168 αὐτὸς
2400 1107 2683 1177 ἅνθρωπος
2728 1109 3193 1181 ὁμολογουμένως.
3230 1115 3298 1167 Τί
3336 1117 3451 1187 γὰρ
3485 1120 3549 1171 τὸ
3583 1119 3778 1189 θαῦμα,

2196 1198 2241 1248 εἰ
2274 1196 2557 1268 ἄνθρωπός
2593 1216 2675 1262 τις
2707 1200 2815 1252 τῶν
2848 1202 2968 1253 καθ’
2996 1205 3147 1273 ἡμᾶς
3174 1207 3235 1258 ὲν
3266 1206 3495 1279 ἐξουσίᾳ
3527 1210 3780 1280 δυνάμεις

2193 1287 2326 1340 Θεοῦ
2349 1292 2587 1362 ἐνεργεῖν
2605 1291 2713 1362 [ῗσ.
2735 1295 2792 1343 ἐν
2814 1293 3030 1365 ἐξουσίᾳ
3051 1296 3208 1361 Θεοῦ,
3230 1300 3495 1370 δυνάμεις
3521 1306 3607 1355 ἑνε
3619 1308 3779 1376 ργεῖνι

2192 1379 2439 1448 λέγει-απ
2485 1384 2619 1435 Ἀλλ’
2652 1385 2735 1436 ἴνα
2766 1386 2853 1436 τὸν
2888 1388 3048 1440 αὐτὸν
3078 1391 3211 1443 Θεὸν
3238 1393 3415 1462 Λόγον
3439 1398 3781 1464 κεκενῶσθαι

2194 1473 2544 1539 ὑποδείξωσιν
2578 1478 2708 1546 ἡμῖν
2738 1480 2793 1531 αἱ
2827 1480 2964 1532 θεῖαι
3004 1483 3238 1550 Γραφαὶ,
3270 1487 3331 1537 οὗ
3364 1487 3616 1559 δοκήσει,
3651 1492 3780 1545 ἀλλὰ

2193 1563 2479 1634 ἐνεργείᾳ,
2546 1567 2642 1619 ἕνα
2694 1570 2785 1622 καὶ
2848 1571 2938 1622 τὸν
3000 1574 3165 1625 αὑτὸν
3217 1576 3350 1645 ἡμῖν
3397 1578 3779 1650 διαγορεύουσι

2196 1664 2567 1729 προφητικῶς,
2599 1662 2689 1714 καὶ
2735 1664 2841 1733 μὴν
2880 1665 2974 1716 καὶ
3017 1668 3399 1735 άποστολικοίς
3437 1674 3778 1743 κηρύγμασι,

2193 1748 2282 1799 τὸν
2331 1750 2492 1802 αὑτὸν
2537 1747 2689 1804 εἷπον
2738 1754 2888 1816 Θεὸν,
2934 1754 3023 1807 τὸν
3074 1757 3237 1810 αὐτὸν
3288 1759 3605 1831 ἄνθρωπον.
3651 1764 3777 1816 Θεοῦ

2194 1840 2372 1892 τοίνυν
2497 1842 2754 1913 σύλληψις
2800 1846 2830 1914 ἡ
2874 1847 3214 1918 παρθενική·
3248 1850 3388 1903 Θεοῦ
3419 1855 3451 1923 ἡ
3488 1856 3776 1926 γέννησις’

517 1925 639 1993 giae
679 1924 984 1990 conceptio,
1029 1924 1120 1977 Dei
1165 1927 1440 1988 uativilas,
1488 1926 1578 1979 Dei
1625 1927 1937 1991 similitudo,
1984 1946 2085 1999 qua

2192 1929 2327 1983 Θεοῦ
2356 1932 2387 1999 ἡ
2419 1932 2557 1984 κατὰ
2586 1934 2762 1986 πάντα
2796 1935 2933 2004 πρὸς
2962 1938 3129 2005 ἡμᾶς,
3164 1940 3259 1991 καὶ
3295 1940 3363 1992 δι’
3398 1942 3550 2010 ἡμᾶς
3583 1945 3778 2013 ὁμοίω-

518 2016 673 2070 nohis
708 2017 877 2068 nostri
917 2030 1079 2067 causa
1118 2016 1507 2083 dispensatorie
1540 2032 1636 2086 per
1664 2020 1841 2072 omnia
1876 2022 2091 2077 assiuti~

518 2108 659 2161 latus
686 2118 797 2167 est;
833 2108 921 2160 Dei
956 2108 1156 2174 passio,
1186 2108 1278 2160 Dei
1308 2109 1372 2161 iis
1399 2110 1487 2177 qui
1521 2113 1573 2162 in
1602 2125 1819 2165 carcere
1845 2122 1897 2165 et
1932 2114 1980 2165 in
2014 2124 2093 2167 te-

520 2198 701 2250 nebris
725 2209 879 2251 erant
904 2198 1235 2267 pnedieatio,
1264 2198 1353 2253 Dei
1385 2204 1733 2267 resurrectio,
1762 2204 1852 2258 Dei
1879 2211 2089 2260 tandem

518 2287 569 2339 in
600 2288 764 2340 etelos
795 2286 1115 2355 assumptio.
1147 2288 1245 2353 Qui
1277 2293 1394 2357 capi
1429 2304 1533 2342 non
1568 2304 1814 2358 poterat,
1850 2308 1943 2361 per
1969 2309 2093 2349 car-

516 2392 634 2430 nem
668 2393 829 2446 quam
862 2378 1033 2431 nostri
1067 2394 1228 2432 causa
1262 2394 1327 2433 ex
1362 2379 1525 2433 Maria
1559 2384 1816 2450 sumpsit,
1847 2386 2087 2452 virginali

515 2479 666 2521 utero
698 2467 941 2521 concludi
979 2482 1041 2519 ac
1078 2469 1286 2523 deliniri
1324 2470 1597 2524 sustinuit.
1628 2470 1731 2537 Qui
1769 2473 1875 2526 late
1907 2478 2085 2527 omnia

515 2562 745 2624 excedit,
790 2574 955 2615 carne
1001 2563 1325 2615 continetur.
1375 2564 1432 2613 In
1476 2578 1636 2627 quem
1682 2566 1825 2619 nulla
1866 2569 2088 2619 nmtatio

514 2650 683 2713 cadit,
725 2651 1015 2701 humanam
1062 2649 1287 2702 formam
1332 2651 1517 2707 subiit.
1561 2653 1905 2723 lutpalibilis,
1948 2659 2088 2710 ultro

514 2757 609 2809 pro
640 2742 793 2795 nobis
820 2752 875 2795 et
906 2754 1121 2811 prOpter
1150 2762 1246 2801 nos
1275 2765 1372 2817 per
1403 2753 1672 2819 propriam
1704 2766 1922 2807 carnem
1955 2771 2083 2823 pas-

512 2847 606 2885 sus
644 2841 743 2887 est.
781 2834 889 2887 Deo
924 2845 977 2889 et
1012 2836 1153 2891 Patri
1191 2839 1451 2893 iudivulse
1486 2842 1789 2908 cohaerens,
1826 2845 1879 2901 in
1918 2855 2083 2911 terra,

513 2932 571 2975 ιιι
604 2924 862 2992 scriptum
895 2934 999 2993 est,
1034 2928 1182 2983 visus
1216 2941 1321 2995 est,
1355 2940 1408 2985 et
1448 2948 1571 2985 cum
1612 2934 1923 2990 hominibus
1960 2954 2087 2990 eon-

515 3027 758 3071 versatus
778 3018 819 3069 ".
852 3016 951 3084 Qui
982 3019 1082 3073 sub
1112 3028 1308 3076 tactum
1344 3041 1447 3077 nun
1482 3027 1755 3094 veniebat,
1790 3028 1858 3081 ab
1889 3029 2089 3099 iniquis

516 3108 695 3159 lancea
733 3121 1084 3175 compunctus
1123 3120 1205 3163 est
1231 3111 1270 3162 ⁸.
1310 3109 1683 3182 lmpassihilis,
1723 3118 2085 3171 voluntariam

512 3214 723 3253 crucem
750 3202 917 3255 nostri
939 3217 1099 3257 causa
1125 3204 1363 3267 pertulit.
1387 3204 1695 3264 lmmortale
1720 3209 1896 3264 lumen
1926 3213 2080 3264 morti

507 3289 744 3357 seipsutn
778 3293 990 3358 obtulit,
1015 3306 1068 3348 et
1098 3298 1253 3349 utorti
1284 3300 1499 3366 quidem
1527 3303 1724 3355 crucis.
1753 3303 1853 3368 Qui
1884 3304 1934 3355 in
1962 3298 2105 3357 sinu

513 3379 687 3435 l’atris
717 3395 853 3446 erat,
889 3400 984 3452 per
1015 3389 1282 3457 propriam
1314 3405 1532 3444 carnem
1567 3394 1618 3447 iu
1651 3394 1844 3450 cmlnm
1878 3396 2084 3450 assumi

515 3488 618 3525 non
661 3476 941 3528 recusavit.
980 3476 1079 3543 Qui
1127 3491 1304 3534 autent
1348 3481 1440 3535 Dei
1484 3482 1678 3537 Filium
1723 3484 1916 3556 [Deum
1955 3485 2088 3541 Ver-

512 3560 678 3635 bum]
716 3564 983 3619 hominem
1030 3573 1336 3638 quempiam
1382 3574 1547 3625 nostri
1601 3576 1832 3628 similem
1874 3592 2085 3629 assunt-

511 3656 682 3723 psisse
722 3658 941 3723 dicunt;
984 3660 1158 3727 ipsmn
1208 3672 1384 3716 autem
1428 3664 1609 3717 vivunt
1654 3676 1709 3718 et
1758 3666 1942 3720 eﬂieax
1995 3670 2083 3722 Dei

514 3746 745 3799 Verbum
767 3748 808 3810 ’,
851 3752 989 3818 quod
1034 3750 1085 3802 itt
1127 3754 1341 3820 propria
1384 3750 1681 3818 [efﬁcacem
1728 3757 1818 3810 Dei
1866 3758 2081 3823 Filium,

2198 2038 2279 2085 σις
2298 2024 2655 2094 οἰκονομικῶς
2672 2043 2686 2055 ·
2711 2026 2844 2078 Θεοῦ
2868 2028 2926 2079 τὸ
2946 2028 3143 2093 πάθος·
3170 2030 3305 2085 Θεοῦ
3331 2036 3449 2096 τοῖς
3479 2036 3541 2087 ἐν
3566 2038 3777 2107 φυλακῇ

2195 2114 2287 2165 καὶ
2326 2116 2384 2165 ἐν
2423 2114 2501 2183 τῷ
2530 2117 2711 2168 σκότει
2742 2119 2772 2185 ή
2804 2118 3061 2187 κήρυξις·
3094 2121 3229 2174 Θεοῦ
3256 2124 3560 2189 ἀνάστασις
3585 2144 3600 2156 ·
3645 2128 3778 2181 Θεοῦ

2195 2205 2226 2273 ἡ
2255 2204 2539 2275 ἀνάληψις.
2560 2206 2615 2259 Ὀ
2645 2207 2925 2280 άχὼρητος
2968 2213 3157 2265 ἑαυτὸν
3188 2213 3388 2268 δέδωκε
3424 2219 3780 2288 κεχωρῆσθαι

2191 2293 2257 2345 δι’
2284 2296 2430 2362 ἡμᾶς
2460 2297 2516 2347 ἐν
2542 2300 2605 2365 τῇ
2640 2297 2740 2366 τῆς
2772 2300 3055 2370 Παρθένου
3090 2306 3295 2375 μήτρᾳ.
3327 2309 3470 2375 μετὰ
3503 2312 3607 2379 τῆς
3646 2313 3778 2377 ἰδίας

2194 2386 2412 2453 σαρκὸς.
2442 2388 2507 2457 ἣν
2554 2390 2919 2458 προσελάϐετο
2964 2394 3022 2459 ἐξ
3073 2397 3339 2466 αὑτῆς.’0
3386 2402 3679 2472 ἀχὼρητος
3722 2407 3778 2459 ὲν

2192 2477 2356 2546 σαρκὶ
2386 2480 2673 2549 ὲχιυρεῖτο·
2711 2484 2737 2533 ὁ
2760 2483 3111 2548 ἀναλλοίωτος
3142 2489 3197 2539 ἐν
3229 2490 3522 2559 ἀνθρώπου
3552 2501 3738 2568 μορσῇ
3758 2516 3772 2528 ·

2188 2567 2217 2617 ὁ
2244 2565 2459 2637 ἀπαθὴς
2488 2568 2720 2620 πέπονθε
2742 2570 2809 2623 δι’
2831 2573 2974 2641 ἡμεῖς
3005 2575 3287 2639 ἑκουσίως.
3319 2581 3414 2630 καὶ
3446 2582 3590 2651 ὑπὲρ
3617 2565 3776 2653 ημῶν

2189 2661 2253 2727 τῇ
2299 2658 2404 2728 ἰδίᾳ
2456 2660 2637 2728 σαρκί.
2670 2660 2730 2713 Ὁ
2780 2662 3079 2732 ἀχώριστος
3124 2666 3219 2719 τοῦ
3258 2668 3392 2721 Θεοῦ
3437 2673 3530 2725 καὶ
3564 2676 3774 2747 Πατρὸς

2188 2754 2279 2803 ἐπὶ
2304 2752 2406 2821 γῆς
2433 2750 2610 2823 iii-gon,
2632 2754 2771 2805 κατὰ
2799 2754 2859 2806 τὸ
2899 2760 3300 2828 γεγραμμένον,
3329 2764 3425 2816 καὶ
3453 2767 3512 2817 ὲν
3538 2771 3651 2832 τοῖς
3676 2771 3775 2822 άν-

2188 2843 2426 2915 θρὼποις
2480 2846 2911 2915 συνανεστράψη.
2954 2848 3011 2901 ὐ
3055 2850 3409 2921 άψηλάφητος
3458 2856 3631 2932 λόγχῃ
3669 2862 3774 2915 ὑπὸ

2187 2936 2295 2988 τῶν
2344 2938 2674 3007 παρανόμων
2736 2941 3109 2996 κατενύττετο.
3148 2943 3207 2996 ’0
3264 2947 3484 3018 ἀπαθὴς
3540 2955 3774 3026 σταυρὸν

2188 3029 2492 3081 ἐθελούσιον
2541 3031 2800 3099 ὑπέμεινε
2842 3031 2909 3083 δι’
2943 3033 3121 3102 ἡμᾶς·
3167 3037 3228 3088 τὸ
3261 3038 3377 3106 φῶς
3409 3042 3471 3093 τὸ
3505 3044 3772 3100 ἀθάνατον

2188 3120 2399 3190 θανάτῳ
2436 3121 2625 3173 ἑαυτὸν
2663 3122 2951 3185 ἐκδέδωκε,
2988 3124 3203 3197 θανάτῳ
3239 3128 3295 3180 δὲ
3332 3135 3589 3204 σταυροῦ.
3610 3138 3665 3190 ’0
3693 3140 3770 3192 ὢν

2187 3216 2243 3266 ἐν
2273 3213 2349 3283 τῷ
2376 3214 2560 3284 κόλπῳ
2589 3213 2680 3266 τοῦ
2711 3216 2940 3285 Πατρὸς,
2969 3218 3235 3289 ἀνάληψιν
3262 3222 3527 3292 ὑπέμεινε
3560 3228 3647 3283 διὰ
3672 3234 3771 3304 τῆς

2197 3308 2331 3368 ἰδίας
2366 3309 2585 3377 σαρκός.
2617 3308 2754 3372 Τοὺς
2799 3310 2855 3361 δὲ
2887 3310 3161 3377 λέγοντας,
3196 3314 3482 3385 ἄνθρωπόν
3514 3338 3636 3375 τινα
3660 3324 3771 3378 τῶν

2186 3402 2304 3455 καθ’
2326 3402 2471 3471 ἡμᾶς
2496 3401 2844 3469 ἀνειληφέναι
2868 3402 2956 3453 τὸν
2978 3401 3114 3467 Θεὸν
3132 3406 3324 3473 Λόγον,
3344 3410 3439 3462 καὶ
3465 3412 3542 3482 μὴ
3565 3414 3769 3483 μᾶλλον

2184 3494 2351 3547 αὐτὸν
2382 3491 2474 3545 τὸν
2506 3493 2633 3544 Υἱὸν
2666 3493 2755 3545 τὸν
2795 3494 3159 3549 ὲνυπόστατόν
3189 3515 3249 3552 τε
3283 3503 3376 3553 καὶ
3405 3504 3603 3576 ἐνεργῇ
3625 3547 3639 3570 ,
3672 3511 3768 3562 καὶ

2178 3578 2384 3650 ’ζῶ-ιτα,
2418 3585 2671 3652 γενέσθαι
2720 3585 3006 3656 ἄνθρωπον
3054 3590 3147 3641 καὶ
3200 3593 3258 3643 ἐν
3313 3596 3427 3657 τοῖς
3464 3598 3586 3651 καθ’
3619 3602 3767 3670 ἡμᾶς

2183 3674 2537 3743 οἰκονομικῶς
2565 3674 2633 3724 δι’
2663 3676 2832 3743 ἡμᾶς,
2868 3675 3099 3745 ἐξορίζει
3132 3680 3163 3749 ή
3196 3683 3327 3749 ἁγία
3368 3686 3613 3753 Σύνοδος,
3641 3694 3673 3762 ἡ
3707 3693 3767 3743 ιν

2181 3764 2246 3831 τῇ
2288 3762 2548 3829 Ἐφεσίων
2574 3762 2725 3814 πόλει
2752 3766 3111 3835 γεγενημένη.

511 3838 599 3903 ιιιιί
653 3838 703 3889 in
756 3839 993 3913 prepria]
1041 3858 1267 3909 persona
1319 3846 1584 3911 subsistit,
1658 3849 1929 3905 hominem
1984 3852 2206 3916 factum,
2271 3855 2850 3943 dispensatoriequeitt
2917 3858 3164 3914 humanis
3227 3874 3449 3934 propter
3504 3886 3604 3925 ltus
3648 3888 3764 3926 rer-

509 3936 683 3980 satnm
722 3943 841 3984 esse
882 3932 1223 3992 inﬁciantur;
1267 3934 1387 3989 illos
1426 3951 1580 3989 sacra
1609 3937 1863 4007 Synodus
1904 3941 2172 4009 Fpltesina
2204 3944 2441 4013 explodit
2473 3955 2527 3998 et
2556 3932 2745 4007 ejieitf'

975 4066 1271 4136 Disputatio
1309 4073 1373 4123 de
1409 4076 1610 4128 eodem.

581 4199 955 4271 Interrogatio.
992 4201 1104 4256 Cur
1132 4203 1293 4266 Deus,
1324 4206 1413 4275 qui
1441 4208 1825 4275 comprehendi
1859 4225 1961 4263 non
1991 4225 2081 4279 po-

510 4301 635 4355 test,
679 4294 914 4361 virgineo
957 4305 1111 4348 utero
1154 4298 1576 4363 comprehensus
1615 4299 1735 4353 est?
1771 4300 2077 4368 Responsio.

508 4384 641 4449 Quia
685 4384 988 4438 mortalium
1030 4401 1202 4456 genus
1240 4387 1526 4456 redimere,
1564 4400 1618 4445 et
1656 4408 1685 4445 a
1728 4395 1986 4449 servitute
2028 4396 2079 4448 in

507 4474 807 4527 libertatem
838 4490 1085 4532 asserere
1117 4478 1338 4547 placuit.

576 4565 837 4637 Interrog.
874 4566 984 4623 Cur
1012 4570 1162 4623 initio
1203 4586 1396 4626 carens
1422 4587 1488 4627 ex
1517 4574 1739 4629 muliere
1779 4576 1927 4630 nasci
1958 4590 2077 4644 per-

506 4658 663 4712 tulit?
712 4658 870 4726 Resp.
922 4660 1365 4732 Quandoquidem
1424 4666 1525 4719 sub
1579 4667 1865 4721 maledicto
1918 4681 2075 4723 erant

502 4768 689 4809 «anites
724 4755 972 4810 homines
1008 4760 1192 4826 (erant
1230 4760 1372 4815 enim
1411 4764 1511 4815 sub
1550 4765 1753 4832 peccati
1789 4765 1952 4835 303
1993 4782 2075 4819 re-

502 4845 648 4916 gno),
683 4847 802 4901 ideo
835 4848 886 4901 in
917 4859 1120 4904 natura
1151 4852 1302 4905 initia
1334 4855 1533 4909 relatus
1565 4866 1649 4909 est
1673 4835 1882 4911 ainohis
1918 4860 2069 4927 ipsis,

502 4946 560 4989 nt
612 4946 666 4991 et
712 4952 1060 5009 cognatorum
1110 4944 1480 5011 nativitatem,
1531 4956 1583 5002 et
1634 4948 1809 5016 ipsum
1863 4960 2071 5003 uterum

500 5030 881 5088 Sanctificaret.

572 5121 834 5193 Interrog.
875 5125 984 5179 Cur
1011 5126 1342 5185 inalterabile
1372 5141 1427 5186 et
1456 5132 1792 5189 immutabile
1824 5134 1914 5189 Dei
1937 5136 2069 5190 Ver-

502 5213 624 5294 hum
668 5216 807 5269 inter
848 5216 1094 5273 homines
1134 5232 1526 5291 computatum,
1571 5234 1626 5279 et
1670 5227 1829 5282 homo
1871 5228 2067 5282 factum

500 5304 615 5357 est?
644 5304 795 5375 Resp.
822 5305 902 5362 Ob
932 5309 981 5362 id
1015 5311 1104 5365 Dei
1128 5310 1305 5368 Verbo
1332 5315 1695 5384 dispensative
1726 5332 1943 5388 propter
1966 5337 2068 5375 nos

500 5396 552 5446 in
587 5396 833 5451 humanis
860 5400 1102 5467 versari,
1136 5404 1397 5470 nobisque
1428 5420 1523 5474 per
1550 5409 1763 5472 omnia,
1796 5410 1911 5463 solo
1939 5426 2066 5479 pec-

501 5497 622 5538 cato
648 5496 896 5557 excepto,
929 5491 1215 5548 assimilari
1247 5496 1465 5566 placuit,
1497 5500 1623 5559 quia
1656 5484 1945 5557 humanum
1976 5518 2069 5573 ge-

502 5592 603 5630 nus
632 5578 845 5636 salvare
871 5582 1064 5639 voluit.

572 5754 593 5783 ³
629 5754 807 5831 λιᾷτινςε.Δ
832 5757 1013 5820 tv,38.
1082 5761 1107 5793 ⁸
1133 5761 1287 5819 Joau.
1325 5780 1396 5831 tv,
1426 5765 1479 5821 6.

1555 5769 1577 5800 '
1620 5769 1817 5825 Matth.
1859 5787 1967 5838 xiv,
2006 5771 2095 5825 ‘25.

500 5824 587 5881 δι.
664 5828 682 5855 ⁸
714 5825 756 5877 ιι
781 5827 876 5879 τὶπ.
908 5842 980 5891 tv,
1014 5831 1100 5884 12.

2533 4082 2852 4153 Subitam
2889 4087 3019 4156 περὶ
3059 4090 3162 4144 τοῦ
3197 4095 3404 4150 αὐτοῦ.

2262 4220 2598 4287 Ἐρώτησις.
2646 4221 2768 4285 Πῶς
2800 4225 2828 4276 ὁ
2856 4222 2987 4288 Θεὸς
3013 4227 3041 4277 ὁ
3074 4228 3359 4301 άχώρητος
3404 4236 3663 4311 ἐχωρήθη
3699 4244 3757 4297 δν

2182 4310 2363 4380 μήτρᾳ
2419 4310 2759 4383 παρθενικῇ;
2835 4314 3181 4384 Ἀπόκρισις.
3222 4322 3439 4397 Ἐπειδὴ
3498 4310 3757 4398 εὐδόκησα

2177 4400 2597 4469 λυτρώσασθαι,
2656 4407 2749 4457 καὶ
2799 4404 3164 4477 ἐλευθερῶσαι
3214 4413 3273 4465 τὸ
3317 4415 3418 4485 τῆς
3466 4419 3755 4493 ἀνθρώπου

2179 4490 2392 4557 φύσεως
2418 4493 2595 4559 γένος.

2260 4582 2458 4649 Ἐρώτ.
2500 4584 2621 4646 Πῶς
2656 4588 2682 4638 ὁ
2710 4588 2945 4658 ἄναρχος
2964 4592 3216 4663 γέννησιν
3246 4596 3505 4669 ὑπέμεινε
3532 4604 3632 4674 τήν
3667 4605 3755 4660 διὰ

2178 4677 2467 4743 γυναικὸςς
2523 4678 2763 4748 Ἀπόκρ.
2802 4684 3015 4756 Ἐπειδὴ
3065 4687 3169 4741 ὑπὸ
3218 4694 3463 4764 κατάραν
3510 4698 3750 4767 ἑγεγόνιι

2178 4768 2364 4821 λοιπὸν
2412 4771 2518 4831 πᾶς
2566 4771 2881 4843 ἅνθρωπος·
2940 4774 3287 4845 βεϐασίλευτο
3336 4784 3443 4855 γὰρ
3492 4788 3601 4843 ὑπὸ
3657 4793 3747 4863 τῆς

2179 4859 2454 4929 ἁμαρτίας
2478 4878 2491 4888 ·
2530 4860 2618 4913 διὰ
2648 4862 2803 4916 τοῦτο
2834 4867 2913 4928 εἰς
2944 4868 3120 4939 ἀρχὰς
3144 4870 3239 4925 τοῦ
3270 4868 3411 4928 εἶναι
3435 4859 3744 4949 λελόγιστάι

2170 4951 2303 5019 πρὸς
2322 4951 2477 5022 ἡμῶν
2495 4954 2692 5017 αὐτῶν,
2722 4956 2807 5009 ἵνα
2832 4960 2924 5010 καὶ
2948 4960 3043 5031 τὴν
3072 4961 3170 5015 τῶν
3196 4968 3472 5035 ὁμογενῶν
3498 4975 3750 5049 γέννησιν

2175 5042 2270 5093 καὶ
2311 5046 2524 5112 μήτραν
2561 5047 2782 5119 ἁγιάσῃ.

2262 5134 2459 5201 Ἐρώτ.
2499 5136 2621 5200 Πῶς
2670 5139 2727 5191 ἐν
2774 5141 3081 5227 ἁνθρῴποις
3119 5149 3496 5227 κατελογίσθη,
3529 5160 3627 5213 καὶ
3654 5162 3747 5216 ἆν-

2177 5226 2391 5297 θρωπος
2419 5229 2630 5297 γέγονε,
2680 5225 2951 5303 ἅτρεπτὸέ
2979 5255 3036 5291 τε
3065 5242 3158 5295 καὶ
3192 5225 3549 5314 ἀναλλοίωεος
3585 5256 3614 5306 ὀ
3655 5256 3746 5310 τοῦ

2175 5319 2310 5371 Θεοῦ
2364 5322 2567 5389 Λόγος;
2631 5324 2856 5394 Ἀπόχρ.
2908 5330 2981 5381 Τὸ
3034 5331 3321 5404 ἀνθρώπου
3364 5341 3521 5408 γένος
3573 5349 3746 5403 σῶσαι

2174 5409 2515 5517 βορλόμενος,
2546 5414 2804 5517 εῦδόκησε
2851 5418 2917 5471 δι’
2947 5422 3092 5490 ἡμᾶς
3116 5426 3174 5477 ἐν
3202 5426 3214 5497 |
3240 5428 3325 5485 ἵσ.
3362 5433 3615 5499 γενέσθαι
3644 5440 3743 5517 ἐν]

2171 5504 2283 5565 τοῖς
2333 5502 2457 5555 καθ’
2487 5505 2634 5575 ἡμᾶς
2674 5509 3053 5581 οἰκονομικῶς,
3098 5519 3193 5571 καὶ
3236 5519 3555 5589 ὡμοιῶσθαι
3615 5502 3741 5602 ἠμῖς

2172 5597 2313 5649 κατὰ
2352 5596 2548 5661 πάντα,
2588 5599 2756 5671 χωρὶς
2794 5602 3093 5673 ἁμαρτιας.

2173 5774 2193 5804 ⁸
2229 5774 2459 5845 Philipp.
2492 5792 2549 5841 tt,
2584 5773 2641 5833 7.

2735 5778 2752 5809 ⁷
2798 5778 3025 5837 Baruch.
3058 5797 3141 5851 tu,
3175 5786 3263 5842 53.
3377 5791 3399 5823 '
3429 5793 3585 5850 Joan.
3620 5814 3727 5856 xix.
