  <div class='ocr_page' id='page_1' title='image "/cluster/home/n/w/nwhite01/storage/ocr_20150623/75/ien.35556001661032/720.png"; bbox 0 0 3996 6466; ppageno 0'>
   <div class='ocr_carea' id='block_1_1' title="bbox 231 465 370 522">
    <p class='ocr_par' dir='ltr' id='par_1_1' title="bbox 231 465 370 522">
     <span class='ocr_line' id='line_1_1' title="bbox 231 465 370 522; baseline -0.029 0"><span class='ocrx_word' id='word_1_1' title='bbox 231 465 370 522; x_wconf 75' lang='lat' dir='ltr'><strong>Ml&#39;l</strong></span> 
     </span>
    </p>
   </div>
   <div class='ocr_carea' id='block_1_2' title="bbox 1170 460 2572 521">
    <p class='ocr_par' dir='ltr' id='par_1_2' title="bbox 1170 460 2572 521">
     <span class='ocr_line' id='line_1_2' title="bbox 1170 460 2572 521; baseline 0.001 -2"><span class='ocrx_word' id='word_1_2' title='bbox 1170 460 1467 520; x_wconf 79' lang='lat' dir='ltr'><strong>SCBOLIA</strong></span> <span class='ocrx_word' id='word_1_3' title='bbox 1509 463 1600 520; x_wconf 79' lang='lat' dir='ltr'><strong>DE</strong></span> <span class='ocrx_word' id='word_1_4' title='bbox 1637 461 2154 521; x_wconf 72' lang='lat' dir='ltr'><strong>INCARNATIONE</strong></span> <span class='ocrx_word' id='word_1_5' title='bbox 2192 460 2404 520; x_wconf 77' lang='lat' dir='ltr'><strong>VERBI</strong></span> <span class='ocrx_word' id='word_1_6' title='bbox 2438 462 2572 521; x_wconf 75' lang='lat' dir='ltr'><strong>DEI.</strong></span> 
     </span>
    </p>
   </div>
   <div class='ocr_carea' id='block_1_3' title="bbox 3368 472 3510 534">
    <p class='ocr_par' dir='ltr' id='par_1_3' title="bbox 3368 472 3510 534">
     <span class='ocr_line' id='line_1_3' title="bbox 3368 472 3510 534; baseline 0.049 -7"><span class='ocrx_word' id='word_1_7' title='bbox 3368 472 3510 534; x_wconf 83' lang='lat' dir='ltr'><strong>ms</strong></span> 
     </span>
    </p>
   </div>
   <div class='ocr_carea' id='block_1_4' title="bbox 313 579 1813 657">
    <p class='ocr_par' dir='ltr' id='par_1_4' title="bbox 313 580 1810 653">
     <span class='ocr_line' id='line_1_4' title="bbox 313 580 1810 653; baseline -0.001 -15"><span class='ocrx_word' id='word_1_8' title='bbox 313 583 504 653; x_wconf 74' lang='lat' dir='ltr'><strong>’l’pa&#39;n&#39;.</strong></span> <span class='ocrx_word' id='word_1_9' title='bbox 548 582 672 644; x_wconf 84' lang='grc' dir='ltr'><strong>Πῶς</strong></span> <span class='ocrx_word' id='word_1_10' title='bbox 723 581 803 651; x_wconf 79' lang='grc' dir='ltr'><strong>τῷ</strong></span> <span class='ocrx_word' id='word_1_11' title='bbox 852 581 1054 635; x_wconf 77' lang='grc' dir='ltr'><strong>ἀπαθεῖ</strong></span> <span class='ocrx_word' id='word_1_12' title='bbox 1100 580 1286 645; x_wconf 80' lang='grc' dir='ltr'>ὕπνον,</span> <span class='ocrx_word' id='word_1_13' title='bbox 1337 582 1430 635; x_wconf 79' lang='grc' dir='ltr'>καὶ</span> <span class='ocrx_word' id='word_1_14' title='bbox 1480 584 1666 645; x_wconf 86' lang='grc' dir='ltr'>κόπον,</span> <span class='ocrx_word' id='word_1_15' title='bbox 1716 583 1810 636; x_wconf 73' lang='grc' dir='ltr'>καὶ</span> 
     </span>
    </p>
   </div>
   <div class='ocr_carea' id='block_1_5' title="bbox 1919 579 3504 657">
    <p class='ocr_par' dir='ltr' id='par_1_5' title="bbox 1985 579 3504 657">
     <span class='ocr_line' id='line_1_5' title="bbox 1985 579 3504 657; baseline 0.006 -21"><span class='ocrx_word' id='word_1_16' title='bbox 1985 581 2250 654; x_wconf 77' lang='lat' dir='ltr'><strong>Interrog.</strong></span> <span class='ocrx_word' id='word_1_17' title='bbox 2291 581 2574 650; x_wconf 81' lang='lat' dir='ltr'><strong>Quomodo</strong></span> <span class='ocrx_word' id='word_1_18' title='bbox 2609 579 2893 651; x_wconf 85' lang='lat' dir='ltr'><strong>impatihili</strong></span> <span class='ocrx_word' id='word_1_19' title='bbox 2927 596 3204 648; x_wconf 87' lang='lat' dir='ltr'><strong>somnum,</strong></span> <span class='ocrx_word' id='word_1_20' title='bbox 3240 584 3504 657; x_wconf 83' lang='lat' dir='ltr'><strong>laborem,</strong></span> 
     </span>
    </p>
   </div>
   <div class='ocr_carea' id='block_1_6' title="bbox 228 670 1812 742">
    <p class='ocr_par' dir='ltr' id='par_1_6' title="bbox 228 670 1812 742">
     <span class='ocr_line' id='line_1_6' title="bbox 228 670 1812 742; baseline -0.003 -12"><span class='ocrx_word' id='word_1_21' title='bbox 228 678 445 742; x_wconf 85' lang='grc' dir='ltr'>πεῖναν,</span> <span class='ocrx_word' id='word_1_22' title='bbox 478 674 573 727; x_wconf 77' lang='grc' dir='ltr'>καὶ</span> <span class='ocrx_word' id='word_1_23' title='bbox 605 673 860 742; x_wconf 72' lang='grc' dir='ltr'>σταυρὸν,</span> <span class='ocrx_word' id='word_1_24' title='bbox 890 673 982 725; x_wconf 86' lang='grc' dir='ltr'>καὶ</span> <span class='ocrx_word' id='word_1_25' title='bbox 1010 671 1189 725; x_wconf 88' lang='grc' dir='ltr'>πάντα</span> <span class='ocrx_word' id='word_1_26' title='bbox 1212 670 1284 726; x_wconf 91' lang='grc' dir='ltr'><strong>τά</strong></span> <span class='ocrx_word' id='word_1_27' title='bbox 1307 671 1642 741; x_wconf 85' lang='grc' dir='ltr'>ὑποκείμενα</span> <span class='ocrx_word' id='word_1_28' title='bbox 1683 673 1812 741; x_wconf 86' lang='grc' dir='ltr'>φθο-</span> 
     </span>
    </p>
   </div>
   <div class='ocr_carea' id='block_1_7' title="bbox 230 757 1814 841">
    <p class='ocr_par' dir='ltr' id='par_1_7' title="bbox 230 757 1814 841">
     <span class='ocr_line' id='line_1_7' title="bbox 230 757 1814 841; baseline -0.003 -20"><span class='ocrx_word' id='word_1_29' title='bbox 230 769 325 841; x_wconf 75' lang='grc' dir='ltr'><strong>ρᾷ,</strong></span> <span class='ocrx_word' id='word_1_30' title='bbox 361 766 682 837; x_wconf 82' lang='grc' dir='ltr'>περιάπτειν</span> <span class='ocrx_word' id='word_1_31' title='bbox 726 763 999 834; x_wconf 74' lang='grc' dir='ltr'>τολμᾶτες</span> <span class='ocrx_word' id='word_1_32' title='bbox 1063 765 1300 835; x_wconf 75' lang='grc' dir='ltr'>Ἀπόκρ.</span> <span class='ocrx_word' id='word_1_33' title='bbox 1331 765 1603 834; x_wconf 82' lang='grc' dir='ltr'><strong>Εὐφήμει,</strong></span> <span class='ocrx_word' id='word_1_34' title='bbox 1648 757 1693 818; x_wconf 79' lang='grc' dir='ltr'>ὦ</span> <span class='ocrx_word' id='word_1_35' title='bbox 1717 764 1814 818; x_wconf 80' lang='grc' dir='ltr'><strong>ἇν-</strong></span> 
     </span>
    </p>
   </div>
   <div class='ocr_carea' id='block_1_8' title="bbox 230 851 1810 926">
    <p class='ocr_par' dir='ltr' id='par_1_8' title="bbox 230 851 1810 926">
     <span class='ocr_line' id='line_1_8' title="bbox 230 851 1810 926; baseline -0.002 -18"><span class='ocrx_word' id='word_1_36' title='bbox 230 856 442 926; x_wconf 83' lang='grc' dir='ltr'>θρωπε,</span> <span class='ocrx_word' id='word_1_37' title='bbox 489 851 815 922; x_wconf 77' lang='grc' dir='ltr'><strong>παρακαλῶ.</strong></span> <span class='ocrx_word' id='word_1_38' title='bbox 848 853 987 924; x_wconf 75' lang='grc' dir='ltr'><strong>Ἤδη</strong></span> <span class='ocrx_word' id='word_1_39' title='bbox 1030 855 1310 922; x_wconf 73' lang='grc' dir='ltr'>προεῖπον,</span> <span class='ocrx_word' id='word_1_40' title='bbox 1351 855 1516 924; x_wconf 72' lang='grc' dir='ltr'>σαρκὶ</span> <span class='ocrx_word' id='word_1_41' title='bbox 1568 853 1810 924; x_wconf 82' lang='grc' dir='ltr'>παθητῇ,</span> 
     </span>
    </p>
   </div>
   <div class='ocr_carea' id='block_1_9' title="bbox 232 932 1814 1016">
    <p class='ocr_par' dir='ltr' id='par_1_9' title="bbox 232 932 1814 1016">
     <span class='ocr_line' id='line_1_9' title="bbox 232 932 1814 1016; baseline -0.003 -14"><span class='ocrx_word' id='word_1_42' title='bbox 232 932 416 1010; x_wconf 73' lang='grc' dir='ltr'>καθὼς</span> <span class='ocrx_word' id='word_1_43' title='bbox 441 946 533 1000; x_wconf 76' lang='grc' dir='ltr'>καὶ</span> <span class='ocrx_word' id='word_1_44' title='bbox 557 948 614 997; x_wconf 81' lang='grc' dir='ltr'>αἱ</span> <span class='ocrx_word' id='word_1_45' title='bbox 638 945 780 998; x_wconf 87' lang='grc' dir='ltr'>θεῖαι</span> <span class='ocrx_word' id='word_1_46' title='bbox 797 945 1015 1014; x_wconf 82' lang='grc' dir='ltr'>Γραφαὶ</span> <span class='ocrx_word' id='word_1_47' title='bbox 1047 946 1178 1015; x_wconf 75' lang='grc' dir='ltr'>ἡμῖν</span> <span class='ocrx_word' id='word_1_48' title='bbox 1208 943 1625 1016; x_wconf 80' lang='grc' dir='ltr'>παραδεδώκασι</span> <span class='ocrx_word' id='word_1_49' title='bbox 1639 944 1814 1015; x_wconf 80' lang='grc' dir='ltr'>[δεδη-</span> 
     </span>
    </p>
   </div>
   <div class='ocr_carea' id='block_1_10' title="bbox 229 1022 1814 1108">
    <p class='ocr_par' dir='ltr' id='par_1_10' title="bbox 229 1022 1814 1108">
     <span class='ocr_line' id='line_1_10' title="bbox 229 1022 1814 1108; baseline -0.001 -17"><span class='ocrx_word' id='word_1_50' title='bbox 229 1034 482 1108; x_wconf 66' lang='lat' dir='ltr'><strong>libitum],</strong></span> <span class='ocrx_word' id='word_1_51' title='bbox 516 1037 818 1108; x_wconf 80' lang='grc' dir='ltr'>περιῆφθαι</span> <span class='ocrx_word' id='word_1_52' title='bbox 839 1035 930 1090; x_wconf 82' lang='grc' dir='ltr'>τὸν</span> <span class='ocrx_word' id='word_1_53' title='bbox 949 1034 1045 1088; x_wconf 88' lang='grc' dir='ltr'><strong>τοῦ</strong></span> <span class='ocrx_word' id='word_1_54' title='bbox 1068 1034 1200 1090; x_wconf 85' lang='grc' dir='ltr'>Θεοῦ</span> <span class='ocrx_word' id='word_1_55' title='bbox 1221 1036 1426 1104; x_wconf 71' lang='grc' dir='ltr'>Λόγον,</span> <span class='ocrx_word' id='word_1_56' title='bbox 1451 1037 1545 1089; x_wconf 53' lang='grc' dir='ltr'><strong>καὶ⁹</strong></span> <span class='ocrx_word' id='word_1_57' title='bbox 1574 1022 1814 1106; x_wconf 78' lang='grc' dir='ltr'><strong>ἡνῶσθαι</strong></span> 
     </span>
    </p>
   </div>
   <div class='ocr_carea' id='block_1_11' title="bbox 232 1126 1812 1198">
    <p class='ocr_par' dir='ltr' id='par_1_11' title="bbox 232 1126 1812 1198">
     <span class='ocr_line' id='line_1_11' title="bbox 232 1126 1812 1198; baseline -0.003 -12"><span class='ocrx_word' id='word_1_58' title='bbox 232 1131 394 1186; x_wconf 77' lang='grc' dir='ltr'>αὐτὸν</span> <span class='ocrx_word' id='word_1_59' title='bbox 427 1130 588 1198; x_wconf 78' lang='grc' dir='ltr'>αὐτῇ,</span> <span class='ocrx_word' id='word_1_60' title='bbox 621 1129 716 1181; x_wconf 77' lang='grc' dir='ltr'>καὶ</span> <span class='ocrx_word' id='word_1_61' title='bbox 760 1127 826 1180; x_wconf 83' lang='grc' dir='ltr'>δι’</span> <span class='ocrx_word' id='word_1_62' title='bbox 856 1127 1025 1198; x_wconf 78' lang='grc' dir='ltr'>αὐτῆς</span> <span class='ocrx_word' id='word_1_63' title='bbox 1071 1127 1350 1196; x_wconf 79' lang='grc' dir='ltr'>πεφηνότα</span> <span class='ocrx_word' id='word_1_64' title='bbox 1394 1126 1487 1180; x_wconf 85' lang='grc' dir='ltr'>τὸν</span> <span class='ocrx_word' id='word_1_65' title='bbox 1536 1127 1663 1180; x_wconf 79' lang='grc' dir='ltr'>Υἱὺν</span> <span class='ocrx_word' id='word_1_66' title='bbox 1717 1128 1812 1181; x_wconf 78' lang='grc' dir='ltr'><strong>τοῦ</strong></span> 
     </span>
    </p>
   </div>
   <div class='ocr_carea' id='block_1_12' title="bbox 225 1215 1811 1289">
    <p class='ocr_par' dir='ltr' id='par_1_12' title="bbox 225 1215 1811 1289">
     <span class='ocr_line' id='line_1_12' title="bbox 225 1215 1811 1289; baseline -0.004 -11"><span class='ocrx_word' id='word_1_67' title='bbox 225 1223 388 1285; x_wconf 88' lang='grc' dir='ltr'>Θεοῦ,</span> <span class='ocrx_word' id='word_1_68' title='bbox 435 1220 531 1274; x_wconf 83' lang='grc' dir='ltr'>τὸν</span> <span class='ocrx_word' id='word_1_69' title='bbox 557 1220 692 1274; x_wconf 85' lang='grc' dir='ltr'><strong>Θεὸν</strong></span> <span class='ocrx_word' id='word_1_70' title='bbox 721 1215 923 1287; x_wconf 86' lang='grc' dir='ltr'>Λόγον,</span> <span class='ocrx_word' id='word_1_71' title='bbox 949 1219 1066 1289; x_wconf 85' lang='grc' dir='ltr'>μετ’</span> <span class='ocrx_word' id='word_1_72' title='bbox 1092 1219 1264 1289; x_wconf 81' lang='grc' dir='ltr'>αὐτῆς</span> <span class='ocrx_word' id='word_1_73' title='bbox 1307 1217 1476 1275; x_wconf 76' lang='grc' dir='ltr'>ὕπνον</span> <span class='ocrx_word' id='word_1_74' title='bbox 1500 1219 1811 1289; x_wconf 76' lang='grc' dir='ltr'>ὑπομεῖναι,</span> 
     </span>
    </p>
   </div>
   <div class='ocr_carea' id='block_1_13' title="bbox 229 1306 1813 1381">
    <p class='ocr_par' dir='ltr' id='par_1_13' title="bbox 229 1306 1813 1381">
     <span class='ocr_line' id='line_1_13' title="bbox 229 1306 1813 1381; baseline -0.005 -11"><span class='ocrx_word' id='word_1_75' title='bbox 229 1315 328 1370; x_wconf 78' lang='grc' dir='ltr'>καὶ</span> <span class='ocrx_word' id='word_1_76' title='bbox 376 1314 567 1376; x_wconf 86' lang='grc' dir='ltr'>κόπον,</span> <span class='ocrx_word' id='word_1_77' title='bbox 625 1313 722 1366; x_wconf 77' lang='grc' dir='ltr'>καὶ</span> <span class='ocrx_word' id='word_1_78' title='bbox 770 1311 945 1366; x_wconf 86' lang='grc' dir='ltr'>πάντα</span> <span class='ocrx_word' id='word_1_79' title='bbox 991 1309 1060 1364; x_wconf 84' lang='grc' dir='ltr'><strong>τά</strong></span> <span class='ocrx_word' id='word_1_80' title='bbox 1088 1306 1204 1362; x_wconf 67' lang='grc' dir='ltr'>’τοῦ</span> <span class='ocrx_word' id='word_1_81' title='bbox 1257 1308 1590 1380; x_wconf 77' lang='grc' dir='ltr'>ἀνθρώπου,</span> <span class='ocrx_word' id='word_1_82' title='bbox 1644 1309 1813 1381; x_wconf 79' lang='grc' dir='ltr'>χωρὶς</span> 
     </span>
    </p>
   </div>
   <div class='ocr_carea' id='block_1_14' title="bbox 226 1401 1816 1479">
    <p class='ocr_par' dir='ltr' id='par_1_14' title="bbox 226 1401 1816 1479">
     <span class='ocr_line' id='line_1_14' title="bbox 226 1401 1816 1479; baseline -0.005 -16"><span class='ocrx_word' id='word_1_83' title='bbox 226 1406 527 1479; x_wconf 82' lang='grc' dir='ltr'>ἁμαρτίας,</span> <span class='ocrx_word' id='word_1_84' title='bbox 562 1405 623 1458; x_wconf 78' lang='lat' dir='ltr'><strong><em>o6</em></strong></span> <span class='ocrx_word' id='word_1_85' title='bbox 666 1405 734 1475; x_wconf 79' lang='grc' dir='ltr'>τῇ</span> <span class='ocrx_word' id='word_1_86' title='bbox 787 1401 966 1474; x_wconf 73' lang='grc' dir='ltr'>φθορᾷ</span> <span class='ocrx_word' id='word_1_87' title='bbox 1005 1401 1402 1471; x_wconf 72' lang='grc' dir='ltr'><strong>ὑποκείμενος·</strong></span> <span class='ocrx_word' id='word_1_88' title='bbox 1429 1401 1672 1472; x_wconf 82' lang='grc' dir='ltr'>ἀμείνων</span> <span class='ocrx_word' id='word_1_89' title='bbox 1703 1401 1816 1473; x_wconf 81' lang='grc' dir='ltr'>γὰρ</span> 
     </span>
    </p>
   </div>
   <div class='ocr_carea' id='block_1_15' title="bbox 228 1491 1812 1570">
    <p class='ocr_par' dir='ltr' id='par_1_15' title="bbox 228 1491 1812 1570">
     <span class='ocr_line' id='line_1_15' title="bbox 228 1491 1812 1570; baseline -0.006 -16"><span class='ocrx_word' id='word_1_90' title='bbox 228 1500 458 1570; x_wconf 75' lang='grc' dir='ltr'>φθορᾶς,</span> <span class='ocrx_word' id='word_1_91' title='bbox 488 1499 583 1552; x_wconf 70' lang='grc' dir='ltr'>καὶ</span> <span class='ocrx_word' id='word_1_92' title='bbox 613 1496 844 1552; x_wconf 83' lang='grc' dir='ltr'>θανάτου</span> <span class='ocrx_word' id='word_1_93' title='bbox 897 1496 928 1549; x_wconf 92' lang='lat'><strong>6</strong></span> <span class='ocrx_word' id='word_1_94' title='bbox 975 1493 1252 1565; x_wconf 68' lang='grc' dir='ltr'>ἀφθαρτος</span> <span class='ocrx_word' id='word_1_95' title='bbox 1288 1491 1385 1548; x_wconf 74' lang='grc' dir='ltr'>καὶ</span> <span class='ocrx_word' id='word_1_96' title='bbox 1426 1492 1690 1557; x_wconf 75' lang='grc' dir='ltr'>ζωοποιὸς</span> <span class='ocrx_word' id='word_1_97' title='bbox 1716 1492 1812 1569; x_wconf 66' lang='grc' dir='ltr'><strong>τοῦ</strong></span> 
     </span>
    </p>
   </div>
   <div class='ocr_carea' id='block_1_16' title="bbox 225 1582 1812 1666">
    <p class='ocr_par' dir='ltr' id='par_1_16' title="bbox 225 1582 1812 1666">
     <span class='ocr_line' id='line_1_16' title="bbox 225 1582 1812 1666; baseline -0.005 -21"><span class='ocrx_word' id='word_1_98' title='bbox 225 1590 367 1645; x_wconf 85' lang='grc' dir='ltr'>Θεοῦ</span> <span class='ocrx_word' id='word_1_99' title='bbox 418 1589 624 1658; x_wconf 87' lang='grc' dir='ltr'>Λόγος,</span> <span class='ocrx_word' id='word_1_100' title='bbox 662 1586 796 1666; x_wconf 79' lang='grc' dir='ltr'><strong>ἀλλά</strong></span> <span class='ocrx_word' id='word_1_101' title='bbox 839 1585 939 1658; x_wconf 78' lang='grc' dir='ltr'>τὴν</span> <span class='ocrx_word' id='word_1_102' title='bbox 983 1584 1190 1658; x_wconf 70' lang='grc' dir='ltr'>φθορὰν</span> <span class='ocrx_word' id='word_1_103' title='bbox 1234 1584 1522 1640; x_wconf 76' lang='grc' dir='ltr'>ἀποσοϐῶν</span> <span class='ocrx_word' id='word_1_104' title='bbox 1564 1582 1674 1638; x_wconf 79' lang='grc' dir='ltr'>ἀπὸ</span> <span class='ocrx_word' id='word_1_105' title='bbox 1717 1583 1812 1637; x_wconf 85' lang='grc' dir='ltr'><strong>τοῦ</strong></span> 
     </span>
    </p>
   </div>
   <div class='ocr_carea' id='block_1_17' title="bbox 226 1676 1816 1752">
    <p class='ocr_par' dir='ltr' id='par_1_17' title="bbox 226 1676 1816 1752">
     <span class='ocr_line' id='line_1_17' title="bbox 226 1676 1816 1752; baseline -0.005 -15"><span class='ocrx_word' id='word_1_106' title='bbox 226 1682 423 1745; x_wconf 72' lang='grc' dir='ltr'>γάνους</span> <span class='ocrx_word' id='word_1_107' title='bbox 470 1680 580 1734; x_wconf 79' lang='grc' dir='ltr'><strong>τῶν</strong></span> <span class='ocrx_word' id='word_1_108' title='bbox 625 1678 946 1752; x_wconf 82' lang='grc' dir='ltr'>ἀνθρώπων.</span> <span class='ocrx_word' id='word_1_109' title='bbox 995 1677 1109 1733; x_wconf 79' lang='grc' dir='ltr'><strong>οὐκ</strong></span> <span class='ocrx_word' id='word_1_110' title='bbox 1132 1747 1135 1749; x_wconf 7' lang='grc' dir='ltr'><strong>φ</strong></span> <span class='ocrx_word' id='word_1_111' title='bbox 1161 1676 1316 1746; x_wconf 76' lang='grc' dir='ltr'>οἴμαι</span> <span class='ocrx_word' id='word_1_112' title='bbox 1359 1676 1612 1748; x_wconf 70' lang='grc' dir='ltr'>ἔγκλημα</span> <span class='ocrx_word' id='word_1_113' title='bbox 1659 1693 1816 1748; x_wconf 81' lang='grc' dir='ltr'>περι-</span> 
     </span>
    </p>
   </div>
   <div class='ocr_carea' id='block_1_18' title="bbox 227 1765 1816 1842">
    <p class='ocr_par' dir='ltr' id='par_1_18' title="bbox 227 1765 1816 1842">
     <span class='ocr_line' id='line_1_18' title="bbox 227 1765 1816 1842; baseline -0.007 -13"><span class='ocrx_word' id='word_1_114' title='bbox 227 1771 500 1829; x_wconf 77' lang='grc' dir='ltr'>άπτεσθαι</span> <span class='ocrx_word' id='word_1_115' title='bbox 529 1770 762 1842; x_wconf 82' lang='grc' dir='ltr'>βασιλεῖ,</span> <span class='ocrx_word' id='word_1_116' title='bbox 784 1769 984 1826; x_wconf 64' lang='grc' dir='ltr'>ὁπόταν</span> <span class='ocrx_word' id='word_1_117' title='bbox 1011 1767 1336 1839; x_wconf 81' lang='grc' dir='ltr'>βουλόμενος</span> <span class='ocrx_word' id='word_1_118' title='bbox 1366 1765 1540 1820; x_wconf 88' lang='grc' dir='ltr'>σῶσαι</span> <span class='ocrx_word' id='word_1_119' title='bbox 1565 1765 1628 1819; x_wconf 78' lang='grc' dir='ltr'>τὸ</span> <span class='ocrx_word' id='word_1_120' title='bbox 1658 1765 1816 1832; x_wconf 79' lang='grc' dir='ltr'>ῖδιον,</span> 
     </span>
    </p>
   </div>
   <div class='ocr_carea' id='block_1_19' title="bbox 224 1858 1810 1934">
    <p class='ocr_par' dir='ltr' id='par_1_19' title="bbox 224 1858 1810 1934">
     <span class='ocr_line' id='line_1_19' title="bbox 224 1858 1810 1934; baseline -0.005 -16"><span class='ocrx_word' id='word_1_121' title='bbox 224 1864 290 1918; x_wconf 81' lang='grc' dir='ltr'>τὸ</span> <span class='ocrx_word' id='word_1_122' title='bbox 331 1861 426 1918; x_wconf 89' lang='grc' dir='ltr'><strong>τοῦ</strong></span> <span class='ocrx_word' id='word_1_123' title='bbox 472 1861 662 1916; x_wconf 79' lang='grc' dir='ltr'>δούλου</span> <span class='ocrx_word' id='word_1_124' title='bbox 693 1863 880 1934; x_wconf 75' lang='grc' dir='ltr'>σχῆμα</span> <span class='ocrx_word' id='word_1_125' title='bbox 911 1861 1224 1930; x_wconf 67' lang='grc' dir='ltr'>ἐνδύσηται.</span> <span class='ocrx_word' id='word_1_126' title='bbox 1256 1861 1368 1913; x_wconf 72' lang='grc' dir='ltr'><strong>Καὶ</strong></span> <span class='ocrx_word' id='word_1_127' title='bbox 1400 1858 1517 1924; x_wconf 84' lang='grc' dir='ltr'><strong>πῶς</strong></span> <span class='ocrx_word' id='word_1_128' title='bbox 1549 1858 1810 1930; x_wconf 76' lang='grc' dir='ltr'>τολμήσει</span> 
     </span>
    </p>
   </div>
   <div class='ocr_carea' id='block_1_20' title="bbox 1919 671 3510 746">
    <p class='ocr_par' dir='ltr' id='par_1_20' title="bbox 1919 671 3510 746">
     <span class='ocr_line' id='line_1_20' title="bbox 1919 671 3510 746; baseline 0.005 -17"><span class='ocrx_word' id='word_1_129' title='bbox 1919 675 2381 745; x_wconf 71' lang='lat' dir='ltr'><strong>deiatigationem,</strong></span> <span class='ocrx_word' id='word_1_130' title='bbox 2423 682 2664 740; x_wconf 77' lang='lat' dir='ltr'><strong>crucem“,</strong></span> <span class='ocrx_word' id='word_1_131' title='bbox 2703 671 2929 738; x_wconf 67' lang='lat' dir='ltr'><strong>laniem,</strong></span> <span class='ocrx_word' id='word_1_132' title='bbox 2970 683 3281 746; x_wconf 63' lang='lat' dir='ltr'><strong>ceteraque</strong></span> <span class='ocrx_word' id='word_1_133' title='bbox 3323 681 3510 737; x_wconf 82' lang='lat' dir='ltr'><strong>omnia</strong></span> 
     </span>
    </p>
   </div>
   <div class='ocr_carea' id='block_1_21' title="bbox 1918 764 3508 836">
    <p class='ocr_par' dir='ltr' id='par_1_21' title="bbox 1918 764 3508 836">
     <span class='ocr_line' id='line_1_21' title="bbox 1918 764 3508 836; baseline 0.004 -16"><span class='ocrx_word' id='word_1_134' title='bbox 1918 766 2254 836; x_wconf 87' lang='lat' dir='ltr'><strong>corruptioni</strong></span> <span class='ocrx_word' id='word_1_135' title='bbox 2291 765 2535 836; x_wconf 84' lang='lat' dir='ltr'><strong>subjecta</strong></span> <span class='ocrx_word' id='word_1_136' title='bbox 2577 764 2820 825; x_wconf 86' lang='lat' dir='ltr'><strong>tribuere</strong></span> <span class='ocrx_word' id='word_1_137' title='bbox 2841 765 3097 822; x_wconf 77' lang='lat' dir='ltr'><strong>audetis?</strong></span> <span class='ocrx_word' id='word_1_138' title='bbox 3130 764 3284 836; x_wconf 78' lang='lat' dir='ltr'><strong>Resp.</strong></span> <span class='ocrx_word' id='word_1_139' title='bbox 3314 768 3508 835; x_wconf 83' lang='lat' dir='ltr'><strong>Parce.</strong></span> 
     </span>
    </p>
   </div>
   <div class='ocr_carea' id='block_1_22' title="bbox 1915 843 3509 924">
    <p class='ocr_par' dir='ltr' id='par_1_22' title="bbox 1915 843 3509 924">
     <span class='ocr_line' id='line_1_22' title="bbox 1915 843 3509 924; baseline 0.006 -16"><span class='ocrx_word' id='word_1_140' title='bbox 1915 870 2121 924; x_wconf 72' lang='grc' dir='ltr'>ηυωεο,</span> <span class='ocrx_word' id='word_1_141' title='bbox 2148 855 2470 911; x_wconf 84' lang='lat' dir='ltr'><strong>maledictis.</strong></span> <span class='ocrx_word' id='word_1_142' title='bbox 2517 853 2640 910; x_wconf 82' lang='lat' dir='ltr'><strong>Jam</strong></span> <span class='ocrx_word' id='word_1_143' title='bbox 2690 861 2820 910; x_wconf 90' lang='lat' dir='ltr'><strong>ante</strong></span> <span class='ocrx_word' id='word_1_144' title='bbox 2868 855 3078 923; x_wconf 90' lang='lat' dir='ltr'><strong>monui,</strong></span> <span class='ocrx_word' id='word_1_145' title='bbox 3129 843 3223 912; x_wconf 86' lang='lat' dir='ltr'><strong>Dei</strong></span> <span class='ocrx_word' id='word_1_146' title='bbox 3271 857 3509 918; x_wconf 82' lang='lat' dir='ltr'><strong>Verbum</strong></span> 
     </span>
    </p>
   </div>
   <div class='ocr_carea' id='block_1_23' title="bbox 1915 942 3514 1015">
    <p class='ocr_par' dir='ltr' id='par_1_23' title="bbox 1915 942 3514 1015">
     <span class='ocr_line' id='line_1_23' title="bbox 1915 942 3514 1015; baseline 0.006 -17"><span class='ocrx_word' id='word_1_147' title='bbox 1915 958 2080 998; x_wconf 88' lang='lat' dir='ltr'><strong>carne</strong></span> <span class='ocrx_word' id='word_1_148' title='bbox 2126 944 2403 1013; x_wconf 84' lang='lat' dir='ltr'><strong>passibili,</strong></span> <span class='ocrx_word' id='word_1_149' title='bbox 2437 944 2750 1010; x_wconf 83' lang='lat' dir='ltr'><strong>sectmdum</strong></span> <span class='ocrx_word' id='word_1_150' title='bbox 2782 942 3205 1015; x_wconf 80' lang='lat' dir='ltr'><strong>Scripturarum</strong></span> <span class='ocrx_word' id='word_1_151' title='bbox 3257 950 3514 1008; x_wconf 84' lang='lat' dir='ltr'><strong>traditio-</strong></span> 
     </span>
    </p>
   </div>
   <div class='ocr_carea' id='block_1_24' title="bbox 1915 1035 3512 1110">
    <p class='ocr_par' dir='ltr' id='par_1_24' title="bbox 1915 1035 3512 1110">
     <span class='ocr_line' id='line_1_24' title="bbox 1915 1035 3512 1110; baseline 0.007 -22"><span class='ocrx_word' id='word_1_152' title='bbox 1915 1051 2069 1102; x_wconf 86' lang='lat' dir='ltr'><strong>nem,</strong></span> <span class='ocrx_word' id='word_1_153' title='bbox 2101 1051 2163 1092; x_wconf 89' lang='lat' dir='ltr'><strong>se</strong></span> <span class='ocrx_word' id='word_1_154' title='bbox 2197 1037 2469 1102; x_wconf 88' lang='lat' dir='ltr'><strong>induisse,</strong></span> <span class='ocrx_word' id='word_1_155' title='bbox 2503 1045 2558 1091; x_wconf 92' lang='lat' dir='ltr'><strong>et</strong></span> <span class='ocrx_word' id='word_1_156' title='bbox 2591 1051 2653 1091; x_wconf 91' lang='lat' dir='ltr'><strong>se</strong></span> <span class='ocrx_word' id='word_1_157' title='bbox 2689 1035 2765 1091; x_wconf 88' lang='lat' dir='ltr'><strong>illi</strong></span> <span class='ocrx_word' id='word_1_158' title='bbox 2803 1037 2988 1093; x_wconf 89' lang='lat' dir='ltr'><strong>unisse</strong></span> <span class='ocrx_word' id='word_1_159' title='bbox 3020 1056 3034 1092; x_wconf 87' lang='lat'><strong>:</strong></span> <span class='ocrx_word' id='word_1_160' title='bbox 3069 1053 3165 1109; x_wconf 86' lang='lat' dir='ltr'><strong>per</strong></span> <span class='ocrx_word' id='word_1_161' title='bbox 3193 1039 3368 1110; x_wconf 88' lang='lat' dir='ltr'><strong>ipsam</strong></span> <span class='ocrx_word' id='word_1_162' title='bbox 3408 1058 3512 1098; x_wconf 84' lang='lat' dir='ltr'><strong>au—</strong></span> 
     </span>
    </p>
   </div>
   <div class='ocr_carea' id='block_1_25' title="bbox 1916 1125 3512 1199">
    <p class='ocr_par' dir='ltr' id='par_1_25' title="bbox 1916 1125 3512 1199">
     <span class='ocr_line' id='line_1_25' title="bbox 1916 1125 3512 1199; baseline 0.008 -21"><span class='ocrx_word' id='word_1_163' title='bbox 1916 1137 2021 1178; x_wconf 87' lang='lat' dir='ltr'><strong>tem</strong></span> <span class='ocrx_word' id='word_1_164' title='bbox 2072 1125 2240 1181; x_wconf 89' lang='lat' dir='ltr'><strong>Deum</strong></span> <span class='ocrx_word' id='word_1_165' title='bbox 2285 1125 2518 1181; x_wconf 82' lang='lat' dir='ltr'><strong>Verbum</strong></span> <span class='ocrx_word' id='word_1_166' title='bbox 2569 1135 2626 1181; x_wconf 89' lang='lat' dir='ltr'><strong>et</strong></span> <span class='ocrx_word' id='word_1_167' title='bbox 2675 1127 2766 1181; x_wconf 86' lang='lat' dir='ltr'><strong>Dei</strong></span> <span class='ocrx_word' id='word_1_168' title='bbox 2817 1126 3012 1183; x_wconf 85' lang='lat' dir='ltr'><strong>Filium</strong></span> <span class='ocrx_word' id='word_1_169' title='bbox 3061 1131 3401 1199; x_wconf 75' lang='lat' dir='ltr'><strong>apparuisse,</strong></span> <span class='ocrx_word' id='word_1_170' title='bbox 3455 1145 3512 1190; x_wconf 91' lang='lat' dir='ltr'><strong>et</strong></span> 
     </span>
    </p>
   </div>
   <div class='ocr_carea' id='block_1_26' title="bbox 1915 1217 3506 1294">
    <p class='ocr_par' dir='ltr' id='par_1_26' title="bbox 1915 1217 3506 1294">
     <span class='ocr_line' id='line_1_26' title="bbox 1915 1217 3506 1294; baseline 0.008 -25"><span class='ocrx_word' id='word_1_171' title='bbox 1915 1232 2036 1270; x_wconf 88' lang='lat' dir='ltr'><strong>cum</strong></span> <span class='ocrx_word' id='word_1_172' title='bbox 2085 1218 2198 1287; x_wconf 88' lang='lat' dir='ltr'><strong>ipsa</strong></span> <span class='ocrx_word' id='word_1_173' title='bbox 2226 1217 2492 1283; x_wconf 81' lang='lat' dir='ltr'><strong>laborem,</strong></span> <span class='ocrx_word' id='word_1_174' title='bbox 2521 1226 2578 1272; x_wconf 88' lang='lat' dir='ltr'><strong>et</strong></span> <span class='ocrx_word' id='word_1_175' title='bbox 2618 1232 2870 1274; x_wconf 82' lang='lat' dir='ltr'><strong>somnum</strong></span> <span class='ocrx_word' id='word_1_176' title='bbox 2916 1228 2971 1276; x_wconf 90' lang='lat' dir='ltr'><strong>et</strong></span> <span class='ocrx_word' id='word_1_177' title='bbox 3017 1222 3255 1278; x_wconf 87' lang='lat' dir='ltr'><strong>humana</strong></span> <span class='ocrx_word' id='word_1_178' title='bbox 3299 1225 3506 1294; x_wconf 87' lang='lat' dir='ltr'><strong>omnia,</strong></span> 
     </span>
    </p>
   </div>
   <div class='ocr_carea' id='block_1_27' title="bbox 1914 1312 3508 1385">
    <p class='ocr_par' dir='ltr' id='par_1_27' title="bbox 1914 1312 3508 1385">
     <span class='ocr_line' id='line_1_27' title="bbox 1914 1312 3508 1385; baseline 0.008 -24"><span class='ocrx_word' id='word_1_179' title='bbox 1914 1317 2136 1376; x_wconf 77' lang='lat' dir='ltr'><strong>peccato</strong></span> <span class='ocrx_word' id='word_1_180' title='bbox 2187 1313 2395 1363; x_wconf 80' lang='lat' dir='ltr'><strong>tantum</strong></span> <span class='ocrx_word' id='word_1_181' title='bbox 2442 1318 2691 1377; x_wconf 75' lang='lat' dir='ltr'><strong>excepto,</strong></span> <span class='ocrx_word' id='word_1_182' title='bbox 2745 1312 3077 1368; x_wconf 76' lang='lat' dir='ltr'><strong>sustinuisse</strong></span> <span class='ocrx_word' id='word_1_183' title='bbox 3129 1332 3144 1368; x_wconf 93' lang='lat'><strong>:</strong></span> <span class='ocrx_word' id='word_1_184' title='bbox 3199 1329 3308 1371; x_wconf 87' lang='lat' dir='ltr'><strong>non</strong></span> <span class='ocrx_word' id='word_1_185' title='bbox 3361 1318 3508 1385; x_wconf 84' lang='lat' dir='ltr'><strong>quod</strong></span> 
     </span>
    </p>
   </div>
   <div class='ocr_carea' id='block_1_28' title="bbox 1915 1398 3510 1475">
    <p class='ocr_par' dir='ltr' id='par_1_28' title="bbox 1915 1398 3510 1475">
     <span class='ocr_line' id='line_1_28' title="bbox 1915 1398 3510 1475; baseline 0.004 -20"><span class='ocrx_word' id='word_1_186' title='bbox 1915 1399 2252 1470; x_wconf 88' lang='lat' dir='ltr'><strong>corruptioni</strong></span> <span class='ocrx_word' id='word_1_187' title='bbox 2297 1398 2640 1468; x_wconf 59' lang='lat' dir='ltr'><strong>subiaceret,&quot;</strong></span> <span class='ocrx_word' id='word_1_188' title='bbox 2676 1401 2944 1471; x_wconf 73' lang='lat' dir='ltr'><strong>siquidem</strong></span> <span class='ocrx_word' id='word_1_189' title='bbox 2988 1402 3410 1475; x_wconf 87' lang='lat' dir='ltr'><strong>incorruptibile</strong></span> <span class='ocrx_word' id='word_1_190' title='bbox 3452 1418 3510 1464; x_wconf 89' lang='lat' dir='ltr'><strong>et</strong></span> 
     </span>
    </p>
   </div>
   <div class='ocr_carea' id='block_1_29' title="bbox 1916 1488 3510 1572">
    <p class='ocr_par' dir='ltr' id='par_1_29' title="bbox 1916 1488 3510 1572">
     <span class='ocr_line' id='line_1_29' title="bbox 1916 1488 3510 1572; baseline 0.009 -31"><span class='ocrx_word' id='word_1_191' title='bbox 1916 1489 2185 1544; x_wconf 80' lang='lat' dir='ltr'><strong>viviﬂcum</strong></span> <span class='ocrx_word' id='word_1_192' title='bbox 2219 1489 2313 1550; x_wconf 85' lang='lat' dir='ltr'><strong>Dei</strong></span> <span class='ocrx_word' id='word_1_193' title='bbox 2339 1488 2968 1561; x_wconf 77' lang='lat' dir='ltr'><strong>Verbum&#39;corruplione</strong></span> <span class='ocrx_word' id='word_1_194' title='bbox 3001 1505 3056 1550; x_wconf 89' lang='lat' dir='ltr'><strong>et</strong></span> <span class='ocrx_word' id='word_1_195' title='bbox 3092 1496 3315 1553; x_wconf 88' lang='lat' dir='ltr'><strong>interitu</strong></span> <span class='ocrx_word' id='word_1_196' title='bbox 3349 1499 3510 1572; x_wconf 68' lang='lat' dir='ltr'><strong>longe</strong></span> 
     </span>
    </p>
   </div>
   <div class='ocr_carea' id='block_1_30' title="bbox 1914 1581 3510 1659">
    <p class='ocr_par' dir='ltr' id='par_1_30' title="bbox 1914 1581 3510 1659">
     <span class='ocr_line' id='line_1_30' title="bbox 1914 1581 3510 1659; baseline 0.007 -24"><span class='ocrx_word' id='word_1_197' title='bbox 1914 1581 2166 1650; x_wconf 85' lang='lat' dir='ltr'><strong>superius</strong></span> <span class='ocrx_word' id='word_1_198' title='bbox 2195 1590 2307 1648; x_wconf 87' lang='lat' dir='ltr'><strong>est;</strong></span> <span class='ocrx_word' id='word_1_199' title='bbox 2341 1582 2434 1638; x_wconf 87' lang='lat' dir='ltr'><strong>sed</strong></span> <span class='ocrx_word' id='word_1_200' title='bbox 2475 1591 2534 1636; x_wconf 84' lang='lat' dir='ltr'><strong>ut</strong></span> <span class='ocrx_word' id='word_1_201' title='bbox 2571 1583 2849 1656; x_wconf 90' lang='lat' dir='ltr'><strong>interitum</strong></span> <span class='ocrx_word' id='word_1_202' title='bbox 2888 1585 2956 1640; x_wconf 88' lang='lat' dir='ltr'><strong>ab</strong></span> <span class='ocrx_word' id='word_1_203' title='bbox 2990 1586 3275 1644; x_wconf 82' lang='lat' dir='ltr'><strong>hominum</strong></span> <span class='ocrx_word' id='word_1_204' title='bbox 3309 1604 3510 1659; x_wconf 74' lang='lat' dir='ltr'><strong>genere</strong></span> 
     </span>
    </p>
   </div>
   <div class='ocr_carea' id='block_1_31' title="bbox 1915 1670 3508 1752">
    <p class='ocr_par' dir='ltr' id='par_1_31' title="bbox 1915 1670 3508 1752">
     <span class='ocr_line' id='line_1_31' title="bbox 1915 1670 3508 1752; baseline 0.008 -27"><span class='ocrx_word' id='word_1_205' title='bbox 1915 1673 2279 1726; x_wconf 70' lang='lat' dir='ltr'><strong>submoveret.</strong></span> <span class='ocrx_word' id='word_1_206' title='bbox 2314 1670 2424 1734; x_wconf 83' lang='lat' dir='ltr'><strong>Nec</strong></span> <span class='ocrx_word' id='word_1_207' title='bbox 2463 1673 2702 1752; x_wconf 80' lang='lat' dir='ltr'><strong>arbitror</strong></span> <span class='ocrx_word' id='word_1_208' title='bbox 2733 1675 2846 1745; x_wconf 79' lang='lat' dir='ltr'><strong>regi</strong></span> <span class='ocrx_word' id='word_1_209' title='bbox 2885 1675 3019 1731; x_wconf 82' lang='lat' dir='ltr'><strong>vitio‘</strong></span> <span class='ocrx_word' id='word_1_210' title='bbox 3057 1679 3196 1733; x_wconf 87' lang='lat' dir='ltr'><strong>verti</strong></span> <span class='ocrx_word' id='word_1_211' title='bbox 3239 1695 3422 1750; x_wconf 85' lang='lat' dir='ltr'><strong>posse,</strong></span> <span class='ocrx_word' id='word_1_212' title='bbox 3461 1683 3508 1738; x_wconf 89' lang='lat' dir='ltr'><strong>si</strong></span> 
     </span>
    </p>
   </div>
   <div class='ocr_carea' id='block_1_32' title="bbox 1913 1762 3510 1836">
    <p class='ocr_par' dir='ltr' id='par_1_32' title="bbox 1913 1762 3510 1836">
     <span class='ocr_line' id='line_1_32' title="bbox 1913 1762 3510 1836; baseline 0.009 -20"><span class='ocrx_word' id='word_1_213' title='bbox 1913 1775 2135 1818; x_wconf 82' lang='lat' dir='ltr'><strong>servare</strong></span> <span class='ocrx_word' id='word_1_214' title='bbox 2168 1762 2312 1832; x_wconf 84' lang='lat' dir='ltr'><strong>quod</strong></span> <span class='ocrx_word' id='word_1_215' title='bbox 2348 1765 2471 1834; x_wconf 84' lang='lat' dir='ltr'><strong>ejus</strong></span> <span class='ocrx_word' id='word_1_216' title='bbox 2506 1764 2786 1836; x_wconf 90' lang='lat' dir='ltr'><strong>proprium</strong></span> <span class='ocrx_word' id='word_1_217' title='bbox 2823 1777 2909 1823; x_wconf 83' lang='lat' dir='ltr'><strong>est</strong></span> <span class='ocrx_word' id='word_1_218' title='bbox 2937 1767 3152 1834; x_wconf 87' lang='lat' dir='ltr'><strong>volens,</strong></span> <span class='ocrx_word' id='word_1_219' title='bbox 3184 1771 3372 1829; x_wconf 82' lang='lat' dir='ltr'><strong>servili</strong></span> <span class='ocrx_word' id='word_1_220' title='bbox 3409 1773 3510 1829; x_wconf 85' lang='lat' dir='ltr'><strong>ha-</strong></span> 
     </span>
    </p>
   </div>
   <div class='ocr_carea' id='block_1_33' title="bbox 1918 1853 3511 1936">
    <p class='ocr_par' dir='ltr' id='par_1_33' title="bbox 1918 1853 3511 1936">
     <span class='ocr_line' id='line_1_33' title="bbox 1918 1853 3511 1936; baseline 0.009 -29"><span class='ocrx_word' id='word_1_221' title='bbox 1918 1853 2030 1907; x_wconf 91' lang='lat' dir='ltr'><strong>bitu</strong></span> <span class='ocrx_word' id='word_1_222' title='bbox 2059 1868 2118 1909; x_wconf 88' lang='lat' dir='ltr'><strong>sc</strong></span> <span class='ocrx_word' id='word_1_223' title='bbox 2147 1856 2354 1910; x_wconf 80' lang='lat' dir='ltr'><strong>induat.</strong></span> <span class='ocrx_word' id='word_1_224' title='bbox 2382 1855 2450 1911; x_wconf 87' lang='lat' dir='ltr'><strong>Et</strong></span> <span class='ocrx_word' id='word_1_225' title='bbox 2477 1858 2752 1926; x_wconf 85' lang='lat' dir='ltr'><strong>quomodo</strong></span> <span class='ocrx_word' id='word_1_226' title='bbox 2780 1858 3049 1929; x_wconf 79' lang='lat' dir='ltr'><strong>quispiam</strong></span> <span class='ocrx_word' id='word_1_227' title='bbox 3079 1862 3288 1932; x_wconf 89' lang='lat' dir='ltr'><strong>ei,&#39;qui</strong></span> <span class='ocrx_word' id='word_1_228' title='bbox 3317 1876 3511 1936; x_wconf 84' lang='lat' dir='ltr'><strong>suapte</strong></span> 
     </span>
    </p>
   </div>
   <div class='ocr_carea' id='block_1_34' title="bbox 222 1938 1813 2025">
    <p class='ocr_par' dir='ltr' id='par_1_34' title="bbox 222 1947 1813 2024">
     <span class='ocr_line' id='line_1_34' title="bbox 222 1947 1813 2024; baseline -0.004 -17"><span class='ocrx_word' id='word_1_229' title='bbox 222 1972 313 2018; x_wconf 88' lang='grc' dir='ltr'><strong>τις</strong></span> <span class='ocrx_word' id='word_1_230' title='bbox 355 1949 435 2023; x_wconf 81' lang='grc' dir='ltr'>τῷ</span> <span class='ocrx_word' id='word_1_231' title='bbox 475 1954 542 2023; x_wconf 81' lang='grc' dir='ltr'>τῇ</span> <span class='ocrx_word' id='word_1_232' title='bbox 597 1950 758 2022; x_wconf 80' lang='grc' dir='ltr'>φύσει</span> <span class='ocrx_word' id='word_1_233' title='bbox 805 1951 1076 2021; x_wconf 68' lang='grc' dir='ltr'>ιλιυθέρῳ</span> <span class='ocrx_word' id='word_1_234' title='bbox 1113 1949 1388 2018; x_wconf 68' lang='grc' dir='ltr'>ιγκαλεῖν,</span> <span class='ocrx_word' id='word_1_235' title='bbox 1420 1950 1502 2024; x_wconf 80' lang='grc' dir='ltr'>ὅτι</span> <span class='ocrx_word' id='word_1_236' title='bbox 1530 1947 1722 2017; x_wconf 78' lang='grc' dir='ltr'>γέγονε</span> <span class='ocrx_word' id='word_1_237' title='bbox 1747 1947 1813 2001; x_wconf 84' lang='grc' dir='ltr'><strong>δι’</strong></span> 
     </span>
    </p>
   </div>
   <div class='ocr_carea' id='block_1_35' title="bbox 1919 1938 3507 2025">
    <p class='ocr_par' dir='ltr' id='par_1_35' title="bbox 1921 1947 3507 2025">
     <span class='ocr_line' id='line_1_35' title="bbox 1921 1947 3507 2025; baseline 0.01 -26"><span class='ocrx_word' id='word_1_238' title='bbox 1921 1955 2114 2000; x_wconf 85' lang='lat' dir='ltr'><strong>natura</strong></span> <span class='ocrx_word' id='word_1_239' title='bbox 2142 1947 2279 2004; x_wconf 89' lang='lat' dir='ltr'><strong>liber</strong></span> <span class='ocrx_word' id='word_1_240' title='bbox 2298 1958 2404 2014; x_wconf 86' lang='lat' dir='ltr'><strong>est,</strong></span> <span class='ocrx_word' id='word_1_241' title='bbox 2429 1949 2647 2005; x_wconf 89' lang='lat' dir='ltr'><strong>crimini</strong></span> <span class='ocrx_word' id='word_1_242' title='bbox 2672 1961 2891 2007; x_wconf 82' lang='lat' dir='ltr'><strong>vertere</strong></span> <span class='ocrx_word' id='word_1_243' title='bbox 2915 1953 3133 2019; x_wconf 84' lang='lat' dir='ltr'><strong>audeat,</strong></span> <span class='ocrx_word' id='word_1_244' title='bbox 3158 1958 3304 2025; x_wconf 87' lang='lat' dir='ltr'><strong>quod</strong></span> <span class='ocrx_word' id='word_1_245' title='bbox 3334 1962 3507 2014; x_wconf 84' lang='lat' dir='ltr'><strong>nostri</strong></span> 
     </span>
    </p>
   </div>
   <div class='ocr_carea' id='block_1_36' title="bbox 224 2040 1809 2114">
    <p class='ocr_par' dir='ltr' id='par_1_36' title="bbox 224 2040 1809 2114">
     <span class='ocr_line' id='line_1_36' title="bbox 224 2040 1809 2114; baseline -0.002 -18"><span class='ocrx_word' id='word_1_246' title='bbox 224 2045 378 2113; x_wconf 67' lang='grc' dir='ltr'>ἡμᾶς</span> <span class='ocrx_word' id='word_1_247' title='bbox 404 2043 714 2114; x_wconf 77' lang='grc' dir='ltr'>ἄνθρωπος,</span> <span class='ocrx_word' id='word_1_248' title='bbox 746 2043 841 2096; x_wconf 68' lang='grc' dir='ltr'>καὶ</span> <span class='ocrx_word' id='word_1_249' title='bbox 873 2044 930 2096; x_wconf 75' lang='grc' dir='ltr'>ὲν</span> <span class='ocrx_word' id='word_1_250' title='bbox 954 2045 1066 2106; x_wconf 82' lang='grc' dir='ltr'>τοῖς</span> <span class='ocrx_word' id='word_1_251' title='bbox 1095 2041 1217 2095; x_wconf 85' lang='grc' dir='ltr'>καθ’</span> <span class='ocrx_word' id='word_1_252' title='bbox 1245 2042 1392 2110; x_wconf 76' lang='grc' dir='ltr'>ἡμᾶς</span> <span class='ocrx_word' id='word_1_253' title='bbox 1416 2040 1809 2110; x_wconf 83' lang='grc' dir='ltr'>οἰκονομικῶς;</span> 
     </span>
    </p>
   </div>
   <div class='ocr_carea' id='block_1_37' title="bbox 237 2130 1814 2205">
    <p class='ocr_par' dir='ltr' id='par_1_37' title="bbox 237 2130 1814 2205">
     <span class='ocr_line' id='line_1_37' title="bbox 237 2130 1814 2205; baseline -0.006 -15"><span class='ocrx_word' id='word_1_254' title='bbox 237 2136 528 2205; x_wconf 78' lang='grc' dir='ltr'>Ἀποδέχου</span> <span class='ocrx_word' id='word_1_255' title='bbox 579 2132 671 2187; x_wconf 89' lang='grc' dir='ltr'><strong>τοῦ</strong></span> <span class='ocrx_word' id='word_1_256' title='bbox 722 2131 933 2203; x_wconf 86' lang='grc' dir='ltr'>Πατρδς</span> <span class='ocrx_word' id='word_1_257' title='bbox 983 2131 1080 2202; x_wconf 78' lang='grc' dir='ltr'>τὴν</span> <span class='ocrx_word' id='word_1_258' title='bbox 1123 2130 1556 2202; x_wconf 78' lang='grc' dir='ltr'>φιλανθρωπίαν,</span> <span class='ocrx_word' id='word_1_259' title='bbox 1597 2132 1678 2184; x_wconf 79' lang='grc' dir='ltr'>ὅτι</span> <span class='ocrx_word' id='word_1_260' title='bbox 1723 2130 1814 2183; x_wconf 71' lang='grc' dir='ltr'>τὸν</span> 
     </span>
    </p>
   </div>
   <div class='ocr_carea' id='block_1_38' title="bbox 226 2220 1814 2297">
    <p class='ocr_par' dir='ltr' id='par_1_38' title="bbox 226 2220 1814 2297">
     <span class='ocr_line' id='line_1_38' title="bbox 226 2220 1814 2297; baseline -0.006 -14"><span class='ocrx_word' id='word_1_261' title='bbox 226 2229 361 2282; x_wconf 71' lang='grc' dir='ltr'>ἴδιον</span> <span class='ocrx_word' id='word_1_262' title='bbox 387 2228 518 2281; x_wconf 80' lang='grc' dir='ltr'>Υίδν</span> <span class='ocrx_word' id='word_1_263' title='bbox 563 2224 816 2297; x_wconf 65' lang='grc' dir='ltr'>δωρεῖται</span> <span class='ocrx_word' id='word_1_264' title='bbox 866 2224 932 2276; x_wconf 79' lang='grc' dir='ltr'><strong>δι’</strong></span> <span class='ocrx_word' id='word_1_265' title='bbox 965 2225 1146 2294; x_wconf 76' lang='grc' dir='ltr'>ἡμᾶς·</span> <span class='ocrx_word' id='word_1_266' title='bbox 1205 2224 1280 2295; x_wconf 79' lang='grc' dir='ltr'>μὴ</span> <span class='ocrx_word' id='word_1_267' title='bbox 1332 2220 1701 2294; x_wconf 79' lang='grc' dir='ltr'>περιεργάζου</span> <span class='ocrx_word' id='word_1_268' title='bbox 1753 2221 1814 2274; x_wconf 83' lang='grc' dir='ltr'>τὸ</span> 
     </span>
    </p>
   </div>
   <div class='ocr_carea' id='block_1_39' title="bbox 225 2312 1818 2389">
    <p class='ocr_par' dir='ltr' id='par_1_39' title="bbox 225 2312 1818 2389">
     <span class='ocr_line' id='line_1_39' title="bbox 225 2312 1818 2389; baseline -0.005 -17"><span class='ocrx_word' id='word_1_269' title='bbox 225 2319 480 2389; x_wconf 80' lang='grc' dir='ltr'>πρᾶγμα.</span> <span class='ocrx_word' id='word_1_270' title='bbox 515 2314 850 2387; x_wconf 75' lang='grc' dir='ltr'>παρακαλῶ·</span> <span class='ocrx_word' id='word_1_271' title='bbox 898 2315 966 2368; x_wconf 78' lang='grc' dir='ltr'>οὐ</span> <span class='ocrx_word' id='word_1_272' title='bbox 1003 2312 1113 2384; x_wconf 88' lang='grc' dir='ltr'><strong>γάρ</strong></span> <span class='ocrx_word' id='word_1_273' title='bbox 1163 2312 1222 2380; x_wconf 73' lang='grc' dir='ltr'><strong>ἐξ</strong></span> <span class='ocrx_word' id='word_1_274' title='bbox 1255 2312 1577 2384; x_wconf 79' lang='grc' dir='ltr'><strong>Ἑλληνικῆς</strong></span> <span class='ocrx_word' id='word_1_275' title='bbox 1621 2313 1818 2380; x_wconf 79' lang='grc' dir='ltr'>σοφίας·</span> 
     </span>
    </p>
   </div>
   <div class='ocr_carea' id='block_1_40' title="bbox 224 2400 1813 2479">
    <p class='ocr_par' dir='ltr' id='par_1_40' title="bbox 224 2400 1813 2479">
     <span class='ocr_line' id='line_1_40' title="bbox 224 2400 1813 2479; baseline -0.004 -16"><span class='ocrx_word' id='word_1_276' title='bbox 224 2411 290 2463; x_wconf 81' lang='grc' dir='ltr'>τὸ</span> <span class='ocrx_word' id='word_1_277' title='bbox 313 2407 632 2479; x_wconf 77' lang='grc' dir='ltr'>γνώρισμα·</span> <span class='ocrx_word' id='word_1_278' title='bbox 665 2407 784 2459; x_wconf 76' lang='grc' dir='ltr'>οὐδὲ</span> <span class='ocrx_word' id='word_1_279' title='bbox 811 2405 918 2458; x_wconf 81' lang='grc' dir='ltr'>ἀπὸ</span> <span class='ocrx_word' id='word_1_280' title='bbox 947 2404 1301 2474; x_wconf 84' lang='grc' dir='ltr'>φρονήματος</span> <span class='ocrx_word' id='word_1_281' title='bbox 1329 2400 1626 2472; x_wconf 86' lang='grc' dir='ltr'>κοσμικοῦ·</span> <span class='ocrx_word' id='word_1_282' title='bbox 1659 2401 1813 2456; x_wconf 83' lang='grc' dir='ltr'>ἀλλό-</span> 
     </span>
    </p>
   </div>
   <div class='ocr_carea' id='block_1_41' title="bbox 222 2489 1814 2572">
    <p class='ocr_par' dir='ltr' id='par_1_41' title="bbox 222 2489 1814 2572">
     <span class='ocr_line' id='line_1_41' title="bbox 222 2489 1814 2572; baseline -0.004 -18"><span class='ocrx_word' id='word_1_283' title='bbox 222 2519 381 2572; x_wconf 85' lang='grc' dir='ltr'>τριον</span> <span class='ocrx_word' id='word_1_284' title='bbox 406 2501 517 2569; x_wconf 83' lang='grc' dir='ltr'>γὰρ</span> <span class='ocrx_word' id='word_1_285' title='bbox 543 2499 840 2568; x_wconf 76' lang='grc' dir='ltr'>ἑκατέρων.</span> <span class='ocrx_word' id='word_1_286' title='bbox 873 2515 890 2548; x_wconf 84' lang='grc' dir='ltr'><strong>ι</strong></span> <span class='ocrx_word' id='word_1_287' title='bbox 915 2497 1196 2566; x_wconf 80' lang='grc' dir='ltr'>Μακάριος</span> <span class='ocrx_word' id='word_1_288' title='bbox 1217 2489 1285 2560; x_wconf 82' lang='grc' dir='ltr'>εἴ,</span> <span class='ocrx_word' id='word_1_289' title='bbox 1309 2514 1327 2546; x_wconf 78' lang='grc' dir='ltr'><strong>ι</strong></span> <span class='ocrx_word' id='word_1_290' title='bbox 1357 2494 1524 2565; x_wconf 72' lang='grc' dir='ltr'>φησὶν</span> <span class='ocrx_word' id='word_1_291' title='bbox 1551 2495 1579 2546; x_wconf 88' lang='lat'><strong>6</strong></span> <span class='ocrx_word' id='word_1_292' title='bbox 1609 2493 1814 2566; x_wconf 80' lang='grc' dir='ltr'>Κύριος</span> 
     </span>
    </p>
   </div>
   <div class='ocr_carea' id='block_1_42' title="bbox 221 2581 1815 2665">
    <p class='ocr_par' dir='ltr' id='par_1_42' title="bbox 221 2581 1815 2665">
     <span class='ocr_line' id='line_1_42' title="bbox 221 2581 1815 2665; baseline -0.007 -16"><span class='ocrx_word' id='word_1_293' title='bbox 221 2595 308 2665; x_wconf 83' lang='grc' dir='ltr'>τῷ</span> <span class='ocrx_word' id='word_1_294' title='bbox 333 2590 547 2664; x_wconf 75' lang='grc' dir='ltr'>Πέτρῳ,</span> <span class='ocrx_word' id='word_1_295' title='bbox 587 2611 605 2643; x_wconf 80' lang='grc' dir='ltr'><strong>ι</strong></span> <span class='ocrx_word' id='word_1_296' title='bbox 634 2590 819 2661; x_wconf 87' lang='grc' dir='ltr'>Σιμὼν</span> <span class='ocrx_word' id='word_1_297' title='bbox 837 2589 952 2659; x_wconf 60' lang='lat' dir='ltr'><strong>Bap</strong></span> <span class='ocrx_word' id='word_1_298' title='bbox 996 2581 1295 2652; x_wconf 50' lang='grc' dir='ltr'>ἰωνᾶ,“ὅτι</span> <span class='ocrx_word' id='word_1_299' title='bbox 1341 2584 1500 2656; x_wconf 83' lang='grc' dir='ltr'>σὰρξ,</span> <span class='ocrx_word' id='word_1_300' title='bbox 1534 2585 1631 2641; x_wconf 78' lang='grc' dir='ltr'>καὶ</span> <span class='ocrx_word' id='word_1_301' title='bbox 1674 2581 1815 2654; x_wconf 79' lang='grc' dir='ltr'>αἷμα</span> 
     </span>
    </p>
   </div>
   <div class='ocr_carea' id='block_1_43' title="bbox 223 2677 1815 2751">
    <p class='ocr_par' dir='ltr' id='par_1_43' title="bbox 223 2677 1815 2751">
     <span class='ocr_line' id='line_1_43' title="bbox 223 2677 1815 2751; baseline -0.006 -12"><span class='ocrx_word' id='word_1_302' title='bbox 223 2689 330 2740; x_wconf 73' lang='grc' dir='ltr'>οὐκ</span> <span class='ocrx_word' id='word_1_303' title='bbox 358 2681 677 2751; x_wconf 78' lang='grc' dir='ltr'>ἀπεκάλυψέ</span> <span class='ocrx_word' id='word_1_304' title='bbox 718 2677 820 2744; x_wconf 86' lang='grc' dir='ltr'>σοι,</span> <span class='ocrx_word' id='word_1_305' title='bbox 845 2679 960 2733; x_wconf 81' lang='grc' dir='ltr'>ἀλλ’</span> <span class='ocrx_word' id='word_1_306' title='bbox 985 2681 1013 2732; x_wconf 97' lang='lat'><strong>6</strong></span> <span class='ocrx_word' id='word_1_307' title='bbox 1044 2679 1236 2748; x_wconf 83' lang='grc' dir='ltr'>Πατήρ</span> <span class='ocrx_word' id='word_1_308' title='bbox 1268 2695 1389 2748; x_wconf 87' lang='grc' dir='ltr'>μου,</span> <span class='ocrx_word' id='word_1_309' title='bbox 1422 2678 1452 2729; x_wconf 90' lang='lat'><strong>6</strong></span> <span class='ocrx_word' id='word_1_310' title='bbox 1481 2679 1538 2730; x_wconf 80' lang='grc' dir='ltr'>ὲν</span> <span class='ocrx_word' id='word_1_311' title='bbox 1576 2680 1689 2741; x_wconf 82' lang='grc' dir='ltr'>τοῖς</span> <span class='ocrx_word' id='word_1_312' title='bbox 1725 2677 1815 2730; x_wconf 82' lang='grc' dir='ltr'><strong>οὐ·</strong></span> 
     </span>
    </p>
   </div>
   <div class='ocr_carea' id='block_1_44' title="bbox 225 2768 1811 2850">
    <p class='ocr_par' dir='ltr' id='par_1_44' title="bbox 225 2768 1811 2850">
     <span class='ocr_line' id='line_1_44' title="bbox 225 2768 1811 2850; baseline -0.006 -21"><span class='ocrx_word' id='word_1_313' title='bbox 225 2778 430 2850; x_wconf 81' lang='grc' dir='ltr'>ρανοῖς.</span> <span class='ocrx_word' id='word_1_314' title='bbox 467 2793 485 2824; x_wconf 78' lang='grc' dir='ltr'><strong>ι</strong></span> <span class='ocrx_word' id='word_1_315' title='bbox 531 2772 799 2844; x_wconf 73' lang='grc' dir='ltr'>Οὐράνιον</span> <span class='ocrx_word' id='word_1_316' title='bbox 831 2771 891 2824; x_wconf 79' lang='grc' dir='ltr'>τὸ</span> <span class='ocrx_word' id='word_1_317' title='bbox 929 2770 1102 2842; x_wconf 80' lang='grc' dir='ltr'>δῶρον</span> <span class='ocrx_word' id='word_1_318' title='bbox 1129 2769 1192 2823; x_wconf 85' lang='grc' dir='ltr'>τδ</span> <span class='ocrx_word' id='word_1_319' title='bbox 1216 2769 1315 2840; x_wconf 81' lang='grc' dir='ltr'>τῆς</span> <span class='ocrx_word' id='word_1_320' title='bbox 1343 2768 1494 2832; x_wconf 88' lang='grc' dir='ltr'>θείας</span> <span class='ocrx_word' id='word_1_321' title='bbox 1525 2769 1811 2839; x_wconf 72' lang='grc' dir='ltr'>ἐπιφοιτή-</span> 
     </span>
    </p>
   </div>
   <div class='ocr_carea' id='block_1_45' title="bbox 223 2858 1324 2930">
    <p class='ocr_par' dir='ltr' id='par_1_45' title="bbox 223 2858 1324 2930">
     <span class='ocr_line' id='line_1_45' title="bbox 223 2858 1324 2930; baseline -0.006 -11"><span class='ocrx_word' id='word_1_322' title='bbox 223 2881 368 2926; x_wconf 82' lang='grc' dir='ltr'>σεως</span> <span class='ocrx_word' id='word_1_323' title='bbox 406 2860 500 2915; x_wconf 87' lang='grc' dir='ltr'><strong>τοῦ</strong></span> <span class='ocrx_word' id='word_1_324' title='bbox 540 2860 673 2914; x_wconf 88' lang='grc' dir='ltr'>Υἱοῦ</span> <span class='ocrx_word' id='word_1_325' title='bbox 709 2859 804 2913; x_wconf 92' lang='grc' dir='ltr'><strong>τοῦ</strong></span> <span class='ocrx_word' id='word_1_326' title='bbox 841 2858 979 2912; x_wconf 92' lang='grc' dir='ltr'>Θεοῦ</span> <span class='ocrx_word' id='word_1_327' title='bbox 1017 2860 1324 2930; x_wconf 82' lang='grc' dir='ltr'>γνώρισμα.</span> 
     </span>
    </p>
   </div>
   <div class='ocr_carea' id='block_1_46' title="bbox 311 2951 1812 3026">
    <p class='ocr_par' dir='ltr' id='par_1_46' title="bbox 311 2951 1812 3026">
     <span class='ocr_line' id='line_1_46' title="bbox 311 2951 1812 3026; baseline -0.001 -20"><span class='ocrx_word' id='word_1_328' title='bbox 311 2955 512 3026; x_wconf 81' lang='grc' dir='ltr'>Ἐρώτ.</span> <span class='ocrx_word' id='word_1_329' title='bbox 553 2952 682 3016; x_wconf 75' lang='grc' dir='ltr'>Πιῖις</span> <span class='ocrx_word' id='word_1_330' title='bbox 706 2953 735 3004; x_wconf 90' lang='lat'><strong>6</strong></span> <span class='ocrx_word' id='word_1_331' title='bbox 773 2951 882 3005; x_wconf 86' lang='grc' dir='ltr'><strong>τῶν</strong></span> <span class='ocrx_word' id='word_1_332' title='bbox 931 2952 1149 3004; x_wconf 80' lang='grc' dir='ltr'>πάντων</span> <span class='ocrx_word' id='word_1_333' title='bbox 1188 2952 1420 3023; x_wconf 80' lang='grc' dir='ltr'>ποιητὴς</span> <span class='ocrx_word' id='word_1_334' title='bbox 1448 2951 1581 3014; x_wconf 76' lang='grc' dir='ltr'>Θεὸς</span> <span class='ocrx_word' id='word_1_335' title='bbox 1617 2951 1812 3019; x_wconf 87' lang='grc' dir='ltr'>Λόγος,</span> 
     </span>
    </p>
   </div>
   <div class='ocr_carea' id='block_1_47' title="bbox 218 3040 1814 3120">
    <p class='ocr_par' dir='ltr' id='par_1_47' title="bbox 218 3040 1814 3120">
     <span class='ocr_line' id='line_1_47' title="bbox 218 3040 1814 3120; baseline -0.008 -15"><span class='ocrx_word' id='word_1_336' title='bbox 218 3051 253 3104; x_wconf 91' lang='lat'><strong>6</strong></span> <span class='ocrx_word' id='word_1_337' title='bbox 281 3040 661 3120; x_wconf 77' lang='grc' dir='ltr'>ἀψηλάφητος,</span> <span class='ocrx_word' id='word_1_338' title='bbox 689 3048 718 3099; x_wconf 91' lang='lat'><strong>6</strong></span> <span class='ocrx_word' id='word_1_339' title='bbox 745 3044 1002 3116; x_wconf 84' lang='grc' dir='ltr'>ἀόρατος,</span> <span class='ocrx_word' id='word_1_340' title='bbox 1022 3045 1052 3096; x_wconf 97' lang='lat'><strong>6</strong></span> <span class='ocrx_word' id='word_1_341' title='bbox 1073 3043 1430 3106; x_wconf 77' lang='grc' dir='ltr'>ἀναλλοίωτος</span> <span class='ocrx_word' id='word_1_342' title='bbox 1455 3060 1514 3096; x_wconf 82' lang='grc' dir='ltr'><strong>τε</strong></span> <span class='ocrx_word' id='word_1_343' title='bbox 1539 3044 1632 3097; x_wconf 75' lang='grc' dir='ltr'>καὶ</span> <span class='ocrx_word' id='word_1_344' title='bbox 1653 3059 1814 3113; x_wconf 83' lang='grc' dir='ltr'>περι-</span> 
     </span>
    </p>
   </div>
   <div class='ocr_carea' id='block_1_48' title="bbox 219 3136 1815 3213">
    <p class='ocr_par' dir='ltr' id='par_1_48' title="bbox 219 3136 1815 3213">
     <span class='ocr_line' id='line_1_48' title="bbox 219 3136 1815 3213; baseline -0.003 -19"><span class='ocrx_word' id='word_1_345' title='bbox 219 3140 444 3213; x_wconf 79' lang='grc' dir='ltr'>γραφὴν</span> <span class='ocrx_word' id='word_1_346' title='bbox 490 3139 567 3210; x_wconf 80' lang='grc' dir='ltr'>μὴ</span> <span class='ocrx_word' id='word_1_347' title='bbox 618 3138 962 3208; x_wconf 72' lang='grc' dir='ltr'>ἀνεχόμενος,</span> <span class='ocrx_word' id='word_1_348' title='bbox 1015 3137 1072 3188; x_wconf 83' lang='grc' dir='ltr'>ὲν</span> <span class='ocrx_word' id='word_1_349' title='bbox 1118 3136 1328 3189; x_wconf 74' lang='grc' dir='ltr'>εὐτελεῖ</span> <span class='ocrx_word' id='word_1_350' title='bbox 1381 3136 1524 3206; x_wconf 81' lang='grc' dir='ltr'><strong>ξύλῳ</strong></span> <span class='ocrx_word' id='word_1_351' title='bbox 1581 3137 1815 3207; x_wconf 77' lang='grc' dir='ltr'>σταυρὸν</span> 
     </span>
    </p>
   </div>
   <div class='ocr_carea' id='block_1_49' title="bbox 223 3227 1812 3303">
    <p class='ocr_par' dir='ltr' id='par_1_49' title="bbox 223 3227 1812 3303">
     <span class='ocr_line' id='line_1_49' title="bbox 223 3227 1812 3303; baseline -0.004 -16"><span class='ocrx_word' id='word_1_352' title='bbox 223 3234 514 3303; x_wconf 80' lang='grc' dir='ltr'>ὑπέμεινε,</span> <span class='ocrx_word' id='word_1_353' title='bbox 571 3230 668 3283; x_wconf 81' lang='grc' dir='ltr'>καὶ</span> <span class='ocrx_word' id='word_1_354' title='bbox 718 3228 979 3290; x_wconf 77' lang='grc' dir='ltr'>θάνατονς</span> <span class='ocrx_word' id='word_1_355' title='bbox 1050 3227 1289 3295; x_wconf 80' lang='grc' dir='ltr'>Ἀπόκρ.</span> <span class='ocrx_word' id='word_1_356' title='bbox 1341 3227 1585 3282; x_wconf 86' lang='grc' dir='ltr'>Θάνατόν</span> <span class='ocrx_word' id='word_1_357' title='bbox 1631 3244 1812 3298; x_wconf 86' lang='grc' dir='ltr'>φαμεν</span> 
     </span>
    </p>
   </div>
   <div class='ocr_carea' id='block_1_50' title="bbox 223 3312 1810 3392">
    <p class='ocr_par' dir='ltr' id='par_1_50' title="bbox 223 3312 1810 3392">
     <span class='ocr_line' id='line_1_50' title="bbox 223 3312 1810 3392; baseline -0.008 -15"><span class='ocrx_word' id='word_1_358' title='bbox 223 3319 685 3392; x_wconf 73' lang='grc' dir='ltr'>ὑπομεμενηκότα</span> <span class='ocrx_word' id='word_1_359' title='bbox 729 3315 822 3370; x_wconf 77' lang='grc' dir='ltr'><strong>τὸν</strong></span> <span class='ocrx_word' id='word_1_360' title='bbox 866 3315 961 3368; x_wconf 90' lang='grc' dir='ltr'><strong>τοῦ</strong></span> <span class='ocrx_word' id='word_1_361' title='bbox 1006 3312 1142 3368; x_wconf 84' lang='grc' dir='ltr'><strong>Θεοῦ</strong></span> <span class='ocrx_word' id='word_1_362' title='bbox 1187 3315 1379 3382; x_wconf 85' lang='grc' dir='ltr'>Λόγον,</span> <span class='ocrx_word' id='word_1_363' title='bbox 1414 3313 1508 3367; x_wconf 74' lang='grc' dir='ltr'>καὶ</span> <span class='ocrx_word' id='word_1_364' title='bbox 1554 3312 1810 3383; x_wconf 83' lang='grc' dir='ltr'>σταυρὸν,</span> 
     </span>
    </p>
   </div>
   <div class='ocr_carea' id='block_1_51' title="bbox 221 3403 1812 3482">
    <p class='ocr_par' dir='ltr' id='par_1_51' title="bbox 221 3403 1812 3482">
     <span class='ocr_line' id='line_1_51' title="bbox 221 3403 1812 3482; baseline -0.007 -14"><span class='ocrx_word' id='word_1_365' title='bbox 221 3415 316 3468; x_wconf 70' lang='grc' dir='ltr'>διὰ</span> <span class='ocrx_word' id='word_1_366' title='bbox 347 3413 448 3482; x_wconf 82' lang='grc' dir='ltr'>τῆς</span> <span class='ocrx_word' id='word_1_367' title='bbox 478 3409 680 3481; x_wconf 72' lang='grc' dir='ltr'>σαρκὸς</span> <span class='ocrx_word' id='word_1_368' title='bbox 703 3409 804 3482; x_wconf 74' lang='grc' dir='ltr'><strong>τῇς</strong></span> <span class='ocrx_word' id='word_1_369' title='bbox 840 3407 997 3470; x_wconf 79' lang='grc' dir='ltr'>ἰδίας,</span> <span class='ocrx_word' id='word_1_370' title='bbox 1036 3407 1122 3458; x_wconf 86' lang='grc' dir='ltr'><strong>ῖνα</strong></span> <span class='ocrx_word' id='word_1_371' title='bbox 1159 3407 1304 3476; x_wconf 77' lang='grc' dir='ltr'>ἡμᾶς</span> <span class='ocrx_word' id='word_1_372' title='bbox 1328 3403 1616 3476; x_wconf 79' lang='grc' dir='ltr'>ἀπαλλάξῃ</span> <span class='ocrx_word' id='word_1_373' title='bbox 1647 3403 1812 3457; x_wconf 86' lang='grc' dir='ltr'>θανά-</span> 
     </span>
    </p>
   </div>
   <div class='ocr_carea' id='block_1_52' title="bbox 221 3495 1815 3574">
    <p class='ocr_par' dir='ltr' id='par_1_52' title="bbox 221 3495 1815 3574">
     <span class='ocr_line' id='line_1_52' title="bbox 221 3495 1815 3574; baseline -0.008 -15"><span class='ocrx_word' id='word_1_374' title='bbox 221 3523 345 3569; x_wconf 85' lang='grc' dir='ltr'>του,</span> <span class='ocrx_word' id='word_1_375' title='bbox 373 3506 467 3557; x_wconf 76' lang='grc' dir='ltr'>καὶ</span> <span class='ocrx_word' id='word_1_376' title='bbox 495 3502 700 3574; x_wconf 77' lang='grc' dir='ltr'>φθορᾶς</span> <span class='ocrx_word' id='word_1_377' title='bbox 718 3520 733 3533; x_wconf 77' lang='grc' dir='ltr'><strong>ο</strong></span> <span class='ocrx_word' id='word_1_378' title='bbox 765 3501 864 3572; x_wconf 80' lang='grc' dir='ltr'>τὴν</span> <span class='ocrx_word' id='word_1_379' title='bbox 897 3499 1035 3552; x_wconf 74' lang='grc' dir='ltr'>ἰδίαν</span> <span class='ocrx_word' id='word_1_380' title='bbox 1069 3498 1178 3569; x_wconf 85' lang='grc' dir='ltr'>γὰρ</span> <span class='ocrx_word' id='word_1_381' title='bbox 1201 3497 1380 3568; x_wconf 71' lang='grc' dir='ltr'>ψυχὴν</span> <span class='ocrx_word' id='word_1_382' title='bbox 1408 3495 1652 3551; x_wconf 77' lang='grc' dir='ltr'><strong>τέθεικεν</strong></span> <span class='ocrx_word' id='word_1_383' title='bbox 1675 3495 1815 3566; x_wconf 83' lang='grc' dir='ltr'>ὑπὲρ</span> 
     </span>
    </p>
   </div>
   <div class='ocr_carea' id='block_1_53' title="bbox 223 3587 1810 3669">
    <p class='ocr_par' dir='ltr' id='par_1_53' title="bbox 223 3587 1810 3669">
     <span class='ocr_line' id='line_1_53' title="bbox 223 3587 1810 3669; baseline -0.006 -21"><span class='ocrx_word' id='word_1_384' title='bbox 223 3596 408 3669; x_wconf 73' lang='grc' dir='ltr'>ἡμῶν,</span> <span class='ocrx_word' id='word_1_385' title='bbox 434 3597 537 3649; x_wconf 75' lang='grc' dir='ltr'>οὐκ</span> <span class='ocrx_word' id='word_1_386' title='bbox 557 3593 843 3664; x_wconf 80' lang='grc' dir='ltr'>ἀλλοτρίαν</span> <span class='ocrx_word' id='word_1_387' title='bbox 874 3587 1113 3658; x_wconf 77' lang='grc' dir='ltr'>οὗσαν,ἢ</span> <span class='ocrx_word' id='word_1_388' title='bbox 1142 3589 1300 3658; x_wconf 79' lang='grc' dir='ltr'>ξένην</span> <span class='ocrx_word' id='word_1_389' title='bbox 1318 3587 1412 3641; x_wconf 89' lang='grc' dir='ltr'><strong>τοῦ</strong></span> <span class='ocrx_word' id='word_1_390' title='bbox 1443 3587 1580 3641; x_wconf 84' lang='grc' dir='ltr'>Θεοῦ</span> <span class='ocrx_word' id='word_1_391' title='bbox 1607 3588 1780 3655; x_wconf 86' lang='grc' dir='ltr'>Λόγου</span> <span class='ocrx_word' id='word_1_392' title='bbox 1798 3604 1810 3616; x_wconf 90' lang='grc'>·</span> 
     </span>
    </p>
   </div>
   <div class='ocr_carea' id='block_1_54' title="bbox 224 3675 1815 3760">
    <p class='ocr_par' dir='ltr' id='par_1_54' title="bbox 224 3675 1815 3760">
     <span class='ocr_line' id='line_1_54' title="bbox 224 3675 1815 3760; baseline -0.013 -18"><span class='ocrx_word' id='word_1_393' title='bbox 224 3689 539 3760; x_wconf 66' lang='grc' dir='ltr'>ἀπόρρητος</span> <span class='ocrx_word' id='word_1_394' title='bbox 569 3686 677 3755; x_wconf 84' lang='grc' dir='ltr'><strong>γὰρ</strong></span> <span class='ocrx_word' id='word_1_395' title='bbox 711 3686 742 3754; x_wconf 73' lang='grc' dir='ltr'><strong>η</strong></span> <span class='ocrx_word' id='word_1_396' title='bbox 777 3684 1000 3744; x_wconf 70' lang='grc' dir='ltr'>ἓνωσις·</span> <span class='ocrx_word' id='word_1_397' title='bbox 1039 3681 1200 3743; x_wconf 75' lang='grc' dir='ltr'>αὐτὸς</span> <span class='ocrx_word' id='word_1_398' title='bbox 1224 3679 1333 3750; x_wconf 82' lang='grc' dir='ltr'><strong>γὰρ</strong></span> <span class='ocrx_word' id='word_1_399' title='bbox 1361 3675 1542 3733; x_wconf 71' lang='grc' dir='ltr'>εἶπεν·</span> <span class='ocrx_word' id='word_1_400' title='bbox 1590 3697 1609 3730; x_wconf 83' lang='grc' dir='ltr'><strong>ι</strong></span> <span class='ocrx_word' id='word_1_401' title='bbox 1634 3678 1815 3744; x_wconf 81' lang='grc' dir='ltr'><strong>Ἐξου-</strong></span> 
     </span>
    </p>
   </div>
   <div class='ocr_carea' id='block_1_55' title="bbox 199 3770 1815 3849">
    <p class='ocr_par' dir='ltr' id='par_1_55' title="bbox 199 3770 1815 3849">
     <span class='ocr_line' id='line_1_55' title="bbox 199 3770 1815 3849; baseline -0.007 -14"><span class='ocrx_word' id='word_1_402' title='bbox 199 3782 350 3835; x_wconf 66' lang='grc' dir='ltr'>»σίαν</span> <span class='ocrx_word' id='word_1_403' title='bbox 398 3781 506 3849; x_wconf 77' lang='grc' dir='ltr'><strong>ἔχω</strong></span> <span class='ocrx_word' id='word_1_404' title='bbox 541 3779 637 3848; x_wconf 78' lang='grc' dir='ltr'>τὴν</span> <span class='ocrx_word' id='word_1_405' title='bbox 675 3778 851 3847; x_wconf 64' lang='grc' dir='ltr'>ψυχήν</span> <span class='ocrx_word' id='word_1_406' title='bbox 890 3794 990 3845; x_wconf 85' lang='grc' dir='ltr'><strong>μου</strong></span> <span class='ocrx_word' id='word_1_407' title='bbox 1036 3774 1228 3838; x_wconf 85' lang='grc' dir='ltr'>θεῖναι,</span> <span class='ocrx_word' id='word_1_408' title='bbox 1265 3775 1357 3827; x_wconf 75' lang='grc' dir='ltr'>καὶ</span> <span class='ocrx_word' id='word_1_409' title='bbox 1411 3770 1658 3838; x_wconf 73' lang='grc' dir='ltr'>ἐξουσίαν</span> <span class='ocrx_word' id='word_1_410' title='bbox 1706 3771 1815 3842; x_wconf 72' lang='grc' dir='ltr'><strong>ἔχω</strong></span> 
     </span>
    </p>
   </div>
   <div class='ocr_carea' id='block_1_56' title="bbox 225 3863 1815 3937">
    <p class='ocr_par' dir='ltr' id='par_1_56' title="bbox 225 3863 1815 3937">
     <span class='ocr_line' id='line_1_56' title="bbox 225 3863 1815 3937; baseline -0.007 -11"><span class='ocrx_word' id='word_1_411' title='bbox 225 3872 393 3926; x_wconf 81' lang='grc' dir='ltr'>πάλιν</span> <span class='ocrx_word' id='word_1_412' title='bbox 425 3871 611 3922; x_wconf 75' lang='grc' dir='ltr'>λαϐεῖν</span> <span class='ocrx_word' id='word_1_413' title='bbox 644 3869 836 3937; x_wconf 76' lang='grc' dir='ltr'>αὑτήν.</span> <span class='ocrx_word' id='word_1_414' title='bbox 855 3887 889 3934; x_wconf 27' lang='grc' dir='ltr'><strong>,ι</strong></span> <span class='ocrx_word' id='word_1_415' title='bbox 925 3867 1140 3936; x_wconf 81' lang='grc' dir='ltr'><strong>Ταύτης</strong></span> <span class='ocrx_word' id='word_1_416' title='bbox 1170 3866 1301 3918; x_wconf 74' lang='grc' dir='ltr'>ἴδιον</span> <span class='ocrx_word' id='word_1_417' title='bbox 1330 3865 1391 3917; x_wconf 83' lang='grc' dir='ltr'>τὸ</span> <span class='ocrx_word' id='word_1_418' title='bbox 1418 3864 1731 3935; x_wconf 81' lang='grc' dir='ltr'>ἀδημονεῖν,</span> <span class='ocrx_word' id='word_1_419' title='bbox 1754 3863 1815 3915; x_wconf 83' lang='grc' dir='ltr'>τὸ</span> 
     </span>
    </p>
   </div>
   <div class='ocr_carea' id='block_1_57' title="bbox 223 3955 1814 4034">
    <p class='ocr_par' dir='ltr' id='par_1_57' title="bbox 223 3955 1814 4034">
     <span class='ocr_line' id='line_1_57' title="bbox 223 3955 1814 4034; baseline -0.007 -16"><span class='ocrx_word' id='word_1_420' title='bbox 223 3965 406 4034; x_wconf 85' lang='grc' dir='ltr'>λύπην</span> <span class='ocrx_word' id='word_1_421' title='bbox 441 3965 729 4030; x_wconf 82' lang='grc' dir='ltr'>ὑπομεῖναι</span> <span class='ocrx_word' id='word_1_422' title='bbox 765 3957 1124 4030; x_wconf 69' lang='grc' dir='ltr'>[ὑπομένειν],</span> <span class='ocrx_word' id='word_1_423' title='bbox 1148 3959 1210 4011; x_wconf 82' lang='grc' dir='ltr'>τὸ</span> <span class='ocrx_word' id='word_1_424' title='bbox 1254 3958 1511 4027; x_wconf 79' lang='grc' dir='ltr'>ἐκδημεῖν</span> <span class='ocrx_word' id='word_1_425' title='bbox 1559 3957 1667 4010; x_wconf 82' lang='grc' dir='ltr'>ἀπὸ</span> <span class='ocrx_word' id='word_1_426' title='bbox 1719 3955 1814 4008; x_wconf 85' lang='grc' dir='ltr'><strong>τοῦ</strong></span> 
     </span>
    </p>
   </div>
   <div class='ocr_carea' id='block_1_58' title="bbox 228 4045 1812 4126">
    <p class='ocr_par' dir='ltr' id='par_1_58' title="bbox 228 4045 1812 4126">
     <span class='ocr_line' id='line_1_58' title="bbox 228 4045 1812 4126; baseline -0.008 -17"><span class='ocrx_word' id='word_1_427' title='bbox 228 4055 502 4126; x_wconf 81' lang='grc' dir='ltr'>σώματος,</span> <span class='ocrx_word' id='word_1_428' title='bbox 533 4053 607 4114; x_wconf 84' lang='grc' dir='ltr'>ὼς</span> <span class='ocrx_word' id='word_1_429' title='bbox 637 4050 730 4104; x_wconf 75' lang='grc' dir='ltr'><strong>καὶ</strong></span> <span class='ocrx_word' id='word_1_430' title='bbox 763 4050 963 4117; x_wconf 80' lang='grc' dir='ltr'>σαρκὸς</span> <span class='ocrx_word' id='word_1_431' title='bbox 992 4048 1052 4101; x_wconf 80' lang='grc' dir='ltr'>τὸ</span> <span class='ocrx_word' id='word_1_432' title='bbox 1080 4050 1297 4119; x_wconf 77' lang='grc' dir='ltr'>κοπιᾷν,</span> <span class='ocrx_word' id='word_1_433' title='bbox 1326 4048 1386 4100; x_wconf 84' lang='grc' dir='ltr'>τὸ</span> <span class='ocrx_word' id='word_1_434' title='bbox 1427 4045 1812 4117; x_wconf 85' lang='grc' dir='ltr'>σταυροῦσθαι,</span> 
     </span>
    </p>
   </div>
   <div class='ocr_carea' id='block_1_59' title="bbox 224 4137 1815 4210">
    <p class='ocr_par' dir='ltr' id='par_1_59' title="bbox 224 4137 1815 4210">
     <span class='ocr_line' id='line_1_59' title="bbox 224 4137 1815 4210; baseline -0.007 -11"><span class='ocrx_word' id='word_1_435' title='bbox 224 4147 288 4199; x_wconf 80' lang='grc' dir='ltr'>τὸ</span> <span class='ocrx_word' id='word_1_436' title='bbox 319 4142 662 4207; x_wconf 81' lang='grc' dir='ltr'>ἀνίστασθαι,</span> <span class='ocrx_word' id='word_1_437' title='bbox 694 4141 756 4194; x_wconf 82' lang='grc' dir='ltr'><strong>τὸ</strong></span> <span class='ocrx_word' id='word_1_438' title='bbox 787 4140 1081 4210; x_wconf 79' lang='grc' dir='ltr'>μετάρσιον</span> <span class='ocrx_word' id='word_1_439' title='bbox 1119 4139 1412 4208; x_wconf 83' lang='grc' dir='ltr'>ὑπομένειν</span> <span class='ocrx_word' id='word_1_440' title='bbox 1460 4137 1639 4190; x_wconf 80' lang='grc' dir='ltr'>θέσιν·</span> <span class='ocrx_word' id='word_1_441' title='bbox 1674 4137 1815 4204; x_wconf 78' lang='grc' dir='ltr'>πλὴν</span> 
     </span>
    </p>
   </div>
   <div class='ocr_carea' id='block_1_60' title="bbox 223 4232 1814 4305">
    <p class='ocr_par' dir='ltr' id='par_1_60' title="bbox 223 4232 1814 4305">
     <span class='ocr_line' id='line_1_60' title="bbox 223 4232 1814 4305; baseline -0.007 -11"><span class='ocrx_word' id='word_1_442' title='bbox 223 4241 364 4294; x_wconf 84' lang='grc' dir='ltr'>Θεοῦ</span> <span class='ocrx_word' id='word_1_443' title='bbox 416 4241 483 4293; x_wconf 76' lang='grc' dir='ltr'>τὰ</span> <span class='ocrx_word' id='word_1_444' title='bbox 535 4240 714 4293; x_wconf 83' lang='grc' dir='ltr'>πάντα</span> <span class='ocrx_word' id='word_1_445' title='bbox 761 4237 998 4305; x_wconf 82' lang='grc' dir='ltr'>λέγεται,</span> <span class='ocrx_word' id='word_1_446' title='bbox 1032 4236 1125 4288; x_wconf 75' lang='grc' dir='ltr'>καὶ</span> <span class='ocrx_word' id='word_1_447' title='bbox 1175 4234 1309 4286; x_wconf 77' lang='grc' dir='ltr'>εξσί’</span> <span class='ocrx_word' id='word_1_448' title='bbox 1348 4233 1483 4287; x_wconf 84' lang='grc' dir='ltr'>Θεοῦ</span> <span class='ocrx_word' id='word_1_449' title='bbox 1512 4232 1620 4303; x_wconf 80' lang='grc' dir='ltr'><strong>γὰρ</strong></span> <span class='ocrx_word' id='word_1_450' title='bbox 1653 4233 1751 4287; x_wconf 75' lang='grc' dir='ltr'>καὶ</span> <span class='ocrx_word' id='word_1_451' title='bbox 1781 4234 1814 4302; x_wconf 82' lang='grc' dir='ltr'>ἡ</span> 
     </span>
    </p>
   </div>
   <div class='ocr_carea' id='block_1_61' title="bbox 223 4329 1034 4408">
    <p class='ocr_par' dir='ltr' id='par_1_61' title="bbox 223 4329 1034 4408">
     <span class='ocr_line' id='line_1_61' title="bbox 223 4329 1034 4408; baseline -0.009 -18"><span class='ocrx_word' id='word_1_452' title='bbox 223 4335 407 4408; x_wconf 67' lang='grc' dir='ltr'>ψυχή·</span> <span class='ocrx_word' id='word_1_453' title='bbox 444 4331 580 4385; x_wconf 80' lang='grc' dir='ltr'>Θεοῦ</span> <span class='ocrx_word' id='word_1_454' title='bbox 621 4333 716 4384; x_wconf 66' lang='grc' dir='ltr'>καὶ</span> <span class='ocrx_word' id='word_1_455' title='bbox 754 4330 814 4383; x_wconf 86' lang='grc' dir='ltr'>τὸ</span> <span class='ocrx_word' id='word_1_456' title='bbox 854 4329 1034 4398; x_wconf 88' lang='grc' dir='ltr'>σῶμα.</span> 
     </span>
    </p>
   </div>
   <div class='ocr_carea' id='block_1_62' title="bbox 310 4504 1814 4579">
    <p class='ocr_par' dir='ltr' id='par_1_62' title="bbox 310 4504 1814 4579">
     <span class='ocr_line' id='line_1_62' title="bbox 310 4504 1814 4579; baseline -0.007 -14"><span class='ocrx_word' id='word_1_457' title='bbox 310 4511 508 4579; x_wconf 71' lang='grc' dir='ltr'>Ἐρώῖ,</span> <span class='ocrx_word' id='word_1_458' title='bbox 553 4511 675 4572; x_wconf 85' lang='grc' dir='ltr'><strong>Πῶς</strong></span> <span class='ocrx_word' id='word_1_459' title='bbox 725 4511 750 4560; x_wconf 79' lang='grc' dir='ltr'>ὁ</span> <span class='ocrx_word' id='word_1_460' title='bbox 798 4507 1205 4577; x_wconf 74' lang='grc' dir='ltr'>παντοδύναμος</span> <span class='ocrx_word' id='word_1_461' title='bbox 1237 4507 1408 4575; x_wconf 81' lang='grc' dir='ltr'>Λόγος</span> <span class='ocrx_word' id='word_1_462' title='bbox 1447 4504 1543 4558; x_wconf 78' lang='grc' dir='ltr'><strong>τοῦ</strong></span> <span class='ocrx_word' id='word_1_463' title='bbox 1598 4504 1814 4570; x_wconf 61' lang='grc' dir='ltr'>Πατρὶς</span> 
     </span>
    </p>
   </div>
   <div class='ocr_carea' id='block_1_63' title="bbox 1918 2038 3511 2114">
    <p class='ocr_par' dir='ltr' id='par_1_63' title="bbox 1918 2038 3511 2114">
     <span class='ocr_line' id='line_1_63' title="bbox 1918 2038 3511 2114; baseline 0.011 -25"><span class='ocrx_word' id='word_1_464' title='bbox 1918 2050 2083 2092; x_wconf 87' lang='lat' dir='ltr'><strong>causa</strong></span> <span class='ocrx_word' id='word_1_465' title='bbox 2127 2038 2446 2101; x_wconf 77' lang='lat' dir='ltr'><strong>homolieri</strong></span> <span class='ocrx_word' id='word_1_466' title='bbox 2505 2041 3010 2114; x_wconf 85' lang='lat' dir='ltr'><strong>dispensatorieque</strong></span> <span class='ocrx_word' id='word_1_467' title='bbox 3051 2045 3106 2100; x_wconf 92' lang='lat' dir='ltr'><strong>in</strong></span> <span class='ocrx_word' id='word_1_468' title='bbox 3148 2051 3351 2105; x_wconf 82' lang='lat' dir='ltr'><strong>nostris</strong></span> <span class='ocrx_word' id='word_1_469' title='bbox 3385 2066 3511 2106; x_wconf 83' lang='lat' dir='ltr'><strong>ver-</strong></span> 
     </span>
    </p>
   </div>
   <div class='ocr_carea' id='block_1_64' title="bbox 1917 2127 3511 2210">
    <p class='ocr_par' dir='ltr' id='par_1_64' title="bbox 1917 2127 3511 2210">
     <span class='ocr_line' id='line_1_64' title="bbox 1917 2127 3511 2210; baseline 0.01 -31"><span class='ocrx_word' id='word_1_470' title='bbox 1917 2127 2026 2181; x_wconf 81' lang='lat' dir='ltr'><strong>sari</strong></span> <span class='ocrx_word' id='word_1_471' title='bbox 2071 2142 2180 2182; x_wconf 92' lang='lat' dir='ltr'><strong>non</strong></span> <span class='ocrx_word' id='word_1_472' title='bbox 2224 2130 2516 2184; x_wconf 85' lang='lat' dir='ltr'><strong>abnuerit?</strong></span> <span class='ocrx_word' id='word_1_473' title='bbox 2555 2130 2736 2187; x_wconf 86' lang='lat' dir='ltr'><strong>Patris</strong></span> <span class='ocrx_word' id='word_1_474' title='bbox 2783 2132 3197 2204; x_wconf 79' lang='lat' dir='ltr'><strong>benignitatem,</strong></span> <span class='ocrx_word' id='word_1_475' title='bbox 3242 2140 3334 2208; x_wconf 83' lang='lat' dir='ltr'><strong>qui</strong></span> <span class='ocrx_word' id='word_1_476' title='bbox 3383 2140 3511 2210; x_wconf 83' lang='lat' dir='ltr'><strong>pro-</strong></span> 
     </span>
    </p>
   </div>
   <div class='ocr_carea' id='block_1_65' title="bbox 1917 2219 3507 2301">
    <p class='ocr_par' dir='ltr' id='par_1_65' title="bbox 1917 2219 3507 2301">
     <span class='ocr_line' id='line_1_65' title="bbox 1917 2219 3507 2301; baseline 0.011 -30"><span class='ocrx_word' id='word_1_477' title='bbox 1917 2219 2092 2286; x_wconf 90' lang='lat' dir='ltr'><strong>prium</strong></span> <span class='ocrx_word' id='word_1_478' title='bbox 2133 2220 2329 2276; x_wconf 85' lang='lat' dir='ltr'><strong>Filium</strong></span> <span class='ocrx_word' id='word_1_479' title='bbox 2369 2231 2592 2293; x_wconf 86' lang='lat' dir='ltr'><strong>propter</strong></span> <span class='ocrx_word' id='word_1_480' title='bbox 2624 2238 2723 2280; x_wconf 87' lang='lat' dir='ltr'><strong>nos</strong></span> <span class='ocrx_word' id='word_1_481' title='bbox 2757 2225 3012 2292; x_wconf 85' lang='lat' dir='ltr'><strong>donavit,</strong></span> <span class='ocrx_word' id='word_1_482' title='bbox 3051 2228 3414 2301; x_wconf 84' lang='lat' dir='ltr'><strong>amplectere;</strong></span> <span class='ocrx_word' id='word_1_483' title='bbox 3453 2233 3507 2289; x_wconf 91' lang='lat' dir='ltr'><strong>in</strong></span> 
     </span>
    </p>
   </div>
   <div class='ocr_carea' id='block_1_66' title="bbox 1917 2311 3503 2394">
    <p class='ocr_par' dir='ltr' id='par_1_66' title="bbox 1917 2311 3503 2394">
     <span class='ocr_line' id='line_1_66' title="bbox 1917 2311 3503 2394; baseline 0.008 -30"><span class='ocrx_word' id='word_1_484' title='bbox 1917 2311 2090 2380; x_wconf 85' lang='lat' dir='ltr'><strong>ipsam</strong></span> <span class='ocrx_word' id='word_1_485' title='bbox 2124 2322 2305 2367; x_wconf 87' lang='lat' dir='ltr'><strong>autem</strong></span> <span class='ocrx_word' id='word_1_486' title='bbox 2338 2328 2454 2369; x_wconf 89' lang='lat' dir='ltr'><strong>rem</strong></span> <span class='ocrx_word' id='word_1_487' title='bbox 2489 2315 2781 2382; x_wconf 85' lang='lat' dir='ltr'><strong>curiosius,</strong></span> <span class='ocrx_word' id='word_1_488' title='bbox 2815 2333 3023 2387; x_wconf 77' lang='lat' dir='ltr'><strong>quaeso,</strong></span> <span class='ocrx_word' id='word_1_489' title='bbox 3062 2320 3171 2376; x_wconf 90' lang='lat' dir='ltr'><strong>noli</strong></span> <span class='ocrx_word' id='word_1_490' title='bbox 3208 2323 3503 2394; x_wconf 88' lang='lat' dir='ltr'><strong>inquirere.</strong></span> 
     </span>
    </p>
   </div>
   <div class='ocr_carea' id='block_1_67' title="bbox 1917 2401 3473 2477">
    <p class='ocr_par' dir='ltr' id='par_1_67' title="bbox 1917 2401 3473 2477">
     <span class='ocr_line' id='line_1_67' title="bbox 1917 2401 3473 2477; baseline 0.004 -21"><span class='ocrx_word' id='word_1_491' title='bbox 1917 2401 2033 2457; x_wconf 82' lang='lat' dir='ltr'><strong>Non</strong></span> <span class='ocrx_word' id='word_1_492' title='bbox 2071 2402 2216 2458; x_wconf 86' lang='lat' dir='ltr'><strong>enim</strong></span> <span class='ocrx_word' id='word_1_493' title='bbox 2258 2418 2356 2474; x_wconf 92' lang='lat' dir='ltr'><strong>per</strong></span> <span class='ocrx_word' id='word_1_494' title='bbox 2394 2402 2708 2461; x_wconf 62' lang='lat' dir='ltr'><strong>Graecorum</strong></span> <span class='ocrx_word' id='word_1_495' title='bbox 2751 2410 3101 2477; x_wconf 85' lang='lat' dir='ltr'><strong>sapientiam,</strong></span> <span class='ocrx_word' id='word_1_496' title='bbox 3144 2421 3237 2466; x_wconf 89' lang='lat' dir='ltr'><strong>aut</strong></span> <span class='ocrx_word' id='word_1_497' title='bbox 3281 2414 3473 2469; x_wconf 64' lang='lat' dir='ltr'><strong>mund:</strong></span> 
     </span>
    </p>
   </div>
   <div class='ocr_carea' id='block_1_68' title="bbox 1918 2496 3508 2570">
    <p class='ocr_par' dir='ltr' id='par_1_68' title="bbox 1918 2496 3508 2570">
     <span class='ocr_line' id='line_1_68' title="bbox 1918 2496 3508 2570; baseline 0.008 -23"><span class='ocrx_word' id='word_1_498' title='bbox 1918 2509 2043 2548; x_wconf 88' lang='lat' dir='ltr'><strong>num</strong></span> <span class='ocrx_word' id='word_1_499' title='bbox 2079 2509 2296 2551; x_wconf 87' lang='lat' dir='ltr'><strong>sensum</strong></span> <span class='ocrx_word' id='word_1_500' title='bbox 2331 2496 2651 2565; x_wconf 88' lang='lat' dir='ltr'><strong>percipitur,</strong></span> <span class='ocrx_word' id='word_1_501' title='bbox 2683 2498 2780 2552; x_wconf 89' lang='lat' dir='ltr'><strong>sed</strong></span> <span class='ocrx_word' id='word_1_502' title='bbox 2815 2500 2884 2554; x_wconf 88' lang='lat' dir='ltr'><strong>ah</strong></span> <span class='ocrx_word' id='word_1_503' title='bbox 2918 2508 3151 2570; x_wconf 75' lang='lat' dir='ltr'><strong>atroque</strong></span> <span class='ocrx_word' id='word_1_504' title='bbox 3183 2509 3268 2556; x_wconf 88' lang='lat' dir='ltr'><strong>est</strong></span> <span class='ocrx_word' id='word_1_505' title='bbox 3305 2503 3508 2561; x_wconf 81' lang='lat' dir='ltr'><strong>aliena.</strong></span> 
     </span>
    </p>
   </div>
   <div class='ocr_carea' id='block_1_69' title="bbox 1921 2586 3504 2661">
    <p class='ocr_par' dir='ltr' id='par_1_69' title="bbox 1921 2586 3504 2661">
     <span class='ocr_line' id='line_1_69' title="bbox 1921 2586 3504 2661; baseline 0.009 -24"><span class='ocrx_word' id='word_1_506' title='bbox 1921 2605 1940 2637; x_wconf 84' lang='grc' dir='ltr'><strong>ι</strong></span> <span class='ocrx_word' id='word_1_507' title='bbox 1961 2586 2156 2643; x_wconf 83' lang='lat' dir='ltr'><strong>Beatus</strong></span> <span class='ocrx_word' id='word_1_508' title='bbox 2173 2603 2253 2651; x_wconf 89' lang='lat' dir='ltr'><strong>es,</strong></span> <span class='ocrx_word' id='word_1_509' title='bbox 2274 2586 2775 2655; x_wconf 77' lang='lat' dir='ltr'><strong>Simon-Bar—Jona,</strong></span> <span class='ocrx_word' id='word_1_510' title='bbox 2796 2609 2814 2642; x_wconf 76' lang='grc' dir='ltr'><strong>ι</strong></span> <span class='ocrx_word' id='word_1_511' title='bbox 2833 2592 3013 2660; x_wconf 89' lang='lat' dir='ltr'><strong>inquit</strong></span> <span class='ocrx_word' id='word_1_512' title='bbox 3032 2593 3292 2650; x_wconf 88' lang='lat' dir='ltr'><strong>Dominus</strong></span> <span class='ocrx_word' id='word_1_513' title='bbox 3320 2594 3504 2661; x_wconf 85' lang='lat' dir='ltr'><strong>Petro,</strong></span> 
     </span>
    </p>
   </div>
   <div class='ocr_carea' id='block_1_70' title="bbox 1921 2680 3508 2754">
    <p class='ocr_par' dir='ltr' id='par_1_70' title="bbox 1921 2680 3508 2754">
     <span class='ocr_line' id='line_1_70' title="bbox 1921 2680 3508 2754; baseline 0.009 -24"><span class='ocrx_word' id='word_1_514' title='bbox 1921 2696 1940 2729; x_wconf 81' lang='grc' dir='ltr'><strong>ι</strong></span> <span class='ocrx_word' id='word_1_515' title='bbox 1987 2680 2113 2748; x_wconf 88' lang='lat' dir='ltr'><strong>quia</strong></span> <span class='ocrx_word' id='word_1_516' title='bbox 2136 2693 2266 2734; x_wconf 89' lang='lat' dir='ltr'><strong>caro</strong></span> <span class='ocrx_word' id='word_1_517' title='bbox 2287 2690 2341 2735; x_wconf 90' lang='lat' dir='ltr'><strong>et</strong></span> <span class='ocrx_word' id='word_1_518' title='bbox 2365 2682 2587 2751; x_wconf 73' lang='lat' dir='ltr'><strong>sanguis</strong></span> <span class='ocrx_word' id='word_1_519' title='bbox 2614 2697 2720 2736; x_wconf 91' lang='lat' dir='ltr'><strong>non</strong></span> <span class='ocrx_word' id='word_1_520' title='bbox 2749 2683 3031 2739; x_wconf 88' lang='lat' dir='ltr'><strong>revelavit&#39;</strong></span> <span class='ocrx_word' id='word_1_521' title='bbox 3050 2687 3169 2754; x_wconf 87' lang='lat' dir='ltr'><strong>tibi,</strong></span> <span class='ocrx_word' id='word_1_522' title='bbox 3205 2688 3302 2744; x_wconf 90' lang='lat' dir='ltr'><strong>sed</strong></span> <span class='ocrx_word' id='word_1_523' title='bbox 3343 2688 3508 2745; x_wconf 87' lang='lat' dir='ltr'><strong>Pater</strong></span> 
     </span>
    </p>
   </div>
   <div class='ocr_carea' id='block_1_71' title="bbox 1916 2760 3526 2840">
    <p class='ocr_par' dir='ltr' id='par_1_71' title="bbox 1916 2760 3526 2840">
     <span class='ocr_line' id='line_1_71' title="bbox 1916 2760 3526 2840; baseline 0.01 -17"><span class='ocrx_word' id='word_1_524' title='bbox 1916 2785 2068 2824; x_wconf 84' lang='lat' dir='ltr'><strong>meus</strong></span> <span class='ocrx_word' id='word_1_525' title='bbox 2093 2771 2185 2840; x_wconf 88' lang='lat' dir='ltr'><strong>qui</strong></span> <span class='ocrx_word' id='word_1_526' title='bbox 2213 2781 2296 2826; x_wconf 87' lang='lat' dir='ltr'><strong>est</strong></span> <span class='ocrx_word' id='word_1_527' title='bbox 2323 2771 2376 2826; x_wconf 92' lang='lat' dir='ltr'><strong>in</strong></span> <span class='ocrx_word' id='word_1_528' title='bbox 2405 2773 2559 2827; x_wconf 67' lang='lat' dir='ltr'><strong>caelis</strong></span> <span class='ocrx_word' id='word_1_529' title='bbox 2579 2773 2645 2830; x_wconf 69' lang='grc' dir='ltr'><strong>η.</strong></span> <span class='ocrx_word' id='word_1_530' title='bbox 2680 2793 2700 2826; x_wconf 75' lang='grc' dir='ltr'><strong>ι</strong></span> <span class='ocrx_word' id='word_1_531' title='bbox 2732 2772 2867 2828; x_wconf 74' lang='lat' dir='ltr'><strong>Nam</strong></span> <span class='ocrx_word' id='word_1_532' title='bbox 2895 2777 3061 2832; x_wconf 86' lang='lat' dir='ltr'><strong>divini</strong></span> <span class='ocrx_word' id='word_1_533' title='bbox 3090 2779 3356 2838; x_wconf 84' lang='lat' dir='ltr'><strong>adventus</strong></span> <span class='ocrx_word' id='word_1_534' title='bbox 3384 2760 3526 2839; x_wconf 84' lang='lat' dir='ltr'><strong>Filii</strong></span> 
     </span>
    </p>
   </div>
   <div class='ocr_carea' id='block_1_72' title="bbox 1916 2857 2916 2930">
    <p class='ocr_par' dir='ltr' id='par_1_72' title="bbox 1916 2857 2916 2930">
     <span class='ocr_line' id='line_1_72' title="bbox 1916 2857 2916 2930; baseline 0.009 -19"><span class='ocrx_word' id='word_1_535' title='bbox 1916 2857 2009 2914; x_wconf 89' lang='lat' dir='ltr'><strong>Dei</strong></span> <span class='ocrx_word' id='word_1_536' title='bbox 2040 2861 2297 2930; x_wconf 80' lang='lat' dir='ltr'><strong>cognitio,</strong></span> <span class='ocrx_word' id='word_1_537' title='bbox 2327 2863 2551 2918; x_wconf 76' lang='lat' dir='ltr'><strong>cmlcste</strong></span> <span class='ocrx_word' id='word_1_538' title='bbox 2580 2863 2781 2918; x_wconf 88' lang='lat' dir='ltr'><strong>donum</strong></span> <span class='ocrx_word' id='word_1_539' title='bbox 2811 2874 2916 2920; x_wconf 92' lang='lat' dir='ltr'><strong>est.</strong></span> 
     </span>
    </p>
   </div>
   <div class='ocr_carea' id='block_1_73' title="bbox 1988 2949 3510 3029">
    <p class='ocr_par' dir='ltr' id='par_1_73' title="bbox 1988 2949 3510 3029">
     <span class='ocr_line' id='line_1_73' title="bbox 1988 2949 3510 3029; baseline 0.012 -26"><span class='ocrx_word' id='word_1_540' title='bbox 1988 2949 2253 3020; x_wconf 80' lang='lat' dir='ltr'><strong>Interrag.</strong></span> <span class='ocrx_word' id='word_1_541' title='bbox 2290 2952 2571 3018; x_wconf 85' lang='lat' dir='ltr'><strong>Quomodo</strong></span> <span class='ocrx_word' id='word_1_542' title='bbox 2597 2955 2974 3011; x_wconf 89' lang='lat' dir='ltr'><strong>universorum</strong></span> <span class='ocrx_word' id='word_1_543' title='bbox 3001 2958 3182 3029; x_wconf 75' lang='lat' dir='ltr'><strong>opifex</strong></span> <span class='ocrx_word' id='word_1_544' title='bbox 3213 2961 3353 3019; x_wconf 89' lang='lat' dir='ltr'><strong>Deus</strong></span> <span class='ocrx_word' id='word_1_545' title='bbox 3373 2962 3510 3021; x_wconf 83' lang='lat' dir='ltr'><strong>Ver-</strong></span> 
     </span>
    </p>
   </div>
   <div class='ocr_carea' id='block_1_74' title="bbox 1917 3043 3510 3119">
    <p class='ocr_par' dir='ltr' id='par_1_74' title="bbox 1917 3043 3510 3119">
     <span class='ocr_line' id='line_1_74' title="bbox 1917 3043 3510 3119; baseline 0.012 -23"><span class='ocrx_word' id='word_1_546' title='bbox 1917 3043 2069 3109; x_wconf 86' lang='lat' dir='ltr'><strong>bum,</strong></span> <span class='ocrx_word' id='word_1_547' title='bbox 2097 3045 2188 3113; x_wconf 91' lang='lat' dir='ltr'><strong>qui</strong></span> <span class='ocrx_word' id='word_1_548' title='bbox 2221 3059 2320 3099; x_wconf 88' lang='lat' dir='ltr'><strong>nec</strong></span> <span class='ocrx_word' id='word_1_549' title='bbox 2353 3047 2518 3116; x_wconf 76' lang='lat' dir='ltr'><strong>tangi,</strong></span> <span class='ocrx_word' id='word_1_550' title='bbox 2549 3063 2648 3102; x_wconf 88' lang='lat' dir='ltr'><strong>nec</strong></span> <span class='ocrx_word' id='word_1_551' title='bbox 2681 3049 2853 3114; x_wconf 89' lang='lat' dir='ltr'><strong>cerni,</strong></span> <span class='ocrx_word' id='word_1_552' title='bbox 2883 3065 2982 3105; x_wconf 93' lang='lat' dir='ltr'><strong>nec</strong></span> <span class='ocrx_word' id='word_1_553' title='bbox 3014 3054 3236 3119; x_wconf 87' lang='lat' dir='ltr'><strong>mutari,</strong></span> <span class='ocrx_word' id='word_1_554' title='bbox 3268 3072 3368 3112; x_wconf 89' lang='lat' dir='ltr'><strong>nec</strong></span> <span class='ocrx_word' id='word_1_555' title='bbox 3400 3060 3510 3115; x_wconf 90' lang='lat' dir='ltr'><strong>cir-</strong></span> 
     </span>
    </p>
   </div>
   <div class='ocr_carea' id='block_1_75' title="bbox 1917 3135 3510 3220">
    <p class='ocr_par' dir='ltr' id='par_1_75' title="bbox 1917 3135 3510 3220">
     <span class='ocr_line' id='line_1_75' title="bbox 1917 3135 3510 3220; baseline 0.011 -32"><span class='ocrx_word' id='word_1_556' title='bbox 1917 3135 2207 3190; x_wconf 89' lang='lat' dir='ltr'><strong>cumscribi</strong></span> <span class='ocrx_word' id='word_1_557' title='bbox 2249 3147 2457 3205; x_wconf 85' lang='lat' dir='ltr'><strong>potest,</strong></span> <span class='ocrx_word' id='word_1_558' title='bbox 2495 3139 2547 3191; x_wconf 91' lang='lat' dir='ltr'><strong>in</strong></span> <span class='ocrx_word' id='word_1_559' title='bbox 2584 3139 2676 3194; x_wconf 88' lang='lat' dir='ltr'><strong>vili</strong></span> <span class='ocrx_word' id='word_1_560' title='bbox 2719 3140 2866 3212; x_wconf 77' lang='lat' dir='ltr'><strong>ligno</strong></span> <span class='ocrx_word' id='word_1_561' title='bbox 2906 3157 3123 3199; x_wconf 89' lang='lat' dir='ltr'><strong>crucem</strong></span> <span class='ocrx_word' id='word_1_562' title='bbox 3167 3157 3510 3220; x_wconf 86' lang='lat' dir='ltr'><strong>mortemque</strong></span> 
     </span>
    </p>
   </div>
   <div class='ocr_carea' id='block_1_76' title="bbox 1916 3227 3510 3312">
    <p class='ocr_par' dir='ltr' id='par_1_76' title="bbox 1916 3227 3510 3312">
     <span class='ocr_line' id='line_1_76' title="bbox 1916 3227 3510 3312; baseline 0.011 -32"><span class='ocrx_word' id='word_1_563' title='bbox 1916 3227 2206 3281; x_wconf 81' lang='lat' dir='ltr'><strong>sustinuit?</strong></span> <span class='ocrx_word' id='word_1_564' title='bbox 2231 3227 2386 3298; x_wconf 78' lang='lat' dir='ltr'><strong>Resp.</strong></span> <span class='ocrx_word' id='word_1_565' title='bbox 2420 3227 2650 3285; x_wconf 78' lang='lat' dir='ltr'><strong>Mortem</strong></span> <span class='ocrx_word' id='word_1_566' title='bbox 2685 3241 2739 3286; x_wconf 90' lang='lat' dir='ltr'><strong>et</strong></span> <span class='ocrx_word' id='word_1_567' title='bbox 2770 3247 2987 3289; x_wconf 90' lang='lat' dir='ltr'><strong>crucem</strong></span> <span class='ocrx_word' id='word_1_568' title='bbox 3023 3235 3115 3290; x_wconf 89' lang='lat' dir='ltr'><strong>Dei</strong></span> <span class='ocrx_word' id='word_1_569' title='bbox 3145 3236 3380 3295; x_wconf 80' lang='lat' dir='ltr'><strong>Verbum</strong></span> <span class='ocrx_word' id='word_1_570' title='bbox 3414 3258 3510 3312; x_wconf 88' lang='lat' dir='ltr'><strong>per</strong></span> 
     </span>
    </p>
   </div>
   <div class='ocr_carea' id='block_1_77' title="bbox 1919 3319 3510 3389">
    <p class='ocr_par' dir='ltr' id='par_1_77' title="bbox 1919 3319 3510 3389">
     <span class='ocr_line' id='line_1_77' title="bbox 1919 3319 3510 3389; baseline 0.013 -19"><span class='ocrx_word' id='word_1_571' title='bbox 1919 3319 2189 3387; x_wconf 86' lang='lat' dir='ltr'><strong>propriam</strong></span> <span class='ocrx_word' id='word_1_572' title='bbox 2218 3335 2440 3375; x_wconf 90' lang='lat' dir='ltr'><strong>carnem</strong></span> <span class='ocrx_word' id='word_1_573' title='bbox 2469 3323 2793 3379; x_wconf 88' lang='lat' dir='ltr'><strong>sustinuisse</strong></span> <span class='ocrx_word' id='word_1_574' title='bbox 2821 3326 3054 3384; x_wconf 88' lang='lat' dir='ltr'><strong>dicimus</strong></span> <span class='ocrx_word' id='word_1_575' title='bbox 3080 3346 3094 3384; x_wconf 93' lang='lat'>:</span> <span class='ocrx_word' id='word_1_576' title='bbox 3121 3333 3384 3388; x_wconf 88' lang='lat' dir='ltr'><strong>sustinuit</strong></span> <span class='ocrx_word' id='word_1_577' title='bbox 3412 3349 3510 3389; x_wconf 87' lang='lat' dir='ltr'><strong>au-</strong></span> 
     </span>
    </p>
   </div>
   <div class='ocr_carea' id='block_1_78' title="bbox 1919 3413 3511 3489">
    <p class='ocr_par' dir='ltr' id='par_1_78' title="bbox 1919 3413 3511 3489">
     <span class='ocr_line' id='line_1_78' title="bbox 1919 3413 3511 3489; baseline 0.013 -27"><span class='ocrx_word' id='word_1_578' title='bbox 1919 3419 2026 3464; x_wconf 90' lang='lat' dir='ltr'><strong>tem</strong></span> <span class='ocrx_word' id='word_1_579' title='bbox 2068 3413 2210 3475; x_wconf 74' lang='lat' dir='ltr'><strong>haec,</strong></span> <span class='ocrx_word' id='word_1_580' title='bbox 2250 3421 2310 3467; x_wconf 90' lang='lat' dir='ltr'><strong>ut</strong></span> <span class='ocrx_word' id='word_1_581' title='bbox 2345 3428 2444 3468; x_wconf 90' lang='lat' dir='ltr'><strong>nos</strong></span> <span class='ocrx_word' id='word_1_582' title='bbox 2479 3429 2508 3467; x_wconf 80' lang='grc' dir='ltr'><strong>ιι</strong></span> <span class='ocrx_word' id='word_1_583' title='bbox 2548 3426 2721 3471; x_wconf 91' lang='lat' dir='ltr'><strong>morte</strong></span> <span class='ocrx_word' id='word_1_584' title='bbox 2755 3426 2811 3472; x_wconf 88' lang='lat' dir='ltr'><strong>et</strong></span> <span class='ocrx_word' id='word_1_585' title='bbox 2845 3423 3199 3489; x_wconf 75' lang='lat' dir='ltr'><strong>corruptione</strong></span> <span class='ocrx_word' id='word_1_586' title='bbox 3237 3425 3511 3485; x_wconf 77' lang='lat' dir='ltr'><strong>immunes</strong></span> 
     </span>
    </p>
   </div>
   <div class='ocr_carea' id='block_1_79' title="bbox 1920 3500 3510 3590">
    <p class='ocr_par' dir='ltr' id='par_1_79' title="bbox 1920 3500 3510 3590">
     <span class='ocr_line' id='line_1_79' title="bbox 1920 3500 3510 3590; baseline 0.013 -34"><span class='ocrx_word' id='word_1_587' title='bbox 1920 3503 2187 3558; x_wconf 85' lang='lat' dir='ltr'><strong>redderet.</strong></span> <span class='ocrx_word' id='word_1_588' title='bbox 2215 3500 2351 3557; x_wconf 86' lang='lat' dir='ltr'><strong>Nam</strong></span> <span class='ocrx_word' id='word_1_589' title='bbox 2385 3505 2623 3560; x_wconf 88' lang='lat' dir='ltr'><strong>animam</strong></span> <span class='ocrx_word' id='word_1_590' title='bbox 2657 3510 2932 3577; x_wconf 86' lang='lat' dir='ltr'><strong>propriam</strong></span> <span class='ocrx_word' id='word_1_591' title='bbox 2969 3510 3058 3567; x_wconf 83' lang='lat' dir='ltr'><strong>ille</strong></span> <span class='ocrx_word' id='word_1_592' title='bbox 3091 3529 3188 3583; x_wconf 90' lang='lat' dir='ltr'><strong>pro</strong></span> <span class='ocrx_word' id='word_1_593' title='bbox 3223 3517 3380 3574; x_wconf 88' lang='lat' dir='ltr'><strong>nobis</strong></span> <span class='ocrx_word' id='word_1_594' title='bbox 3413 3535 3510 3590; x_wconf 90' lang='lat' dir='ltr'><strong>po-</strong></span> 
     </span>
    </p>
   </div>
   <div class='ocr_carea' id='block_1_80' title="bbox 1915 3592 3512 3665">
    <p class='ocr_par' dir='ltr' id='par_1_80' title="bbox 1915 3592 3512 3665">
     <span class='ocr_line' id='line_1_80' title="bbox 1915 3592 3512 3665; baseline 0.012 -19"><span class='ocrx_word' id='word_1_595' title='bbox 1915 3592 2043 3656; x_wconf 88' lang='lat' dir='ltr'><strong>suit,</strong></span> <span class='ocrx_word' id='word_1_596' title='bbox 2073 3608 2178 3646; x_wconf 88' lang='lat' dir='ltr'><strong>non</strong></span> <span class='ocrx_word' id='word_1_597' title='bbox 2207 3594 2570 3664; x_wconf 68' lang='lat' dir='ltr'><strong>pengrinam,</strong></span> <span class='ocrx_word' id='word_1_598' title='bbox 2599 3606 2694 3651; x_wconf 85' lang='lat' dir='ltr'><strong>aut</strong></span> <span class='ocrx_word' id='word_1_599' title='bbox 2723 3612 2754 3651; x_wconf 87' lang='lat' dir='ltr'><strong>a</strong></span> <span class='ocrx_word' id='word_1_600' title='bbox 2784 3596 2893 3654; x_wconf 90' lang='lat' dir='ltr'><strong>Deo</strong></span> <span class='ocrx_word' id='word_1_601' title='bbox 2915 3597 3092 3657; x_wconf 89' lang='lat' dir='ltr'><strong>Verbo</strong></span> <span class='ocrx_word' id='word_1_602' title='bbox 3118 3605 3353 3662; x_wconf 83' lang='lat' dir='ltr'><strong>alienam</strong></span> <span class='ocrx_word' id='word_1_603' title='bbox 3373 3622 3397 3662; x_wconf 85' lang='lat'><strong>-:</strong></span> <span class='ocrx_word' id='word_1_604' title='bbox 3427 3611 3512 3665; x_wconf 88' lang='lat' dir='ltr'><strong>in-</strong></span> 
     </span>
    </p>
   </div>
   <div class='ocr_carea' id='block_1_81' title="bbox 1917 3685 3590 3758">
    <p class='ocr_par' dir='ltr' id='par_1_81' title="bbox 1917 3685 3590 3758">
     <span class='ocr_line' id='line_1_81' title="bbox 1917 3685 3590 3758; baseline 0.01 -20"><span class='ocrx_word' id='word_1_605' title='bbox 1917 3685 2251 3754; x_wconf 82' lang='lat' dir='ltr'><strong>explicabilis</strong></span> <span class='ocrx_word' id='word_1_606' title='bbox 2276 3687 2423 3741; x_wconf 88' lang='lat' dir='ltr'><strong>enim</strong></span> <span class='ocrx_word' id='word_1_607' title='bbox 2448 3698 2532 3741; x_wconf 83' lang='lat' dir='ltr'><strong>est</strong></span> <span class='ocrx_word' id='word_1_608' title='bbox 2559 3689 2706 3744; x_wconf 89' lang='lat' dir='ltr'><strong>unio.</strong></span> <span class='ocrx_word' id='word_1_609' title='bbox 2736 3690 2855 3758; x_wconf 83' lang='lat' dir='ltr'><strong>Ipse</strong></span> <span class='ocrx_word' id='word_1_610' title='bbox 2881 3693 3027 3747; x_wconf 91' lang='lat' dir='ltr'><strong>enim</strong></span> <span class='ocrx_word' id='word_1_611' title='bbox 3057 3696 3134 3750; x_wconf 86' lang='lat' dir='ltr'><strong>ait</strong></span> <span class='ocrx_word' id='word_1_612' title='bbox 3160 3715 3173 3750; x_wconf 95' lang='lat'>:</span> <span class='ocrx_word' id='word_1_613' title='bbox 3211 3717 3228 3749; x_wconf 85' lang='grc' dir='ltr'><strong>ι</strong></span> <span class='ocrx_word' id='word_1_614' title='bbox 3262 3698 3510 3757; x_wconf 84' lang='lat' dir='ltr'><strong>Potesta-</strong></span> <span class='ocrx_word' id='word_1_615' title='bbox 3585 3751 3590 3755; x_wconf 78' lang='grc'>.</span> 
     </span>
    </p>
   </div>
   <div class='ocr_carea' id='block_1_82' title="bbox 1919 3777 3508 3858">
    <p class='ocr_par' dir='ltr' id='par_1_82' title="bbox 1919 3777 3508 3858">
     <span class='ocr_line' id='line_1_82' title="bbox 1919 3777 3508 3858; baseline 0.012 -28"><span class='ocrx_word' id='word_1_616' title='bbox 1919 3786 2024 3830; x_wconf 90' lang='lat' dir='ltr'><strong>tem</strong></span> <span class='ocrx_word' id='word_1_617' title='bbox 2067 3777 2240 3831; x_wconf 86' lang='lat' dir='ltr'><strong>habeo</strong></span> <span class='ocrx_word' id='word_1_618' title='bbox 2281 3779 2512 3845; x_wconf 89' lang='lat' dir='ltr'><strong>ponendi</strong></span> <span class='ocrx_word' id='word_1_619' title='bbox 2555 3781 2792 3836; x_wconf 89' lang='lat' dir='ltr'><strong>animam</strong></span> <span class='ocrx_word' id='word_1_620' title='bbox 2835 3798 3047 3849; x_wconf 87' lang='lat' dir='ltr'><strong>meam,</strong></span> <span class='ocrx_word' id='word_1_621' title='bbox 3086 3795 3140 3841; x_wconf 91' lang='lat' dir='ltr'><strong>et</strong></span> <span class='ocrx_word' id='word_1_622' title='bbox 3183 3800 3508 3858; x_wconf 86' lang='lat' dir='ltr'><strong>potestatem</strong></span> 
     </span>
    </p>
   </div>
   <div class='ocr_carea' id='block_1_83' title="bbox 1918 3865 3511 3954">
    <p class='ocr_par' dir='ltr' id='par_1_83' title="bbox 1918 3865 3511 3954">
     <span class='ocr_line' id='line_1_83' title="bbox 1918 3865 3511 3954; baseline 0.013 -36"><span class='ocrx_word' id='word_1_623' title='bbox 1918 3865 2090 3919; x_wconf 82' lang='lat' dir='ltr'><strong>habeo</strong></span> <span class='ocrx_word' id='word_1_624' title='bbox 2129 3867 2323 3920; x_wconf 85' lang='lat' dir='ltr'><strong>iterum</strong></span> <span class='ocrx_word' id='word_1_625' title='bbox 2360 3869 2607 3923; x_wconf 85' lang='lat' dir='ltr'><strong>sumendi</strong></span> <span class='ocrx_word' id='word_1_626' title='bbox 2649 3872 2854 3928; x_wconf 79' lang='lat' dir='ltr'><strong>eant&quot;.</strong></span> <span class='ocrx_word' id='word_1_627' title='bbox 2902 3892 2921 3924; x_wconf 71' lang='grc' dir='ltr'><strong>ι</strong></span> <span class='ocrx_word' id='word_1_628' title='bbox 2963 3874 3114 3931; x_wconf 83' lang='lat' dir='ltr'><strong>Illius</strong></span> <span class='ocrx_word' id='word_1_629' title='bbox 3155 3881 3350 3936; x_wconf 66' lang='lat' dir='ltr'><strong>animat</strong></span> <span class='ocrx_word' id='word_1_630' title='bbox 3386 3900 3511 3954; x_wconf 84' lang='lat' dir='ltr'><strong>pro-</strong></span> 
     </span>
    </p>
   </div>
   <div class='ocr_carea' id='block_1_84' title="bbox 1917 3959 3513 4042">
    <p class='ocr_par' dir='ltr' id='par_1_84' title="bbox 1917 3959 3513 4042">
     <span class='ocr_line' id='line_1_84' title="bbox 1917 3959 3513 4042; baseline 0.006 -32"><span class='ocrx_word' id='word_1_631' title='bbox 1917 3959 2092 4027; x_wconf 77' lang='lat' dir='ltr'><strong>prium</strong></span> <span class='ocrx_word' id='word_1_632' title='bbox 2144 3961 2374 4025; x_wconf 64' lang='lat' dir='ltr'><strong>taedere,</strong></span> <span class='ocrx_word' id='word_1_633' title='bbox 2417 3963 2766 4029; x_wconf 86' lang='lat' dir='ltr'><strong>contristari,</strong></span> <span class='ocrx_word' id='word_1_634' title='bbox 2809 3979 2838 4018; x_wconf 91' lang='lat' dir='ltr'><strong>e</strong></span> <span class='ocrx_word' id='word_1_635' title='bbox 2883 3966 3052 4040; x_wconf 62' lang='lat'><strong>804</strong></span> <span class='ocrx_word' id='word_1_636' title='bbox 3099 3986 3328 4042; x_wconf 75' lang='lat' dir='ltr'><strong>corpore</strong></span> <span class='ocrx_word' id='word_1_637' title='bbox 3373 3979 3513 4032; x_wconf 71' lang='lat' dir='ltr'><strong>emi-</strong></span> 
     </span>
    </p>
   </div>
   <div class='ocr_carea' id='block_1_85' title="bbox 1917 4053 3513 4131">
    <p class='ocr_par' dir='ltr' id='par_1_85' title="bbox 1917 4053 3513 4131">
     <span class='ocr_line' id='line_1_85' title="bbox 1917 4053 3513 4131; baseline 0.008 -30"><span class='ocrx_word' id='word_1_638' title='bbox 1917 4065 2101 4118; x_wconf 80' lang='lat' dir='ltr'><strong>grare,</strong></span> <span class='ocrx_word' id='word_1_639' title='bbox 2129 4054 2584 4118; x_wconf 84' lang='lat' dir='ltr'><strong>quemadmodum</strong></span> <span class='ocrx_word' id='word_1_640' title='bbox 2617 4065 2670 4107; x_wconf 91' lang='lat' dir='ltr'><strong>et</strong></span> <span class='ocrx_word' id='word_1_641' title='bbox 2703 4057 2854 4109; x_wconf 86' lang='lat' dir='ltr'><strong>carni</strong></span> <span class='ocrx_word' id='word_1_642' title='bbox 2885 4073 3102 4129; x_wconf 88' lang='lat' dir='ltr'><strong>quoque</strong></span> <span class='ocrx_word' id='word_1_643' title='bbox 3129 4053 3404 4131; x_wconf 70' lang='lat' dir='ltr'><strong>peculiare</strong></span> <span class='ocrx_word' id='word_1_644' title='bbox 3427 4081 3513 4126; x_wconf 71' lang='grc' dir='ltr'>εει</span> 
     </span>
    </p>
   </div>
   <div class='ocr_carea' id='block_1_86' title="bbox 1917 4139 3508 4212">
    <p class='ocr_par' dir='ltr' id='par_1_86' title="bbox 1917 4139 3508 4212">
     <span class='ocr_line' id='line_1_86' title="bbox 1917 4139 3508 4212; baseline 0.012 -19"><span class='ocrx_word' id='word_1_645' title='bbox 1917 4139 2222 4210; x_wconf 72' lang='lat' dir='ltr'><strong>defetigari,</strong></span> <span class='ocrx_word' id='word_1_646' title='bbox 2256 4141 2525 4212; x_wconf 80' lang='lat' dir='ltr'><strong>cruciﬁgi,</strong></span> <span class='ocrx_word' id='word_1_647' title='bbox 2559 4145 2909 4212; x_wconf 79' lang='lat' dir='ltr'><strong>exsuscitari,</strong></span> <span class='ocrx_word' id='word_1_648' title='bbox 2945 4147 2996 4200; x_wconf 91' lang='lat' dir='ltr'><strong>in</strong></span> <span class='ocrx_word' id='word_1_649' title='bbox 3035 4151 3205 4204; x_wconf 91' lang='lat' dir='ltr'><strong>altum</strong></span> <span class='ocrx_word' id='word_1_650' title='bbox 3239 4154 3508 4212; x_wconf 85' lang='lat' dir='ltr'><strong>sublatam</strong></span> 
     </span>
    </p>
   </div>
   <div class='ocr_carea' id='block_1_87' title="bbox 1917 4230 3511 4315">
    <p class='ocr_par' dir='ltr' id='par_1_87' title="bbox 1917 4230 3511 4315">
     <span class='ocr_line' id='line_1_87' title="bbox 1917 4230 3511 4315; baseline 0.009 -30"><span class='ocrx_word' id='word_1_651' title='bbox 1917 4230 2194 4285; x_wconf 87' lang='lat' dir='ltr'><strong>collocari.</strong></span> <span class='ocrx_word' id='word_1_652' title='bbox 2237 4230 2618 4287; x_wconf 85' lang='lat' dir='ltr'><strong>Verumtamen</strong></span> <span class='ocrx_word' id='word_1_653' title='bbox 2661 4235 2842 4288; x_wconf 89' lang='lat' dir='ltr'><strong>omnia</strong></span> <span class='ocrx_word' id='word_1_654' title='bbox 2889 4235 3004 4291; x_wconf 81' lang='lat' dir='ltr'><strong>haec</strong></span> <span class='ocrx_word' id='word_1_655' title='bbox 3043 4249 3098 4292; x_wconf 91' lang='lat' dir='ltr'><strong>et</strong></span> <span class='ocrx_word' id='word_1_656' title='bbox 3137 4241 3230 4295; x_wconf 92' lang='lat' dir='ltr'><strong>Dei</strong></span> <span class='ocrx_word' id='word_1_657' title='bbox 3268 4252 3414 4315; x_wconf 83' lang='lat' dir='ltr'><strong>sunt,</strong></span> <span class='ocrx_word' id='word_1_658' title='bbox 3455 4258 3511 4300; x_wconf 92' lang='lat' dir='ltr'><strong>et</strong></span> 
     </span>
    </p>
   </div>
   <div class='ocr_carea' id='block_1_88' title="bbox 1918 4323 3513 4400">
    <p class='ocr_par' dir='ltr' id='par_1_88' title="bbox 1918 4323 3513 4400">
     <span class='ocr_line' id='line_1_88' title="bbox 1918 4323 3513 4400; baseline 0.009 -25"><span class='ocrx_word' id='word_1_659' title='bbox 1918 4323 2013 4376; x_wconf 87' lang='lat' dir='ltr'><strong>Dei</strong></span> <span class='ocrx_word' id='word_1_660' title='bbox 2060 4337 2182 4377; x_wconf 83' lang='lat' dir='ltr'><strong>esse</strong></span> <span class='ocrx_word' id='word_1_661' title='bbox 2228 4325 2503 4378; x_wconf 82' lang='lat' dir='ltr'><strong>dicuntur.</strong></span> <span class='ocrx_word' id='word_1_662' title='bbox 2555 4325 2651 4380; x_wconf 83' lang='lat' dir='ltr'><strong>Dei</strong></span> <span class='ocrx_word' id='word_1_663' title='bbox 2694 4327 2840 4380; x_wconf 88' lang='lat' dir='ltr'><strong>enim</strong></span> <span class='ocrx_word' id='word_1_664' title='bbox 2887 4336 2971 4382; x_wconf 87' lang='lat' dir='ltr'><strong>est</strong></span> <span class='ocrx_word' id='word_1_665' title='bbox 3022 4332 3238 4400; x_wconf 87' lang='lat' dir='ltr'><strong>anima,</strong></span> <span class='ocrx_word' id='word_1_666' title='bbox 3285 4334 3378 4391; x_wconf 88' lang='lat' dir='ltr'><strong>Dei</strong></span> <span class='ocrx_word' id='word_1_667' title='bbox 3425 4349 3513 4394; x_wconf 83' lang='lat' dir='ltr'><strong>est</strong></span> 
     </span>
    </p>
   </div>
   <div class='ocr_carea' id='block_1_89' title="bbox 1917 4428 2064 4467">
    <p class='ocr_par' dir='ltr' id='par_1_89' title="bbox 1917 4428 2064 4467">
     <span class='ocr_line' id='line_1_89' title="bbox 1917 4428 2064 4467; baseline -0.014 0"><span class='ocrx_word' id='word_1_668' title='bbox 1917 4428 2064 4467; x_wconf 83' lang='lat' dir='ltr'><strong>caro.</strong></span> 
     </span>
    </p>
   </div>
   <div class='ocr_carea' id='block_1_90' title="bbox 1988 4501 3511 4574">
    <p class='ocr_par' dir='ltr' id='par_1_90' title="bbox 1988 4501 3511 4574">
     <span class='ocr_line' id='line_1_90' title="bbox 1988 4501 3511 4574; baseline 0.012 -19"><span class='ocrx_word' id='word_1_669' title='bbox 1988 4501 2255 4573; x_wconf 79' lang='lat' dir='ltr'><strong>Interrog.</strong></span> <span class='ocrx_word' id='word_1_670' title='bbox 2290 4503 2571 4568; x_wconf 82' lang='lat' dir='ltr'><strong>Quomodo</strong></span> <span class='ocrx_word' id='word_1_671' title='bbox 2593 4507 2937 4574; x_wconf 84' lang='lat' dir='ltr'><strong>omnipotens</strong></span> <span class='ocrx_word' id='word_1_672' title='bbox 2962 4509 3141 4567; x_wconf 87' lang='lat' dir='ltr'><strong>Patris</strong></span> <span class='ocrx_word' id='word_1_673' title='bbox 3160 4511 3398 4572; x_wconf 80' lang='lat' dir='ltr'><strong>Verbum</strong></span> <span class='ocrx_word' id='word_1_674' title='bbox 3425 4534 3511 4574; x_wconf 87' lang='lat' dir='ltr'><strong>re—</strong></span> 
     </span>
    </p>
   </div>
   <div class='ocr_carea' id='block_1_91' title="bbox 227 4591 1813 4671">
    <p class='ocr_par' dir='ltr' id='par_1_91' title="bbox 227 4595 1812 4671">
     <span class='ocr_line' id='line_1_91' title="bbox 227 4595 1812 4671; baseline -0.006 -15"><span class='ocrx_word' id='word_1_675' title='bbox 227 4604 526 4656; x_wconf 82' lang='grc' dir='ltr'>ἀναστάσει</span> <span class='ocrx_word' id='word_1_676' title='bbox 565 4602 935 4671; x_wconf 76' lang='grc' dir='ltr'>περιεπλάκη,</span> <span class='ocrx_word' id='word_1_677' title='bbox 967 4601 1060 4652; x_wconf 68' lang='grc' dir='ltr'>καὶ</span> <span class='ocrx_word' id='word_1_678' title='bbox 1084 4599 1256 4669; x_wconf 81' lang='grc' dir='ltr'>φθορᾷ</span> <span class='ocrx_word' id='word_1_679' title='bbox 1285 4600 1313 4650; x_wconf 89' lang='lat'><strong>6</strong></span> <span class='ocrx_word' id='word_1_680' title='bbox 1352 4597 1627 4668; x_wconf 77' lang='grc' dir='ltr'>ἄφθαρτος</span> <span class='ocrx_word' id='word_1_681' title='bbox 1656 4595 1812 4665; x_wconf 67' lang='grc' dir='ltr'>[ἀσά-</span> 
     </span>
    </p>
   </div>
   <div class='ocr_carea' id='block_1_92' title="bbox 1919 4591 3509 4671">
    <p class='ocr_par' dir='ltr' id='par_1_92' title="bbox 1923 4591 3509 4668">
     <span class='ocr_line' id='line_1_92' title="bbox 1923 4591 3509 4668; baseline 0.015 -26"><span class='ocrx_word' id='word_1_682' title='bbox 1923 4591 2195 4656; x_wconf 83' lang='lat' dir='ltr'><strong>surrexit,</strong></span> <span class='ocrx_word' id='word_1_683' title='bbox 2234 4602 2326 4645; x_wconf 87' lang='lat' dir='ltr'><strong>aut</strong></span> <span class='ocrx_word' id='word_1_684' title='bbox 2373 4594 2781 4663; x_wconf 85' lang='lat' dir='ltr'><strong>ineorruptibile</strong></span> <span class='ocrx_word' id='word_1_685' title='bbox 2827 4602 3162 4668; x_wconf 87' lang='lat' dir='ltr'><strong>corruptioni</strong></span> <span class='ocrx_word' id='word_1_686' title='bbox 3208 4606 3509 4665; x_wconf 81' lang='lat' dir='ltr'><strong>obnoxium</strong></span> 
     </span>
    </p>
   </div>
   <div class='ocr_carea' id='block_1_93' title="bbox 227 4689 1817 4766">
    <p class='ocr_par' dir='ltr' id='par_1_93' title="bbox 227 4689 1817 4766">
     <span class='ocr_line' id='line_1_93' title="bbox 227 4689 1817 4766; baseline -0.008 -13"><span class='ocrx_word' id='word_1_687' title='bbox 227 4698 441 4766; x_wconf 69' lang='grc' dir='ltr'>νατοςἰ;</span> <span class='ocrx_word' id='word_1_688' title='bbox 478 4697 706 4763; x_wconf 63' lang='grc' dir='ltr'>Ἇιττόκρ.</span> <span class='ocrx_word' id='word_1_689' title='bbox 739 4697 946 4766; x_wconf 73' lang='grc' dir='ltr'>Φθορὰν</span> <span class='ocrx_word' id='word_1_690' title='bbox 978 4695 1076 4764; x_wconf 82' lang='grc' dir='ltr'>μὲν</span> <span class='ocrx_word' id='word_1_691' title='bbox 1104 4695 1202 4763; x_wconf 70' lang='grc' dir='ltr'><strong>οὐχ</strong></span> <span class='ocrx_word' id='word_1_692' title='bbox 1229 4693 1520 4761; x_wconf 78' lang='grc' dir='ltr'>ὑπέμεινεν</span> <span class='ocrx_word' id='word_1_693' title='bbox 1545 4691 1653 4743; x_wconf 75' lang='grc' dir='ltr'>οὐδ’</span> <span class='ocrx_word' id='word_1_694' title='bbox 1678 4689 1817 4758; x_wconf 76' lang='grc' dir='ltr'>αὐτὴ</span> 
     </span>
    </p>
   </div>
   <div class='ocr_carea' id='block_1_94' title="bbox 227 4782 1815 4862">
    <p class='ocr_par' dir='ltr' id='par_1_94' title="bbox 227 4782 1815 4862">
     <span class='ocr_line' id='line_1_94' title="bbox 227 4782 1815 4862; baseline -0.007 -19"><span class='ocrx_word' id='word_1_695' title='bbox 227 4794 262 4862; x_wconf 75' lang='grc' dir='ltr'><strong>ἡ</strong></span> <span class='ocrx_word' id='word_1_696' title='bbox 297 4790 391 4843; x_wconf 88' lang='grc' dir='ltr'><strong>τοῦ</strong></span> <span class='ocrx_word' id='word_1_697' title='bbox 427 4788 558 4841; x_wconf 81' lang='grc' dir='ltr'>Θεοῦ</span> <span class='ocrx_word' id='word_1_698' title='bbox 585 4788 759 4854; x_wconf 81' lang='grc' dir='ltr'>Λόγου</span> <span class='ocrx_word' id='word_1_699' title='bbox 793 4787 960 4858; x_wconf 80' lang='grc' dir='ltr'>σάρξ·</span> <span class='ocrx_word' id='word_1_700' title='bbox 997 4786 1165 4848; x_wconf 86' lang='grc' dir='ltr'>νόθως</span> <span class='ocrx_word' id='word_1_701' title='bbox 1204 4785 1311 4854; x_wconf 79' lang='grc' dir='ltr'><strong>γὰρ</strong></span> <span class='ocrx_word' id='word_1_702' title='bbox 1333 4782 1815 4852; x_wconf 77' lang='grc' dir='ltr'>διαλαμϐάνοντες,</span> 
     </span>
    </p>
   </div>
   <div class='ocr_carea' id='block_1_95' title="bbox 226 4874 1818 4946">
    <p class='ocr_par' dir='ltr' id='par_1_95' title="bbox 226 4874 1818 4946">
     <span class='ocr_line' id='line_1_95' title="bbox 226 4874 1818 4946; baseline -0.006 -13"><span class='ocrx_word' id='word_1_703' title='bbox 226 4880 398 4942; x_wconf 85' lang='grc' dir='ltr'>νόθως</span> <span class='ocrx_word' id='word_1_704' title='bbox 423 4879 517 4931; x_wconf 75' lang='grc' dir='ltr'><strong>καὶ</strong></span> <span class='ocrx_word' id='word_1_705' title='bbox 549 4879 858 4946; x_wconf 79' lang='grc' dir='ltr'>ὲπερωτᾶτε</span> <span class='ocrx_word' id='word_1_706' title='bbox 879 4894 893 4904; x_wconf 72' lang='grc'><strong><em>⁵</em></strong></span> <span class='ocrx_word' id='word_1_707' title='bbox 932 4876 1402 4946; x_wconf 78' lang='grc' dir='ltr'>προανεκεκράγει</span> <span class='ocrx_word' id='word_1_708' title='bbox 1424 4875 1530 4943; x_wconf 83' lang='grc' dir='ltr'>γὰρ</span> <span class='ocrx_word' id='word_1_709' title='bbox 1554 4874 1581 4925; x_wconf 91' lang='lat'><strong>6</strong></span> <span class='ocrx_word' id='word_1_710' title='bbox 1605 4874 1818 4943; x_wconf 82' lang='grc' dir='ltr'>προφή-</span> 
     </span>
    </p>
   </div>
   <div class='ocr_carea' id='block_1_96' title="bbox 226 4964 1818 5043">
    <p class='ocr_par' dir='ltr' id='par_1_96' title="bbox 226 4964 1818 5043">
     <span class='ocr_line' id='line_1_96' title="bbox 226 4964 1818 5043; baseline -0.005 -21"><span class='ocrx_word' id='word_1_711' title='bbox 226 4989 327 5043; x_wconf 89' lang='grc' dir='ltr'><strong>της</strong></span> <span class='ocrx_word' id='word_1_712' title='bbox 359 4970 488 5039; x_wconf 80' lang='grc' dir='ltr'>περὶ</span> <span class='ocrx_word' id='word_1_713' title='bbox 516 4967 709 5020; x_wconf 77' lang='grc' dir='ltr'>αὑτοῦ·</span> <span class='ocrx_word' id='word_1_714' title='bbox 755 4986 772 5018; x_wconf 87' lang='grc' dir='ltr'><strong>ι</strong></span> <span class='ocrx_word' id='word_1_715' title='bbox 805 4969 877 5019; x_wconf 76' lang='grc' dir='ltr'><strong>Οὐ</strong></span> <span class='ocrx_word' id='word_1_716' title='bbox 908 4967 1103 5029; x_wconf 80' lang='grc' dir='ltr'>δώσεις</span> <span class='ocrx_word' id='word_1_717' title='bbox 1133 4967 1221 5019; x_wconf 73' lang='grc' dir='ltr'>τὸν</span> <span class='ocrx_word' id='word_1_718' title='bbox 1243 4965 1389 5018; x_wconf 83' lang='grc' dir='ltr'>ὅσιόν</span> <span class='ocrx_word' id='word_1_719' title='bbox 1421 4981 1514 5016; x_wconf 87' lang='grc' dir='ltr'><strong>σου</strong></span> <span class='ocrx_word' id='word_1_720' title='bbox 1549 4964 1677 5016; x_wconf 83' lang='grc' dir='ltr'>ἰδεῖν</span> <span class='ocrx_word' id='word_1_721' title='bbox 1699 4964 1818 5015; x_wconf 86' lang='grc' dir='ltr'>δια-</span> 
     </span>
    </p>
   </div>
   <div class='ocr_carea' id='block_1_97' title="bbox 226 5055 1815 5132">
    <p class='ocr_par' dir='ltr' id='par_1_97' title="bbox 226 5055 1815 5132">
     <span class='ocr_line' id='line_1_97' title="bbox 226 5055 1815 5132; baseline -0.006 -16"><span class='ocrx_word' id='word_1_722' title='bbox 226 5064 456 5132; x_wconf 77' lang='grc' dir='ltr'>φθοράν.</span> <span class='ocrx_word' id='word_1_723' title='bbox 485 5081 502 5113; x_wconf 73' lang='grc' dir='ltr'><strong>ι</strong></span> <span class='ocrx_word' id='word_1_724' title='bbox 535 5061 708 5122; x_wconf 79' lang='grc' dir='ltr'>Πὰθος</span> <span class='ocrx_word' id='word_1_725' title='bbox 738 5060 836 5130; x_wconf 80' lang='grc' dir='ltr'>μὲν</span> <span class='ocrx_word' id='word_1_726' title='bbox 862 5060 1150 5128; x_wconf 75' lang='grc' dir='ltr'>ὑπέμεινεν</span> <span class='ocrx_word' id='word_1_727' title='bbox 1177 5059 1482 5111; x_wconf 77' lang='grc' dir='ltr'>ἐθελούσιον</span> <span class='ocrx_word' id='word_1_728' title='bbox 1511 5059 1540 5108; x_wconf 80' lang='lat'><strong>6</strong></span> <span class='ocrx_word' id='word_1_729' title='bbox 1561 5055 1654 5108; x_wconf 84' lang='grc' dir='ltr'><strong>τοῦ</strong></span> <span class='ocrx_word' id='word_1_730' title='bbox 1679 5055 1815 5107; x_wconf 85' lang='grc' dir='ltr'>Θεοῦ</span> 
     </span>
    </p>
   </div>
   <div class='ocr_carea' id='block_1_98' title="bbox 237 5148 1819 5224">
    <p class='ocr_par' dir='ltr' id='par_1_98' title="bbox 237 5148 1819 5224">
     <span class='ocr_line' id='line_1_98' title="bbox 237 5148 1819 5224; baseline -0.023 -12"><span class='ocrx_word' id='word_1_731' title='bbox 237 5155 354 5218; x_wconf 72' lang='grc' dir='ltr'>ι-εάς</span> <span class='ocrx_word' id='word_1_732' title='bbox 375 5171 388 5184; x_wconf 76' lang='grc' dir='ltr'><strong><em>ο</em></strong></span> <span class='ocrx_word' id='word_1_733' title='bbox 419 5157 446 5206; x_wconf 83' lang='grc' dir='ltr'>ὁ</span> <span class='ocrx_word' id='word_1_734' title='bbox 471 5153 664 5224; x_wconf 86' lang='grc' dir='ltr'>χωρῶν</span> <span class='ocrx_word' id='word_1_735' title='bbox 695 5155 750 5205; x_wconf 80' lang='grc' dir='ltr'>ἐν</span> <span class='ocrx_word' id='word_1_736' title='bbox 782 5151 961 5221; x_wconf 81' lang='grc' dir='ltr'>ἑαυτῷ</span> <span class='ocrx_word' id='word_1_737' title='bbox 991 5151 1079 5204; x_wconf 86' lang='grc' dir='ltr'>τὸν</span> <span class='ocrx_word' id='word_1_738' title='bbox 1111 5153 1396 5221; x_wconf 66' lang='grc' dir='ltr'><strong>ἀχώρητον</strong></span> <span class='ocrx_word' id='word_1_739' title='bbox 1428 5148 1646 5217; x_wconf 66' lang='grc' dir='ltr'><strong>Πατέρα</strong></span> <span class='ocrx_word' id='word_1_740' title='bbox 1667 5165 1680 5179; x_wconf 95' lang='grc'><strong>.</strong></span> <span class='ocrx_word' id='word_1_741' title='bbox 1714 5165 1819 5215; x_wconf 71' lang='grc' dir='ltr'><strong>χω,</strong></span> 
     </span>
    </p>
   </div>
   <div class='ocr_carea' id='block_1_99' title="bbox 228 5241 1811 5320">
    <p class='ocr_par' dir='ltr' id='par_1_99' title="bbox 228 5241 1811 5320">
     <span class='ocr_line' id='line_1_99' title="bbox 228 5241 1811 5320; baseline -0.004 -19"><span class='ocrx_word' id='word_1_742' title='bbox 228 5249 493 5320; x_wconf 80' lang='grc' dir='ltr'>ροῦμενος</span> <span class='ocrx_word' id='word_1_743' title='bbox 525 5247 580 5299; x_wconf 80' lang='grc' dir='ltr'><strong>δὲ</strong></span> <span class='ocrx_word' id='word_1_744' title='bbox 614 5246 707 5299; x_wconf 73' lang='grc' dir='ltr'><strong>καὶ</strong></span> <span class='ocrx_word' id='word_1_745' title='bbox 737 5245 899 5305; x_wconf 72' lang='grc' dir='ltr'>αὐτὸς</span> <span class='ocrx_word' id='word_1_746' title='bbox 932 5243 1034 5296; x_wconf 80' lang='grc' dir='ltr'><strong>ὑπὸ</strong></span> <span class='ocrx_word' id='word_1_747' title='bbox 1055 5244 1149 5296; x_wconf 82' lang='grc' dir='ltr'><strong>τοῦ</strong></span> <span class='ocrx_word' id='word_1_748' title='bbox 1185 5243 1394 5313; x_wconf 82' lang='grc' dir='ltr'>Πατρός</span> <span class='ocrx_word' id='word_1_749' title='bbox 1416 5260 1427 5272; x_wconf 90' lang='grc'><strong>·</strong></span> <span class='ocrx_word' id='word_1_750' title='bbox 1464 5241 1811 5312; x_wconf 78' lang='grc' dir='ltr'>χωρούμενος</span> 
     </span>
    </p>
   </div>
   <div class='ocr_carea' id='block_1_100' title="bbox 227 5333 1813 5412">
    <p class='ocr_par' dir='ltr' id='par_1_100' title="bbox 227 5333 1813 5412">
     <span class='ocr_line' id='line_1_100' title="bbox 227 5333 1813 5412; baseline -0.005 -17"><span class='ocrx_word' id='word_1_751' title='bbox 227 5342 338 5412; x_wconf 71' lang='grc' dir='ltr'><strong>γὰρ</strong></span> <span class='ocrx_word' id='word_1_752' title='bbox 386 5341 489 5393; x_wconf 81' lang='grc' dir='ltr'><strong>ὑπὸ</strong></span> <span class='ocrx_word' id='word_1_753' title='bbox 536 5340 628 5392; x_wconf 84' lang='grc' dir='ltr'><strong>τοῦ</strong></span> <span class='ocrx_word' id='word_1_754' title='bbox 677 5340 909 5408; x_wconf 67' lang='grc' dir='ltr'>Πατρός,</span> <span class='ocrx_word' id='word_1_755' title='bbox 935 5338 1028 5390; x_wconf 71' lang='grc' dir='ltr'>καὶ</span> <span class='ocrx_word' id='word_1_756' title='bbox 1053 5335 1127 5389; x_wconf 82' lang='grc' dir='ltr'>ὣν</span> <span class='ocrx_word' id='word_1_757' title='bbox 1160 5338 1215 5388; x_wconf 78' lang='grc' dir='ltr'>ἐν</span> <span class='ocrx_word' id='word_1_758' title='bbox 1245 5336 1322 5405; x_wconf 78' lang='grc' dir='ltr'>τῷ</span> <span class='ocrx_word' id='word_1_759' title='bbox 1357 5335 1540 5404; x_wconf 79' lang='grc' dir='ltr'>κόλπῳ</span> <span class='ocrx_word' id='word_1_760' title='bbox 1570 5333 1664 5386; x_wconf 89' lang='grc' dir='ltr'><strong>τοῦ</strong></span> <span class='ocrx_word' id='word_1_761' title='bbox 1695 5335 1813 5387; x_wconf 83' lang='grc' dir='ltr'>Πα-</span> 
     </span>
    </p>
   </div>
   <div class='ocr_carea' id='block_1_101' title="bbox 226 5425 1813 5504">
    <p class='ocr_par' dir='ltr' id='par_1_101' title="bbox 226 5425 1813 5504">
     <span class='ocr_line' id='line_1_101' title="bbox 226 5425 1813 5504; baseline -0.008 -16"><span class='ocrx_word' id='word_1_762' title='bbox 226 5434 378 5504; x_wconf 75' lang='grc' dir='ltr'>τρὸς,</span> <span class='ocrx_word' id='word_1_763' title='bbox 409 5433 666 5501; x_wconf 85' lang='grc' dir='ltr'>ὲχωρεῖτο</span> <span class='ocrx_word' id='word_1_764' title='bbox 699 5431 952 5500; x_wconf 71' lang='grc' dir='ltr'>ἀρρήτως</span> <span class='ocrx_word' id='word_1_765' title='bbox 986 5429 1079 5480; x_wconf 73' lang='grc' dir='ltr'>καὶ</span> <span class='ocrx_word' id='word_1_766' title='bbox 1127 5429 1183 5480; x_wconf 85' lang='grc' dir='ltr'>ὲν</span> <span class='ocrx_word' id='word_1_767' title='bbox 1225 5429 1291 5497; x_wconf 79' lang='grc' dir='ltr'>τῇ</span> <span class='ocrx_word' id='word_1_768' title='bbox 1343 5426 1450 5495; x_wconf 63' lang='grc' dir='ltr'>ἰδίει</span> <span class='ocrx_word' id='word_1_769' title='bbox 1491 5425 1813 5494; x_wconf 69' lang='grc' dir='ltr'><strong>σαρκί.Ἀν⁴</strong></span> 
     </span>
    </p>
   </div>
   <div class='ocr_carea' id='block_1_102' title="bbox 227 5514 1814 5591">
    <p class='ocr_par' dir='ltr' id='par_1_102' title="bbox 227 5514 1814 5591">
     <span class='ocr_line' id='line_1_102' title="bbox 227 5514 1814 5591; baseline -0.005 -16"><span class='ocrx_word' id='word_1_770' title='bbox 227 5521 361 5575; x_wconf 78' lang='grc' dir='ltr'>εὸίω</span> <span class='ocrx_word' id='word_1_771' title='bbox 405 5521 462 5574; x_wconf 79' lang='grc' dir='ltr'><strong>δὲ</strong></span> <span class='ocrx_word' id='word_1_772' title='bbox 506 5522 822 5591; x_wconf 79' lang='grc' dir='ltr'>τριήμερος,</span> <span class='ocrx_word' id='word_1_773' title='bbox 861 5519 1340 5588; x_wconf 79' lang='grc' dir='ltr'>λαφυραγωγήσας</span> <span class='ocrx_word' id='word_1_774' title='bbox 1381 5515 1472 5568; x_wconf 83' lang='grc' dir='ltr'>τὸν</span> <span class='ocrx_word' id='word_1_775' title='bbox 1519 5514 1686 5586; x_wconf 74' lang='grc' dir='ltr'>ᾅδην·</span> <span class='ocrx_word' id='word_1_776' title='bbox 1721 5515 1814 5568; x_wconf 77' lang='grc' dir='ltr'>καὶ</span> 
     </span>
    </p>
   </div>
   <div class='ocr_carea' id='block_1_103' title="bbox 231 5605 1812 5682">
    <p class='ocr_par' dir='ltr' id='par_1_103' title="bbox 231 5605 1812 5682">
     <span class='ocr_line' id='line_1_103' title="bbox 231 5605 1812 5682; baseline -0.006 -14"><span class='ocrx_word' id='word_1_777' title='bbox 231 5615 506 5682; x_wconf 77' lang='grc' dir='ltr'>ἐπέφανεν</span> <span class='ocrx_word' id='word_1_778' title='bbox 555 5613 685 5682; x_wconf 76' lang='grc' dir='ltr'>ἡμῖν</span> <span class='ocrx_word' id='word_1_779' title='bbox 737 5612 874 5682; x_wconf 76' lang='grc' dir='ltr'>μετὰ</span> <span class='ocrx_word' id='word_1_780' title='bbox 919 5613 1016 5680; x_wconf 77' lang='grc' dir='ltr'>τῆς</span> <span class='ocrx_word' id='word_1_781' title='bbox 1067 5610 1203 5672; x_wconf 79' lang='grc' dir='ltr'>ιδίας</span> <span class='ocrx_word' id='word_1_782' title='bbox 1246 5608 1449 5678; x_wconf 81' lang='grc' dir='ltr'>σαρκὸς</span> <span class='ocrx_word' id='word_1_783' title='bbox 1482 5609 1509 5658; x_wconf 88' lang='lat'><strong>6</strong></span> <span class='ocrx_word' id='word_1_784' title='bbox 1550 5605 1644 5658; x_wconf 86' lang='grc' dir='ltr'><strong>τοῦ</strong></span> <span class='ocrx_word' id='word_1_785' title='bbox 1677 5605 1812 5659; x_wconf 84' lang='grc' dir='ltr'>Θεοῦ</span> 
     </span>
    </p>
   </div>
   <div class='ocr_carea' id='block_1_104' title="bbox 232 5697 1812 5774">
    <p class='ocr_par' dir='ltr' id='par_1_104' title="bbox 232 5697 1812 5774">
     <span class='ocr_line' id='line_1_104' title="bbox 232 5697 1812 5774; baseline -0.003 -17"><span class='ocrx_word' id='word_1_786' title='bbox 232 5704 385 5767; x_wconf 75' lang='grc' dir='ltr'>Υἱός·</span> <span class='ocrx_word' id='word_1_787' title='bbox 426 5705 512 5756; x_wconf 78' lang='grc' dir='ltr'>ἵνα</span> <span class='ocrx_word' id='word_1_788' title='bbox 545 5705 639 5756; x_wconf 75' lang='grc' dir='ltr'>καὶ</span> <span class='ocrx_word' id='word_1_789' title='bbox 690 5704 837 5774; x_wconf 80' lang='grc' dir='ltr'>ἡμᾶς</span> <span class='ocrx_word' id='word_1_790' title='bbox 867 5699 1149 5773; x_wconf 76' lang='grc' dir='ltr'>ἀπαλλάξῃ</span> <span class='ocrx_word' id='word_1_791' title='bbox 1195 5700 1425 5754; x_wconf 83' lang='grc' dir='ltr'>θανάτου</span> <span class='ocrx_word' id='word_1_792' title='bbox 1459 5698 1552 5751; x_wconf 75' lang='grc' dir='ltr'>καὶ</span> <span class='ocrx_word' id='word_1_793' title='bbox 1583 5697 1812 5769; x_wconf 84' lang='grc' dir='ltr'>φθορᾶς.</span> 
     </span>
    </p>
   </div>
   <div class='ocr_carea' id='block_1_105' title="bbox 1922 4679 3511 4768">
    <p class='ocr_par' dir='ltr' id='par_1_105' title="bbox 1922 4679 3511 4768">
     <span class='ocr_line' id='line_1_105' title="bbox 1922 4679 3511 4768; baseline 0.013 -33"><span class='ocrx_word' id='word_1_794' title='bbox 1922 4681 2061 4735; x_wconf 82' lang='lat' dir='ltr'><strong>fuit?</strong></span> <span class='ocrx_word' id='word_1_795' title='bbox 2100 4679 2257 4749; x_wconf 76' lang='lat' dir='ltr'><strong>Resp.</strong></span> <span class='ocrx_word' id='word_1_796' title='bbox 2305 4681 2722 4751; x_wconf 75' lang='lat' dir='ltr'><strong>Cori-optionem</strong></span> <span class='ocrx_word' id='word_1_797' title='bbox 2766 4685 2910 4741; x_wconf 86' lang='lat' dir='ltr'><strong>haud</strong></span> <span class='ocrx_word' id='word_1_798' title='bbox 2953 4693 3212 4746; x_wconf 84' lang='lat' dir='ltr'><strong>sustinuit</strong></span> <span class='ocrx_word' id='word_1_799' title='bbox 3253 4710 3353 4752; x_wconf 88' lang='lat' dir='ltr'><strong>nec</strong></span> <span class='ocrx_word' id='word_1_800' title='bbox 3396 4699 3511 4768; x_wconf 86' lang='lat' dir='ltr'><strong>ipsa</strong></span> 
     </span>
    </p>
   </div>
   <div class='ocr_carea' id='block_1_106' title="bbox 1916 4773 3511 4859">
    <p class='ocr_par' dir='ltr' id='par_1_106' title="bbox 1916 4773 3511 4859">
     <span class='ocr_line' id='line_1_106' title="bbox 1916 4773 3511 4859; baseline 0.011 -32"><span class='ocrx_word' id='word_1_801' title='bbox 1916 4773 2132 4844; x_wconf 86' lang='lat' dir='ltr'><strong>quidem</strong></span> <span class='ocrx_word' id='word_1_802' title='bbox 2180 4775 2268 4828; x_wconf 87' lang='lat' dir='ltr'><strong>Dei</strong></span> <span class='ocrx_word' id='word_1_803' title='bbox 2305 4774 2465 4828; x_wconf 85' lang='lat' dir='ltr'><strong>Verbi</strong></span> <span class='ocrx_word' id='word_1_804' title='bbox 2507 4790 2655 4828; x_wconf 81' lang='lat' dir='ltr'><strong>caro.</strong></span> <span class='ocrx_word' id='word_1_805' title='bbox 2689 4775 2824 4831; x_wconf 79' lang='lat' dir='ltr'><strong>Nam</strong></span> <span class='ocrx_word' id='word_1_806' title='bbox 2865 4780 2992 4848; x_wconf 82' lang='lat' dir='ltr'><strong>quia</strong></span> <span class='ocrx_word' id='word_1_807' title='bbox 3035 4798 3226 4852; x_wconf 89' lang='lat' dir='ltr'><strong>parum</strong></span> <span class='ocrx_word' id='word_1_808' title='bbox 3268 4787 3511 4859; x_wconf 75' lang='lat' dir='ltr'><strong>legitime</strong></span> 
     </span>
    </p>
   </div>
   <div class='ocr_carea' id='block_1_107' title="bbox 1916 4856 3510 4945">
    <p class='ocr_par' dir='ltr' id='par_1_107' title="bbox 1916 4856 3510 4945">
     <span class='ocr_line' id='line_1_107' title="bbox 1916 4856 3510 4945; baseline 0.009 -24"><span class='ocrx_word' id='word_1_809' title='bbox 1916 4867 2271 4935; x_wconf 81' lang='lat' dir='ltr'><strong>distinguitis,</strong></span> <span class='ocrx_word' id='word_1_810' title='bbox 2302 4880 2492 4934; x_wconf 87' lang='lat' dir='ltr'><strong>parum</strong></span> <span class='ocrx_word' id='word_1_811' title='bbox 2521 4866 2686 4920; x_wconf 90' lang='lat' dir='ltr'><strong>etiam</strong></span> <span class='ocrx_word' id='word_1_812' title='bbox 2716 4867 2954 4938; x_wconf 78' lang='lat' dir='ltr'><strong>legitime</strong></span> <span class='ocrx_word' id='word_1_813' title='bbox 2989 4856 3358 4945; x_wconf 75' lang='lat' dir='ltr'><strong>interrogatis.</strong></span> <span class='ocrx_word' id='word_1_814' title='bbox 3385 4856 3510 4936; x_wconf 50' lang='lat' dir='ltr'><strong>Ja&#39;m</strong></span> 
     </span>
    </p>
   </div>
   <div class='ocr_carea' id='block_1_108' title="bbox 1915 4957 3510 5035">
    <p class='ocr_par' dir='ltr' id='par_1_108' title="bbox 1915 4957 3510 5035">
     <span class='ocr_line' id='line_1_108' title="bbox 1915 4957 3510 5035; baseline 0.01 -25"><span class='ocrx_word' id='word_1_815' title='bbox 1915 4958 2060 5011; x_wconf 90' lang='lat' dir='ltr'><strong>enim</strong></span> <span class='ocrx_word' id='word_1_816' title='bbox 2100 4957 2302 5009; x_wconf 88' lang='lat' dir='ltr'><strong>dudum</strong></span> <span class='ocrx_word' id='word_1_817' title='bbox 2347 4970 2473 5009; x_wconf 81' lang='lat' dir='ltr'><strong>ante</strong></span> <span class='ocrx_word' id='word_1_818' title='bbox 2506 4957 2772 5024; x_wconf 85' lang='lat' dir='ltr'><strong>propheta</strong></span> <span class='ocrx_word' id='word_1_819' title='bbox 2816 4961 2886 5014; x_wconf 89' lang='lat' dir='ltr'><strong>de</strong></span> <span class='ocrx_word' id='word_1_820' title='bbox 2926 4963 3144 5020; x_wconf 80' lang='lat' dir='ltr'><strong>Christo</strong></span> <span class='ocrx_word' id='word_1_821' title='bbox 3185 4972 3510 5035; x_wconf 50' lang='lat' dir='ltr'><strong>pronuntia.</strong></span> 
     </span>
    </p>
   </div>
   <div class='ocr_carea' id='block_1_109' title="bbox 1916 5047 3514 5130">
    <p class='ocr_par' dir='ltr' id='par_1_109' title="bbox 1916 5047 3514 5130">
     <span class='ocr_line' id='line_1_109' title="bbox 1916 5047 3514 5130; baseline 0.01 -28"><span class='ocrx_word' id='word_1_822' title='bbox 1916 5059 2028 5102; x_wconf 88' lang='lat' dir='ltr'><strong>rat:</strong></span> <span class='ocrx_word' id='word_1_823' title='bbox 2069 5066 2087 5098; x_wconf 84' lang='grc' dir='ltr'><strong>ι</strong></span> <span class='ocrx_word' id='word_1_824' title='bbox 2134 5047 2251 5102; x_wconf 83' lang='lat' dir='ltr'><strong>Non</strong></span> <span class='ocrx_word' id='word_1_825' title='bbox 2297 5049 2452 5103; x_wconf 81' lang='lat' dir='ltr'><strong>dabis</strong></span> <span class='ocrx_word' id='word_1_826' title='bbox 2482 5047 2743 5103; x_wconf 85' lang='lat' dir='ltr'><strong>Sanctum</strong></span> <span class='ocrx_word' id='word_1_827' title='bbox 2790 5062 2940 5107; x_wconf 88' lang='lat' dir='ltr'><strong>tuum</strong></span> <span class='ocrx_word' id='word_1_828' title='bbox 2980 5058 3165 5112; x_wconf 72' lang='lat' dir='ltr'><strong>videre</strong></span> <span class='ocrx_word' id='word_1_829' title='bbox 3208 5063 3514 5130; x_wconf 66' lang='lat' dir='ltr'><strong>corruptioo</strong></span> 
     </span>
    </p>
   </div>
   <div class='ocr_carea' id='block_1_110' title="bbox 1916 5142 3505 5210">
    <p class='ocr_par' dir='ltr' id='par_1_110' title="bbox 1916 5142 3505 5210">
     <span class='ocr_line' id='line_1_110' title="bbox 1916 5142 3505 5210; baseline 0.008 -13"><span class='ocrx_word' id='word_1_830' title='bbox 1916 5159 2038 5197; x_wconf 88' lang='lat' dir='ltr'><strong>nem</strong></span> <span class='ocrx_word' id='word_1_831' title='bbox 2061 5144 2125 5194; x_wconf 74' lang='grc' dir='ltr'><strong>η.</strong></span> <span class='ocrx_word' id='word_1_832' title='bbox 2163 5162 2180 5192; x_wconf 83' lang='grc'><strong>›</strong></span> <span class='ocrx_word' id='word_1_833' title='bbox 2215 5142 2358 5195; x_wconf 78' lang='lat' dir='ltr'><strong>Sane</strong></span> <span class='ocrx_word' id='word_1_834' title='bbox 2392 5144 2699 5210; x_wconf 87' lang='lat' dir='ltr'><strong>passionem</strong></span> <span class='ocrx_word' id='word_1_835' title='bbox 2724 5147 3090 5204; x_wconf 87' lang='lat' dir='ltr'><strong>voluntariam</strong></span> <span class='ocrx_word' id='word_1_836' title='bbox 3122 5155 3381 5209; x_wconf 89' lang='lat' dir='ltr'><strong>sustinuit</strong></span> <span class='ocrx_word' id='word_1_837' title='bbox 3413 5158 3505 5210; x_wconf 69' lang='lat' dir='ltr'><strong>Dei</strong></span> 
     </span>
    </p>
   </div>
   <div class='ocr_carea' id='block_1_111' title="bbox 1921 5230 3510 5312">
    <p class='ocr_par' dir='ltr' id='par_1_111' title="bbox 1921 5230 3510 5312">
     <span class='ocr_line' id='line_1_111' title="bbox 1921 5230 3510 5312; baseline 0.011 -26"><span class='ocrx_word' id='word_1_838' title='bbox 1921 5232 2110 5298; x_wconf 86' lang='lat' dir='ltr'><strong>Filius,</strong></span> <span class='ocrx_word' id='word_1_839' title='bbox 2143 5233 2231 5300; x_wconf 85' lang='lat' dir='ltr'><strong>qui</strong></span> <span class='ocrx_word' id='word_1_840' title='bbox 2266 5230 2484 5286; x_wconf 84' lang='lat' dir='ltr'><strong>Patrem</strong></span> <span class='ocrx_word' id='word_1_841' title='bbox 2519 5237 2844 5292; x_wconf 89' lang='lat' dir='ltr'><strong>immensum</strong></span> <span class='ocrx_word' id='word_1_842' title='bbox 2879 5242 2933 5294; x_wconf 89' lang='lat' dir='ltr'><strong>in</strong></span> <span class='ocrx_word' id='word_1_843' title='bbox 2967 5256 3026 5296; x_wconf 87' lang='lat' dir='ltr'><strong>se</strong></span> <span class='ocrx_word' id='word_1_844' title='bbox 3057 5246 3328 5312; x_wconf 85' lang='lat' dir='ltr'><strong>continet,</strong></span> <span class='ocrx_word' id='word_1_845' title='bbox 3357 5258 3412 5302; x_wconf 89' lang='lat' dir='ltr'><strong>et</strong></span> <span class='ocrx_word' id='word_1_846' title='bbox 3442 5252 3510 5304; x_wconf 87' lang='lat' dir='ltr'><strong>ab</strong></span> 
     </span>
    </p>
   </div>
   <div class='ocr_carea' id='block_1_112' title="bbox 1913 5326 3510 5395">
    <p class='ocr_par' dir='ltr' id='par_1_112' title="bbox 1913 5326 3510 5395">
     <span class='ocr_line' id='line_1_112' title="bbox 1913 5326 3510 5395; baseline 0.01 -15"><span class='ocrx_word' id='word_1_847' title='bbox 1913 5328 2028 5394; x_wconf 87' lang='lat' dir='ltr'><strong>ipso</strong></span> <span class='ocrx_word' id='word_1_848' title='bbox 2063 5327 2302 5381; x_wconf 82' lang='lat' dir='ltr'><strong>vicissim</strong></span> <span class='ocrx_word' id='word_1_849' title='bbox 2343 5326 2506 5382; x_wconf 85' lang='lat' dir='ltr'><strong>Patre</strong></span> <span class='ocrx_word' id='word_1_850' title='bbox 2545 5332 2881 5386; x_wconf 90' lang='lat' dir='ltr'><strong>continetur.</strong></span> <span class='ocrx_word' id='word_1_851' title='bbox 2918 5332 3053 5388; x_wconf 77' lang='lat' dir='ltr'><strong>Nam</strong></span> <span class='ocrx_word' id='word_1_852' title='bbox 3091 5352 3122 5389; x_wconf 88' lang='lat' dir='ltr'><strong>a</strong></span> <span class='ocrx_word' id='word_1_853' title='bbox 3165 5337 3327 5394; x_wconf 86' lang='lat' dir='ltr'><strong>Patre</strong></span> <span class='ocrx_word' id='word_1_854' title='bbox 3360 5357 3510 5395; x_wconf 88' lang='lat' dir='ltr'><strong>com-</strong></span> 
     </span>
    </p>
   </div>
   <div class='ocr_carea' id='block_1_113' title="bbox 1916 5417 3511 5499">
    <p class='ocr_par' dir='ltr' id='par_1_113' title="bbox 1916 5417 3511 5499">
     <span class='ocr_line' id='line_1_113' title="bbox 1916 5417 3511 5499; baseline 0.011 -30"><span class='ocrx_word' id='word_1_855' title='bbox 1916 5418 2238 5487; x_wconf 80' lang='lat' dir='ltr'><strong>prehensus,</strong></span> <span class='ocrx_word' id='word_1_856' title='bbox 2275 5426 2332 5471; x_wconf 92' lang='lat' dir='ltr'><strong>et</strong></span> <span class='ocrx_word' id='word_1_857' title='bbox 2365 5417 2418 5470; x_wconf 92' lang='lat' dir='ltr'><strong>in</strong></span> <span class='ocrx_word' id='word_1_858' title='bbox 2454 5427 2683 5486; x_wconf 81' lang='lat' dir='ltr'><strong>paterno</strong></span> <span class='ocrx_word' id='word_1_859' title='bbox 2719 5423 2840 5477; x_wconf 91' lang='lat' dir='ltr'><strong>sinu</strong></span> <span class='ocrx_word' id='word_1_860' title='bbox 2875 5431 3171 5491; x_wconf 82' lang='lat' dir='ltr'><strong>exsistens,</strong></span> <span class='ocrx_word' id='word_1_861' title='bbox 3207 5430 3511 5499; x_wconf 80' lang='lat' dir='ltr'><strong>inexplica-</strong></span> 
     </span>
    </p>
   </div>
   <div class='ocr_carea' id='block_1_114' title="bbox 1916 5507 3530 5585">
    <p class='ocr_par' dir='ltr' id='par_1_114' title="bbox 1916 5507 3530 5585">
     <span class='ocr_line' id='line_1_114' title="bbox 1916 5507 3530 5585; baseline 0.006 -19"><span class='ocrx_word' id='word_1_862' title='bbox 1916 5510 2010 5566; x_wconf 85' lang='lat' dir='ltr'><strong>bili</strong></span> <span class='ocrx_word' id='word_1_863' title='bbox 2035 5511 2272 5579; x_wconf 88' lang='lat' dir='ltr'><strong>quodam</strong></span> <span class='ocrx_word' id='word_1_864' title='bbox 2300 5510 2461 5565; x_wconf 90' lang='lat' dir='ltr'><strong>modo</strong></span> <span class='ocrx_word' id='word_1_865' title='bbox 2484 5511 2646 5567; x_wconf 85' lang='lat' dir='ltr'><strong>etiam</strong></span> <span class='ocrx_word' id='word_1_866' title='bbox 2674 5517 2892 5585; x_wconf 85' lang='lat' dir='ltr'><strong>propria</strong></span> <span class='ocrx_word' id='word_1_867' title='bbox 2915 5533 3078 5573; x_wconf 88' lang='lat' dir='ltr'><strong>carne</strong></span> <span class='ocrx_word' id='word_1_868' title='bbox 3101 5507 3530 5577; x_wconf 26' lang='lat' dir='ltr'><strong>continebatur:</strong></span> 
     </span>
    </p>
   </div>
   <div class='ocr_carea' id='block_1_115' title="bbox 1915 5599 3506 5681">
    <p class='ocr_par' dir='ltr' id='par_1_115' title="bbox 1915 5599 3506 5681">
     <span class='ocr_line' id='line_1_115' title="bbox 1915 5599 3506 5681; baseline 0.007 -25"><span class='ocrx_word' id='word_1_869' title='bbox 1915 5603 2059 5656; x_wconf 91' lang='lat' dir='ltr'><strong>ldem</strong></span> <span class='ocrx_word' id='word_1_870' title='bbox 2091 5599 2186 5656; x_wconf 88' lang='lat' dir='ltr'><strong>Dei</strong></span> <span class='ocrx_word' id='word_1_871' title='bbox 2218 5599 2388 5657; x_wconf 89' lang='lat' dir='ltr'><strong>Filius</strong></span> <span class='ocrx_word' id='word_1_872' title='bbox 2415 5605 2576 5660; x_wconf 82' lang='lat' dir='ltr'><strong>tertia</strong></span> <span class='ocrx_word' id='word_1_873' title='bbox 2605 5606 2693 5660; x_wconf 88' lang='lat' dir='ltr'><strong>die</strong></span> <span class='ocrx_word' id='word_1_874' title='bbox 2722 5607 2919 5662; x_wconf 78' lang='lat' dir='ltr'><strong>revixit</strong></span> <span class='ocrx_word' id='word_1_875' title='bbox 2949 5607 3141 5666; x_wconf 81' lang='lat' dir='ltr'><strong>inferis</strong></span> <span class='ocrx_word' id='word_1_876' title='bbox 3167 5612 3506 5681; x_wconf 81' lang='lat' dir='ltr'><strong>despoliatis,</strong></span> 
     </span>
    </p>
   </div>
   <div class='ocr_carea' id='block_1_116' title="bbox 1916 5692 3507 5771">
    <p class='ocr_par' dir='ltr' id='par_1_116' title="bbox 1916 5692 3507 5771">
     <span class='ocr_line' id='line_1_116' title="bbox 1916 5692 3507 5771; baseline 0.004 -22"><span class='ocrx_word' id='word_1_877' title='bbox 1916 5704 1971 5749; x_wconf 88' lang='lat' dir='ltr'><strong>et</strong></span> <span class='ocrx_word' id='word_1_878' title='bbox 2005 5708 2127 5749; x_wconf 90' lang='lat' dir='ltr'><strong>cum</strong></span> <span class='ocrx_word' id='word_1_879' title='bbox 2164 5692 2386 5764; x_wconf 87' lang='lat' dir='ltr'><strong>propria</strong></span> <span class='ocrx_word' id='word_1_880' title='bbox 2413 5705 2578 5752; x_wconf 85' lang='lat' dir='ltr'><strong>carne</strong></span> <span class='ocrx_word' id='word_1_881' title='bbox 2608 5697 2772 5755; x_wconf 88' lang='lat' dir='ltr'><strong>nobis</strong></span> <span class='ocrx_word' id='word_1_882' title='bbox 2801 5700 3082 5770; x_wconf 87' lang='lat' dir='ltr'><strong>apparuit,</strong></span> <span class='ocrx_word' id='word_1_883' title='bbox 3116 5717 3224 5771; x_wconf 86' lang='lat' dir='ltr'><strong>quo</strong></span> <span class='ocrx_word' id='word_1_884' title='bbox 3255 5700 3507 5757; x_wconf 79' lang='lat' dir='ltr'><strong>videlicet</strong></span> 
     </span>
    </p>
   </div>
   <div class='ocr_carea' id='block_1_117' title="bbox 306 5879 1813 5965">
    <p class='ocr_par' dir='ltr' id='par_1_117' title="bbox 306 5879 1812 5952">
     <span class='ocr_line' id='line_1_117' title="bbox 306 5879 1812 5952; baseline 0.003 -17"><span class='ocrx_word' id='word_1_885' title='bbox 306 5884 351 5917; x_wconf 77' lang='lat'><strong>&#39;°</strong></span> <span class='ocrx_word' id='word_1_886' title='bbox 390 5882 578 5936; x_wconf 79' lang='lat' dir='ltr'><strong>Matth.</strong></span> <span class='ocrx_word' id='word_1_887' title='bbox 611 5897 718 5945; x_wconf 74' lang='lat' dir='ltr'><strong>xw,</strong></span> <span class='ocrx_word' id='word_1_888' title='bbox 753 5882 837 5935; x_wconf 85' lang='lat' dir='ltr'><strong>l7.</strong></span> <span class='ocrx_word' id='word_1_889' title='bbox 918 5883 958 5912; x_wconf 87' lang='grc'>¹¹</span> <span class='ocrx_word' id='word_1_890' title='bbox 994 5879 1151 5936; x_wconf 83' lang='lat' dir='ltr'><strong>Joau.</strong></span> <span class='ocrx_word' id='word_1_891' title='bbox 1187 5883 1355 5950; x_wconf 71' lang='lat' dir='ltr'><strong>x,18.</strong></span> <span class='ocrx_word' id='word_1_892' title='bbox 1438 5885 1477 5918; x_wconf 69' lang='grc'>⁸⁸</span> <span class='ocrx_word' id='word_1_893' title='bbox 1509 5883 1651 5941; x_wconf 78' lang='lat' dir='ltr'><strong>Psal.</strong></span> <span class='ocrx_word' id='word_1_894' title='bbox 1680 5899 1770 5952; x_wconf 87' lang='lat' dir='ltr'><strong>xv,</strong></span> <span class='ocrx_word' id='word_1_895' title='bbox 1810 5907 1812 5910; x_wconf 61' lang='grc' dir='ltr'><strong><em>τ</em></strong></span> 
     </span>
    </p>
   </div>
   <div class='ocr_carea' id='block_1_118' title="bbox 1919 5879 2295 5965">
    <p class='ocr_par' dir='ltr' id='par_1_118' title="bbox 1953 5881 2295 5950">
     <span class='ocr_line' id='line_1_118' title="bbox 1953 5881 2295 5950; baseline -0.02 -11"><span class='ocrx_word' id='word_1_896' title='bbox 1953 5884 2074 5940; x_wconf 83' lang='lat' dir='ltr'><strong>Act.</strong></span> <span class='ocrx_word' id='word_1_897' title='bbox 2116 5899 2174 5950; x_wconf 86' lang='grc' dir='ltr'><strong>ιι,</strong></span> <span class='ocrx_word' id='word_1_898' title='bbox 2205 5881 2295 5937; x_wconf 68' lang='lat' dir='ltr'><strong>Si.</strong></span> 
     </span>
    </p>
   </div>
   <div class='ocr_carea' id='block_1_119' title="bbox 515 5975 1193 6042">
    <p class='ocr_par' dir='ltr' id='par_1_119' title="bbox 515 5975 1193 6042">
     <span class='ocr_line' id='line_1_119' title="bbox 515 5975 1193 6042; baseline 0.006 -6"><span class='ocrx_word' id='word_1_899' title='bbox 515 5976 785 6042; x_wconf 72' lang='lat' dir='ltr'><strong>PA&#39;ruon.</strong></span> <span class='ocrx_word' id='word_1_900' title='bbox 819 5975 933 6036; x_wconf 75' lang='lat' dir='ltr'><strong>Gn.</strong></span> <span class='ocrx_word' id='word_1_901' title='bbox 965 5975 1193 6040; x_wconf 79' lang='lat' dir='ltr'><strong>LXXV.</strong></span> 
     </span>
    </p>
   </div>
   <div class='ocr_carea' id='block_1_120' title="bbox 3069 5971 3150 6034">
    <p class='ocr_par' dir='ltr' id='par_1_120' title="bbox 3069 5971 3150 6034">
     <span class='ocr_line' id='line_1_120' title="bbox 3069 5971 3150 6034; baseline 0 0"><span class='ocrx_word' id='word_1_902' title='bbox 3069 5971 3150 6034; x_wconf 72' lang='grc'><strong>45</strong></span> 
     </span>
    </p>
   </div>
  </div>
