3996 6476
505 470 635 526 1419

1490 459 1527 512 S
1588 456 1863 513 CYRILLl
1903 453 2372 512 ALEXANDMNI
2415 450 2727 507 ARCIllEP.

3636 442 3766 500 H10

500 590 595 632 nos
623 590 837 646 quoque
868 588 896 626 a
928 582 1099 627 morte
1129 579 1184 627 et
1214 568 1563 639 corruptione
1596 568 1851 621 liberaret
1873 567 1938 620 ¹⁸.
1976 567 2068 621 Dei

2182 564 2312 618 Θεοῦ
2341 564 2517 616 τοίνυν
2550 563 2609 617 τὸ
2639 561 2829 623 πάθος,
2874 558 3009 613 Θεοῦ
3048 560 3141 613 καὶ
3196 562 3229 630 ὴ
3284 558 3610 623 ἀνάστασις,
3640 557 3767 611 Θεοῦ

499 670 679 737 itaque
711 674 793 720 est
827 663 1039 735 passio,
1076 663 1169 717 Dei
1208 660 1563 722 resurrectio,
1605 660 1697 714 Dei
1736 660 2069 729 assumptio.

500 760 589 814 Dei
636 758 869 827 denique
916 756 1003 810 illa
1054 754 1333 810 nobiscum
1381 769 1477 822 per
1518 753 1698 809 omnia
1744 752 2071 817 similitudo,

498 859 717 922 peccato
742 857 967 917 excepto
986 847 1027 879 “
1060 866 1073 901 :
1110 861 1285 916 neque
1316 846 1654 914 imaginarie,
1684 849 1777 898 sed
1804 859 1932 899 vere
1959 859 2073 897 om-

2180 658 2275 711 καὶ
2307 659 2339 727 ἠ
2370 654 2657 725 ἀνάληψις,
2692 652 2827 707 Θεοῦ
2857 653 2951 706 καὶ.
2978 654 3011 723 ἡ
3042 653 3185 706 κατά
3229 653 3411 705 πάντα
3443 648 3586 719 πρὸς
3627 651 3770 719 ἡμᾶς

2177 749 2459 817 ὁμοίωσις,
2480 746 2646 817 χωρὶς
2676 744 2969 815 ἁμαρτίας.
3007 744 3081 795 υὺ
3112 742 3359 812 δοκήσει,
3382 740 3523 794 ἀλλὰ
3546 738 3771 813 ἀληθείᾳ

2171 841 2240 893 τὰ
2285 841 2461 893 πάντα
2507 838 2726 907 γέγονεν
2760 839 2816 891 ὲν
2842 834 3011 907 αὐτῷ.
3042 832 3203 903 Αὐτῷ
3248 835 3282 903 ἡ
3330 832 3491 899 δόξα.
3550 832 3674 901 ἅμα
3700 830 3771 901 τῷ

498 942 585 995 uia
624 942 676 995 in
711 956 775 996 eo
814 938 1053 994 fuerunt.
1089 936 1194 1009 Ipsi
1232 936 1391 991 simul
1428 950 1550 991 cum
1588 935 1750 992 Patre
1780 945 1827 989 et
1872 934 2072 1006 Spiritu

2182 932 2347 1003 [lupi
2403 931 2497 983 καὶ
2524 930 2604 1001 τῷ
2632 929 2773 1000 ἁγίῳ
2800 926 3102 997 Πνεύματι,
3131 925 3249 992 νῦν,
3287 923 3384 979 καὶ
3411 923 3523 990 ἀεὶ,
3557 923 3657 976 καὶ
3699 922 3772 985 είς

498 1042 687 1087 sancto
713 1032 785 1086 sit
815 1030 986 1100 gloria
1010 1071 1026 1096 ,
1060 1043 1200 1084 nunc
1228 1037 1280 1083 et
1312 1042 1550 1096 semper,
1578 1036 1635 1080 et
1662 1027 1714 1080 in
1748 1028 1941 1082 mula
1972 1040 2073 1081 sa!-

500 1123 769 1181 culorum.
801 1128 989 1177 Amen.

578 1298 623 1330 "
655 1297 810 1355 Rom.
843 1311 960 1362 t'tu,
997 1295 1087 1349 ει.
1169 1296 1212 1327 ’δ
1248 1294 1410 1349 Hebr.
1449 1309 1519 1355 tv.
1555 1293 1638 1346 15.

2170 1025 2295 1087 τοὺς
2324 1022 2525 1087 αἰῶνας
2554 1023 2661 1075 τῶν
2688 1020 2919 1075 αίώνων.
2938 1019 3133 1090 ’Δμήν.

513 1475 3762 1519 ww

1191 1652 1538 1785 ΤΟΥ
1611 1646 2132 1779 ΑΓΙΟΥ
2212 1640 3075 1778 ΚΥΡΙΑΛΟΥ

922 1915 1180 2004 ΠΕΡΙ
1252 1916 1469 2001 ΤΗΣ
1541 1915 1769 2001 ΤΟΥ
1844 1913 2261 1999 ΚΥΡΙοΥ
2334 1907 3337 1999 ΕΝΑΝΘΡΩΠΗΣΕΩΣ.

1467 2284 2036 2411 SANCTI
2118 2282 2768 2410 CYRILLI

1232 2534 1377 2619 DE
1462 2530 2361 2622 INCARNATIONE
2439 2528 2885 2620 DOMINI
2936 2523 3004 2614 '.

1615 2741 1727 2802 HM,
1765 2740 1995 2791 Bibiioth.
2031 2755 2154 2793 nova
2184 2744 2410 2805 Patrum,
2442 2743 2499 2801 ll,
2535 2743 2611 2790 51.

495 3069 710 3143 805m
746 3066 783 3121 1.
826 3065 1163 3143 Οαοιί-ιιιξίίι
1189 3066 1253 3117 sit
1302 3065 1637 3143 audientium
1675 3063 1869 3119 divina:
1900 3067 2072 3119 incar-

2182 3073 2256 3120 A'.
2301 3069 2431 3121 Ὀτι
2467 3066 2772 3143 ὠφέλιμον
2814 3065 2936 3143 τοῖς
2978 3067 3315 3143 ᾀκᾳύουσιν
3349 3069 3387 3137 ἠ
3435 3069 3551 3139 τῆς
3606 3073 3772 3143 θείας

891 3136 1122 3189 nationis
1171 3136 1617 3188 commemoratio.

572 3249 739 3315 Satis,
773 3256 1009 3317 utputo,
1041 3246 1107 3299 de
1156 3254 1345 3299 sancta
1394 3243 1661 3301 Trinitate
1709 3254 1963 3316 tanquam
2021 3248 2071 3300 in

498 3339 929 3395 orthodoxorum
968 3335 1231 3389 concione
1277 3344 1331 3389 et
1366 3334 1696 3402 evangelicis
1733 3337 2074 3406 dogmatibus

498 3431 834 3487 credentium
872 3428 1251 3482 disseruimus.
1285 3425 1400 3479 Non
1431 3429 1575 3480 enim
1617 3428 1991 3481 contradicere
2019 3430 2069 3482 in

498 3522 753 3594 praesenti
788 3519 1133 3589 irreligiosis,
1158 3518 1250 3573 sed
1280 3518 1646 3585 apostolorum
1682 3519 1959 3587 discipulis
2010 3521 2074 3574 [i-

498 3615 621 3670 dem
653 3624 923 3682 exponere
964 3609 1301 3678 propositum
1341 3609 1496 3663 nobis
1540 3608 1662 3663 fuit.
1695 3609 1828 3676 Quia
1859 3626 1989 3664 vero
2023 3622 2077 3667 et

499 3706 805 3763 divinorum
850 3701 1237 3757 beneﬁciorum
1274 3700 1586 3771 magnitudo
1626 3718 1954 3772 magnOpere
1984 3719 2074 3758 so-

499 3799 570 3852 let
626 3794 977 3849 succendere
1022 3791 1130 3848 Deo
1180 3792 1516 3846 addictorum
1579 3791 1827 3847 affectum
1876 3810 2076 3865 eosque

501 3886 822 3942 fervidiores
871 3882 1085 3939 efﬁcere
1113 3885 1202 3938 Dei
1254 3893 1564 3949 amatores,
1609 3885 1731 3939 ideo
1767 3888 2074 3942 necessario

501 3982 642 4035 hunc
668 3994 882 4049 quoque
930 3978 1216 4047 aggredior
1251 3977 1513 4041 libellum,
1544 3990 1602 4031 ut
1653 3982 1930 4047 prosterno
1963 3997 2076 4034 ser-

500 4070 644 4125 moui
684 4072 750 4123 de
788 4070 898 4123 Deo
941 4077 1264 4122 connectam
1315 4068 1708 4125 incarnationis
1757 4074 2073 4139 mysterium

499 4162 975 4229 demonstremque
1012 4158 1193 4229 qualia
1242 4166 1295 4211 et
1352 4168 1553 4227 quanta
1602 4160 1831 4215 Creator
1886 4163 2071 4231 generi

500 4262 687 4309 nostro
728 4252 991 4308 beneficia
1037 4250 1344 4306 contulerit.
1378 4248 1665 4321 Nunquam
1698 4253 1847 4306 enim
1883 4269 2068 4307 eussn-

502 4355 628 4400 runt
656 4346 955 4400 divinorum
984 4345 1246 4398 donorum
1280 4340 1456 4397 fontes
1488 4348 1778 4411 quominus
1810 4346 1947 4399 bona
1973 4347 2071 4401 ho-

500 4434 743 4489 minibus
770 4432 1133 4487 eﬂ'underent.

499 4547 566 4603 ll.
599 4543 860 4599 Narratio
897 4562 1076 4598 eorum
1116 4561 1233 4607 qua:
1264 4545 1401 4598 Deus
1442 4546 1511 4599 ad
1545 4545 1814 4600 hominum
1856 4548 1964 4615 iam
1998 4550 2080 4603 in-

820 4616 883 4668 de
913 4617 977 4667 ab
1012 4616 1167 4667 initio
1198 4616 1479 4668 utilitatem
1510 4618 1757 4671 contulit.

569 4722 651 4778 Et
676 4737 781 4791 quo
818 4717 960 4777 hunc
987 4722 1187 4787 optime
1227 4731 1585 4790 temperatum
1625 4726 1881 4779 mundum
1922 4742 2078 4782 crea-

498 4815 579 4870 vit
606 4814 772 4880 Deus,
805 4813 973 4867 variis
1014 4813 1178 4867 simul
1211 4814 1491 4869 beneﬁciis
1531 4827 1782 4871 naturam
1834 4833 2075 4874 uosuarn

498 4906 760 4962 cumulat.
784 4905 849 4958 Et
880 4906 1054 4974 primo
1085 4905 1304 4975 quidem
1331 4920 1449 4959 ean:
1483 4923 1601 4973 quae
1632 4926 1735 4963 non
1774 4919 1891 4963 erat
1924 4912 2072 4978 fecit,

500 5008 554 5053 et
584 4997 871 5053 formatam
899 4996 1603 5067 honoravit,pulveremque
1637 5002 1685 5054 in
1720 5002 1951 5058 hominis
1980 5022 2073 5058 na-

500 5094 676 5139 turam
705 5094 865 5154 prout
892 5084 1064 5138 voluit
1096 5087 1405 5154 convertit;
1446 5097 1500 5141 et
1529 5089 1756 5143 deformi
1808 5092 1922 5147 luto
1955 5095 2074 5162 pul-

499 5175 860 5230 ehritudiuem
894 5174 1054 5230 simul
1084 5177 1426 5245 animamque
1454 5178 1677 5250 806m
1709 5182 1942 5252 largitus
1966 5196 2069 5250 est,

498 5266 779 5321 oculorum
810 5267 1137 5329 claritatem,
1179 5269 1358 5323 vultus
1409 5271 1765 5338 hilaritatem,
1808 5291 2067 5345 genarum

498 5358 814 5425 lmvitatem,
849 5357 1044 5429 lingua:
1070 5357 1491 5426 ﬂexibilitatem,
1539 5366 1822 5433 sanguinis
1872 5369 2074 5426 rivulos

502 5446 567 5499 ad
600 5446 783 5500 omnia
837 5447 1083 5516 corporis
1118 5447 1492 5505 discurrentes
1539 5455 1807 5523 membra,
1844 5466 1898 5511 et
1942 5474 2073 5515 con-

499 5555 688 5608 gruum
732 5540 881 5593 carni
934 5541 1117 5595 nervis
1166 5552 1329 5611 atque
1371 5544 1483 5598 cuti
1540 5546 1863 5616 rigationem
1915 5554 2074 5607 mini-

502 5643 759 5701 strantes,
788 5634 993 5691 ossium
1036 5634 1310 5701 duritiem,
1357 5645 1408 5691 et
1440 5637 1772 5695 inclusarum
1825 5644 1910 5699 iris
1956 5660 2073 5699 πηο-

2604 3138 2948 3207 οὶκονομίας
2976 3139 3335 3208 ἀνάμνησις.

2257 3252 2316 3305 '0
2371 3254 2467 3323 μὲν
2516 3251 2645 3321 περὶ
2691 3254 2785 3324 τῆς
2821 3250 2981 3321 ἁγίας
3023 3251 3251 3323 Τριάδος
3297 3254 3374 3317 ὡς
3422 3256 3483 3308 ὲν
3527 3257 3771 3313 εὐσεϐῶν

2179 3344 2441 3415 συλλόγῳ,
2491 3344 2583 3397 καὶ
2629 3346 2741 3408 τοίς
2783 3343 3159 3412 εὑαγγελικοῖς
3196 3344 3466 3417 δόγμασιν
3510 3348 3773 3419 πειθομέ-

2176 3454 2303 3497 νων,
2336 3436 2703 3506 ἀποχρώντως
2736 3438 2888 3506 ἡμῖν,
2933 3436 3009 3498 ὡς
3038 3430 3213 3506 οἶμαι,
3249 3436 3405 3504 λόγος
3454 3439 3767 3508 διήνυσται.

2176 3523 2251 3575 Οὐ
2284 3524 2392 3593 γὰρ
2433 3524 2712 3576 ἀντειπεῖν
2742 3524 2835 3576 ἐπὶ
2878 3522 2971 3578 τοῦ
3020 3524 3288 3597 παρόντος
3331 3530 3446 3591 τοῖς
3488 3530 3767 3595 ἀσεϐέσιν,

2177 3613 2312 3666 ἀλλά
2345 3617 2454 3677 τοῖς
2500 3618 2781 3685 φοιτηταῖς
2809 3615 2917 3667 τῶν
2945 3616 3260 3671 ἀποστόλων
3293 3618 3555 3674 ἐκθέσθαι
3583 3623 3768 3677 πίστιν

2178 3704 2543 3774 προύθέμεθα.
2594 3705 2810 3776 Ἐπειδὴ
2842 3705 2899 3759 δὲ
2934 3707 3030 3759 καὶ
3067 3706 3175 3760 τῶν
3227 3708 3389 3761 θείων
3423 3710 3767 3783 εὐεργεσιῶν

2174 3796 2235 3847 τὸ
2269 3794 2495 3865 μέγεθος
2522 3796 2789 3864 ὑφάπτειν
2820 3794 2926 3851 οἶδε
2958 3798 3221 3869 μειζόνως
3247 3801 3355 3853 τῶν
3383 3803 3653 3872 φιλοθὲων
3674 3806 3766 3860 τὺν

2176 3887 2362 3951 πόθον,
2396 3888 2490 3939 καὶ
2524 3887 2889 3959 θερμοτέρους
2924 3891 3120 3954 αὐτοὺς
3170 3891 3490 3964 καθίστησιν
3525 3898 3768 3966 ἐραστὰς

2176 3978 2268 4031 τοῦ
2304 3979 2438 4031 Θεοῦ
2462 4020 2477 4043 ,
2508 3982 2824 4049 ἀναγκαίως
2857 3984 2951 4036 καὶ
2988 3984 3081 4036 ἐπὶ
3120 3984 3309 4039 τοῦτον
3346 3986 3640 4058 βαδιοῦμαι
3674 3990 3765 4043 τὸν

2176 4070 2353 4139 λόγον,
2402 4074 2467 4142 τῇ
2529 4071 2777 4145 θεολογίᾳ
2821 4074 2918 4146 τὴν
2960 4077 3271 4146 οἰκονομίαν
3329 4080 3645 4145 συνάπτων,
3670 4082 3765 4134 καὶ

2175 4163 2387 4227 δεικνὺς
2430 4164 2591 4234 ἡλίκα
2635 4167 2729 4218 καὶ
2768 4167 2867 4219 ὅσα
2897 4168 2925 4219 ὁ
2977 4169 3210 4240 Ποιητής
3254 4172 3314 4224 τὸ
3366 4173 3640 4244 ἡμέτερον
3681 4176 3766 4229 εὐ-

2176 4257 2446 4327 ηργέτησε
2491 4257 2667 4326 γένος.
2726 4260 2800 4313 Οὐ
2853 4260 2963 4332 γάρ
3021 4263 3328 4319 ἐπαύσαντο
3374 4265 3597 4319 πώποτε
3654 4267 3765 4321 τῶν

2181 4348 2340 4401 θείων
2364 4350 2579 4421 δωρεῶν
2627 4353 2685 4405 αἱ
2730 4356 2904 4424 πηγαὶ
2944 4357 3059 4417 τοῖς
3102 4355 3408 4427 ἀνθρώποις
3464 4359 3534 4412 τὰ
3581 4361 3763 4429 ἀγαθὰ

2105 4443 2146 4499 C
2181 4439 2593 4504 ἀναϐλύζουσαι.

2178 4551 2251 4606 B'.
2291 4552 2575 4633 Διήγησις
2610 4554 2728 4633 τῶν
2759 4556 2876 4633 ὑπὸ
2908 4558 3061 4633 ΘεοῦΔ
3085 4562 3499 4633 γεγενημέθίων
3535 4569 3624 4632 εἰς
3648 4567 3762 4633 τὴν

2437 4625 2753 4694 ἀνθρώπου
2788 4625 3139 4697 εὐεργεσίαν
3162 4625 3242 4694 ’ἐξ
3273 4625 3488 4701 ἀρχῆς.

2258 4736 2397 4788 Ἀλλ’
2444 4737 2535 4807 ἀφ’
2591 4732 2760 4809 οὗπερ
2798 4740 2948 4794 τόνδε
2996 4742 3087 4795 τὸν
3132 4746 3502 4815 παναρμόνιον
3556 4750 3759 4822 κόσμον

2175 4826 2627 4899 ἐδημιούργησεν,
2678 4833 2796 4895 ταῖς
2822 4834 3096 4897 ποικίλαις
3124 4836 3465 4907 εὐεργεσίαις
3490 4842 3594 4911 τὴν
3626 4846 3762 4914 ἡμε-

2177 4916 2341 4985 τέραν
2372 4919 2653 4983 ἐπικλύζει
2693 4923 2854 4991 φύσιν
2888 4927 2915 4977 ὁ
2946 4926 3202 4996 Ποιητής.
3247 4929 3357 4981 Καὶ
3395 4930 3617 4999 πρῶτον
3663 4934 3758 5002 μὲν

2183 5009 2257 5080 μὴ
2292 5011 2423 5064 ὄντα
2453 5014 2722 5085 πεποίηκε
2754 5016 2847 5069 καὶ
2872 5016 3215 5071 διαπλάττων
3240 5020 3523 5091 ἐτίμησεν,
3553 5026 3649 5078 καὶ
3671 5026 3756 5078 τὸν

2179 5101 2308 5171 χοῦν
2334 5105 2415 5166 είς
2439 5104 2726 5175 ἀνθρώπου
2759 5107 2921 5176 φύσιν
2956 5109 3251 5180 μετέϐαλεν
3277 5113 3353 5175 ὼς
3381 5112 3639 5184 ἠθέλησε,
3668 5117 3757 5169 καὶ

2182 5190 2257 5259 τῷ
2309 5192 2537 5247 δυσειδεί
2584 5196 2741 5266 πηλῷ
2788 5200 2985 5263 κάλλος
3034 5202 3127 5255 καὶ
3182 5203 3360 5275 ψυχὴν
3406 5206 3756 5279 ἐδωρήσατο,

2171 5281 2461 5351 ὀφθαλμῶν
2492 5284 2889 5360 λαμπρότητα,
2946 5292 3041 5345 καὶ
3090 5294 3330 5365 γαλήνης
3384 5296 3755 5369 καθαρότητα,

2172 5374 2266 5426 καὶ
2292 5376 2535 5447 παρειῶν
2562 5379 2835 5453 λειότητα,
2864 5386 2959 5438 καὶ
2989 5385 3236 5457 γλώττης
3262 5389 3580 5459 ἁπαλότητα
3603 5433 3619 5458 ,
3663 5394 3757 5447 καὶ

2174 5465 2405 5535 αἵματος
2438 5469 2656 5539 ὀχετοὺς
2686 5475 2762 5538 είς
2792 5474 3009 5529 ἅπαντα
3044 5476 3136 5530 τοῦ
3170 5479 3420 5550 σώματος
3442 5483 3755 5549 διαθέοντας

2177 5558 2350 5627 μέλη,
2396 5563 2490 5612 καὶ
2541 5563 2759 5633 ἀρδεῖαν
2801 5569 3129 5639 ἀποχρῶσαν
3184 5573 3348 5642 σαρκὶ
3399 5577 3493 5628 καὶ
3543 5578 3755 5649 νεύροις

2174 5650 2544 5721 χορηγοῦντας
2589 5659 2681 5709 καὶ
2732 5659 2984 5731 δέρματι,
3038 5662 3210 5717 ὀστῶν
3263 5666 3606 5732 ἀντιτυπίαν,
3658 5671 3754 5724 καὶ

574 5787 1384 5900 Γίἓξέιίιᾨιίξξιεηξυὲξιέἰξηρῖιυιε
1424 5809 1561 5866 opus
1583 5801 1915 5857 constituunt
1942 5819 2164 5877 prorsus
2224 5812 2496 5870 diversum
2556 5817 2623 5871 ab
2649 5818 2749 5874 illis
2769 5820 2973 5889 jamdiu
3034 5824 3194 5881 editis
3220 5824 3278 5881 S.
3303 5827 3487 5900 Cyrilli
3515 5828 3746 5888 Scholils

509 5854 576 5913 de
596 5854 969 5916 incarnatione
1000 5854 1232 5918 Domini:
