3996 6468
214 506 341 560 “'2!

1396 494 1482 549 DE
1522 491 2046 548 INCARNATIONE
2086 492 2344 549 DOMlNl.

3367 489 3508 545 “22

207 621 320 675 τῶν
374 622 429 671 ἰν
479 618 695 681 τούτοις
740 615 1121 685 ἀποκειμένων
1170 612 1383 685 μυελῶν
1414 612 1475 662 τὸ
1516 610 1807 679 χρειῶδες,

1925 612 2184 663 tlullarum
2234 610 2551 669 utilitatem,
2585 618 2641 662 et
2676 616 2947 676 quotquot
2994 605 3099 660 alia
3156 605 3209 659 in
3263 606 3506 659 humano

213 713 308 766 καὶ
350 712 522 764 τᾶλλα
557 711 660 761 ὅσα
696 708 791 761 τοῦ
834 708 1177 781 ἀνθρωπίνου
1224 704 1365 768 ζῶον
1419 703 1481 754 τ’)
1529 698 1811 770 ὁρώμενον

212 800 352 871 ἔχει.
389 800 499 851 Καὶ
534 798 672 869 πρὸς
724 796 967 861 τούτοις,
1019 796 1145 849 νοῦν
1191 794 1391 845 ἔδωκεν
1430 790 1677 861 ἡγεμόνα
1717 788 1813 841 καὶ

214 894 580 963 κυϐερνήτην,
622 891 811 959 σοφίας
848 888 1175 960 πληρώσας,
1222 886 1417 955 τέχνης
1460 884 1681 951 ἀπάσης
1720 884 1814 933 καὶ

214 986 529 1055 ἐπιστήμης
557 984 870 1054 ἐμπλήσας,
919 982 1010 1034 καὶ
1048 980 1267 1049 λογικὸν
1298 980 1546 1048 ἀπέφηνε
1575 975 1633 1029 τὸ
1659 974 1815 1045 πήλι-

215 1096 310 1132 νον
342 1078 591 1147 ἄγαλμα.
628 1077 723 1131 καὶ⁵
753 1076 963 1129 οἰκείαν
995 1074 1183 1127 εἰκόνα
1212 1072 1482 1140 πεποίηκε
1506 1069 1597 1121 τὸν
1632 1066 1813 1138 χοῖκὸν

216 1170 538 1241 ἀνδριάντα,
580 1168 642 1223 τὸ
682 1168 909 1239 ἀρχικὸν
960 1166 1053 1219 κα)⁵
1096 1162 1562 1235 αὐτοκρατορικὸν
1589 1161 1683 1214 καὶ
1720 1161 1813 1230 δη-

221 1262 545 1333 μιουργικὸν
577 1264 643 1332 τῇ
681 1263 843 1331 νοερᾷ
892 1258 1037 1329 ψυχῇ
1072 1258 1167 1310 καὶ
1201 1257 1465 1335 ἀθανάτῳ.
1496 1254 1815 1324 δωρησάμε-

216 1371 327 1416 νος.
361 1349 494 1406 Εἶτα
526 1350 752 1422 βασιλέα
794 1349 1028 1418 κτηνῶν,
1063 1347 1159 1399 καὶ
1193 1346 1561 1415 τετραπόδων,
1593 1345 1685 1398 καὶ
1724 1345 1815 1413 ἑρ-

219 1444 421 1507 πετῶν,
458 1442 697 1512 νηκτῶν,
749 1442 843 1493 καὶ
871 1439 1171 1510 ἁμεριϐίων,
1216 1439 1309 1490 καὶ
1336 1438 1445 1489 τῶν
1492 1436 1813 1506 ἀεροπόρων

214 1533 447 1608 ὀρνίθων
491 1531 891 1601 ἐχειροτόνησε.
936 1528 1049 1601 Πρὸ
1091 1530 1148 1581 δὲ
1189 1526 1394 1581 τούτων
1444 1527 1634 1596 ὥσπερ
1692 1525 1811 1578 τινὰ

215 1620 467 1673 παστάδα
530 1620 897 1691 χαριεστάτην
966 1617 1171 1672 ἄνωθεν
1229 1617 1493 1682 ἐξέτεινεν
1559 1615 1810 1685 οὐρανὸν,

213 1713 489 1782 λειμῶνας
523 1712 771 1782 ἀστέρων
795 1709 1208 1779 ἐγκαταπήξας,
1240 1708 1432 1779 χρείαν
1464 1726 1525 1760 τε
1557 1706 1693 1778 ὁμοῦ
1719 1708 1813 1761 καὶ

215 1806 409 1875 τέρψιν
441 1804 811 1875 παρέχοντας’
844 1803 996 1873 ἥλιόν
1023 1820 1083 1855 τε
1118 1802 1362 1873 ἀνίσχειν
1393 1802 1687 1863 πλεύσας’
1720 1801 1813 1853 καὶ

214 1896 462 1958 δύεσθαι,
516 1896 612 1948 καὶ
660 1899 835 1948 ποιεῖν
893 1894 1110 1965 ἡμέρας
1175 1895 1271 1946 καὶ
1315 1893 1538 1956 νύκτας,
1588 1893 1685 1945 καὶ
1736 1890 1812 1960 τῷ

215 1989 404 2060 δρόμῳ
456 1988 547 2041 τὸν
603 1987 797 2058 χρόνον
864 1990 1114 2060 μετρεῖν·
1174 1987 1406 2058 σελήνην
1456 1985 1666 2054 φθίνειν
1719 1986 1814 2036 καὶ

218 2079 471 2149 πλήθειν,
509 2080 603 2132 καὶ
628 2083 747 2142 ταῖς
778 2082 1009 2143 πυκναῖς
1042 2081 1368 2149 μεταϐολαῖς
1396 2080 1545 2150 ἣδειν
1579 2097 1639 2131 τε
1675 2078 1812 2149 ὀμοῦ

218 2173 315 2225 καὶ
352 2172 642 2242 σημαίνειν
673 2171 873 2225 κύκλον
902 2172 993 2225 τον
1022 2170 1323 2225 ὲνιαύσιοψ
1354 2172 1458 2241 γῆν
1482 2172 1538 2224 δὲ
1568 2172 1814 2224 κάτωθεν

222 2264 580 2335 ὑπεστόρεσε,
614 2264 708 2315 καὶ
736 2264 983 2317 ποικίλον
1024 2264 1159 2334 αὐτῇ
1196 2264 1401 2332 κόσμον
1434 2264 1667 2316 δέδωκεν
1689 2304 1701 2327 ,
1735 2263 1815 2326 εἰς

219 2354 358 2427 ἄλση
388 2357 483 2408 καὶ
514 2356 639 2426 λήῖα
675 2356 770 2407 καὶ
804 2356 1079 2425 λειμῶνας
1113 2355 1393 2428 διακρίνας
1417 2371 1430 2382 ⁸
1477 2355 1579 2426 ὅρη
1612 2355 1815 2425 κιρτώ-

221 2463 321 2508 σας
348 2449 423 2508 εἰς
456 2446 624 2515 ὕψος,
676 2448 771 2499 καὶ
800 2448 978 2511 νάπας
1013 2448 1287 2511 κοιλάνας.
1318 2448 1413 2501 καὶ
1447 2449 1605 2501 πεδία
1650 2446 1818 2500 ὕπτια

223 2537 319 2589 καὶ
352 2537 573 2588 ἰσόπεδα
604 2537 806 2601 δείξας,
853 2539 947 2590 καὶ
979 2539 1161 2610 πηγὰς
1202 2539 1523 2601 ἁναὸλύζειν
1570 2542 1625 2590 ἐν
1666 2539 1818 2608 μέσῳ

220 2628 520 2691 κελεύσας.
584 2629 679 2681 καὶ
742 2632 1024 2699 ποταμοὺς
1093 2630 1306 2700 τρέχειν
1368 2631 1652 2690 ἄπαυστα,
1724 2633 1818 2683 καὶ

219 2718 386 2774 τᾶλλα
415 2718 515 2771 ὅσα
545 2717 649 2787 γῆν
675 2717 1006 2782 καλλωπίζει
1034 2717 1129 2770 καὶ
1156 2719 1447 2772 θάλατταν.

220 2918 299 2974 Γν.
340 2918 445 2971 Διὰ
485 2918 543 2970 τί
588 2916 694 2969 τεν
725 2916 1045 2986 ἄνθρωπον
1083 2923 1585 2987 προσηγόρευσεν
1621 2920 1813 2986 Ἀδάμ.

294 3032 451 3085 Οὕτω
477 3033 892 3102 δημιουργήσας
920 3033 1009 3084 τὸν
1037 3032 1255 3102 πρῶτον
1280 3033 1588 3103 ἄνθρωπον,
1624 3034 1717 3085 καὶ
1752 3035 1817 3103 τῇ

221 3122 395 3175 εἰκόνι
429 3124 671 3192 τιμήσας
706 3123 801 3175 καὶ
830 3122 909 3192 τῷ
944 3122 1137 3189 πλήθει
1178 3124 1287 3176 τῶν
1319 3123 1540 3193 δωρεῶν
1581 3123 1826 3177 ἀποκλύ-

224 3231 347 3277 σας,
389 3214 604 3284 τίθησιν
632 3214 782 3284 αὐτῷ
821 3215 881 3267 τὸ
909 3216 1009 3285 τῆς
1037 3215 1253 3283 φύσεως
1288 3216 1488 3286 ὅνομα’
1510 3216 1679 3284 ’Λδᾶμ
1710 3217 1817 3287 γὰρ

1918 701 2138 754 animali
2187 701 2371 754 videre
2400 710 2504 754 est.
2543 696 2607 752 Et
2651 707 2853 767 prretcr
2900 697 3039 765 haec,
3091 706 3328 752 mentem
3361 697 3507 752 dedit

1918 792 2110 845 ducem
2156 801 2211 845 et
2243 792 2710 858 gubernatricem,
2742 789 3010 859 sapientia
3047 791 3338 855 imbutam,
3373 789 3509 843 artis

1915 884 2093 933 omnis
2143 883 2497 951 scientimque
2532 897 2831 950 capacem;
2864 890 2918 936 et
2966 880 3287 935 rationalem
3345 882 3506 934 exhi-

1918 970 2032 1022 buit
2059 970 2260 1024 luteam
2296 978 2551 1031 statuam.
2583 984 2746 1041 atque
2770 972 2837 1025 ad
2869 970 3160 1040 imaginem
3192 984 3349 1024 suam
3378 984 3510 1024 cono

1918 1059 2172 1113 formavit
2200 1060 2512 1128 pulvereum
2537 1061 2913 1128 simulacrum,
2964 1061 3345 1130 imperativam
3371 1062 3507 1127 vim,

1918 1155 2149 1207 liberum
2182 1153 2491 1218 arbitrium,
2525 1164 2581 1209 et
2614 1155 2833 1223 quidvis
2863 1155 3173 1210 fabricandi
3210 1156 3508 1224 potentiam

1920 1246 2271 1301 intellectuali
2306 1246 2714 1315 immortalique
2747 1249 2946 1301 animm
2979 1249 3310 1302 concedens.
3340 1245 3509 1301 Dein-

1917 1339 1983 1392 de
2012 1338 2287 1391 hominem
2324 1337 2651 1398 belluarum.
2684 1348 2739 1391 et
2768 1339 3205 1409 quadrupedum,
3242 1354 3305 1393 ac
3338 1340 3509 1409 repti-

1919 1430 2114 1493 tilimn,
2145 1428 2489 1497 aquatilium,
2522 1438 2577 1482 et
2631 1429 3059 1498 amphibiorum,
3108 1440 3163 1484 et
3204 1430 3507 1484 volatilium

1918 1527 2095 1579 avium
2129 1541 2312 1595 regem
2343 1526 2651 1582 constituit.
2682 1526 2823 1580 Ante
2856 1526 2974 1581 hmc
3008 1537 3209 1592 autem,
3236 1528 3508 1597 quoddam

1920 1618 2084 1671 veluti
2113 1616 2574 1687 iucundissimum
2611 1617 2924 1671 cubiculum
2979 1618 3215 1685 desuper
3260 1618 3509 1671 extendit

1917 1707 2137 1770 cuzlum,
2175 1706 2414 1759 siderum
2464 1707 2812 1762 amoenitates
2870 1708 3140 1767 inserens,
3189 1723 3310 1776 qua:
3348 1722 3506 1761 usum

1916 1797 2077 1852 simul
2127 1796 2653 1867 delectationemque
2710 1800 2955 1868 praebent
3000 1799 3209 1853 :solem
3246 1800 3379 1854 oriri
3418 1799 3510 1869 ju-

1919 1896 2051 1949 bens
2074 1903 2128 1947 et
2158 1896 2504 1960 occmnbere,
2536 1894 2766 1964 diesque
2792 1903 2847 1948 et
2893 1906 3079 1950 noctes
3113 1895 3349 1958 efﬁcere.
3382 1911 3511 1950 cur-

1923 2002 2094 2052 suque
2125 2002 2222 2041 suo
2254 1997 2495 2056 tempora
2537 1988 2721 2042 metiri
2751 2003 2765 2053 ;
2798 1987 2982 2041 lunam
3011 1988 3179 2042 minui
3214 1996 3267 2042 et
3300 1989 3507 2059 augeri,

1920 2081 2144 2148 suisque
2178 2080 2555 2148 frequentibus
2598 2079 3032 2135 revolutionibus
3058 2079 3333 2134 delectare
3360 2081 3510 2148 pari-

1923 2178 2023 2233 ter,
2054 2180 2107 2223 et
2152 2184 2392 2223 annuum
2424 2168 2690 2223 circulum
2743 2168 3074 2235 signiﬁcare.
3104 2169 3223 2223 Jam
3260 2170 3508 2225 tellurem

1920 2264 2007 2316 hic
2036 2262 2265 2316 inferius
2296 2265 2618 2327 substravit,
2664 2264 2823 2333 eique
2861 2265 3071 2318 varium
3111 2276 3365 2318 ornatum
3410 2265 3512 2318 de-

1921 2354 2020 2415 dit,
2057 2354 2231 2416 silvis,
2261 2355 2426 2414 arvis,
2459 2356 2745 2425 pratisque
2786 2355 3127 2425 distinguens
3149 2395 3164 2417 ,
3213 2367 3426 2411 montes
3458 2358 3511 2411 in

1920 2444 2286 2497 sublimitates
2319 2461 2580 2508 curvans,
2614 2446 2787 2500 valles
2813 2461 3111 2512 excavans,
3145 2463 3370 2517 campos
3416 2464 3513 2503 su-

1922 2539 2079 2607 pinos
2110 2540 2516 2608 aequabilesque
2546 2542 2863 2607 ostendens,
2903 2540 3189 2610 fontesque
3232 2542 3300 2595 de
3341 2541 3516 2596 medi-

1924 2630 2077 2683 tullio
2126 2633 2395 2685 scaturirc
2432 2632 2655 2700 jnhens,
2708 2642 2763 2687 et
2808 2630 3029 2685 ﬂumina
3060 2633 3376 2701 perenniter
3399 2634 3513 2689 dis-

1919 2739 2165 2785 currere,
2201 2733 2364 2793 atque.
2395 2725 2499 2777 alia
2546 2725 2733 2779 omnia
2791 2734 3061 2796 quotquot
3095 2733 3297 2778 terram
3335 2739 3514 2780 mare-

1922 2829 2026 2883 que
2058 2827 2346 2869 exornant.

2101 2929 2189 2983 lll.
2227 2928 2336 2985 Cur
2368 2932 2631 2985 hominem
2668 2932 3011 3000 appellaverit
3042 2932 3333 2987 Adamum.

1997 3044 2133 3098 Cum
2166 3044 2244 3097 sic
2273 3044 2507 3112 primum
2552 3045 2826 3098 hominem
2880 3046 3235 3109 condidisset,
3278 3052 3336 3098 et
3380 3044 3517 3099 ima-

1924 3135 2070 3204 ginis
2128 3149 2241 3188 sua:
2316 3135 2522 3188 honore
2585 3135 2864 3201 auxisset,
2932 3138 3308 3201 donorumque
3361 3135 3515 3204 copia

1924 3228 2222 3287 obruisset,
2264 3239 2458 3277 nomen
2508 3224 2555 3277 ei
2586 3235 2791 3278 naturae
2829 3225 2998 3293 ipsius
3031 3227 3309 3294 proprium
3346 3226 3519 3295 impn-

221 3307 389 3360 αὑτὸν
420 3308 904 3376 προσηγόρευσεν·
952 3307 1109 3361 τοῦτο
1151 3310 1209 3361 δὲ
1253 3310 1347 3361 τὸν
1392 3309 1521 3378 χοῦν
1569 3308 1719 3377 δηλοί
1754 3313 1818 3379 τῇ

1927 3322 2030 3373 snit
2063 3338 2077 3387 ;
2105 3319 2306 3372 etenim
2334 3318 2601 3371 Adamum
2635 3319 2989 3387 nuncupavit,
3015 3320 3158 3386 quod
3190 3317 3516 3372 vocabulum

237 3398 507 3468 Ἐὁραίων
539 3402 713 3469 φωνῇ.
739 3400 854 3451 Μία
885 3400 939 3451 δὲ
966 3400 1058 3453 καὶ
1085 3400 1225 3471 αῦτη
1258 3401 1387 3470 περὶ
1418 3401 1508 3453 τὸν
1535 3401 1822 3471 ἄνθρωπον

224 3489 549 3559 κηδεμονία.
610 3491 828 3559 Ἐπειδὴ
878 3490 987 3561 γὰρ
1040 3492 1232 3560 ἔμελλε
1280 3492 1556 3555 τοσούτοις
1598 3494 1825 3561 ἀγαθοῖς

223 3582 608 3651 ὲντρυερήσειν,
652 3583 743 3634 καὶ
794 3583 1063 3636 τοσούτων
1108 3586 1291 3655 ἄρχων
1339 3585 1686 3655 ἀνηγορεύθη
1730 3589 1826 3639 καὶ

229 3672 503 3742 βασιλεὺς,
539 3675 625 3726 ἵνα
662 3675 736 3743 μὴ
772 3675 851 3743 τῷ
880 3675 1077 3745 πλήθει
1105 3676 1212 3728 τῶν
1247 3678 1466 3746 δωρεῶν
1496 3678 1823 3749 ὑπερμαζή-

227 3781 348 3829 σας,
409 3767 507 3819 καὶ
554 3767 632 3837 τῷ
686 3767 810 3837 ὕψει
854 3769 953 3837 τῆς
1002 3771 1297 3838 ἡγεμονίας
1340 3770 1604 3841 ἐπαρθεὶς
1652 3790 1825 3825 κατα-

227 3856 503 3925 σκιρτήσῃ
531 3858 622 3909 τοῦ
659 3857 966 3921 κτίσαντος,
1016 3860 1109 3910 καὶ
1146 3861 1413 3929 μεγίστην
1458 3863 1523 3913 ἐκ
1575 3862 1673 3930 τῆς
1727 3880 1823 3913 τυ-

229 3942 477 4010 ραννίδος
540 3944 913 4013 ἀπενέγκηται
976 3946 1222 4015 βλάϐην,
1274 3950 1415 4003 κατά
1470 3950 1559 4002 τὸν
1607 3950 1823 4021 πρῶτον

224 4034 544 4104 ἀποστάτην
576 4036 782 4088 ἐκεῖνον
811 4038 901 4091 τὸν
931 4039 1007 4102 ὡς
1050 4041 1337 4112 ἀστραπὴν
1371 4046 1433 4095 ἐκ
1465 4046 1558 4096 τοῦ
1589 4045 1823 4115 ούρανοῦ

226 4123 466 4177 πεσόντα
496 4124 564 4175 δι’
586 4125 932 4190 ἀλαζονείαν,
968 4131 1283 4197 ἀναγκαίως
1306 4137 1331 4185 ὁ
1363 4136 1525 4202 σοφὸς
1551 4137 1662 4188 τῶν
1687 4137 1825 4189 ὅλων

231 4215 496 4287 πρύτανις
526 4217 752 4270 κωλύων
782 4220 947 4272 αὐτοῦ
987 4224 1078 4274 τὸν
1126 4224 1286 4292 ὄγκον
1317 4227 1409 4278 τοῦ
1451 4232 1620 4299 φρονή
1634 4248 1823 4299 ματος.

239 4306 412 4377 Ἀδὰμ
450 4311 917 4380 προσηγόρευσεν,
970 4313 1054 4365 ἵνα
1092 4318 1154 4367 ἐκ
1186 4319 1284 4385 τῆς
1328 4323 1703 4392 προσηγορίας
1740 4325 1825 4375 ὲν-

227 4397 367 4450 νοῶν
395 4399 495 4467 τὴν
534 4402 884 4468 συγγένειαν,
915 4406 1009 4457 καὶ
1052 4406 1150 4469 τὰς
1180 4410 1437 4480 ἀφορμὰς
1467 4413 1565 4481 τῆς
1605 4415 1823 4481 φύσεως

227 4488 602 4558 λογιζόμενος,
634 4494 728 4544 καὶ
758 4494 846 4546 τὸν
894 4499 1156 4566 πρόγονον
1186 4502 1314 4569 χοῦν
1345 4503 1451 4572 πρὸ
1484 4504 1591 4556 τῶν
1620 4507 1826 4574 ὀφθαλ-

231 4582 351 4649 μῶν
379 4580 675 4651 θεώμενος,
703 4586 897 4637 ἐαυτὺν
931 4589 1028 4657 μὲν
1061 4592 1324 4663 γνωρίζῃ,
1351 4599 1633 4667 προσκυνῇ
1655 4597 1709 4650 δὲ
1734 4600 1824 4652 τὸν

1928 3416 1979 3466 in
2038 3412 2389 3466 chrzeorum
2448 3412 2625 3480 lingua
2678 3411 2955 3480 pulverem
3010 3411 3305 3479 significat.
3343 3412 3522 3479 Atque

1926 3508 2041 3560 haec
2070 3506 2233 3559 etiam
2284 3520 2411 3574 erga
2456 3503 2732 3557 hominem
2774 3502 3115 3571 providentia
3147 3502 3368 3572 807m
3398 3502 3517 3555 fuit.

1928 3595 2061 3647 Nam
2100 3594 2224 3661 quia
2271 3592 2438 3646 tantis
2466 3591 2624 3645 bonis
2654 3590 2922 3644 fruiturus
2955 3601 3097 3653 erat,
3138 3600 3329 3659 totque
3364 3606 3521 3658 crea-

1928 3695 2175 3740 turarum
2210 3684 2468 3753 princeps
2496 3684 2829 3737 constitutus
2861 3691 2982 3737 erat
3013 3693 3068 3737 et
3093 3699 3211 3746 rex,
3243 3697 3309 3737 ne
3349 3686 3522 3737 done-

1929 3792 2047 3831 rum
2076 3775 2427 3831 multitudine
2460 3775 2751 3829 lasciviens
2789 3787 2843 3829 et
2892 3777 3235 3844 principatus
3280 3777 3519 3831 excelsi-

1930 3879 2038 3922 tate
2094 3869 2270 3921 elatus
2340 3868 2605 3921 adversus
2660 3865 2977 3922 Creatorem
3034 3870 3285 3938 petulans
3342 3869 3520 3928 fieret.

1930 3964 2336 4030 maximumque
2370 3976 2435 4014 ex
2469 3961 2571 4014 hac
2603 3961 2770 4015 veluti
2809 3962 3097 4029 tyrannide
3128 3961 3520 4017 detrimentum

1928 4065 2170 4123 caperet,
2208 4069 2359 4108 more
2408 4054 2552 4107 illius
2587 4053 2749 4121 primi
2799 4064 3088 4122 apostatae,
3136 4054 3226 4123 qui
3261 4064 3522 4123 tanquam

1929 4146 2107 4214 fulgur
2149 4146 2419 4212 superbi-.e
2464 4161 2576 4199 suae
2623 4160 2787 4199 causa
2836 4144 2977 4199 caelo
3008 4145 3211 4199 excidit
3245 4146 3285 4208 ί,
3330 4160 3526 4200 neces—

1930 4239 2077 4291 sario
2131 4240 2353 4305 sapiens
2416 4252 2599 4290 rerum
2655 4238 2899 4289 omnium
2951 4246 3195 4300 curator,
3251 4242 3521 4292 tumerent

1930 4329 2099 4397 ipsius
2131 4329 2328 4381 mentis
2360 4331 2749 4398 comprimens,
2784 4330 3054 4382 Adamum
3109 4330 3428 4399 appellavit,
3462 4341 3523 4383 ut

1928 4436 1992 4475 ex
2023 4421 2244 4475 nomine
2275 4421 2645 4475 conditionem
2696 4437 2851 4475 suam
2891 4430 3175 4490 reputans,
3216 4434 3267 4475 et
3309 4433 3524 4478 naturae

1929 4511 2227 4581 primordia
2264 4510 2649 4575 considerans,
2694 4521 3095 4581 parentemque
3144 4527 3303 4565 suum
3337 4513 3525 4582 pulve-

1930 4619 2047 4657 rem
2097 4619 2207 4670 pra:
2255 4601 2427 4657 oculis
2462 4602 2692 4666 habens,
2735 4616 2794 4656 se
2845 4603 3019 4671 ipsum
3052 4604 3273 4671 quidem
3322 4619 3525 4673 cogno-

228 4673 502 4743 τοσαύτην
571 4675 905 4747 εὐπρέπειαν
966 4682 1116 4751 αὐτῷ
1174 4686 1268 4736 καὶ
1333 4688 1818 4757 μεγαλοπρέπειαν

1932 4704 2129 4757 sceret,
2158 4694 2415 4749 adorarct
2444 4702 2624 4747 autem
2649 4692 2821 4760 illum,
2844 4693 2935 4762 qui
2962 4703 3168 4747 tantum
3195 4697 3243 4748 ei
3268 4695 3523 4751 deCnrem

226 4762 655 4832 δωρησάμενον
724 4764 862 4837 αὕτη
935 4768 1124 4839 πρώτη
1189 4774 1319 4843 περὶ
1376 4775 1467 4825 τὸν
1529 4777 1819 4847 ἄνθρωπον

230 4853 447 4923 ἐδείχθη
479 4855 574 4907 τοῦ
609 4858 846 4926 Ποιητοῦ
894 4861 1029 4929 μετὰ
1054 4865 1151 4932 τὴν
1177 4864 1537 4935 δημιουργίαν
1568 4870 1818 4938 πρόνοια·

228 4946 405 5007 οὕτως
436 4945 493 5011 ἐξ
530 4950 703 5018 ἀρχῆς
730 4949 816 5003 οἷα
849 4969 931 5014 τις
968 4956 1149 5025 πατὴρ
1200 4958 1294 5008 καὶ
1327 4959 1509 5028 ἰατρὸς
1543 4962 1637 5013 καὶ
1670 4962 1821 5014 διδά-

228 5037 453 5101 σκαλος,
505 5042 727 5110 κοσμῶν
776 5045 909 5113 ὁμοῦ
961 5047 1055 5099 καὶ
1107 5050 1373 5117 ἰατρεύων
1423 5053 1515 5104 καὶ
1555 5053 1825 5109 διδάσκων

232 5127 397 5180 αὑτὸν
423 5130 522 5198 τὴν
551 5133 784 5203 ἀρετὴν,
814 5136 1133 5193 διετέλεσεν.

231 5264 307 5315 Δ’.
334 5264 437 5316 Διὰ
460 5266 515 5317 τί
543 5268 655 5336 τὴν
686 5272 941 5339 γυναῖκα
972 5275 1040 5327 ἐκ
1067 5276 1172 5343 τῆς
1209 5278 1477 5346 mulgeat;
1506 5280 1819 5352 ἐδημιούρ-

950 5363 1120 5414 γησε.

306 5446 495 5512 Οὕτως
528 5452 690 5504 αὐτὸν
729 5456 1034 5523 διαπλάσας
1060 5502 1073 5524 ,
1122 5462 1294 5526 οὕτως
1342 5466 1817 5536 προσαγορεύσας,

236 5538 430 5609 βοηθὸν
465 5543 614 5612 αὑτῷ
661 5547 755 5597 καὶ
805 5553 1068 5621 συνεργὸν
1116 5555 1210 5606 καὶ
1254 5555 1348 5607 τοῦ
1388 5557 1505 5626 βίον
1564 5560 1821 5612 κοινωνὸν

234 5635 579 5728 παραχρῆμα
621 5637 1085 5728 εδημιούργησεν·
1140 5648 1241 5699 οὐκ
1283 5650 1347 5701 ἐκ
1400 5649 1568 5721 μόνης
1612 5652 1667 5705 δὲ
1724 5653 1823 5721 τῆς

234 5720 378 5790 γῆς,
420 5720 495 5783 ὡς
547 5724 633 5775 ἐπ’
674 5727 907 5794 ἐκείνου,
959 5734 1223 5804 λαμϐάνει
1268 5738 1367 5802 τὰς
1412 5720 1669 5809 ἀφορμὰς
1722 5720 1820 5812 τῆς

254 5942 280 5963 ο
308 5921 323 5952 ³
366 5920 472 5978 lsa.
502 5938 614 5986 xw,
654 5924 735 5980 i2.

1932 4804 1995 4843 ac
2025 4788 2428 4855 speciositatem
2458 4787 2703 4841 donavit.
2743 4786 2920 4839 Prima
2951 4787 3065 4841 iure
3086 4802 3215 4858 erga
3244 4790 3522 4845 hominem

1933 4878 2183 4933 Factoris
2210 4887 2331 4948 post
2365 4878 2701 4932 creationem
2733 4878 3078 4948 providentia
3114 4883 3348 4936 exstitit.
3383 4882 3457 4937 lta
3480 4885 3526 4937 is

1927 4974 2039 5043 jam
2071 4974 2192 5026 inde
2220 4973 2291 5026 ab
2323 4972 2501 5034 initio,
2529 4986 2629 5026 ceu
2665 4982 2819 5040 pater
2851 4974 3071 5041 quidam
3104 4984 3157 5027 et
3192 4977 3436 5031 medicus
3469 4988 3525 5031 et

1929 5064 2207 5132 magister,
2240 5078 2450 5117 ornans
2484 5064 2643 5118 simul
2675 5074 2731 5118 et
2777 5079 2979 5119 sanans
3014 5068 3389 5136 virtutemque
3428 5068 3527 5121 do—

1927 5172 2077 5220 cens,
2104 5170 2161 5208 se
2194 5157 2380 5225 gessit.

2035 5293 2120 5345 Ν.
2162 5292 2271 5345 Cur
2319 5295 2591 5347 mulierem
2622 5310 2689 5348 ex
2730 5296 2828 5349 viri
2862 5297 3026 5350 latere
3069 5298 3404 5367 formaverit.

2015 5474 2308 5544 PoSIquam
2366 5492 2489 5532 eum
2542 5480 2615 5532 ita
2670 5479 3009 5534 formaverat
3064 5491 3227 5549 atque
3277 5479 3512 5549 appella-

1930 5574 2105 5628 verat,
2164 5567 2488 5622 auxiliarem
2521 5570 2697 5623 eidem
2730 5581 2785 5623 et
2827 5569 3255 5639 cooperatricem
3289 5571 3525 5637 vittaque

1930 5657 2171 5711 sodalem
2211 5657 2357 5713 illico
2388 5658 2701 5717 fabricavit.
2748 5659 2904 5716 Haud
2947 5671 3128 5715 tamen
3168 5676 3237 5715 ex
3274 5660 3389 5714 sola
3418 5669 3522 5711 ter-

1930 5763 2009 5811 ra,
2049 5750 2267 5805 sicutin
2304 5752 2418 5822 ipso
2451 5751 2677 5820 fecerat,
2728 5755 3010 5811 materiam
3044 5754 3325 5832 plasmatis
3372 5768 3522 5807 sum-
