3996 6464
503 470 640 527 “35

1488 459 1546 514 S.
1582 456 1856 514 CYRILIJ
1888 450 2361 509 ALEXANDRINI
2401 447 2725 505 ARCHIEP.

3664 44 3679 53 ,,
3710 46 3725 57 ην
3764 44 3769 45 ν
3796 44 3887 57 mw“,

3922 344 3931 363 ἐ

3622 434 3757 493 ιιει

505 592 644 658 psit;
675 586 770 643 sed
801 598 959 641 unam
990 597 1055 637 ex
1081 580 1182 637 viri
1205 578 1375 637 costis
1390 578 1814 650 capiens,,atque
1844 574 1946 629 hac
1970 586 2067 628 ceu

2191 567 2531 630 ῑιαπλάσεως,
2560 564 2696 619 ἀλλά
2729 561 2858 632 μίαν
2885 560 2996 613 τῶν
3025 556 3280 629 πλευρῶν
3309 554 3521 608 ἐκείνου
3552 551 3752 615 mea»,

506 681 619 736 basi
642 686 696 736 et
722 679 1074 734 fundamento
1102 683 1283 740 utens,
1313 672 1603 728 femineam
1645 677 1893 724 naturam
1918 679 2072 722 com-

504 770 722 840 posuit:
761 768 905 823 haud
952 779 1091 821 sane
1125 764 1369 820 materia:
1413 759 1665 833 penuria,
1703 758 1815 816 sola
1843 756 1986 813 enim
2019 752 2069 810 ei

506 858 760 913 voluntas
800 856 867 911 ad
902 854 1144 925 cujusvis
1171 853 1249 908 rei
1277 851 1608 907 creationem
1641 845 1960 910 subiciebat,
1976 844 2073 899 sed

504 948 629 1017 quia
690 943 997 1001 concordiae
1055 939 1326 998 vinculum
1384 932 1594 993 natura
1635 935 1822 990 indere
1875 932 2067 987 voluit.

505 1038 730 1094 Hortum
769 1049 985 1105 quoque
1022 1032 1291 1094 conserit,
1317 1042 1551 1099 eumque
1592 1024 1789 1095 plantis
1825 1023 2070 1093 omnige-

506 1130 591 1186 nis
621 1128 925 1190 exornavit,
973 1125 1133 1195 idque
1164 1118 1540 1179 habitaculum
1596 1116 1799 1171 homini
1846 1127 2073 1169 conces-

505 1224 601 1287 sit,
632 1221 878 1293 praebens
911 1216 986 1271 illi
1014 1214 1236 1271 virtutis
1268 1209 1614 1272 exercitium,
1645 1206 1787 1261 baud
1825 1204 2071 1261 laborio-

506 1330 624 1371 sum
653 1326 827 1382 neque
860 1308 1014 1364 multi
1041 1304 1260 1363 sudoris
1282 1309 1614 1373 praeceptum
1647 1298 1953 1370 imponens,
1977 1294 2073 1351 sed

507 1404 747 1461 modesto
775 1410 922 1457 certe
948 1395 1225 1470 perfacile.

850 1512 909 1568 ν.
946 1511 1059 1568 Cur
1087 1511 1136 1566 ei
1177 1510 1339 1581 legent
1370 1507 1729 1564 constituerit.

573 1632 707 1689 Nam
736 1646 861 1687 cum
893 1628 1147 1685 omnibus
1179 1625 1325 1682 horti
1372 1624 1573 1694 plantis
1617 1620 1764 1677 vesci
1805 1634 1928 1677 eum
1964 1618 2078 1685 jus—

505 1725 691 1786 sisset,
733 1721 893 1776 unius
916 1726 1134 1790 gustum
1168 1714 1375 1781 vetuit;
1408 1726 1585 1783 neque
1609 1711 1662 1767 id
1692 1711 1869 1782 ipsum
1897 1719 2074 1763 teme-

506 1830 567 1871 re
592 1814 739 1878 i'ecit,
757 1810 852 1868 sed
870 1819 927 1863 ut
954 1810 1115 1864 homo
1135 1805 1377 1877 manu.
1416 1811 1692 1858 auctorem
1720 1816 1876 1856 suum
1909 1813 2078 1870 agno-

2174 659 2267 712 καὶ
2291 657 2464 729 ταύτῃ
2493 655 2746 726 καθάπερ
2769 654 2876 707 τινὶ
2906 649 3130 723 κρηπῖδι
3159 649 3261 704 καὶ
3283 645 3528 718 θεμελίῳ
3551 645 3757 715 χρησά-

2176 765 2356 819 μενος,
2385 747 2485 819 τὴν
2514 744 2829 816 γυναικείαν
2873 741 3037 813 φύσιν
3078 743 3231 794 ποιεῖ
3254 756 3269 769 ·
3299 739 3403 809 οὐχ
3447 736 3586 807 ὕλης
3622 738 3756 788 ἀπο-

2178 838 2286 911 ρίςν
2318 839 2453 910 μόνη
2487 836 2600 907 γὰρ
2624 834 2771 905 αὐτῷ
2802 832 2967 904 βουλὴ
2999 831 3135 903 πρὸς
3177 829 3279 901 τὴν
3321 828 3464 911 ὅλων
3493 826 3759 897 δημιουρ-

2174 932 2298 999 γίαν
2331 930 2565 1001 ἤρκεσεν
2590 945 2604 957 ·
2629 926 2745 980 ἀλλ’
2775 928 2833 979 ἐν
2862 926 2929 996 τῇ
2972 922 3134 994 φύσει
3162 922 3265 992 τῆς
3309 916 3565 991 ὁμονοίας
3600 915 3758 982 θελή-

2178 1037 2276 1084 σας
2306 1018 2540 1072 ἐνθεῖναι
2563 1018 2655 1071 τὸν
2686 1016 3002 1088 σύνδεσμον.
3020 1013 3249 1068 Madet
3272 1012 3367 1065 καὶ
3402 1007 3758 1080 παράδεισον,

2175 1110 2270 1163 καὶ
2299 1111 2486 1178 φυτοῖς
2505 1105 2673 1161 αὐτὸν
2715 1104 3057 1175 κατακοσμεῖ
3081 1100 3383 1167 παντοίοις,
3429 1099 3531 1153 καὶ
3575 1096 3760 1153 τοῦτον

2177 1200 2500 1271 ἐνδιαίτημα
2529 1198 2608 1272 τῷ
2633 1196 2910 1270 ἀνθρώπῳ
2958 1195 3265 1268 χαρίζεται,
3310 1188 3571 1255 δεδωκὼς
3613 1187 3763 1259 αὐτῷ

2177 1280 2479 1361 γυμνάσιον
2506 1288 2710 1360 ἀρετῆς
2736 1327 2752 1353 ,
2777 1284 3001 1355 ἐντολὴν
3030 1285 3133 1339 οὑκ
3182 1283 3464 1345 ἐπίπονον,
3510 1278 3636 1333 οὐδὲ
3672 1278 3763 1345 γι-

2179 1397 2388 1453 μουσαν
2420 1380 2665 1454 ίδρῶτος,
2695 1379 2835 1436 ἀλλά
2861 1378 3007 1451 μάλα
3040 1374 3411 1449 σωφρονοῦντι
3439 1373 3659 1447 ῥᾳδίαν.

2442 1492 2519 1549 E'.
2558 1491 2664 1550 Διὰ
2696 1492 2967 1563 τίνόμον
3001 1486 3165 1556 αὐτῷ
3194 1488 3487 1543 τέθεικεν.

2249 1605 2476 1661 Πάντων
2506 1604 2614 1679 γάρ
2640 1603 2749 1659 τῶν
2775 1602 2961 1674 φυτῶν
2995 1601 3089 1657 τοῦ
3118 1600 3453 1674 παραδείσου
3495 1597 3767 1662 κελεύσας

2180 1697 2508 1762 ἀπολαύειν,
2560 1697 2678 1762 ἑνὸς
2719 1695 3069 1769 ἀπηγόρευαε
3125 1696 3227 1767 τὴν
3272 1691 3617 1764 μετάληψιν·
3669 1689 3770 1762 οὐχ

2181 1790 2368 1855 ἁπλῶς
2393 1790 2517 1845 om
2550 1788 2712 1845 τοῦτο
2751 1785 3093 1860 πεποιηκὼς,
3127 1784 3247 1840 ἀλλ’
3275 1784 3363 1839 ἵνα
3404 1782 3501 1837 τὸν
3532 1797 3773 1853 πεποιηο

505 1916 705 1971 sceret,
736 1914 899 1973 atque
940 1901 1115 1956 instar
1140 1872 1569 1969 j'uii'cujusdam
1600 1892 1769 1964 legem
1799 1890 2078 1947 Creatoris

2191 1880 2314 1935 κότα
2344 1879 2620 1954 γνωρίζῃ,
2651 1879 2747 1934 καὶ
2769 1878 2960 1949 ὥσπερ
2991 1875 3114 1932 τινά
3146 1875 3311 1946 ζυγὸν
3338 1874 3441 1948 ἔχῃ
3474 1872 3573 1926 τδν
3602 1872 3769 1943 νόμον

507 1998 770 2061 haberet;
804 2005 972 2063 utque
997 1990 1166 2046 sciret
1205 2003 1264 2061 se
1298 1986 1515 2057 quidem
1546 1986 1600 2040 in
1635 1996 1781 2040 terra
1814 1997 2073 2051 regnare,

508 2090 601 2145 sed
635 2098 816 2142 tamen
851 2084 1135 2139 Factorem
1164 2093 1324 2135 suum
1357 2076 1595 2133 vicissim
1645 2075 1747 2132 sibi
1784 2073 2077 2139 dominari,

510 2192 745 2250 pmesse
782 2186 837 2231 et
859 2172 1077 2241 subjici,
1113 2173 1385 2240 imperare
1414 2177 1471 2225 et
1499 2168 1778 2239 imperari,
1806 2168 2006 2222 ducere
2026 2176 2081 2220 et

510 2268 769 2325 duci.Sed
792 2276 847 2321 et
871 2263 1113 2335 alioquin
1147 2274 1392 2331 congrua
1417 2267 1503 2315 est
1527 2258 1884 2313 rationalibus
1917 2256 2081 2327 legis-

510 2363 637 2419 latio
691 2380 706 2417 :
736 2367 822 2416 est
852 2358 1000 2413 enim
1035 2356 1323 2411 brutorum
1362 2354 1641 2423 proprium
1675 2349 1793 2406 sine
1839 2348 1958 2419 iege
1999 2348 2083 2403 vi-

508 2467 654 2507 vere.
705 2449 1019 2505 Mandatum
1075 2456 1259 2501 autem
1306 2445 1452 2499 circa
1497 2456 1678 2497 escam
1723 2438 1956 2495 Creator
2002 2438 2079 2494 illi

509 2541 789 2613 imposuit,
814 2538 940 2608 quia
974 2537 1113 2593 alius
1138 2534 1379 2605 cujusvis
1416 2533 1553 2604 legis
1583 2541 1716 2586 tunc
1763 2530 1954 2586 luisset
1994 2529 2081 2583 in-

512 2634 660 2689 utilis
682 2632 830 2687 latio.
884 2630 1025 2698 Quid
1066 2629 1209 2684 enim
1238 2628 1286 2681 ei
1322 2626 1605 2681 vetaudum
1654 2624 1818 2679 erat?
1844 2621 1980 2678 Num
2013 2639 2083 2679 ne

510 2726 780 2782 occideret
802 2723 826 2777 ?
848 2722 1012 2792 Atqui
1061 2733 1221 2776 nemo
1250 2727 1390 2783 erat,
1429 2719 1480 2772 in
1512 2732 1673 2788 quem
1708 2717 1883 2771 caedes
1920 2715 2084 2771 cade-

512 2827 614 2874 ret.
646 2815 785 2871 Num
816 2828 884 2870 ne
919 2810 1331 2870 mmeharetur?
1362 2811 1526 2882 Atqui
1580 2826 1648 2864 ne
1686 2808 1732 2866 si
1763 2809 1922 2864 vellet
1956 2808 2081 2878 qni-

511 2910 631 2964 dem
663 2908 716 2963 id
742 2913 975 2977 poterat,
1003 2918 1124 2958 cum
1153 2902 1256 2957 alia
1285 2899 1483 2957 femina
1512 2915 1618 2955 non
1648 2910 1817 2957 esset.
1848 2899 1986 2953 Num
2018 2914 2085 2955 ne

508 2996 829 3057 iuraretur?
876 2996 951 3050 At
991 2994 1147 3064 cujus
1194 2992 1378 3050 bona?
1426 2991 1636 3048 Cuncta
1688 2990 1833 3047 enim
1885 2992 1937 3045 in
1969 2990 2087 3061 ejus

515 3098 785 3161 potestate
829 3096 1005 3143 erant.
1044 3082 1175 3140 Erat
1215 3085 1382 3156 igitur
1417 3083 1508 3139 ille
1563 3081 1797 3137 mundus
1851 3080 2084 3150 tempori

516 3196 614 3236 suo
650 3177 1001 3242 conveniens,
1051 3187 1228 3245 neque
1280 3174 1654 3229 tantummodo
1700 3170 1806 3226 illis
1843 3170 1936 3241 qui
1978 3170 2084 3227 duo

2180 1972 2277 2027 τοῦ
2298 1973 2827 2044 δημιουργήσαντος,
2868 1972 2957 2027 τνα
2982 1968 3229 2040 γινώσκῃ
3254 1966 3332 2030 ὡς
3362 1962 3643 2037 βασιλεύει
3669 1962 3771 2033 μὲν

2182 2064 2291 2120 τῶν
2323 2067 2381 2119 ὲν
2408 2067 2474 2136 τῇ
2495 2066 2602 2135 γῇ,
2643 2063 2990 2134 βασιλεύεται
3021 2061 3079 2116 δὲ
3110 2060 3215 2114 ὑπὸ
3246 2058 3585 2121 πλάσαντος,
3608 2055 3769 2128 ἄρχει

2182 2156 2278 2210 xei
2301 2155 2549 2227 ἄρχεται,
2599 2152 2851 2220 δεσπόζει
2883 2152 2980 2208 καὶ
3031 2149 3378 2215 δεσπόζεται,
3408 2148 3635 2220 ἡγεῖται
3675 2143 3773 2199 καὶ

2183 2242 2396 2312 ἄγεται.
2433 2241 2647 2307 ’Δλλως
2684 2241 2744 2296 δὲ
2776 2242 2876 2297 καὶ
2915 2240 3226 2315 πρόσφορος
3258 2240 3293 2311 ἠ
3321 2235 3620 2308 νομοθεσία
3654 2238 3770 2301 τοῖς

2181 2336 2420 2403 λογικοῖς
2437 2350 2453 2367 ·
2489 2334 2700 2403 ἀλόγων
2742 2335 2855 2406 γὰρ
2902 2333 3033 2389 ἴδιον
3064 2332 3127 2386 τὸ
3176 2330 3362 2403 νόμων
3399 2319 3577 2402 χωρῖς
3619 2329 3770 2385 πολι-

2181 2424 2456 2479 τεύεσθαιι
2481 2416 2576 2481 τὸν
2603 2426 2662 2481 δὲ
2691 2427 2821 2498 περὶ
2854 2422 3109 2496 βρώσεως
3133 2424 3300 2495 νόμον
3334 2421 3587 2476 τέθεικεν
3617 2420 3772 2492 αὐτῷ

2183 2516 2211 2569 ό
2240 2514 2499 2588 Ποιητὴς,
2531 2514 2722 2588 ἐπειδὴ
2743 2517 2853 2571 τῶν
2878 2514 3054 2570 ἄλλων
3078 2514 3259 2586 νόμων
3294 2515 3329 2586 ἡ
3354 2512 3511 2577 θέσις
3534 2512 3771 2584 περιττὴ

2182 2607 2482 2679 τηνικαῦτα
2508 2602 2598 2680 ἦν.
2633 2608 2699 2661 Τί
2726 2608 2836 2681 7&9
2858 2606 3007 2678 αύτῷ
3030 2606 3126 2660 καὶ
3148 2604 3527 2677 ἀπαγορεύειν
3555 2604 3729 2676 ἐχρῆν
3752 2621 3767 2669 ;

2184 2698 2277 2771 Μὴ
2300 2698 2556 2771 φονεῦσαι
2577 2716 2592 2767 ;
2622 2699 2760 2753 Ἀλλ’
2781 2700 2882 2754 οὐκ
2908 2695 2977 2771 ἦν
3002 2701 3030 2753 ό
3060 2698 3220 2753 τοῦτο
3246 2698 3593 2769 πεισόμενος.
3612 2696 3776 2751 Ἀλλά

2190 2794 2266 2865 μὴ
2301 2793 2620 2865 μοιχεῦσαι;
2657 2793 2797 2848 Ἀλλ’
2824 2792 2947 2848 οὐδὲ
2973 2792 3257 2864 βουληθεὶς
3286 2787 3396 2857 οἷός
3428 2810 3498 2847 τε
3524 2788 3597 2864 ἦν
3620 2834 3636 2857 ,
3669 2808 3775 2861 γυο

2188 2884 2373 2947 ναικὸς
2416 2883 2585 2956 ἀλλης
2623 2885 2725 2939 οὐκ
2751 2884 2941 2956 οὔσης.
2986 2883 3151 2937 Ἀλλά
3199 2882 3276 2956 μὴ
3308 2882 3541 2952 mea;
3576 2883 3659 2937 T&
3686 2881 3776 2936 τί-

2187 2994 2305 3045 νος;
2370 2976 2544 3031 Αύτοῦ
2594 2976 2703 3048 γὰρ
2760 2972 2830 3049 ἦν
2876 2975 3114 3031 ἃπαντα.
3162 2975 3450 3048 ’Δρμόδιος
3503 2974 3689 3032 τοίνυν
3747 2975 3775 3028 δ

2188 3069 2390 3139 κόσμος
2416 3070 2624 3132 ίκεῖνος
2657 3062 2727 3138 ἦν
2755 3068 2834 3139 τῷ
2859 3068 2981 3121 τότε
3016 3066 3214 3138 καιρῷ,
3247 3067 3342 3120 καὶ
3366 3068 3430 3120 ού
3466 3066 3632 3135 μόνον
3659 3069 3775 3132 τοῖς

2190 3160 2374 3229 μόνοις
2410 3156 2591 3224 οὖσιν,
2639 3146 2777 3213 ἀλλά
2823 3159 2918 3213 καὶ
2969 3158 3202 3222 παιδίοις
3247 3158 3597 3229 ἀρτιγενέσιν
3635 3175 3773 3229 συμ-

514 3270 615 3326 soli
646 3277 824 3335 erant,
857 3282 1048 3324 verum
1079 3266 1243 3323 etiam
1296 3264 1480 3335 pueris
1514 3272 1760 3319 recenter
1789 3262 1933 3318 uatis
1962 3262 2084 3318 ido-
2112 3251 2156 3312 ϐ
2189 3249 2410 3305 ϐαίνων.

517 3380 670 3421 nens.

971 3448 1057 3506 VI.
1088 3447 1164 3503 De
1197 3446 1393 3501 Adami
1422 3445 1631 3501 exsilio.

590 3568 698 3624 Sed
737 3575 1030 3639 postquam
1078 3563 1281 3620 invidia
1320 3560 1544 3627 diaboli,
1584 3568 1639 3614 et
1685 3558 1927 3615 mulieris
1958 3557 2090 3611 siut-

520 3662 764 3732 plicitate
806 3672 1051 3714 errorem
1106 3653 1379 3711 commisit
1425 3652 1682 3723 (namque
1722 3651 1864 3705 hanc
1904 3656 2089 3718 utpote

517 3753 834 3810 debiliorem
874 3748 1090 3813 fallens,
1125 3746 1300 3817 primo
1342 3758 1438 3811 per
1478 3743 1675 3813 ipsam,
1718 3755 1816 3795 ceu
1861 3753 2086 3809 persua-

520 3845 694 3900 dendo
729 3842 1015 3911 aptiorem,
1042 3840 1309 3893 Adamum
1340 3844 1536 3890 nostrae
1564 3833 1755 3889 salutis
1785 3834 1957 3887 hostis
1976 3832 2088 3887 cir-

518 3932 834 4005 cumvenit),
859 3931 1046 4001 pulsus
1094 3929 1238 3983 illico
1272 3926 1521 3997 paradiso
1551 3926 1759 3990 luit,-et
1789 3925 1853 3977 ad
1894 3939 2092 3978 connu-

524 4025 752 4080 turalem
788 4036 941 4076 suam
992 4028 1192 4075 terram
1221 4018 1478 4071 dimissus
1514 4024 1615 4080 est,
1653 4014 1861 4080 sudori,
1890 4013 2087 4077 labori,

520 4126 883 4181 :erumnacque
912 4111 1144 4174 deditus,
1179 4123 1243 4163 ac
1272 4107 1435 4161 veluti
1467 4108 1618 4161 freno
1662 4106 1913 4175 quodam,
1947 4105 2091 4171 agri-

519 4208 749 4263 cultura:
808 4204 1014 4268 labore,
1054 4200 1391 4265 aliorumque
1420 4198 1543 4251 vitae
1578 4196 1838 4251 maiorum
1866 4212 2090 4265 perpes-

519 4301 670 4354 sione
704 4294 1053 4350 constrictus.
1086 4289 1223 4358 Quia
1255 4290 1400 4343 enim
1434 4287 1582 4341 illam
1633 4286 1816 4341 labore
1848 4288 1993 4340 omni
2025 4301 2090 4341 ac

520 4388 707 4443 dolore
736 4386 962 4445 liberam
992 4384 1156 4436 vitam
1188 4396 1293 4435 non
1320 4395 1443 4434 cum
1476 4389 1632 4447 grato
1659 4378 1843 4432 animo
1868 4377 2085 4441 tulerat,

520 4479 829 4533 calamitate
866 4473 1126 4542 deinceps
1174 4470 1464 4541 implicitus
1496 4470 1614 4535 fuit,
1652 4480 1707 4521 ut
1746 4479 2115 4523 contraetuml

520 4570 881 4640 prosperitate
932 4567 1179 4620 morbum
1218 4603 1231 4625 ,
1281 4562 1555 4615 laboribus
1591 4560 1904 4629 depelleret.
1948 4557 2083 4612 Tum

520 4664 685 4719 etiam
729 4668 903 4714 morte
941 4656 1151 4726 peccati
1199 4669 1413 4707 cursum
1469 4652 1745 4722 legislator
1778 4652 2088 4719 interrupit,

520 4762 572 4803 ct
603 4763 817 4820 pmnam
853 4748 1022 4815 ipsam
1052 4745 1226 4797 instar
1247 4742 1545 4797 clementia:
1572 4742 1769 4795 intulit.
1794 4742 1926 4796 Cum
1947 4742 2090 4794 enim

526 4834 944 4903 trausgressioui
989 4841 1217 4885 mortem
1268 4832 1597 4883 decrevisset
1654 4830 1957 4899 legislatur,
2004 4830 2090 4883 ia-

525 4938 642 4979 ctus
672 4940 798 4978 vero
849 4934 1223 4990 transgressor
1268 4921 1430 4974 homo
1476 4921 1531 4974 in
1582 4935 1699 4973 eam
1747 4935 1962 4990 poenam
2014 4923 2094 4975 in-

524 5018 803 5081 currisset,
852 5030 1073 5083 operam
1120 5014 1207 5068 ille
1263 5014 1408 5067 dedit
1452 5022 1511 5065 ut
1560 5028 1718 5080 paena
1764 5015 1816 5066 in
1863 5015 2090 5069 salutem

525 5117 790 5174 vergeret.
825 5104 1071 5171 Namque
1102 5103 1205 5156 hoc
1249 5101 1448 5154 animal
1486 5116 1630 5155 mors
1677 5102 1946 5166 dissolvit,
1980 5119 2093 5157 ma-

525 5198 651 5250 litiae
684 5197 952 5251 actionem
987 5194 1150 5259 sistit,
1177 5192 1453 5245 laboribus
1481 5193 1776 5256 subtrahit,
1805 5195 2091 5249 sudoribus

530 5288 744 5350 liberat,
781 5286 1061 5338 doloribus
1106 5285 1361 5351 curisque
1425 5284 1607 5350 eripit,
1660 5285 1821 5338 linem
1850 5286 2092 5355 corporis

526 5376 765 5446 809m.
794 5375 1019 5444 imponit
1061 5376 1421 5443 passionibus.
1463 5377 1634 5430 Tanta
1680 5377 1932 5431 nimirum
1986 5378 2094 5432 cle-

528 5472 725 5521 mentia
761 5484 975 5536 ριιιιιοιιι
1010 5470 1326 5536 temperavit
1354 5467 1515 5536 judex
1542 5470 1553 5521 !

534 5662 639 5718 VII.
674 5663 844 5727 Quam
887 5664 1085 5732 ingrati
1127 5666 1359 5737 homines
1392 5666 1611 5731 fuerint,
1645 5678 1691 5721 el
1727 5685 1881 5736 quam
1914 5672 2091 5737 provi-

1004 5740 1101 5787 dus
1146 5736 1302 5800 Deus,
1333 5748 1599 5789 narratur.

600 5844 706 5902 Sed
749 5846 880 5900 lii-hil
918 5848 1039 5902 inde
1082 5862 1251 5913 genus
1277 5849 1555 5901 hominum
1601 5849 1868 5917 ingratum
1907 5867 2085 5917 perce-

2445 3435 2537 3499 Ci".
2574 3433 2713 3501 Περί
2746 3433 2857 3502 τῆς
2890 3433 3129 3503 ἑξορίας
3162 3434 3271 3489 τοῦ
3309 3434 3506 3503 Ἀδάμ.

2279 3544 2496 3625 Ἐπειδὴ
2520 3544 2573 3598 δὲ
2600 3545 2778 3615 φθόνῳ
2804 3545 3049 3600 διαϐόλου
3068 3587 3082 3609 ,
3126 3547 3219 3600 καὶ
3252 3548 3518 3616 γυναικὸς
3549 3549 3772 3622 εὐκολία
3840 3608 3845 3613 ,

2196 3637 2294 3709 τὴν
2334 3637 2551 3707 ἀπάτην
2599 3636 2818 3701 ἐδέξατο
2864 3636 3089 3707 (ταύτην
3135 3638 3243 3709 γάρ
3290 3638 3367 3702 ὡς
3414 3640 3780 3711 ἀπαλωτέραν

2196 3728 2516 3798 φενακίσας,
2548 3730 2816 3801 πρότερον
2843 3730 2912 3783 δι’
2940 3732 3128 3802 αὐτῆς,
3156 3732 3233 3795 ὡς
3256 3730 3664 3804 πιθανωτέρας,
3687 3737 3779 3790 τὸν

2210 3820 2378 3889 Ἀδὰμ
2404 3821 2431 3872 ό
2455 3819 2553 3887 τῆς
2595 3820 2872 3890 ἡμετέρας
2899 3820 3117 3888 φύσεως
3158 3822 3414 3894 ἀλάστωρ
3446 3824 3775 3897 ἐπολιόρκη-

2199 3908 2334 3972 σεν),
2360 3907 2622 3980 ἐξεϐλήθη
2680 3910 2779 3981 μὲν
2812 3909 2973 3973 εὐθὺς
3000 3910 3096 3964 τοῦ
3130 3912 3485 3983 παραδείσου,
3516 3915 3615 3968 καὶ
3640 3918 3778 3989 πρὸς

2195 4000 2293 4071 τὴν
2324 4000 2565 4071 συγγενῆ
2592 4001 2696 4071 γῆν
2726 4000 3093 4072 παρεπέμφθη
3115 4042 3130 4065 ,
3161 4002 3347 4072 ἱδρῶτι
3382 4006 3480 4059 καὶ
3511 4007 3663 4078 πόνῳ
3684 4012 3777 4062 καὶ

2195 4091 2539 4163 ταλαιπωρίᾳ
2580 4092 3020 4163 συγκληρωθεὶς,
3056 4095 3152 4149 καὶ
3174 4089 3286 4150 οἶόν
3320 4113 3429 4149 τινι
3465 4097 3672 4171 χαλινῷ
3707 4104 3773 4172 τῇ

2197 4184 2432 4255 γηπονίᾳ
2478 4184 2573 4245 καὶ
2604 4184 2946 4257 κακοπαθείᾳ
2992 4186 3086 4239 καὶ
3126 4188 3248 4253 ταῖς
3291 4188 3483 4254 ἄλλαις
3524 4191 3623 4246 τοῦ
3658 4194 3776 4264 βίου

2196 4275 2480 4346 πονηρίαις
2523 4275 2868 4345 παραδοθείς.
2902 4276 2989 4340 Ὠς
3017 4278 3125 4349 γὰρ
3172 4278 3271 4349 τὴν
3312 4280 3518 4336 ἄπονον
3560 4284 3777 4356 ἐκείνην

2197 4367 2289 4419 καὶ
2316 4367 2521 4421 ἄλυπον
2548 4367 2646 4420 οὐκ
2670 4367 2907 4435 ἐνεγκὼν
2935 4371 3297 4441 εὐγνωμόνως
3344 4371 3512 4444 ζωὴν,
3560 4379 3627 4448 τῇ
3658 4378 3776 4431 δυσο

2194 4459 2402 4529 ημερίᾳ
2428 4457 2807 4526 συζεύγνυται,
2836 4460 2921 4513 ἵνα
2952 4462 3051 4533 τὴν
3076 4463 3184 4515 ἀπὸ
3208 4465 3307 4534 τῆς
3349 4465 3655 4538 εὐημερίας
3684 4488 3776 4539 φε-

2199 4552 2431 4622 ρομένην
2460 4551 2611 4603 νόσον
2665 4550 2753 4605 διὰ
2784 4552 2892 4606 τῶν
2919 4554 3095 4609 πόνων
3127 4554 3606 4628 ἀποσκευὰσηται.
3647 4566 3773 4615 Δια-

2196 4643 2384 4695 κόπτει
2430 4642 2485 4694 δὲ
2530 4643 2624 4696 καὶ
2671 4644 2885 4715 θανάτῳ
2930 4645 3021 4699 τὸν
3070 4646 3270 4718 δρόμον
3299 4649 3398 4718 τῆς
3428 4650 3712 4722 ἁμαρτίας
3748 4658 3775 4708 ό

2193 4731 2486 4802 νομοθέτης
2510 4774 2524 4798 ,
2578 4734 2673 4787 καὶ
2714 4736 2885 4806 αὐτὴν
2930 4736 3167 4791 δείκνυσι
3199 4738 3299 4810 τὴν
3340 4744 3623 4813 τιμωρίαν
3656 4748 3774 4814 φιλ-

2192 4824 2531 4897 ανθρωπίαν.
2589 4827 2808 4899 Ἐπειδὴ
2841 4830 2947 4899 γὰρ
2991 4832 3056 4901 τῇ
3101 4833 3414 4904 παραϐάσει
3465 4836 3774 4907 νομοθετῶν

2194 4915 2479 4981 συνέζευξε
2520 4917 2771 4985 θάνατον,
2816 4920 3072 4991 παραόὰς
3119 4922 3176 4976 δὲ
3207 4924 3313 4977 ὑπὸ
3353 4926 3455 4995 τὴν
3502 4932 3773 5001 τιμωρίαν

2192 5008 2408 5079 ἐκείνην
2450 5008 2688 5076 ἐγένετο,
2746 5012 3020 5081 οἰκονομεί
3060 5013 3159 5084 τὴν
3190 5017 3468 5087 τιμωρίαν
3496 5023 3777 5092 σωτηρίαν

2191 5102 2467 5169 γενέσθαι.
2500 5102 2714 5155 Διαλύει
2740 5106 2849 5174 γὰρ
2881 5102 3036 5157 τοῦτο
3067 5106 3126 5157 τὺ
3155 5104 3298 5170 ζῶον
3322 5109 3353 5159 ὁ
3390 5109 3646 5175 θάνατος,
3681 5114 3775 5167 καὶ

2193 5190 2357 5243 παύει
2392 5191 2490 5260 μὲν
2520 5189 2618 5259 τὴν
2651 5191 2754 5261 τῆς
2794 5193 3059 5263 πονηρίας
3085 5195 3391 5264 ἐνέργειαν,
3436 5199 3770 5256 ἀπαλλάττει

2191 5281 2247 5334 δὲ
2278 5282 2477 5345 πόνων,
2512 5282 2607 5336 καὶ
2636 5282 2873 5353 ἱδρώτων
2897 5284 3194 5354 ἐλευθεροῖ,
3230 5285 3404 5349 λύπας
3428 5290 3523 5341 καὶ
3554 5294 3772 5361 φροντί-

2191 5374 2288 5437 δας
2322 5374 2557 5436 ἐλαύνει,
2602 5374 2757 5437 τέλος
2784 5380 2895 5438 τοῖς
2928 5376 3021 5430 τοῦ
3054 5376 3306 5447 σώματος
3338 5379 3525 5437 δίδωσι,
3551 5383 3768 5439 πάθεσι.

2194 5465 2444 5535 Τοσαύτη
2501 5466 2883 5537 φιλανθρωπία
2943 5466 3363 5543 τὴν-τιμωρίαν
3415 5475 3682 5543 ὲκὲρααεν
3745 5478 3774 5528 ό

2194 5556 2388 5624 κριτής
2412 5560 2424 5608 !

2194 5671 2264 5722 Z'.
2303 5670 2729 5753 Animatcfﬁg‘
2756 5676 2876 5757 ςὼἶο
2902 5677 3228 5757 ιὶιςθρώίτων
3261 5679 3639 5757 (ξχαριστίας,
3670 5684 3769 5735 καί

2544 5748 2654 5811 τῆς
2684 5748 2789 5801 τοῦ
2830 5748 2977 5800 Θεοῦ
3012 5748 3389 5815 κηδεμονίας.

2280 5853 2419 5908 Ἀλλ’
2458 5856 2608 5911 οὐδὲν
2635 5861 2881 5917 ἐντεῦθεν
2910 5864 2969 5916 τὸ
3018 5863 3305 5934 ἂχὰρεπτον
3341 5867 3493 5933 γένος
3529 5868 3637 5920 τῶν
3674 5869 3767 5920 ἀν-
