3996 6464
252 468 397 525 “‘25

1436 461 1524 519 DE
1544 452 2087 518 ‘INCARNATIONE
2126 451 2383 510 00me

3402 444 3539 501 "26

249 583 492 657 θρώπων
528 576 789 636 ἀπώνατο
809 592 824 610 ·
857 577 1071 649 μείζοσι
1099 577 1157 631 δε
1186 576 1608 648 ἀγνωμοσύναις
1633 576 1726 631 τὸν
1758 574 1849 630 εὑ-

1967 571 2033 641 pit
2058 570 2347 629 utilitatis:
2380 569 2490 626 imo
2509 575 2570 626 et
2594 569 2885 641 peioribus
2907 564 3196 657 maleﬁciis
3235 564 3539 657 benefacto-

250 676 488 747 ιρτέτην
517 671 815 744 ἠμείψατο.
864 669 1043 734 Εὐθὺς
1070 668 1182 741 γὰρ
1226 667 1614 738 ἀδελφοκτονία
1640 668 1846 738 τολμᾶ-

251 785 394 831 ται,
444 768 538 820 καὶ
586 762 821 833 φθόνος,
870 760 967 815 καὶ
1011 759 1243 831 ψεῦδος,
1298 760 1589 814 ἀκολασίαι
1636 777 1696 813 τε
1755 759 1849 812 καὶ

252 860 537 928 ἁσίλγειαι
563 896 579 921 ,
644 853 891 920 ἀδικίαι,
959 855 1056 908 καὶ
1120 852 1544 925 ἀλληλοφονίαι,
1595 854 1691 907 καὶ
1739 852 1850 906 τῶν

254 950 555 1022 ἀλλοτρίων
594 948 872 1021 ἁρπαγαὶ,
922 948 1017 1001 καὶ
1059 946 1230 1002 τάλλα
1284 946 1387 999 ὅσα
1437 944 1775 1015 ἐϐλάστησεν
1814 946 1849 1016 ἠ

256 1042 504 1114 ἁμαρτία
533 1039 703 1095 κακά.
746 1038 888 1093 Ἀλλ’
922 1038 1041 1093 οὐδὲ
1070 1036 1245 1101 οὕτως
1298 1035 1327 1088 6
1368 1035 1603 1108 Ποιητὴς
1642 1038 1709 1109 ῆν
1743 1036 1853 1089 διέ-

258 1132 470 1187 ⁸ιτλασεν
499 1132 885 1203 ἀπηγόρευσεν
917 1129 1078 1200 φύσιν
1099 1147 1113 1160 ·
1143 1128 1320 1198 σοφῶς
1348 1128 1407 1183 δὲ
1432 1128 1567 1182 αὐτὸ
1606 1128 1701 1183 καὶ
1742 1128 1851 1182 δια-

256 1222 443 1294 φόρως
482 1222 758 1285 ἐτέλεσεν,
791 1219 1083 1292 ίατρεύων,
1118 1218 1410 1291 ἐπιτιμῶν,
1443 1216 1715 1287 ἐγκαλῶν,
1743 1219 1851 1271 είσ-

255 1312 565 1386 ηγούμενος
601 1313 664 1367 τδ
712 1313 855 1377 δέον,
893 1310 1302 1382 συμϐουλεύων,
1338 1310 1597 1376 ἀπειλῶν,
1630 1309 1852 1378 ἐπάγων

256 1405 361 1478 τὴν
388 1405 642 1477 ἀπειλὴν,
673 1403 919 1469 κολάζων
938 1404 1067 1467 τοὺς
1092 1403 1389 1474 πονηροὺς,
1416 1401 1701 1472 στεφανῶν
1725 1404 1853 1466 τοὺς

256 1497 504 1567 ἀγαθοὺς
525 1538 541 1558 .
585 1495 681 1550 καὶ
709 1494 802 1549 τὸν
834 1494 933 1566 μὲν
977 1494 1372 1566 ἀνακηρύττων
1397 1535 1411 1560 ,
1447 1495 1540 1547 τὸν
1587 1493 1645 1548 δὲ
1688 1510 1850 1563 μετα-

258 1590 435 1654 τιθεὶς
457 1628 474 1653 ,
504 1587 597 1642 τὸν
624 1587 682 1640 δὲ
718 1585 866 1656 ξύλῳ
900 1585 1043 1657 μετά
1066 1584 1161 1639 τοῦ
1190 1585 1383 1656 γένους
1413 1584 1717 1651 διασώζων,
1758 1584 1853 1636 καὶ

261 1678 540 1750 σπινθῆρα
576 1679 645 1749 τῇ
694 1676 854 1747 φύσει
896 1675 1192 1749 διατηρῶν,
1225 1674 1533 1740 ἐπικλύζων
1588 1674 1685 1745 τὴν
1723 1674 1851 1743 γῆν,

259 1769 592 1841 διαφθείρων
626 1767 780 1822 ὕδατι
810 1768 939 1832 τοὺς
966 1767 1206 1839 ἐργάτας
1232 1770 1333 1840 τῆς
1359 1767 1646 1838 πονηρίας,
1672 1765 1853 1830 αὔξων

258 1856 422 1924 αὖθις
447 1861 510 1914 τὸ
537 1857 878 1930 ἀνθρώπινον
904 1857 1094 1928 γένος,
1130 1861 1387 1931 μερικαϊς
1414 1858 1715 1929 τιμωρίαις
1739 1875 1853 1911 κοιο

1949 676 2065 717 rem
2099 668 2483 719 remuneratus
2509 670 2613 718 est.
2665 660 2863 717 Statim
2901 658 3048 715 enim
3085 656 3345 713 fraterna:
3378 656 3541 711 raedis

1952 753 2186 819 facinus,
2229 755 2454 821 invidia,
2490 754 2860 820 mendacium,
2896 751 3349 822 intemperantia,
3388 749 3543 804 luxu-

1952 844 2069 911 riae,
2095 844 2333 914 injuria,
2364 854 2566 901 mutuae
2594 845 2923 910 occisiones,
2964 843 3156 898 aliena:
3192 840 3269 897 rei
3311 840 3543 910 rapinae,

1950 945 2007 1015 et
2040 936 2143 991 alia
2168 936 2475 1004 hujustuodi
2506 951 2624 1005 qua:
2661 944 2947 1007 peccatum
2979 934 3195 1007 peperit
3226 932 3392 989 mala.
3432 933 3542 988 Sed

1953 1041 2021 1082 ne
2055 1028 2138 1082 sic
2165 1027 2382 1097 quidem
2414 1043 2576 1098 quam
2602 1027 2939 1083 formaverat
2978 1027 3181 1098 abiecit
3209 1027 3352 1081 Deus
3379 1035 3546 1081 natu-

1954 1133 2070 1173 ram
2101 1137 2115 1173 :
2146 1122 2242 1175 sed
2292 1119 2438 1174 varia
2475 1120 2745 1190 sapientia
2798 1120 2865 1174 ad
2913 1134 3037 1175 eum
3077 1118 3239 1173 {iuem
3274 1133 3408 1173 usus
3436 1126 3545 1177 est.

1954 1212 2177 1266 medens
2222 1209 2456 1275 scilicet,
2494 1210 2812 1280 increpans,
2854 1211 3138 1275 incusans,
3186 1207 3255 1263 ad
3305 1206 3543 1264 udicium

1954 1300 2229 1367 erudiens,
2263 1301 2491 1356 consilia
2543 1314 2847 1371 suggerens
2873 1339 2890 1364 ,
2938 1300 3281 1355 comminans
3308 1338 3325 1363 ,
3370 1299 3548 1353 minas

1956 1395 2100 1464 ipsas
2130 1395 2185 1448 in
2216 1408 2330 1448 rem
2362 1393 2675 1457 conferens,
2721 1392 2896 1447 malos
2926 1392 3192 1463 puniens,
3216 1392 3392 1446 bonos
3423 1404 3547 1444 mu-

1956 1500 2175 1552 nerans,
2202 1494 2257 1540 et
2299 1484 2463 1539 stium
2523 1483 2740 1554 quidem
2797 1482 2964 1539 laude
2999 1496 3230 1547 ornans,
3269 1481 3435 1539 alium
3480 1481 3549 1537 de

1956 1576 2155 1629 mundo
2193 1574 2547 1639 transferens,
2579 1575 2745 1629 alium
2784 1590 2910 1629 arca
2947 1573 3128 1645 lignea
3171 1587 3297 1628 cum
3345 1586 3551 1643 genere

1956 1666 2190 1732 salvans,
2219 1675 2275 1721 et
2317 1675 2525 1721 natura!
2567 1664 2869 1722 scintillam
2913 1679 3304 1731 conservans;
3344 1674 3548 1722 terram

1956 1759 2156 1814 diluvio
2182 1760 2442 1825 obruens,
2479 1767 2535 1812 et
2561 1756 2823 1827 nequitia:
2852 1767 3177 1826 operatores
3211 1757 3372 1826 aquis
3414 1770 3550 1827 pra:—

1957 1848 2176 1915 iocans;
2213 1849 2581 1918 multiplicans
2617 1863 2815 1903 rursus
2867 1849 3176 1904 humanum
3210 1861 3408 1919 genus,
3435 1846 3551 1901 sin-

260 1950 360 2016 νάς
400 1949 643 2021 ίατρείας
676 1950 1021 2022 ποιούμενος,
1058 1949 1242 2015 πόλεις
1273 1950 1552 2013 ἀσεϐείαις
1600 1946 1854 2012 συζώσας

1967 1943 2239 2013 gularibus
2270 1942 2448 2011 pmnis
2497 1941 2783 2012 generales
2813 1939 3058 1999 medelas
3094 1939 3331 2005 faciens,
3360 1938 3550 1993 civita-

259 2043 398 2114 πυρὶ
447 2042 811 2111 καταφλέγων
841 2042 1113 2114 οὐρανίῳ,
1143 2042 1237 2096 τὸν
1271 2043 1368 2096 σὺν
1396 2042 1585 2105 αὐτοῖς
1636 2040 1738 2112 μὲν
1775 2041 1853 2093 oi—

261 2133 468 2189 κοῦντα
488 2174 503 2199 ,
531 2134 632 2204 τῆς
662 2132 711 2187 δ’
750 2132 1005 2197 ἀσεϐείας
1033 2132 1096 2186 οὐ
1134 2129 1518 2197 κοινωνοῦντα,
1551 2130 1653 2201 τῆς
1683 2145 1856 2199 τιμω-

263 2225 389 2299 ρίας
432 2223 756 2295 ὶλευθερῶν,
793 2223 1110 2296 εὐετηρίαις
1139 2222 1484 2295 δωρούμενος
1508 2262 1523 2289 ,
1578 2223 1638 2275 ὲν
1679 2220 1855 2293 καιρῷ

259 2314 420 2369 ὑετὸν
463 2312 865 2386 χαριζόμενος,
918 2312 1100 2377 αῦξων
1143 2313 1403 2385 ἀρρήτως
1444 2312 1513 2367 τά
1557 2310 1709 2382 παρά
1746 2310 1856 2364 τῶν

259 2404 570 2477 ἀνθρώπων
602 2403 1052 2473 καταϐαλλόμενα
1088 2403 1400 2474 σπέρματα,
1433 2402 1666 2473 καρπῶν
1688 2402 1855 2469 ἀφθο-

262 2495 383 2559 νίας
459 2494 647 2567 βρύειν
694 2494 763 2549 τά
819 2494 1010 2566 δένδρα
1061 2492 1327 2560 κελεύων,
1394 2493 1540 2565 λιμῷ
1587 2492 1858 2547 παιδεύων

260 2585 392 2651 τοὺς
436 2585 593 2638 οὐδὲν
640 2586 705 2638 ὲκ
756 2585 857 2654 τῆς
908 2584 1164 2656 εὐθηνίας
1213 2585 1622 2656 ὠφεληθέντας,
1668 2584 1857 2647 νόσους

264 2678 512 2745 ἐπάγων,
544 2676 641 2729 καὶ
682 2675 847 2730 πάλιν
874 2676 1078 2740 ταύτας
1105 2675 1371 2743 ἐλαύνων,
1414 2676 1859 2747 χαλασφενδονῶν

263 2766 365 2830 τὰς
406 2766 507 2836 τῆς
556 2764 700 2837 ζωῆς
747 2766 1042 2837 ἀφορμὰς,
1078 2766 1298 2836 νέφεσιν
1327 2768 1547 2838 ἀκρίδος
1577 2768 1670 2821 τὸν
1709 2770 1858 2840 ἥλιον

263 2852 528 2924 κρύπτων
550 2853 645 2906 καὶ⁵
674 2854 801 2918 τοὺς
825 2855 1074 2925 καρποὺς
1096 2854 1444 2928 διαφθείρων·
1479 2857 1651 2913 νεύων
1679 2854 1856 2922 αὖθις,

264 2944 364 2998 καὶ⁸
414 2945 485 2997 τὰ
530 2944 751 3016 λυπηρά
798 2946 1186 3015 μεταϐάλλων,
1236 2948 1365 3013 τοὺς
1428 2950 1529 3021 τὴν
1576 2951 1861 3006 εὐσέϐειαν

262 3034 667 3103 ἀγαπήσαντας
698 3034 798 3088 οὐκ
828 3035 933 3088 ἑῶν
958 3077 973 3104 ,
1008 3037 1103 3091 καὶ
1127 3037 1338 3103 τούτοις
1383 3041 1728 3111 φαινόμενος,
1766 3044 1862 3096 καὶ

264 3121 499 3191 φιλικῶς
527 3123 932 3196 διαλεγόμενος,
980 3125 1078 3179 καὶ
1106 3126 1193 3179 διὰ
1224 3128 1428 3181 τούτων
1472 3130 1861 3200 προσημαίνων

264 3217 340 3272 τὰ
374 3218 661 3289 μέλλοντα.

268 3328 354 3382 H'.
400 3330 530 3383 Ὀτι
569 3332 1022 3419 φιλανθρωπίας
1067 3332 1231 3402 τέμει
1281 3337 1319 3403 ἡ
1368 3335 1474 3389 τοῦ
1508 3336 1657 3390 Θεοῦ
1688 3337 1863 3392 ἐναν-

900 3405 1232 3471 θρὼπησις.

359 3512 579 3584 Ἐπειδὴ
634 3513 693 3567 δὲ
754 3514 972 3583 ταῦτα,
1049 3516 1145 3570 καὶ
1186 3516 1353 3571 τᾶλλα
1414 3519 1483 3572 τὰ
1540 3520 1711 3589 μυρία
1771 3522 1867 3573 καὶ

268 3605 606 3676 δυσδιήγητα
639 3603 742 3674 τῆς
771 3603 921 3668 θείας
965 3606 1281 3677 οίκονομίας
1341 3607 1454 3679 εἴδη
1511 3608 1726 3677 ὀλίγους
1769 3611 1868 3681 μὲν

271 3697 668 3769 εὐηργέτησεν,
700 3697 751 3749 oi
780 3696 839 3750 δὲ
869 3698 1051 3752 λοιποὶ
1070 3697 1180 3752 τῶν
1213 3698 1521 3770 ἀνθρώπων
1544 3701 1868 3772 ἀνηκέστως

261 3790 557 3853 διέκειντο,
590 3789 713 3843 τότε
739 3788 825 3861 δὴ,
846 3790 970 3844 τότε
1000 3791 1060 3844 τὸ
1093 3791 1238 3862 μέγα
1266 3793 1362 3846 καὶ
1390 3793 1630 3865 ἄρρητον
1654 3795 1867 3863 γίνεται

270 3881 373 3952 τῆς
416 3881 729 3953 οἰκονομίας
776 3883 1111 3955 μυστήριον·
1145 3883 1309 3948 αὐτὸς
1338 3884 1449 3955 γὰρ
1489 3885 1518 3936 ό
1562 3885 1735 3954 Λόγος
1772 3886 1866 3941 τοῦ

281 3968 445 4036 Θεοῦ,
479 3972 510 4024 6
537 3971 870 4044 δημιουργὸς
904 3973 1122 4044 ἀπάσης
1164 3974 1265 4045 τῆς
1298 3975 1549 4039 κτίσεως,
1579 3979 1608 4030 ὁ
1640 3976 1867 4049 ἀχώρη-

272 4081 365 4128 τος
388 4103 404 4127 ,
433 4064 463 4117 6
490 4065 906 4136 ἀπερίγραπτος
931 4108 946 4132 ,
982 4066 1010 4118 6
1058 4064 1421 4128 ἀναλλοίωτος
1446 4108 1460 4132 ,
1490 4069 1523 4138 ἡ
1575 4069 1726 4140 πηγὴ
1769 4069 1869 4139 τῆς

273 4153 460 4224 ζωῆς,
501 4154 565 4208 τὸ
600 4157 664 4208 ὲκ
699 4156 793 4209 τοῦ
832 4156 1010 4224 φωτὸς
1046 4156 1162 4225 φῶς
1191 4197 1205 4221 ,
1254 4158 1285 4227 ή
1333 4156 1485 4220 ζῶσα
1518 4159 1611 4211 τοῦ
1654 4160 1868 4231 [Ia-:96;

273 4246 460 4313 εἰκὼν,
513 4247 575 4301 τὸ
614 4247 957 4318 ἀπαύγασμα
1003 4249 1104 4319 τῆς
1141 4248 1320 4319 δόξης,
1363 4251 1391 4302 ό
1439 4251 1730 4323 χαρακτὴρ
1768 4252 1869 4322 τῆς

275 4339 655 4405 ὑποστάσεως,
701 4340 801 4410 τὴν
847 4341 1196 4412 ἀνθρωπείαν
1243 4341 1406 4410 φύσιν
1462 4343 1862 4415 ἀναλαμϐάνει,

277 4430 376 4484 καὶ
419 4430 521 4501 τὴν
567 4431 777 4485 οἰκείαν
827 4431 1013 4485 εἰκόνα
1067 4434 1307 4486 νεοποιεί
1347 4434 1414 4504 τῇ
1470 4434 1717 4507 ἁμαρτίᾳ
1754 4436 1867 4489 δια-

279 4519 606 4591 φθαρεῖσαν,
641 4522 853 4575 καὶτὸν
886 4521 1180 4593 ἀνδριάντα
1209 4523 1299 4577 τὸν
1331 4524 1435 4578 ὑπὸ
1477 4524 1571 4579 τοῦ
1614 4526 1734 4580 υἱοῦ
1771 4528 1867 4597 τῆς

1960 2046 2041 2091 tes
2068 2034 2367 2091 sceleribus
2396 2035 2605 2090 deditas
2637 2036 2761 2103 igne
2803 2047 3043 2089 exurens
3075 2032 3286 2089 cmlesti
3324 2047 3340 2096 ;
3371 2031 3550 2085 virum

1958 2128 2174 2182 illarum
2196 2126 2412 2198 quidem
2446 2126 2707 2191 incolant,
2744 2128 2840 2182 sed
2866 2126 3145 2183 scelerum
3176 2123 3401 2179 minime
3434 2138 3552 2192 par-

1961 2221 2201 2289 ticipem,
2228 2232 2401 2289 poma:
2429 2219 2671 2288 eripiens
2697 2233 2714 2273 :
2747 2233 2973 2273 annuos
3012 2229 3318 2289 proventus
3363 2230 3553 2285 suppe-

1961 2312 2160 2376 ditans,
2193 2310 2420 2365 imbrem
2451 2320 2757 2380 opportune
2798 2309 3059 2379 largiens,
3099 2322 3309 2380 augens
3345 2321 3555 2362 arcano

1960 2404 2122 2457 modo
2140 2402 2285 2471 iacta
2312 2404 2381 2456 ab
2405 2401 2717 2457 hominibus
2734 2401 2964 2467 semina,
2990 2400 3267 2455 fructuum
3299 2399 3557 2453 ubertate

1962 2495 2185 2549 arbores
2210 2494 2490 2549 luxuriare
2515 2493 2735 2565 jubens,
2789 2493 2933 2549 fame
2971 2491 3267 2561 aliquando
3294 2488 3556 2545 erudiens

1964 2583 2083 2640 illos
2107 2600 2244 2655 quos
2287 2585 2620 2642 abundantia
2656 2601 2760 2641 non
2810 2585 3062 2657 juverat,
3093 2583 3316 2638 morbos
3348 2581 3556 2636 immit-

1964 2687 2103 2744 teus,
2136 2685 2300 2747 atque
2343 2678 2442 2734 hos
2482 2692 2675 2732 rursus
2715 2678 3032 2748 tlepelleus;
3064 2674 3332 2747 grandine
3356 2672 3558 2729 verbe-

1966 2782 2092 2822 rans
2138 2767 2254 2822 t'ita:
2298 2768 2578 2834 subsidia;
2630 2767 2961 2821 locustarum
3006 2764 3211 2821 nimbis
3245 2762 3417 2818 solem
3459 2760 3559 2818 ob-

1963 2873 2211 2923 scuraus,
2251 2858 2540 2929 frugesque
2576 2873 2967 2930 corrumpens;
3009 2858 3199 2912 favens
3234 2856 3460 2919 iterum,
3503 2862 3558 2908 et

1965 2950 2243 3003 molestias
2272 2960 2547 3016 avertens,
2604 2949 2890 3019 religiosos
2935 2950 3187 3006 homines
3242 2963 3350 3004 non
3408 2948 3560 3004 dese-

1966 3054 2112 3105 rens,
2148 3040 2232 3095 liis
2267 3040 2433 3095 etiam
2484 3055 2778 3110 apparens,
2816 3043 2993 3098 amice
3038 3040 3385 3112 colloquens,
3434 3053 3559 3108 per-

1966 3147 2072 3199 que
2110 3132 2208 3187 Itos
2240 3130 2422 3186 futura
2449 3135 2804 3202 portendens.

1972 3324 2098 3379 Vlll.
2140 3323 2297 3389 Quod
2331 3344 2591 3382 summam
2645 3329 2973 3386 demonstrat
3024 3331 3356 3385 clementiam
3390 3334 3565 3389 incar-

2612 3402 2759 3453 natio
2804 3400 2921 3453 Dei.

2040 3511 2334 3583 Postquam
2368 3528 2497 3568 vero
2538 3522 2652 3567 tum
2682 3514 2797 3570 lucc
2829 3524 2941 3569 tum
2974 3513 3080 3569 alia
3112 3514 3400 3573 innumera
3435 3519 3557 3573 vix-

1967 3618 2073 3673 que
2125 3602 2360 3660 eﬂabilia
2417 3604 2613 3659 divinae
2658 3606 3019 3674 providentia
3055 3606 3298 3677 810m.
3334 3623 3558 3678 genera,

1970 3695 2156 3764 paucis
2204 3695 2402 3765 oppido
2444 3694 2792 3764 profuerunt,
2840 3696 3039 3766 reliqui
3079 3706 3265 3754 autem
3305 3699 3563 3758 homines

1970 3786 2298 3841 insanabiles
2326 3787 2743 3855 permanebant,
2778 3797 2907 3843 tunc
2930 3789 3151 3844 demum
3189 3805 3447 3861 magnum
3484 3803 3564 3846 at-

1968 3892 2075 3947 que
2124 3876 2397 3933 ineffabile
2448 3889 2729 3947 peractum
2767 3878 2871 3934 fuit
2902 3880 3306 3936 incarnationis
3359 3891 3565 3953 myste-

1970 3972 2133 4025 rium.
2178 3970 2354 4039 lpsutn
2388 3970 2531 4025 enim
2575 3970 2669 4026 Dei
2709 3972 2970 4038 Verbum,
3002 3973 3080 4029 rei
3107 3974 3377 4029 universa:
3405 3988 3563 4029 crea-

1972 4072 2039 4117 tae
2074 4071 2291 4127 auctor,
2336 4062 2640 4118 immensus
2685 4061 2811 4129 ille,
2858 4065 3372 4136 incircumscriptus
3399 4106 3414 4131 ,
3461 4067 3564 4121 im-

1969 4153 2268 4220 mutabilis,
2302 4154 2428 4209 vila:
2469 4153 2612 4221 fons,
2648 4155 2830 4211 lumen
2870 4157 2938 4212 de
2973 4158 3197 4223 lumine,
3232 4157 3355 4212 viva
3388 4156 3567 4213 Patris

1971 4247 2172 4317 imago,
2205 4246 2462 4317 splendor
2495 4248 2703 4318 glorias,
2737 4247 2910 4318 figura
2937 4250 3257 4306 substantiae
3289 4251 3335 4316 ',
3371 4250 3566 4306 huma-

1972 4353 2098 4392 nam
2154 4350 2408 4393 naturam
2465 4340 2780 4411 assumpsit,
2831 4342 3222 4412 propriamque
3274 4342 3566 4412 imaginem

1972 4440 2200 4501 peccato
2233 4441 2544 4501 corruptam
2580 4432 2926 4498 instauravit,
2960 4441 3197 4488 statuam
3228 4448 3257 4489 a
3309 4433 3422 4489 filio
3461 4434 3569 4489 itii-

1975 4526 2208 4594 quitatis
2240 4524 2582 4593 antiquatam
2630 4526 2933 4590 renovavit,
2988 4536 3043 4581 et
3082 4525 3267 4596 priore
3306 4527 3569 4595 pulchrio-

279 4612 546 4683 πονηρίας
576 4613 959 4667 παλαιωθέντα
989 4616 1225 4683 ἀνανεοῖ,
1257 4618 1351 4669 καὶ
1381 4616 1474 4671 τοῦ
1514 4617 1733 4690 πρώτου
1766 4638 1861 4692 χα-

1974 4631 2087 4671 rem
2121 4618 2380 4683 ostendit,
2419 4618 2561 4671 haud
2588 4616 2703 4687 jam
2745 4633 2813 4671 ex
2845 4626 3015 4685 terra,
3039 4627 3099 4671 ut
3121 4617 3276 4685 olim,
3308 4633 3428 4672 eam
3456 4618 3567 4674 for-

282 4702 561 4775 ριέστερον
605 4705 898 4770 δείκνυσιν,
936 4706 1035 4761 οὐκ
1068 4707 1174 4761 ἀπὸ
1220 4707 1325 4777 γῆς
1365 4708 1440 4773 ὡς
1474 4710 1643 4764 πάλαι
1680 4711 1872 4767 τοῦτον

278 4794 734 4867 δημιουργήσας,
785 4796 902 4853 ἀλλ’
952 4799 1117 4863 αὐτὸς
1160 4801 1635 4873 καταδεξάμενος·
1672 4806 1733 4857 οὐ
1773 4806 1873 4878 τὴν

282 4886 434 4941 θείαν
458 4888 621 4958 φύσιν
644 4891 725 4954 είς
750 4891 1102 4962 ἀνθρωπείαν
1128 4892 1473 4962 μεταϐαλὼν,
1496 4895 1634 4951 ἀλλὰ
1657 4898 1723 4967 τῇ
1753 4896 1873 4970 θείᾳ

280 4976 383 5048 τὴν
414 4977 763 5049 ἀνθρωπείαν
794 4980 1036 5050 συνάψας
1059 4999 1071 5012 ·
1110 4981 1287 5051 μένων
1334 4983 1444 5053 γάρ
1476 4984 1506 5037 ὃ
1555 4980 1645 5057 ἦν,
1681 4986 1873 5040 ἔλαϐεν

281 5066 313 5121 ὃ
359 5070 463 5123 οὐκ
509 5065 613 5142 ἦν’
676 5071 775 5125 καὶ⁸
820 5073 979 5127 τοῦτο
1026 5074 1174 5145 ἡμᾶς
1231 5074 1472 5129 διδάσκει
1520 5077 1550 5129 6
1602 5081 1875 5151 μακάριος

285 5159 498 5225 Παῦλος
530 5161 669 5231 βοῶν
692 5180 705 5193 ⁸
745 5182 763 5217 ι
798 5164 972 5219 Τοῦτο
1012 5166 1318 5238 φρονείσθω
1351 5170 1408 5222 ἐν
1448 5169 1598 5238 ὑμῖν,
1627 5170 1655 5223 ὃ
1684 5174 1777 5225 καὶ
1818 5176 1875 5226 ἐν

285 5253 511 5327 Χριστῷ
550 5256 728 5327 Ἰησοῦ
754 5297 770 5322 ,
809 5257 870 5322 ὃς
913 5259 973 5312 ὲν
1032 5262 1214 5331 μορφῇ
1258 5260 1395 5315 Θεοῦ
1444 5262 1743 5335 ὑπάρχων,
1778 5267 1877 5336 οὐχ

290 5345 589 5417 ἁρπαγμὸν
624 5348 874 5419 ἡγήσατο
921 5351 983 5402 τὸ
1016 5346 1157 5405 εἶναι
1209 5352 1300 5405 ica.
1328 5352 1470 5425 Θεῷ,
1519 5355 1636 5409 ἀλλ’
1685 5358 1877 5411 ἑαυτὸν

286 5438 522 5493 ὲκένωσε
550 5480 565 5502 ,
600 5440 815 5511 μορφὴν
855 5441 1047 5495 δούλου
1081 5442 1281 5498 λαϐών.
1321 5464 1339 5497 ι
1392 5447 1481 5512 Ἐξ
1518 5444 1595 5501 ὧν
1626 5448 1870 5521 εὔδηλον,

287 5528 364 5592 ὡς
396 5530 430 5600 ἡ
463 5529 556 5583 τοῦ
600 5530 737 5585 Θεοῦ
782 5533 1007 5605 μορφὴ,
1046 5534 1284 5604 μένουσα
1328 5538 1356 5590 ὃ
1400 5533 1489 5610 ἦν,
1546 5540 1707 5595 ἔλαϐε
1775 5542 1874 5613 τὴν

287 5620 477 5675 δούλου
511 5624 755 5697 μορφήν·
795 5627 1011 5697 μορφὴν
1056 5628 1113 5682 δὲ
1148 5630 1306 5683 καλεῖ
1354 5633 1415 5685 ού
1451 5633 1510 5687 τὸ
1552 5636 1877 5705 φαινόμενον

294 5710 451 5781 μόνον
504 5713 599 5766 τοῦ
652 5714 964 5786 ἀνθρώπου,
1015 5719 1150 5772 ἀλλὰ
1210 5723 1389 5776 πᾶσαν
1433 5726 1531 5792 τὴν
1590 5724 1877 5797 ἀνθρώπου

374 5894 393 5925 ¹
419 5892 583 5949 Hebr.
620 5911 659 5957 ι.
687 5896 738 5951 5.
819 5897 838 5929 ³
879 5896 1110 5969 Philipp.
1148 5914 1209 5967 tt,
1245 5900 1365 5957 5-7.

1975 4724 2153 4775 matis,
2186 4711 2278 4764 sed
2327 4711 2553 4779 ipsemet
2584 4712 2638 4763 in
2674 4723 2734 4765 se
2778 4709 3093 4780 recipiens:
3132 4711 3280 4764 haud
3320 4725 3451 4765 sane
3489 4712 3570 4765 di-

1974 4802 2155 4857 vinam
2189 4814 2439 4856 naturam
2476 4802 2529 4857 in
2565 4802 2863 4857 humanam
2893 4810 3243 4867 convertens,
3290 4803 3385 4857 sed
3428 4802 3569 4858 divi-

1974 4910 2056 4951 nat
2082 4897 2376 4951 humanam
2413 4896 2696 4965 copulans.
2728 4896 2955 4951 Maneus
2983 4896 3129 4950 enim
3166 4897 3310 4964 quod
3343 4905 3484 4962 erat,
3519 4896 3569 4950 id

1975 4991 2118 5059 quod
2145 5004 2252 5045 non
2286 4999 2407 5045 erat
2446 4991 2703 5061 suscepit.
2739 4988 2915 5056 Quam
2957 5003 3070 5043 rem
3115 5004 3214 5044 nos
3247 4990 3408 5044 docet
3452 4988 3571 5046 bea-

1979 5090 2065 5132 tus
2098 5075 2297 5133 Paulus
2324 5079 2604 5133 clamans:
2647 5097 2665 5130 t
2698 5078 2811 5134 Hoc
2840 5079 3038 5134 sentite
3066 5078 3119 5133 in
3154 5079 3311 5135 vobis
3340 5078 3489 5150 quod
3517 5089 3574 5135 et

1978 5169 2029 5223 in
2078 5167 2304 5224 Christo
2332 5167 2483 5235 Jesu,
2516 5170 2607 5239 qui
2643 5185 2766 5224 cum
2805 5170 2858 5224 in
2890 5167 3067 5224 forma
3104 5168 3199 5225 Dei
3249 5177 3417 5234 esset,
3462 5183 3569 5225 non

1982 5260 2228 5329 rapinam
2259 5263 2558 5319 arbitratus
2582 5272 2666 5318 est
2695 5277 2818 5318 esse
2864 5276 2924 5317 se
2987 5262 3255 5332 aequalem
3302 5261 3437 5329 Deo,
3469 5263 3564 5318 sed

1978 5354 2331 5423 semetipsum
2377 5354 2699 5418 exinanivit,
2729 5353 2962 5409 formam
2983 5355 3126 5409 servi
3155 5354 3433 5424 accipiens
3460 5353 3500 5407 ³.
3547 5374 3567 5406 ι

1984 5443 2139 5500 Unde
2170 5456 2340 5515 patet,
2361 5446 2453 5503 Dei
2487 5445 2717 5502 formam
2740 5447 2793 5501 in
2825 5460 2891 5502 eo
2913 5449 3056 5517 quod
3089 5456 3209 5501 erat
3238 5453 3569 5507 manentem,

1985 5539 2131 5593 servi
2179 5536 2412 5594 formam
2457 5541 2781 5610 sumpsisse.
2817 5538 3073 5596 Formam
3106 5548 3286 5593 autem
3331 5534 3567 5607 appellat

1986 5646 2092 5685 non
2120 5630 2170 5685 id
2198 5630 2575 5687 tantummodo
2593 5629 2828 5687 hominis
2850 5630 2993 5699 quod
3017 5639 3264 5701 apparet,
3283 5630 3378 5685 sed
3397 5639 3563 5685 tot-ani

1987 5738 2212 5791 prorsus
2246 5724 2482 5781 hominis
2531 5734 2803 5781 naturam.
2855 5723 2990 5779 Nam
3032 5724 3191 5780 sicuti
3242 5723 3334 5779 Dei
3375 5722 3573 5787 forma,
