3996 6464
241 444 273 498 ε
294 442 399 498 129

1422 438 1509 493 DE
1546 432 2063 493 INCARNATIONE
2101 429 2359 488 DOMINI.

3409 422 3547 480 “50

238 554 537 624 γενέσθαι,
561 555 652 607 καὶ
683 556 924 625 σχήματι
957 554 1245 628 εὑρεθῆναι
1285 555 1358 617 ὡς
1396 552 1703 625 ἀνθρωπον,
1735 551 1836 622 τῆς

1946 559 2000 603 ut
2056 548 2354 611 hominem,
2416 557 2582 613 prava
2647 541 2795 595 omni
2880 539 3163 594 hominum
3227 537 3549 613 operatione

239 646 497 715 πονηρᾶς
542 645 824 715 ὲνεργείας
884 647 990 700 τῶν
1038 644 1342 716 ἀνθρώπων
1392 642 1834 714 ἀπηλλαγμένον.

148 766 151 771 -
239 735 341 789 Διδ
377 738 469 788 καὶ
517 737 741 808 ἑτέρωθι
772 738 957 807 ἔλεγε·
1006 756 1024 790 ι
1075 737 1147 789 Τὸ
1187 737 1294 808 γὰρ
1326 736 1589 789 ἀδύνατον
1621 734 1713 787 τοῦ
1747 733 1837 785 νό-

244 846 358 899 μου
385 831 443 881 ὲν
468 823 513 897 ᾧ
545 829 762 899 ἠσθένει
790 830 879 885 διά
908 830 1005 900 τῆς
1037 828 1259 899 σαρκὸς,
1295 832 1321 881 6
1351 828 1484 891 Θεὸς
1508 826 1597 881 τὸν
1640 824 1836 880 ἑαυτοῦ

240 920 383 973 Υῑὸν
415 920 659 992 πέμψας,
703 924 764 976 έν
811 919 1116 991 ὁμοιώματι
1171 918 1373 990 σαρκὸς
1412 916 1711 989 ἁμαρτίας,
1743 916 1838 970 καὶ

240 1013 382 1084 περὶ
414 1014 710 1083 ἁμαρτίας,
760 1011 1047 1082 κατέκρινε
1091 1009 1191 1080 τὴν
1229 1008 1502 1080 ἁμαρτίαν
1543 1010 1600 1061 ἐν
1648 1008 1839 1077 σαρκὶ,

241 1101 339 1154 ἴνα
362 1101 423 1153 τὸ
453 1102 729 1172 δικαίωμα
758 1099 853 1154 τοῦ
882 1102 1046 1171 νόμου
1071 1097 1332 1170 πληρωθῇ
1361 1098 1418 1151 έν
1446 1098 1577 1167 ἡμῖν
1610 1098 1724 1159 τοῖς
1758 1095 1833 1166 μὴ

240 1191 397 1246 κατά
439 1194 615 1263 σάρκα
645 1192 1059 1263 περιπατοῦσιν,
1090 1190 1227 1245 ἀλλά
1260 1189 1402 1243 κατὰ
1432 1187 1650 1260 πνεῦμα
1674 1189 1773 1260 (1).
1808 1208 1823 1240 ι

332 1285 526 1355 ὐρᾶτε
570 1285 688 1347 πῶς
733 1284 822 1337 διά
858 1282 1063 1337 τούτων
1109 1282 1333 1335 ἐκείνων
1382 1282 1498 1335 λύει
1548 1281 1649 1352 τὴν
1695 1282 1834 1337 ἀσά-

237 1391 428 1442 φειαν.
469 1396 485 1428 ι
536 1376 597 1429 Ὀ
628 1375 782 1440 Θεὸς,
813 1375 965 1446 φησὶ,
996 1375 1087 1427 τὸν
1121 1373 1315 1429 ἑαυτοῦ
1358 1374 1485 1428 Υίὸν
1524 1373 1751 1442 πέμψας
1778 1375 1835 1425 έν

234 1466 551 1535 ὁμοιώματι
587 1466 789 1537 σαρκὸς
819 1465 1113 1537 ἁμαρτίαςο
1146 1484 1163 1517 ι
1202 1466 1301 1536 οὐχ
1350 1464 1537 1528 ἁπλῶς
1572 1460 1746 1529 εἶπεν,
1778 1465 1836 1516 ὲν

233 1555 554 1626 ὁμοιώματι
605 1556 831 1627 σαρκὸς,
879 1554 1109 1610 διαλύων
1142 1554 1251 1609 τῶν
1282 1554 1496 1608 ἀσεϐῶν
1548 1555 1835 1624 δογμάτων

232 1647 343 1717 τὴν
391 1646 775 1719 βλασφημίαν·
813 1646 1175 1719 προγινώσκει
1208 1646 1315 1717 γὰρ
1354 1646 1573 1700 ἃπαντα
1612 1650 1644 1718 ἡ
1675 1646 1835 1717 χάρις

231 1739 336 1794 τοῦ
347 1740 690 1812 Πνεύματος’
704 1741 843 1808 ἀλλ’,
856 1759 873 1792 ι
885 1742 940 1793 ὲν
957 1740 1266 1812 ὁμοιώματι
1282 1739 1482 1811 σαρκὸς
1498 1740 1703 1811 ἀμαρτί
1712 1757 1793 1805 ας,
1809 1758 1827 1790 ι

235 1831 329 1885 ἵνα
361 1830 626 1902 μάθωμεν
658 1832 734 1896 ὠς
754 1831 815 1885 τὸ
854 1833 1188 1902 ιὸμοίωμαμ
1222 1831 1309 1885 διὰ
1332 1830 1392 1884 τὸ
1426 1832 1609 1901 πάσης
1645 1832 1834 1901 ἀμαρ-

1941 640 2192 708 aliepum.
2220 638 2517 707 Propterea
2541 634 2669 689 alibi
2692 648 2910 702 quoque
2929 632 3107 686 aiebat
3134 649 3147 685 :
3182 650 3198 681 ι
3232 627 3367 683 Nam
3400 632 3545 697 quod

1940 729 2271 799 impossibile
2288 736 2408 783 erat
2429 726 2554 796 legi,
2578 726 2629 778 in
2648 739 2756 793 quo
2776 739 2872 793 per
2895 737 3117 777 carnem
3138 719 3543 781 inﬁrmabatur,

1941 820 2081 876 Deus
2109 820 2304 875 Filium
2330 834 2487 874 suum
2518 817 2742 871 mittens
2793 815 2847 868 in
2904 810 3322 868 similitudinem
3363 813 3549 865 carnis

1940 912 2173 983 peccati,
2221 922 2274 965 et
2302 925 2399 980 pro
2436 918 2679 977 peccato,
2712 905 2995 961 damnavit
3049 905 3103 959 in
3148 917 3313 957 carne
3355 915 3547 972 pecca-

1943 1014 2051 1058 tum
2087 1001 2534 1069 ;utjustilicatio
2567 999 2699 1069 legis
2748 997 3068 1067 impleretur
3122 997 3183 1050 in
3230 993 3411 1059 nobis,
3450 992 3545 1062 qui

1940 1112 2048 1153 non
2090 1094 2389 1150 secundum
2425 1108 2647 1149 carnem
2697 1090 3063 1156 ambulamus,
3119 1088 3211 1144 sed
3243 1086 3544 1144 secundum

1939 1187 2186 1257 spiritum
2214 1188 2256 1242 ⁷.
2293 1205 2311 1238 ι
2382 1214 2389 1221 -

2011 1279 2447 1340 Animadvertite
2484 1262 2771 1348 quomodo
2802 1290 2897 1345 per
2938 1275 3055 1328 haec
3108 1273 3327 1329 illorum
3383 1270 3554 1326 solvit-

1938 1370 2348 1427 obscuritatem.
2390 1388 2408 1421 ι
2449 1370 2613 1435 Deus,
2649 1368 2847 1436 inquit,
2898 1364 3093 1419 Filium
3129 1379 3286 1419 suum
3320 1362 3548 1417 mittens

1941 1464 1995 1518 in
2022 1462 2435 1518 similitudinem
2467 1461 2652 1516 carnis
2697 1458 2902 1528 peccati
2942 1474 2955 1510 :
3003 1477 3021 1510 ι
3062 1471 3168 1510 non
3223 1455 3548 1523 simpliciter

1939 1553 2094 1618 dixit,
2132 1553 2184 1607 in
2210 1549 2622 1607 similitudinem
2648 1549 2854 1611 carnis,
2892 1560 3085 1615 nempe
3138 1554 3196 1599 ut
3250 1545 3543 1613 impiorum

1938 1643 2251 1714 dogmatum
2306 1640 2707 1712 blasphemiam
2745 1639 3076 1707 dissiparet;
3110 1635 3312 1691 etenim
3359 1636 3545 1687 omnia

1939 1733 2197 1803 ptazvidet
2224 1733 2398 1803 gratia
2427 1731 2697 1801 Spiritus;
2722 1729 2839 1795 sed,
2863 1747 2881 1780 ι
2906 1730 2959 1783 in
2985 1726 3401 1782 similitudinem
3424 1740 3553 1778 car-

1939 1826 2025 1880 nis
2049 1826 2282 1895 peccati,
2325 1843 2347 1876 ›
2405 1832 2465 1876 ιιι
2516 1821 2902 1890 intelligamus,
2930 1817 3253 1874 vocabulum
3306 1836 3323 1869 ι
3357 1815 3547 1876 simill-

235 1922 362 1985 τίας
410 1921 761 1993 ἀπηλλάχθαι
793 1923 885 1976 τὸν
931 1922 1200 1993 ἡμέτερον
1244 1923 1497 1993 Σωτῆρα,
1551 1922 1826 1978 τέθεικεν·

1946 1916 2066 1970 tudo
2114 1934 2134 1967 ι
2169 1915 2236 1969 ab
2260 1928 2326 1969 eo
2344 1914 2603 1984 positum,
2635 1911 2762 1979 quia
2806 1920 3033 1981 peccato
3085 1910 3234 1965 omni
3286 1909 3549 1971 servator

235 2012 531 2085 ἄνθρωπος
580 2014 689 2083 γὰρ
736 2016 1026 2084 γενόμενος
1072 2014 1169 2085 τὴν
1220 2014 1379 2084 φύσιν
1414 2016 1512 2085 (2),
1546 2014 1689 2068 κατά
1735 2016 1835 2085 τὴν

234 2104 522 2176 ἁμαρτίαν
559 2106 784 2174 γέγονεν
818 2106 1104 2177 ἄνθρωπος
1125 2121 1139 2135 ·
1172 2107 1254 2160 διὸ
1278 2110 1334 2160 ὲν
1359 2107 1667 2179 ὁμοιώματι
1704 2125 1835 2179 σαρ-

237 2197 335 2262 κὸς
366 2199 646 2268 ἁμαρτίας
678 2199 970 2271 κατέκρινε
1002 2200 1102 2269 τὴν
1129 2200 1406 2272 ἁμαρτίαν
1440 2202 1499 2253 έν
1525 2204 1592 2272 τῇ
1630 2201 1830 2271 σαρκί·

235 2290 588 2361 ἀνθρωπείαν
624 2293 722 2361 μὲν
762 2292 923 2361 φύσιν
972 2292 1281 2359 ἀναλαϐὼν,
1316 2293 1416 2363 τῆς
1445 2292 1503 2345 δὲ
1538 2293 1836 2365 τυραννού-

238 2394 341 2454 σης
372 2386 429 2436 έν
459 2386 572 2447 τοῖς
602 2383 911 2454 ἀνθρώποις
945 2385 1221 2455 ἁμαρτίας
1246 2384 1337 2437 τὸν
1378 2384 1541 2453 ζυγὸν
1574 2385 1650 2455 μὴ
1677 2384 1833 2451 δεξά-

240 2491 425 2544 μενος,
474 2475 613 2529 ἀλλά
654 2478 837 2529 πᾶσαν
886 2475 1088 2547 ταύτης
1133 2476 1448 2548 ἀπορρίψας
1499 2477 1597 2548 τὴν
1643 2477 1837 2531 δεσπο-

234 2564 409 2631 τείαν,
460 2564 555 2617 καὶ
584 2563 785 2629 δείξας,
822 2564 897 2628 ὡς
934 2564 1160 2617 δυνατὸν
1205 2566 1263 2618 ὲν
1307 2564 1628 2637 ἀνθρωπεία
1674 2566 1834 2635 φύσει

237 2654 346 2709 τῶν
373 2656 477 2726 τῆς
520 2657 795 2727 ἁμαρτίας
829 2656 1215 2727 περιγενέσθαι
1250 2657 1421 2728 βελῶν
1443 2674 1455 2687 '
1490 2657 1664 2723 οὕτως
1697 2677 1834 2715 κατ-

236 2746 427 2819 έκρινε
460 2748 561 2819 τὴν
602 2748 883 2819 ἁμαρτίαν
926 2749 985 2800 ὲν
1010 2752 1076 2822 τῇ
1111 2748 1297 2820 σαρκὶ,
1328 2749 1388 2802 τὸ
1410 2749 1635 2814 ἀσθενὲς
1662 2750 1834 2821 αὐτῆς

238 2838 493 2909 ἐλέγξας,
529 2841 625 2894 καὶ
658 2842 758 2910 τὴν
788 2842 1077 2913 τυραννίδα
1114 2842 1349 2907 παύσας,
1378 2842 1473 2896 καὶ
1502 2845 1659 2915 νικᾷν
1691 2843 1836 2897 οὕτω

235 2933 365 2995 τοὺς
394 2931 719 3003 ἀνθρώπους
748 2932 1002 2999 διδάξας·
1046 2933 1126 2986 διὸ
1175 2935 1456 3006 ἐπήγαγεν
1495 2936 1523 2988 ὁ
1562 2935 1832 3007 μακάριος

239 3024 477 3089 Παῦλος,
500 3026 617 3078 Ἵνα
641 3025 701 3078 τὸ
724 3024 999 3096 δικαίωμα
1015 3026 1109 3079 τοῦ
1134 3026 1303 3097 νόμου
1333 3027 1597 3099 πληρωθῇ
1622 3029 1679 3083 ὲν
1701 3030 1836 3099 ἡμῖν

237 3118 353 3181 τοῖς
387 3116 464 3188 μὴ
510 3116 654 3172 κατά
700 3118 879 3191 σάρκα
908 3117 1003 3172 τοῦ
1038 3118 1206 3189 νόμου
1249 3120 1668 3189 περιπατοῦσιν,
1698 3118 1837 3174 ἀλλά

240 3207 385 3262 κατά
417 3207 656 3280 πνεῦμα.
705 3208 915 3264 Οὐκοῦν
964 3208 1385 3281 ὲδικαιώθημεν,
1420 3212 1517 3281 τῆς
1562 3212 1836 3281 ἁμαρτίας

240 3304 300 3356 ἰν
330 3302 498 3373 σαρκὶ
532 3302 992 3374 κατακριθείσης·
1030 3302 1323 3373 κατέκρινε
1353 3303 1409 3356 δὲ
1439 3304 1497 3357 ὲν
1545 3304 1711 3375 σαρκὶ
1736 3306 1837 3376 τὴν

241 3392 541 3462 ἁμαρτίαν,
578 3393 635 3444 ἐν
663 3391 972 3462 ὁμοιώματι
1003 3393 1208 3463 σαρκὸς
1239 3394 1515 3465 ἁμαρτίας
1546 3396 1838 3465 γενόμενος

240 3486 271 3538 ὁ
315 3484 508 3556 Σωτὴρ
555 3485 585 3537 ὁ
627 3484 927 3555 ἡμέτεροςο
970 3485 1070 3557 τὴν
1120 3488 1219 3557 μὲν
1268 3487 1621 3557 ἀνθρωπείαν
1675 3490 1838 3559 φύσιν

242 3576 550 3642 ἀναλαϐὼν,
579 3576 680 3649 τὴν
717 3575 775 3647 δὲ
806 3579 975 3632 πάλαι
1002 3580 1209 3652 ταύτης
1237 3581 1606 3646 δεσπόζουσαν
1640 3582 1715 3655 μὴ
1740 3600 1840 3636 κα-

240 3659 607 3739 ταδεξάμενος
656 3670 952 3741 ἁμαρτίαν.
1000 3672 1187 3737 Οὕτως
1220 3675 1248 3725 6
1290 3674 1576 3738 θεσπέσιος
1626 3675 1839 3741 Παῦλος

244 3760 303 3812 ἐν
350 3758 553 3827 ὀλίγοις
603 3761 845 3831 ῥήμασιν
879 3762 1027 3817 ἅπαν
1075 3764 1185 3817 τῶν
1217 3766 1509 3837 αἱρετικῶν
1542 3766 1603 3820 τὸ
1650 3768 1838 3837 στίφος

242 3852 520 3917 διέλυσεν,
583 3854 793 3926 Ἀρείου
861 3855 961 3925 μὲν
1015 3856 1112 3910 καὶ
1163 3858 1431 3929 Εὐνομίου
1483 3859 1584 3931 τὴν
1642 3862 1838 3932 μανίαν

245 3942 491 4012 iuraac.
539 3945 596 3997 ὲν
630 3947 695 4015 τῇ
746 3945 856 3999 τῶν
892 3949 1309 4019 προειρημένων
1356 3950 1620 4021 ῥημάτων
1653 3954 1835 4025 ἀρχῇ·

251 4054 269 4087 ι
313 4033 481 4088 Τοῦτο
527 4036 638 4104 γὰρ
684 4037 988 4124 φρονείσθω
1037 4041 1096 4091 ὲν
1144 4041 1293 4111 ὑμῖν,
1330 4041 1358 4094 ὃ
1403 4044 1496 4095 καὶ
1529 4044 1587 4097 έν
1616 4043 1839 4117 Χριστῷ

259 4126 456 4197 Ἰησοῦ,
495 4126 551 4189 ὃς
605 4130 661 4181 ὲν
695 4131 878 4201 μορφῇ
918 4128 1054 4183 Θεοῦ
1081 4131 1364 4204 ὑπάρχων,
1409 4136 1507 4205 οὐχ
1538 4137 1835 4207 ἁρπαγμὸν

248 4221 494 4291 ἡγήσατο
520 4220 579 4271 τὸ
596 4215 736 4274 εἶναι
768 4223 859 4277 ίσα
884 4222 1026 4294 Θεῷ,
1054 4225 1169 4277 ἀλλ’
1202 4226 1395 4281 ἑαυτὸν
1424 4228 1685 4295 ἐκένωσε,
1708 4248 1840 4302 μορ-

248 4310 353 4379 φὴν
382 4308 571 4363 δούλου
612 4310 813 4369 λαϐών.
866 4332 887 4367 ι
933 4316 1007 4368 Οὐ
1029 4314 1141 4386 γὰρ
1186 4312 1359 4384 εἶπεν,
1395 4320 1453 4371 έν
1487 4325 1669 4393 μορφῇ
1702 4322 1837 4376 Θεοῦ

248 4403 559 4473 γενόμενος,
592 4404 731 4469 ἀλλ’,
768 4422 786 4457 ι
830 4407 889 4459 ὲν
924 4412 1106 4481 μορφῇ
1138 4410 1276 4464 Θεοῦ
1325 4413 1609 4483 ὑπάρχων.
1651 4436 1667 4466 ι
1706 4418 1840 4471 Οὐδὲ

250 4496 399 4550 εἶπεν
429 4498 539 4568 Οὐχ
578 4499 874 4570 ἁρπαγμὸν
900 4502 1151 4574 ,ἡγήσατο
1194 4504 1254 4557 τὸ
1293 4502 1432 4559 εἶναι
1489 4508 1580 4561 ῑσα
1625 4510 1834 4581 ἑαυτῷ,

1938 2018 2125 2064 noster
2159 2008 2357 2062 caruit.
2381 2005 2557 2060 Homo
2586 2007 2730 2060 enim
2754 2014 2951 2059 natura
2994 2003 3191 2070 factus,
3247 2002 3547 2056 secundani

1937 2107 2224 2171 peccatum
2271 2097 2451 2153 factus
2510 2106 2594 2152 est
2648 2096 2837 2153 homo.
2893 2093 3019 2149 Ideo
3070 2095 3124 2149 in
3184 2093 3549 2148 similitudine

1940 2191 2123 2247 carnis
2148 2190 2356 2260 peccati
2381 2188 2658 2245 damnavit
2693 2188 2749 2241 in
2783 2200 2948 2242 carne
2976 2196 3260 2256 peccatum
3300 2205 3313 2239 :
3357 2186 3549 2239 Imma-

1938 2302 2064 2341 nam
2116 2285 2335 2357 quidem
2390 2293 2641 2338 naturam
2694 2296 3005 2347 assumens,
3044 2291 3287 2335 attamen
3331 2280 3547 2351 tyranni

1940 2378 2222 2433 hominum
2276 2376 2491 2447 peccati
2530 2374 2721 2445 iugum
2777 2389 2884 2428 non
2926 2372 3174 2435 subiens,
3235 2371 3334 2425 sed
3390 2369 3551 2437 hujus

1938 2485 2153 2526 omnem
2179 2469 2514 2524 dominatum
2553 2480 2836 2538 respuens,
2879 2464 3384 2533 demonstransqne
3428 2461 3545 2517 ﬁeri

1938 2580 2098 2635 posse
2136 2574 2195 2617 ut
2236 2562 2292 2616 in
2345 2562 2585 2615 humana
2623 2568 2817 2614 natura
2877 2558 3088 2627 peccati
3144 2558 3249 2611 tela
3289 2558 3543 2611 vitemus.

1941 2657 2033 2712 Sic
2065 2653 2348 2709 damnavit
2377 2653 2429 2707 in
2467 2668 2637 2709 carne
2661 2660 2969 2718 peccatum,
3026 2650 3366 2705 debilitatem
3399 2646 3545 2717 eius-

1941 2748 2061 2803 dem
2082 2761 2405 2817 coargnens,
2438 2745 2786 2817 tyrannidem
2830 2742 3115 2807 cohibens,
3155 2750 3321 2811 atque
3371 2742 3443 2795 ita
3480 2740 3546 2794 ad

1941 2839 2226 2894 victoriam
2272 2838 2523 2893 homines
2574 2836 2854 2891 erudiens.
2909 2834 3035 2890 Ideo
3094 2834 3307 2890 addidit
3354 2834 3545 2887 beatus

1941 2930 2177 2987 Paulus:
2211 2930 2776 3001 Utjustilicatiolegis
2798 2928 3121 2997 impleretur
3159 2928 3210 2981 in
3240 2927 3417 2990 nobis,
3450 2927 3542 2995 qui

1940 3040 2049 3081 non
2088 3025 2388 3079 secundum
2430 3017 2651 3079 carnein
2704 3023 3074 3086 ambulamus,
3097 3021 3193 3076 sed
3242 3018 3545 3075 secundum

1942 3116 2216 3185 spiritum.
2270 3114 2414 3183 Ergo
2456 3114 2659 3168 fuimus
2701 3112 3010 3182 iustiﬁcati,
3043 3120 3269 3182 peccato
3296 3111 3348 3165 in
3378 3125 3548 3165 carne

1943 3209 2218 3263 damnato.
2253 3206 2546 3262 Damnavit
2593 3215 2774 3260 autem
2821 3206 2874 3259 in
2903 3218 3069 3259 carne
3092 3214 3400 3273 peccatum,
3423 3218 3546 3256 cum

1942 3300 1995 3355 in
2040 3299 2452 3355 similitudinem
2496 3299 2680 3353 carnis
2752 3297 2965 3368 peccati
3028 3295 3291 3351 Servator
3362 3304 3549 3348 noster

1942 3392 2118 3446 factus
2151 3401 2278 3458 est;
2314 3391 2608 3445 humanam
2653 3391 2870 3460 quidem
2932 3397 3186 3443 naturam
3229 3401 3545 3452 assumens,

1942 3486 2166 3541 minime
2210 3495 2389 3540 tamen
2442 3485 2732 3539 dominans
2758 3484 2807 3539 ei
2871 3491 3155 3553 peccatum
3223 3481 3542 3537 admittens.

1944 3574 2035 3631 Sic
2060 3578 2216 3632 divus
2249 3578 2448 3632 Paulus
2492 3577 2675 3631 verbis
2712 3576 2902 3646 paucis
2954 3574 3272 3629 universum
3322 3572 3545 3628 haereti-

1943 3683 2129 3723 corum
2180 3683 2375 3737 agmen
2410 3666 2732 3739 proﬂigavit,
2791 3668 2959 3740 813
2987 3685 3058 3723 m.
3096 3666 3213 3721 Arii
3246 3666 3436 3735 utique
3491 3678 3548 3721 et

1944 3758 2192 3812 Eunomii
2227 3759 2498 3812 insaniam
2536 3758 2785 3813 refutans
2831 3762 3215 3829 praadictorum
3254 3760 3545 3813 verborum

1945 3850 2101 3905 initio
2134 3869 2146 3905 :
2184 3869 2201 3901 ι
2236 3849 2347 3905 Hoc
2378 3851 2524 3905 enim
2556 3852 2827 3907 sentitein
2862 3854 3015 3909 vobis
3041 3853 3183 3923 quoi
3219 3862 3272 3906 et
3307 3852 3357 3905 in
3387 3850 3547 3907 Chri-

1943 3950 2027 3995 sto
2070 3939 2220 4005 Jesu,
2255 3940 2495 4010 quicum
2532 3941 2583 3994 in
2620 3938 2793 3995 forma
2824 3942 2917 3996 Dei
2950 3952 3117 4009 esset,
3145 3958 3249 3997 non
3296 3944 3545 4011 rapinam

1943 4034 2240 4088 arbitratus
2258 4042 2344 4089 est
2371 4049 2493 4089 esse
2519 4048 2579 4089 se
2605 4034 2871 4103 aequalem
2902 4035 3030 4100 Deo,
3060 4035 3153 4090 sed
3184 4035 3543 4104 semetipsum

1942 4122 2265 4188 exinanivit,
2318 4122 2550 4176 formam
2606 4122 2749 4177 servi
2810 4122 3108 4191 accipiens.
3154 4140 3171 4172 ι
3230 4118 3345 4174 Non
3398 4119 3544 4175 enim

1944 4216 2097 4282 dixit,
2136 4215 2189 4269 in
2228 4213 2402 4269 forma
2432 4214 2524 4269 Dei
2548 4214 2740 4282 factus,
2776 4214 2892 4279 sed,
2935 4232 2953 4265 ι
2992 4229 3116 4267 cum
3144 4213 3195 4267 in
3231 4212 3407 4265 forma
3451 4211 3545 4266 Dei

1943 4318 2105 4363 esset.
2143 4326 2160 4358 ι
2208 4304 2396 4377 Neque
2436 4308 2565 4361 item
2604 4306 2743 4361 dixit
2775 4304 2932 4361 :Non
2966 4305 3210 4376 rapinam
3245 4304 3550 4357 arbitratus

1944 4409 2025 4454 est
2050 4413 2170 4454 esse
2193 4414 2251 4453 se
2269 4398 2535 4469 aequalem
2559 4398 2778 4453 sibimet
2802 4408 2896 4451 aut
2915 4397 3143 4467 angelis,
3162 4407 3256 4450 aut
3278 4395 3545 4466 aequalem

1942 4502 2229 4556 creaturae,
2277 4491 2371 4546 sed
2424 4491 2689 4560 aequalem
2755 4490 2892 4544 dixit
2963 4491 3071 4544 Deo
3126 4487 3276 4542 Patri
3335 4486 3428 4556 qui
3489 4503 3549 4539 se

249 4590 282 4659 ἦ
308 4588 397 4642 ίσα
429 4590 703 4659 ἀγγέλοις,
737 4592 769 4662 ἢ
801 4592 889 4646 ῐσα
919 4598 984 4667 τῇ
1025 4596 1222 4661 κτίσει,
1246 4598 1362 4652 ἀλλ’
1410 4601 1519 4666 ίσα,
1554 4601 1680 4673 ἔφη,
1722 4578 1836 4673 Θεῷ

1946 4593 2227 4655 genuerat,
2248 4581 2417 4647 Patri,
2456 4582 2699 4650 inquam,
2728 4580 2937 4650 absque
2968 4581 3256 4651 principio,
3280 4578 3547 4649 ingenito.

251 4682 325 4753 τῷ
351 4683 549 4753 Πατρὶ,
583 4685 662 4755 τῷ
690 4687 1033 4756 γεννήσαντι,
1063 4690 1305 4763 ἀνάρχῳ,
1334 4692 1411 4763 τῷ
1442 4696 1742 4766 ἀγεννήτῳ,
1762 4696 1837 4768 τῷ

252 4774 562 4845 ἀπεράντῳ,
593 4774 672 4846 τῷ
710 4776 816 4829 τῶν
844 4777 980 4831 ὁλων
1012 4781 1279 4854 Δεσπὸτῃ.

324 4867 543 4936 Ἄρειος
570 4867 669 4936 μὲν
692 4863 785 4921 οῦν
810 4870 905 4923 καὶ
932 4870 1199 4942 Εὑνὸμιος
1226 4876 1304 4946 (ὅ)
1340 4877 1557 4948 ἰσχυρὸν
1588 4879 1836 4933 ἐντεῦθεν

255 4958 500 5025 ἐδέξαντο
527 4962 625 5031 τῆς
656 4962 860 5027 οίκείας
888 4964 1144 5029 ἀσεϐείας
1173 4968 1262 5021 τὸν
1310 4969 1530 5041 ἔλεγχον
1550 5012 1563 5035 ,
1596 4974 1689 5025 καὶ
1734 4974 1838 5026 Σα-

256 5050 459 5114 ϐέλλιος
481 5051 539 5104 δὲ
567 5052 662 5105 καὶ¹
687 5054 1008 5126 Μάρκελλος
1038 5060 1133 5112 καὶ
1164 5061 1449 5127 Φωτεινὸς,
1486 5066 1534 5116 οἱ
1564 5066 1666 5128 τὰς
1691 5069 1842 5136 τρεῖς

259 5144 579 5209 ὑποστάσεις
628 5148 975 5220 ἀρνούμενοι,
1009 5154 1105 5207 καὶ
1150 5154 1251 5219 τὰς
1293 5157 1391 5226 τῆς
1424 5155 1677 5229 Θεὸτητος
1713 5178 1843 5228 συγ-

259 5233 466 5304 χέοντες
498 5235 787 5307 ίδιὸτητας,
819 5242 1071 5297 ἐντεῦθεν
1102 5242 1549 5316 βλασφημοῦντες
1596 5248 1845 5320 ὲλέγχονσι

258 5344 378 5380 ται·
413 5328 599 5401 ἔτερος
642 5330 750 5403 γάρ
799 5335 941 5388 κατά
981 5335 1081 5407 τὴν
1132 5338 1428 5391 ὑπόστασιν
1476 5342 1504 5391 6
1554 5341 1612 5393 ὲν
1660 5343 1844 5414 μορφῇ

259 5416 389 5471 Θεοῦ
415 5420 696 5491 ὑπάρχων,
726 5426 819 5476 καὶ
850 5427 1035 5497 ἕτερος
1058 5430 1263 5493 ἐκεῖνος
1291 5425 1351 5484 οῦ
1380 5432 1437 5483 έν
1467 5436 1650 5504 μορφῇ
1678 5434 1851 5505 ὑπάρ-

327 5583 344 5611 ’
389 5583 544 5636 [ὶυιιι.
576 5600 694 5648 viti,
730 5585 783 5651 5,
818 5585 872 5641 4.

331 5744 407 5813 (l)
449 5744 667 5811 chcsis
686 5742 946 5814 Cyrillum
971 5745 1022 5799 in
1046 5746 1454 5800 ttonmientariis
1476 5747 1587 5801 suis
1610 5746 1674 5798 ad
1701 5745 1842 5800 hunc

266 5813 405 5869 l’auli
436 5815 607 5867 lucum
639 5813 776 5883 apud
805 5832 923 5869 nos.

328 5886 406 5954 (ἓ)
449 5883 599 5940 "and
644 5885 755 5940 scio
800 5902 865 5940 an
911 5886 994 5940 hit:
1044 5886 1433 5955 interponenda
1482 5889 1549 5943 sit
1596 5887 1844 5957 ncgaliva

1948 4676 2180 4739 inﬁnito,
2218 4690 2397 4729 rerum
2440 4673 2686 4727 omnium
2729 4672 2977 4726 Domino.

2022 4879 2187 4933 Arius
2231 4877 2394 4947 igitur
2447 4885 2612 4945 atque
2638 4872 2940 4928 Eunomius
2967 4870 3203 4925 validam
3245 4871 3370 4924 hinc
3420 4883 3548 4938 per-

1949 4973 2189 5027 tulerunt
2216 4969 2517 5040 impietatis
2543 4982 2656 5023 suae
2698 4964 3140 5037 redargutionem
3173 4982 3185 5018 :
3215 4964 3547 5032 insuperquc

1950 5062 2220 5119 Sabellius
2241 5071 2296 5118 et
2323 5060 2611 5117 Marcellus
2644 5069 2810 5129 atque
2846 5057 3137 5121 Photinus,
3200 5056 3293 5125 qui
3343 5064 3543 5126 negant

1947 5164 2057 5210 tres
2095 5156 2438 5224 hypostases,
2462 5160 2518 5206 et
2540 5150 2759 5205 deitatis
2782 5148 3125 5205 confundunt
3148 5147 3536 5218 proprietates.

1946 5248 2074 5301 hinc
2091 5245 2396 5315 blasphemi
2448 5251 2842 5313 coarguuntur.
2876 5241 3032 5296 Alius
3062 5251 3146 5295 est
3169 5239 3313 5295 enim
3348 5253 3547 5294 secun-

1945 5343 2070 5393 dum
2094 5336 2432 5409 bypostasim
2463 5337 2551 5390 ille
2582 5336 2672 5405 qui
2712 5336 2764 5389 in
2822 5333 2991 5388 forma
3028 5332 3121 5387 Dei
3155 5341 3295 5395 erat,
3327 5343 3381 5386 et
3404 5330 3545 5386 alius

1946 5432 2033 5487 ille
2068 5431 2220 5500 cujus
2256 5433 2306 5486 in
2338 5431 2511 5527 forma
2534 5441 2691 5485 erat:
2723 5442 2776 5485 et
2822 5429 2962 5484 alius
3003 5441 3191 5483 rursus
3246 5425 3337 5493 qui
3388 5426 3542 5496 rapi-

1953 5745 2214 5814 particnla
2244 5746 2328 5810 οὐ,
2357 5760 2481 5798 non.

2027 5816 2103 5885 (ὅ)
2149 5817 2204 5869 In
2252 5818 2351 5869 hoc
2391 5826 2444 5869 et
2487 5826 2747 5885 sequente
2786 5817 3047 5884 opusculo
3090 5814 3291 5868 nullum
3335 5813 3545 5870 lucreti-

1955 5902 2077 5941 cnm
2114 5888 2477 5941 recentiorem
2512 5888 2777 5942 litinomio
2812 5887 3053 5943 nominat
3083 5886 3337 5956 tZyrillus.
