3996 6454
519 415 656 473 N5!

1546 415 1604 473 S.
1638 411 1910 472 CYRlLLl
1947 407 2420 502 ALEXANDRINI
2470 407 2790 467 ARCHIEP.

3641 406 3780 461 ηδτ

519 547 646 588 nam
671 547 775 589 non
796 533 1166 589 arbitrabatur
1180 548 1302 590 esse
1324 547 1382 589 se
1411 535 1667 605 :equalem
1700 533 1832 598 Deo,
1861 541 1917 588 et
1956 530 2085 586 allus

2196 547 2281 600 χει
2301 547 2314 561 ο
2353 530 2448 584 καὶ
2474 530 2632 595 ἄλλος
2660 530 2820 584 πάλιν
2849 529 2878 584 ὁ
2908 529 2982 601 μὴ
3009 525 3311 602 ἁρπαγμὸν
3339 523 3682 595 ἡγησάμενος
3721 520 3782 573 τ’)

521 622 612 680 ille
633 625 718 678 cui
741 623 1082 695 estzqualis,
1104 625 1199 680 sed
1223 641 1327 681 non
1351 627 1452 682 sibi
1482 625 1843 694 aequalitatem
1862 640 1983 680 cum
2002 622 2092 678 illo

520 713 719 782 rapuit.
757 710 1021 770 Praeterea
1061 715 1150 771 ille
1206 717 1373 772 etiam
1431 716 1548 772 l‘alsi
1592 716 1831 772 nominis
1867 714 2088 780 Paulus,

518 801 610 869 qui
655 800 960 858 Scrutaris
1010 813 1134 860 ante
1183 805 1376 860 secula
1416 804 1822 875 generationem
1856 803 2089 874 negavit,

515 888 797 947 Iudaicam
865 895 1186 951 sententiam
1234 896 1444 962 fovens,
1499 906 1554 951 et
1591 897 1661 953 de
1712 896 1930 965 Virgine
1976 905 2092 948 tan-

521 982 796 1036 tummodo
826 993 1011 1038 natnm
1041 984 1323 1040 confessus
1345 996 1452 1050 est,
1499 1001 1564 1040 ex
1611 985 1694 1040 his
1737 986 1870 1056 ipsis
1913 983 2093 1040 verbis

520 1069 734 1140 dignam
783 1073 1062 1142 impietate
1105 1091 1200 1130 sua
1249 1079 1392 1146 capit
1433 1078 1808 1145 ignominiam.
1861 1077 2094 1131 nocetur

517 1161 663 1216 enim
694 1162 820 1219 hinc
849 1179 878 1217 a
903 1164 1026 1220 divo
1052 1160 1218 1222 Paulo
1245 1179 1301 1222 et
1327 1169 1418 1222 Dei
1461 1166 1692 1222 Verbu’m
1721 1168 1864 1238 quod
1906 1182 2091 1222 susce-

519 1251 617 1320 pit,
648 1264 702 1309 et
733 1255 1024 1310 humanam
1059 1269 1362 1329 susceptam
1418 1271 1687 1327 naturam,
1728 1269 1784 1316 et
1825 1261 2090 1331 praecisi-

519 1353 746 1399 stentem
768 1345 860 1402 Dei
881 1347 1132 1412 formam.
1148 1361 1203 1406 et
1225 1352 1276 1406 in
1296 1352 1400 1407 fine
1416 1353 1736 1409 saeculorum
1758 1364 2088 1423 assumptam

518 1435 586 1489 ab
613 1439 802 1492 eadem
850 1441 991 1495 servi
1046 1440 1300 1497 formam.
1355 1445 1583 1500 Docetur
1635 1445 1838 1514 pariter
1890 1443 2086 1514 Apolli-

517 1529 666 1583 naris
703 1545 824 1585 cum
866 1531 997 1590 Ario
1020 1543 1182 1605 atque
1209 1535 1498 1602 Eunomio,
1549 1537 1692 1606 quod
1750 1550 2086 1607 nequaquam

517 1621 660 1677 Deus
707 1622 965 1690 Verbum,
1013 1628 1157 1695 quod
1203 1637 1286 1682 est
1335 1629 1694 1693 immutabile,
1757 1629 1808 1682 in
1867 1641 2087 1682 carnem

516 1710 681 1767 fuerit
755 1714 1122 1783 immutatum,
1172 1718 1265 1772 sed
1335 1719 1478 1787 quod
1533 1731 1715 1772 nostra
1783 1718 2086 1772 substantia

517 1818 829 1877 assumpta,
877 1807 1106 1862 salutem
1167 1817 1408 1863 nostram
1447 1801 1518 1866 sit
1565 1818 1868 1880 operatum.
1918 1808 2087 1863 Porro

515 1898 765 1966 superius
825 1899 985 1953 dictis
1040 1899 1556 1965 demonstravimus,
1641 1899 1872 1954 formam
1944 1902 2084 1955 servi

514 1991 837 2059 appellatam
871 2007 991 2048 esse
1026 1992 1264 2047 hominis
1312 2003 1584 2047 naturam.
1632 1991 1768 2046 Nam
1813 1993 1860 2046 si
1913 1990 2088 2046 forma

515 2080 610 2135 Dei
675 2092 759 2137 est
807 2083 1112 2138 substantia
1144 2081 1237 2136 Dei
1283 2083 1457 2153 (caret
1503 2086 1648 2138 enim
1702 2098 1884 2137 revera
1919 2082 2088 2138 forma

513 2171 682 2245 814
705 2189 774 2226 ηιο
805 2183 859 2228 et
888 2174 1079 2244 quavis
1102 2175 1282 2245 specie
1311 2173 1474 2238 Deus,
1505 2175 1594 2243 qni
1627 2185 1709 2229 est
1730 2175 1978 2242 simplex,
2014 2174 2093 2228 in-

515 2266 865 2335 compositus,
905 2277 957 2322 et
991 2269 1136 2321 omni
1174 2267 1347 2339 figura
1392 2269 1724 2337 destitutus),
1758 2268 2003 2337 sequitur
2032 2276 2091 2322 ut

512 2357 656 2412 servi
712 2359 906 2424 forma,
972 2373 1124 2428 teque
1171 2361 1312 2415 servi
1357 2360 1658 2415 substantia
1731 2359 2083 2429 intelligatur.

515 2449 668 2503 Servi
723 2461 900 2505 autem
942 2452 1268 2518 substantia,
1317 2452 1368 2506 id
1416 2461 1500 2506 est
1546 2451 1806 2516 hominis,
1852 2467 1957 2505 non
2007 2459 2090 2506 est

513 2557 710 2611 rorpns
754 2543 855 2600 hoc
911 2544 1281 2598 tantummodo
1330 2543 1470 2612 quod
1525 2553 1769 2611 apparet,
1829 2544 1922 2596 sed
1978 2551 2086 2596 tota

513 2636 751 2690 hominis
793 2646 985 2689 natura
1043 2651 1071 2689 a
1125 2635 1482 2704 prudentibus
1533 2634 1894 2688 existimatur.
1942 2634 2088 2689 Prte-

514 2737 659 2782 terea
694 2739 747 2782 et
776 2727 846 2781 illi
883 2728 1175 2797 impietatis
1209 2726 1573 2796 antesignani,
1628 2737 1680 2780 et
1743 2727 2089 2794 blasphemia:

512 2818 775 2874 adversus
813 2827 1016 2874 rectam
1065 2817 1224 2873 ﬁdem
1258 2819 1416 2888 primi
1477 2827 1749 2880 auctores,
1807 2819 1897 2886 qni
1927 2818 2085 2872 Chri-

510 2909 809 2963 stianarum
845 2911 1060 2980 quidem
1113 2909 1216 2964 sibi
1259 2911 1476 2982 nomina
1533 2909 1931 2979 imposnernnt,
1992 2913 2085 2966 sed

511 3001 907 3056 idololatricnm
999 3001 1346 3070 polytheismi
1425 3015 1670 3056 errorem
1735 3013 2085 3071 snperarnnt,

510 3095 771 3160 Marcion,
819 3095 1059 3165 inquam,
1111 3101 1169 3148 et
1200 3093 1407 3157 Manes,
1458 3105 1514 3148 et
1570 3095 1750 3150 caeteri
1787 3096 2085 3165 pestilentis

508 3187 721 3241 illorum
763 3188 1036 3241 cathedra:
1091 3185 1437 3242 consectanei
1490 3195 1545 3242 et
1598 3187 1872 3255 discipuli,
1907 3189 2081 3241 exbis
2110 3216 2152 3273 C

511 3275 640 3344 ipsis
698 3275 933 3343 Apostoli
990 3275 1167 3329 verbis
1245 3290 1396 3328 suam
1466 3276 1740 3329 vesaniam
1801 3278 1936 3330 satis
1986 3294 2080 3331 co-

510 3374 794 3437 gnoscunt.
843 3364 975 3417 Nam
1012 3380 1133 3418 cum
1160 3365 1257 3434 ipsi
1291 3364 1501 3419 Domini
1537 3366 1830 3421 secundum
1865 3383 2080 3423 caruem

509 3457 848 3510 nativitatem
874 3465 928 3509 et
957 3457 1352 3510 humanitatem
1378 3472 1487 3511 non
1523 3458 1834 3516 admittant.
1858 3459 2084 3513 audiunt

507 3549 982 3618 prmelarissimum
1022 3547 1242 3601 Paulum
1274 3549 1577 3613 docentem,
1607 3551 1748 3612 quod
1789 3549 1877 3604 Dei
1912 3551 2081 3605 forma

508 3643 648 3696 servi
684 3641 915 3696 formam
939 3641 1264 3710 susceperit.
1291 3640 1445 3695 Servi
1477 3651 1656 3695 autem
1716 3642 1888 3697 forma
1941 3645 2081 3698 hand

508 3731 791 3801 phantasia
817 3730 1060 3800 qutedam
1079 3739 1213 3794 erat,
1233 3743 1404 3798 neque
1430 3730 1639 3797 umbra,
1667 3747 1840 3800 neque
1864 3748 2080 3788 aereum

508 3820 878 3884 simulacrum,
915 3835 1089 3888 neque
1117 3819 1260 3874 aliud
1299 3820 1515 3888 quidvis
1546 3821 1854 3890 hnjnsntodi
1895 3825 2078 3892 appel-

510 3914 671 3977 latur,
702 3911 797 3965 sed
826 3912 966 3964 servi
993 3921 1203 3964 natura.

579 4003 730 4070 Quod
765 4004 807 4057 si
845 4003 1229 4071 subsequentia
1265 4004 1354 4058 illa
1385 4004 1550 4058 verba
1611 4007 1766 4061 nobis
1799 4007 2077 4076 ohjiciant,

513 4117 531 4146 ι
567 4096 619 4148 in
647 4094 1052 4149 similitudinem
1076 4095 1309 4149 hominis
1342 4096 1810 4164 iactus,ethabitn
1834 4099 2081 4153 inventus

509 4196 568 4242 ut
593 4191 753 4241 homo
782 4204 796 4252 ;
830 4205 850 4238 ›
881 4200 1089 4240 necnon
1126 4186 1214 4239 illa
1264 4187 1328 4241 ad
1371 4187 1646 4245 Romanos
1673 4208 1687 4243 :
1713 4208 1731 4241 ι
1760 4190 1812 4244 in
1836 4190 2080 4244 similitu-

508 4279 686 4332 dinem
713 4275 894 4329 carnis
923 4277 1128 4344 peccati
1159 4275 1179 4307 ⁸
1215 4291 1230 4331 :
1282 4296 1300 4329 ι
1338 4279 1511 4347 primo
1548 4281 1760 4349 quidem
1798 4280 2075 4336 stultitiam

507 4369 744 4436 ipsorum
785 4367 1188 4423 convincemus.
1229 4367 1360 4421 Nam
1396 4370 1439 4423 si
1462 4371 1646 4434 verba,
1691 4391 1708 4422 ι
1748 4371 1801 4424 in
1829 4373 2081 4427 similitu-

506 4459 684 4514 dinem
744 4459 998 4524 hominis,
1051 4471 1107 4515 et
1163 4461 1348 4516 habitu
1403 4462 1652 4516 inventus
1703 4475 1760 4517 nt
1838 4467 2017 4532 homo,
2058 4487 2073 4517 ι

506 4551 849 4620 phantasiam
915 4552 1145 4620 aliquam
1215 4552 1505 4607 humanam
1565 4557 1849 4624 denotant,

507 4651 686 4694 autem
723 4639 916 4703 forma,
971 4651 1160 4695 natura
1213 4643 1447 4697 hominis
1499 4649 2078 4702 estzcontradicentia

506 4735 687 4801 posuit
733 4733 1043 4801 Apostolus.
1098 4733 1215 4789 Jam
1276 4736 1321 4789 si
1367 4735 1606 4805 Apostoli
1667 4745 1828 4793 verba
1860 4743 2082 4796 minime

508 4827 736 4881 invicem
755 4827 1154 4891 contradicunt,
1189 4842 1320 4882 sane
1346 4829 1626 4893 discimus,
1657 4831 1798 4884 servi
1828 4831 2079 4899 fortnam,

508 4920 651 4973 servi
686 4933 808 4974 esse
829 4920 1213 4974 substantiam.
1255 4919 1424 4974 Porro
1446 4921 1496 4973 in
1526 4922 1802 4976 hominum
1838 4924 2086 4978 similitu-

509 5010 689 5064 dinem
739 5006 882 5076 ﬂeri,
920 5019 976 5065 et
1027 5009 1216 5065 habitu
1260 5019 1320 5065 ut
1360 5012 1632 5067 hominem
1679 5013 1932 5080 inveniri,
1998 5017 2076 5072 sic

509 5103 871 5173 intelligemus
916 5121 932 5169 ;
986 5118 1178 5173 nempe
1246 5103 1530 5158 Dominum
1593 5116 1836 5160 nostrum
1891 5107 2074 5164 Jesum

507 5195 810 5261 Christum,
840 5202 1092 5250 naturam
1124 5205 1363 5250 nostram
1393 5196 1702 5261 habentem,
1734 5213 1838 5252 non
1872 5199 1923 5252 in
1948 5216 2079 5254 cnn-

507 5287 613 5341 ctis
663 5288 816 5343 nobis
849 5287 1015 5343 fuisse
1046 5287 1329 5358 aqualem.
1364 5287 1608 5357 Namque
1649 5298 1701 5343 et
1759 5291 1872 5358 ipse
1921 5304 2081 5346 natus

506 5389 590 5435 est
631 5381 700 5435 de
737 5381 983 5446 muliere,
1039 5381 1136 5437 sed
1192 5381 1296 5436 alia
1350 5396 1413 5436 ac
1463 5397 1560 5437 nos
1592 5384 1802 5438 ratione
1838 5400 1853 5451 ;
1884 5387 2082 5457 quippe

506 5472 598 5540 qni
654 5472 720 5525 de
773 5472 1023 5543 virginali
1077 5473 1276 5544 prodiit
1328 5472 1504 5527 vulva.
1553 5473 1620 5530 Et
1651 5475 1812 5532 homo
1865 5478 2080 5547 quidem

575 5651 599 5685 ⁸
634 5653 789 5710 Rom.
823 5671 944 5721 vttt,
975 5657 1029 5711 5.

581 5832 656 5899 Η)
697 5831 950 5904 lntelligit
984 5831 1204 5888 Paulum
1241 5834 1692 5893 Samosatensem.

2194 616 2335 674 εἶναι
2381 620 2473 674 ῐσα
2513 621 2652 692 Θεῷ,
2691 623 2819 692 παρ’
2867 623 3074 674 ἐκεῖνον
3102 615 3167 676 οὗ
3196 621 3310 684 ῐσος
3359 617 3614 686 ὑπάρχει,
3666 612 3779 663 ἀλλ’

2195 711 2295 782 οὐχ
2325 712 2576 783 ἥρπασεν
2607 713 2706 783 τὴν
2748 711 2885 783 πρὸς
2927 711 3090 766 αὐτὸν
3119 710 3363 781 ίσότητα.
3404 706 3551 777 Πρὸς
3578 704 3638 756 δὲ
3666 701 3776 754 τούο

2191 823 2306 868 τοις
2353 807 2500 859 καὶὸ
2526 805 2874 876 ψευδώνυμος
2918 803 3130 866 Παῦλος
3173 801 3274 871 (Ι),
3322 799 3477 870 ὀπὴν
3529 797 3632 866 μὲν
3674 792 3776 861 πρδ

2192 898 2404 952 αίώνων
2433 897 2689 969 γέννησιν
2711 897 2805 950 τοῦ
2833 897 3081 966 Σωτῆρος
3105 895 3462 966 ἀρνούμενος,
3497 883 3777 954 Ἴουὂαὶκῷ

2192 991 2251 1046 δὲ
2277 989 2618 1061 κεχρημένος
2653 991 2980 1060 φρονήματι,
3012 988 3106 1039 καὶ⁵
3149 984 3249 1055 τὴν
3279 985 3343 1035 ὲκ
3374 979 3658 1050 Παρθένου
3685 977 3780 1046 μό·

2193 1099 2289 1151 νην
2307 1081 2606 1151 ὁμολογῶν,
2629 1082 2693 1133 ὲκ
2713 1081 2823 1132 τῶν
2847 1079 3027 1132 αὑτῶν
3051 1077 3258 1130 τούτων
3277 1076 3471 1143 λόγων,
3501 1072 3602 1143 τὴν
3622 1068 3778 1134 ἀξίαν

2192 1175 2292 1244 τῆς
2340 1173 2596 1236 ἀσεϐείας
2640 1172 2900 1244 αἰσχύνην
2945 1170 3286 1243 καρποῦται·
3322 1167 3638 1220 διδάσκεται
3671 1164 3779 1234 γὰρ

2194 1267 2298 1320 ὑπὸ
2323 1266 2418 1318 τοῦ
2462 1265 2606 1319 θείου
2653 1265 2867 1318 Παύλου
2907 1263 2996 1317 τὸν
3023 1262 3256 1316 λαϐόντα
3286 1259 3419 1313 Θεὸν
3452 1259 3652 1326 Λόγον,
3686 1256 3780 1310 καὶ

2192 1361 2289 1429 τὴν
2316 1359 2662 1429 ἀνθρωπείαν
2696 1357 2856 1427 φύσιν
2887 1357 2983 1427 τὴν
3012 1356 3330 1425 ληφθεῖσαν,
3361 1353 3463 1424 τὴν
3498 1349 3782 1419 προϋπάρ-

2191 1469 2390 1524 χουσαν
2413 1451 2624 1524 μορφὴν
2647 1449 2739 1502 τοῦ
2769 1448 2927 1515 Θεοῦ,
2956 1450 3050 1501 καὶ
3077 1449 3133 1501 ὲν
3160 1447 3236 1516 τῷ
3259 1445 3406 1499 τέλει
3431 1443 3542 1498 τῶν
3563 1442 3781 1497 αἰώνων

2194 1543 2634 1615 προσληφθεῖσαν
2671 1542 2764 1595 ἀπ’
2810 1539 3024 1610 ἐκείνης
3069 1536 3260 1589 δούλου
3320 1536 3559 1606 μορφήν.
3619 1532 3780 1586 Διδά-

2196 1655 2389 1690 σκεται
2417 1636 2472 1688 δὲ
2509 1633 2670 1688 πάλιν
2713 1630 3084 1701 Ἀπολινάριος
3115 1629 3212 1682 σὺν
3257 1627 3455 1696 ’Δρείῳ
3487 1625 3583 1679 καὶ
3615 1623 3782 1677 Εὐνο-

2195 1730 2322 1800 μίῳ,
2351 1729 2428 1791 ὡς
2470 1727 2568 1798 οὐχ
2597 1727 2625 1778 ὁ
2673 1723 2806 1787 Θεὸς
2846 1723 3018 1790 Λόγος
3057 1724 3085 1774 ὁ
3128 1721 3420 1791 ἄτρεπτος,
3463 1720 3544 1782 εἰς
3579 1715 3783 1788 σαριὼς

2192 1821 2354 1890 φύσιν
2380 1819 2615 1888 ἐτράπη,
2647 1816 2783 1870 ἀλλά
2810 1816 2907 1886 τὴν
2937 1813 3216 1885 ἡμετέραν
3243 1809 3534 1866 ἀναλαϐὼν
3563 1807 3780 1866 οὐσίαν.

2193 1915 2290 1986 τὴν
2319 1912 2592 1984 ἡμετέραν
2614 1909 3106 1982 ἐπραγματεύσατο
3129 1905 3426 1975 σωτηρίαν.
3471 1899 3785 1968 ’Δπεδείξα-

2197 2023 2295 2076 μεν
2341 2005 2416 2068 δὲ,
2460 2004 2526 2058 δι’
2559 1997 2635 2057 ὧν
2679 2002 3001 2072 εἰρήκαμεν,
3041 1997 3255 2069 μορφὴν
3300 1995 3491 2048 δούλου
3537 1993 3638 2064 τὴν
3686 1991 3782 2045 τοῦ

2192 2094 2479 2166 ἀνθρώπου
2510 2090 3056 2168 προσαγορευομένην
3077 2086 3259 2153 οὐσίαν
3279 2102 3292 2115 ·
3325 2085 3375 2137 εἱ
3395 2085 3504 2154 γὰρ
3534 2085 3566 2152 ἡ
3595 2081 3783 2153 μορφὴ

2192 2185 2285 2240 τοῦ
2319 2185 2475 2245 Θεοῦ,
2502 2183 2658 2237 ούσία
2686 2180 2780 2233 τοῦ
2812 2180 2945 2234 Θεοῦ
2971 2196 2984 2209 ·
3009 2179 3338 2249 άμόρφωτον
3365 2174 3477 2246 γάρ
3503 2175 3600 2226 καὶ
3631 2172 3783 2225 ἀνεί-

2190 2279 2308 2332 δεον
2335 2277 2394 2330 τὸ
2419 2276 2592 2329 Θείον·
2622 2272 2826 2328 ἁπλοῦν
2859 2271 2917 2324 δὲ
2944 2271 3038 2324 καὶ
3070 2266 3362 2322 ἀσύνθετον
3390 2266 3487 2318 καὶ
3525 2262 3782 2333 ἀσχημά-

2190 2386 2390 2431 τιστον,
2422 2366 2515 2420 καὶ
2542 2368 2575 2436 ἡ
2616 2364 2709 2418 τοῦ
2737 2362 2923 2417 δούλου
2957 2359 3140 2432 μορφὴ
3169 2359 3414 2429 δηλονότι
3464 2357 3630 2411 οὐσία
3659 2356 3781 2408 δού-

2190 2460 2282 2514 λου
2323 2459 2544 2521 εἰκότως
2579 2459 2643 2512 ἂν
2687 2453 2937 2525 νοηθείη·
2970 2453 3128 2506 οὐσία
3155 2451 3214 2506 δὲ
3241 2450 3454 2515 δούλου,
3497 2449 3780 2502 τουτέστιν

2189 2547 2500 2619 ἀνθρώπου,
2525 2547 2586 2600 ού
2616 2545 2678 2599 τὸ
2703 2544 3028 2614 φαινόμενον
3063 2541 3220 2611 σῶμα
3257 2541 3440 2611 μόνον,
3464 2539 3606 2593 ἀλλὰ
3631 2542 3776 2593 πᾶσα

2189 2640 2284 2694 τοῦ
2314 2639 2600 2710 ἀνθρώπου
2631 2639 2663 2708 ή
2693 2636 2853 2706 φύσις
2884 2635 3034 2706 παρά
3076 2636 3188 2696 τοῖς
3216 2631 3600 2703 σωφρονοῦσιν
3628 2633 3776 2685 νενό-

2193 2751 2400 2805 μισται.
2424 2730 2566 2803 Πρὸς
2590 2730 2647 2783 δὲ
2668 2727 2876 2791 τούτοις
2895 2730 2944 2780 oi
2968 2725 3347 2796 πρωτοστάται
3369 2724 3471 2794 τῆς
3495 2724 3776 2790 ἀσεϐείας,

2177 2827 2283 2879 καὶ
2329 2823 2533 2895 πρῶτοι
2588 2820 2685 2892 τὴν
2735 2819 3082 2890 βλασφημίαν
3132 2817 3279 2870 κατά
3333 2817 3432 2887 τῆς
3489 2815 3777 2879 εὐσεϐείας

2191 2917 2610 2987 βλαστήσαντες,
2658 2912 2754 2964 καὶ
2798 2908 3140 2980 Χριστιανῶν
3187 2907 3286 2978 μὲν
3332 2908 3508 2977 δνομα
3555 2908 3776 2969 ἑαυτοῖς

2189 3007 2488 3069 ἐπιθέντες,
2518 3006 2700 3058 πᾶσαν
2733 3003 2789 3056 δὲ
2818 3004 2916 3073 τὴν
2943 3001 3202 3056 πολύθεον
3229 2999 3338 3054 τῶν
3366 3000 3610 3054 εἰδώλων
3643 2999 3766 3053 πλά-

2188 3115 2287 3168 νην
2316 3096 2860 3166 ὑπερακοντίσαντες,
2890 3092 3174 3161 Μαρκίων,
3219 3093 3386 3161 φημὶ,
3421 3092 3520 3144 καὶ
3556 3091 3770 3161 Μάνης,

2189 3190 2281 3242 καὶ
2311 3189 2359 3242 οἰ
2386 3190 2484 3258 τῆς
2513 3187 2762 3256 λοιμικῆς
2786 3185 2964 3239 αὐτῶν
2993 3183 3260 3256 καθέδρας
3291 3184 3494 3254 μύσται
3539 3186 3638 3238 καὶ
3665 3185 3767 3250 γεί-

2185 3295 2356 3342 τονες,
2404 3277 2471 3331 δι’
2499 3277 2677 3330 αὐτῶν
2710 3274 2917 3328 τούτων
2943 3274 3052 3328 τῶν
3102 3275 3361 3346 ῥημάτων
3418 3273 3517 3344 τὴν
3563 3274 3772 3327 οἰκείαν

2185 3369 2572 3442 παραπληξίαν
2616 3368 2948 3439 μανθάνουσι
2967 3384 2981 3400 ο
3013 3366 3112 3436 τὴν
3145 3365 3284 3418 κατὰ
3327 3365 3509 3436 σάρκα
3537 3365 3652 3436 γὰρ
3683 3365 3771 3418 τοῦ

2186 3464 2391 3535 Κυρίου
2423 3462 2676 3533 γέννησίν
2701 3478 2762 3514 τε
2815 3460 2909 3513 καὶ
2931 3458 3343 3530 ὲνανθρὼπησιν
3371 3459 3433 3511 ού
3461 3458 3768 3528 δεχόμενοι,

2185 3556 2444 3610 ἀκούουσι
2488 3556 2580 3609 τοῦ
2629 3554 2904 3608 θειοτάτου
2945 3553 3158 3607 Παύλου
3188 3552 3556 3616 διδάσκοντος,
3617 3552 3695 3615 ὡς
3738 3553 3770 3624 ἡ

2185 3648 2277 3701 τοῦ
2307 3647 2440 3701 Θεοῦ
2474 3645 2655 3717 puppi]
2683 3644 2841 3696 ἔλαϐε
2871 3645 2970 3713 τὴν
3002 3643 3096 3698 τοῦ
3124 3643 3313 3706 δούλου
3348 3645 3565 3713 μορφήν
3588 3659 3605 3674 ’
3638 3646 3674 3714 ἡ
3716 3643 3769 3696 δὲ

2183 3741 2275 3794 τοῦ
2333 3740 2518 3794 δούλου
2571 3737 2750 3808 μορφὴ
2791 3739 2853 3791 ού
2880 3737 3149 3806 φαντασία
3175 3753 3258 3799 τις
3303 3731 3403 3806 ἦν,
3446 3735 3571 3790 οὐδὲ
3621 3736 3768 3796 σκιά.

2185 3831 2303 3884 οὐδὲ
2350 3831 2534 3900 ἀέριον
2589 3827 2854 3899 ίνδαλμα,
2909 3828 3017 3880 οὐδ’
3062 3827 3190 3883 ἄλλο
3239 3846 3292 3880 τι
3336 3827 3447 3879 τῶν
3504 3827 3768 3880 τοιούτων

2187 3922 2673 3994 προσαγορεύεται,
2703 3920 2816 3973 ἀλλ’
2851 3922 2884 3990 ἡ
2919 3919 3014 3974 τοῦ
3036 3920 3223 3974 δούλου
3259 3920 3441 3988 φύσις.

2257 4015 2316 4066 Εἰ
2351 4014 2405 4066 δὲ
2436 4013 2503 4066 τὰ
2528 4012 2844 4082 ὲπαγόμενα
2859 4014 2991 4082 ἡμῖν
3012 4012 3416 4091 προϐάλλοιντο,
3445 4032 3463 4064 t
3497 4017 3553 4065 ὲν
3572 4013 3768 4083 diioui:-

2188 4121 2316 4172 ματι
2348 4102 2635 4176 ἀνθρώπου
2667 4103 2976 4174 γενόμενος,
3006 4103 3102 4156 καὶ
3141 4104 3380 4173 σχήματι
3413 4103 3665 4173 εὑρεθεὶς
3695 4103 3765 4166 ὡς

2185 4198 2490 4268 ἄνθρωπος.
2536 4217 2553 4247 ι
2583 4196 2676 4249 καὶ
2729 4196 2790 4249 τὸ
2845 4197 2905 4250 ὲν
2950 4200 3018 4268 τῇ
3050 4196 3185 4266 πρὸς
3236 4196 3563 4266 Ῥωμαίους,
3628 4217 3644 4247 ι
3712 4199 3767 4250 ἐν

2186 4288 2492 4359 ὁμοιώματι
2543 4288 2741 4358 σαρκὸς
2785 4287 3076 4358 ἁμαρτίας,
3120 4305 3139 4338 ι
3190 4286 3406 4358 πρῶτον
3449 4287 3633 4339 αὐτῶν
3672 4288 3765 4358 τὴν

2187 4380 2368 4436 ἄνοιαν
2402 4379 2764 4450 διελέγξωμεν
2786 4399 2798 4411 ·
2831 4381 2878 4432 εἰ
2916 4380 3022 4450 γὰρ
3050 4380 3129 4445 τὸ,
3175 4399 3193 4432 t
3231 4383 3288 4432 ἐν
3326 4379 3640 4452 ὁμοιώματι
3676 4384 3762 4434 ἀν-

2186 4472 2426 4542 θρώπου,
2453 4473 2547 4523 καὶ
2581 4473 2821 4542 σχήματι
2856 4471 3100 4542 εὑρεθεὶς
3127 4471 3202 4535 ὡς
3234 4471 3542 4543 ἄνθρωπος,
3582 4492 3600 4526 ι
3634 4491 3765 4541 φαν-

1934 4561 2074 4612 set'vi
2113 4576 2153 4629 ι)
2185 4565 2374 4616 τασίαν
2409 4564 2531 4616 τινὰ
2560 4564 2904 4631 ἀνθρωπείαν
2938 4562 3106 4633 δηλοῖ,
3139 4564 3171 4634 ἡ
3205 4563 3261 4616 δὲ
3296 4566 3477 4635 μορφὴ
3515 4565 3611 4618 τοῦ
3647 4565 3765 4620 δού-

2181 4657 2292 4723 λου,
2327 4657 2487 4725 φύσις
2509 4656 2817 4728 ἀνθρώπου·
2842 4655 3059 4708 ἐναντία
3094 4655 3306 4725 τίθησιν
3330 4659 3357 4709 ὁ
3407 4658 3762 4724 Ἀπόστολοςο

2183 4752 2230 4802 εἰ
2277 4750 2334 4803 δὲ
2365 4751 2465 4802 οὐκ
2498 4749 2711 4803 ἐναντία
2743 4749 2836 4802 τοῦ
2885 4749 3208 4803 Ἀποστὸλου
3251 4751 3320 4803 τά
3361 4743 3615 4823 ῥήματα,
3651 4756 3754 4824 μά-

2183 4845 2365 4913 θωμεν
2393 4842 2467 4907 ὡς
2497 4845 2530 4913 ἡ
2566 4844 2658 4896 τοῦ
2688 4843 2875 4898 δούλου
2909 4845 3113 4916 μορφὴ,
3145 4844 3302 4899 οὐσία
3331 4845 3518 4898 δούλου
3561 4849 3762 4918 τυγχά-

2183 4952 2282 4990 νει.
2317 4936 2390 4987 Τὸ
2421 4935 2478 4986 δὲ
2522 4937 2579 4988 ἐν
2611 4935 3237 5008 ὁμοιώματιάνθρώπων
3264 4935 3344 5008 (Ξ)
3364 4939 3645 5007 γενέσθαι,
3673 4942 3762 4994 καὶ

2188 5026 2425 5097 σχήματι
2474 5026 2764 5097 εὑρεθῆναι
2801 5028 2878 5091 ὡς
2924 5028 3230 5099 ἄνθρωπον,
3265 5028 3439 5093 οὕτως
3473 5031 3758 5102 νοήσομεν,

2183 5119 2261 5169 ὅτι
2313 5117 2342 5169 ὁ
2385 5117 2586 5188 Κύριος
2632 5120 2788 5190 ἡμῶν
2827 5120 3032 5192 Ἰησοῦς
3077 5122 3309 5191 Χριστὸς
3345 5123 3444 5193 τὴν
3483 5127 3756 5197 ἡμετέραν

2181 5207 2318 5279 ἔχων
2353 5210 2533 5278 φύσιν,
2582 5211 2642 5263 ού
2678 5212 2819 5289 κατά
2861 5213 3039 5268 πάντα
3093 5214 3204 5278 ἴσος
3249 5217 3380 5285 ἡμῖν
3433 5217 3751 5286 ἐτύγχανεν·

2180 5299 2442 5367 ἐγεννήθη
2478 5299 2578 5368 μὲν
2612 5301 2716 5369 γὰρ
2744 5302 2808 5354 ἐκ
2838 5304 3093 5370 γυναικὸς
3147 5303 3240 5356 καὶ
3287 5305 3470 5368 αὐτὸς,
3507 5307 3624 5358 ἀλλ’
3663 5309 3755 5378 οὐχ

2180 5387 2380 5457 ὁμοίως
2409 5390 2569 5459 ἡμῖν·
2595 5392 2658 5444 ἐκ
2685 5390 3021 5462 παρθενικῆς
3045 5392 3152 5463 γὰρ
3177 5393 3476 5467 ἐϐλάστησε
3508 5398 3717 5469 μήτρας
3738 5415 3750 5428 ·

2183 5482 2275 5534 καὶ
2313 5482 2515 5545 τέλειος
2569 5484 2666 5553 μὲν
2713 5483 2997 5554 ἄνθρωπος
3044 5481 3111 5554 ἦν
3165 5486 3240 5550 ὡς
3293 5489 3488 5558 ἡμεῖς’
3537 5483 3652 5559 εἶχε
3701 5489 3752 5543 δὲ

2253 5840 2328 5912 (2)
2373 5841 2443 5897 ita
2479 5842 2564 5898 hic
2601 5843 2719 5900 cod.
2753 5850 2808 5898 ut
2846 5843 2895 5898 in
2937 5846 3060 5901 edit.
