3996 6466
228 496 387 555 1833

1419 488 1506 547 DE
1545 483 2078 544 INCARNATIONE
2115 482 2379 547 DQMINI.

3399 471 3541 531 N34

232 615 414 669 πλέον
451 616 582 685 ἡμῖν
625 614 721 669 τοῦ
768 614 903 669 Θεοῦ
947 611 1120 682 Λόγου
1164 610 1266 681 τὴν
1316 608 1589 678 ἐνοίκησίν
1630 624 1689 659 τε
1734 606 1829 659 καὶ

1946 603 2207 673 perfectus
2235 610 2519 671 eramque
2539 613 2603 653 ac
2631 613 2763 659 nos;
2795 596 2889 676 sed
2916 602 3113 666 prteter
3129 607 3243 649 rem
3266 600 3535 653 nostram.

229 709 477 761 ινωσιν·
514 708 610 761 καὶ
641 706 822 775 σάρκα
853 706 951 776 μὲν
983 700 1128 774 εἶχεν
1169 700 1411 771 ἔμψυχόν
1438 716 1499 752 τε
1540 698 1634 751 καὶ
1682 698 1835 766 λογι-

230 800 350 867 κὴν
390 800 471 860 ὡς
516 797 696 869 ἡμεῖς,
730 797 838 850 τῶν
883 797 939 850 δὲ
987 795 1085 866 τῆς
1120 793 1394 865 ἁμαρτίας
1436 791 1536 845 οὐκ
1564 789 1837 860 ’ἠνέσχετο

232 890 567 958 κινημάτων
599 888 791 960 ὥσπερ
821 890 1003 959 ἡμεῖς,
1035 886 1148 941 ἀλλ’
1188 887 1246 939 ἐν
1279 882 1491 953 σώματι
1529 882 1619 950 ὑφ’
1654 883 1835 951 ἀμαρ-

234 996 272 1030 τ
288 980 372 1043 ίας
402 979 814 1049 πολεμουμένῳ,
834 981 933 1048 τὴν
958 979 1058 1049 τῆς
1090 975 1365 1047 ἁμαρτίας
1392 972 1686 1043 τυραννίδα
1706 987 1840 1025 κατ-

238 1070 439 1123 έλυσε·
490 1070 579 1123 διὰ
625 1070 784 1124 τοῦτο
852 1072 910 1124 ἐν
978 1069 1282 1141 ὁμοιώματι
1332 1064 1621 1137 ἀνθρώπου
1684 1062 1839 1132 γενό-

245 1177 431 1230 μενος,
468 1163 562 1214 καὶ
612 1163 852 1232 σχήματι
884 1160 1125 1234 εὑρεθεὶς
1175 1160 1252 1223 ὼς
1305 1158 1612 1229 ἄνθρωπος,
1646 1155 1839 1209 ἐαυτὺν

238 1251 635 1312 ἐταπείνωσεν,
670 1253 957 1323 γενόμενος
992 1252 1233 1323 ὑπήκοος
1266 1250 1429 1320 μέχρι
1462 1248 1716 1311 θανάτου,
1742 1247 1839 1300 θα-

237 1343 412 1397 νάτου
442 1343 497 1396 δὲ
526 1341 759 1412 σταυροῦ
782 1357 795 1371 θ
844 1342 937 1395 καὶ
964 1342 1095 1397 αὐτὸ
1125 1340 1183 1395 δὲ
1226 1340 1285 1395 τὸ
1321 1340 1493 1410 δνομα
1527 1340 1627 1410 τῆς
1656 1356 1841 1394 ταπει-

250 1431 469 1495 νώσεως
514 1431 665 1503 δηλοῖ
704 1432 802 1501 τὴν
845 1432 943 1500 τῆς
986 1433 1247 1503 ταπεινῆς
1284 1430 1559 1501 ἀνάληψιν
1601 1430 1835 1500 φύσεως.

255 1523 464 1587 Ἀλλως
504 1541 561 1577 τε
590 1525 718 1592 περὶ
750 1523 844 1576 τοῦ
876 1525 934 1576 ἐν
966 1527 1148 1595 μορφῇ
1183 1522 1320 1578 Θεοῦ
1350 1523 1687 1594 ὑπάρχοντος
1719 1522 1837 1575 δια-

246 1614 561 1684 λεγόμενος,
612 1616 926 1685 ἐπήγαγεν·
984 1632 1003 1666 ι
1064 1615 1151 1668 Ἑν
1181 1612 1489 1684 ὁμοιώματι
1536 1612 1838 1683 ἀνθρώπων

250 1703 561 1772 γενόμενος,
594 1703 688 1755 καὶ
735 1705 974 1772 σχήματι
1022 1703 1266 1773 εὑρεθεὶς
1320 1703 1397 1765 ώς
1444 1701 1752 1774 ἄνθρωπος,
1813 1722 1833 1755 ι

249 1791 516 1845 δῶάσκων
546 1793 628 1845 ὅτι
675 1794 704 1845 ὁ
733 1792 1026 1862 ἀσώματος
1065 1791 1201 1846 Θεοῦ
1232 1792 1425 1861 Λόγος.
1446 1794 1523 1856 ὡς
1552 1792 1839 1864 ἄνθρωπος

251 1879 427 1951 ὢοθη,
451 1881 615 1949 φύσιν
645 1881 993 1952 ἀνθρωπείαν
1022 1881 1310 1936 ἀναλαϐών
1329 1900 1342 1912 ·
1378 1880 1460 1934 διὸ
1499 1883 1593 1936 καὶ
1624 1883 1685 1935 τὺ
1714 1903 1731 1932 ι
1762 1884 1838 1947 ὡς

249 1971 532 2041 ἄνθρωπος
571 1991 587 2020 ι
623 1972 888 2037 τέθεικεν,
911 1973 1001 2026 ἵνα
1031 1973 1107 2043 μὴ
1130 1974 1340 2044 τροπήν
1363 1990 1484 2026 τινα
1510 1973 1838 2043 γεγενῆσθαι
1873 1958 1913 2011 Β

249 2062 562 2133 νομίσωμεν
587 2063 685 2116 τοῦ
714 2065 947 2135 ἀοράτου
991 2065 1150 2130 Θεοῦ,
1183 2066 1320 2119 ἀλλά
1355 2065 1737 2137 πιστεύσωμεν
1757 2068 1839 2121 ὅτι

250 2154 428 2225 σάρκα
461 2155 646 2209 λαϐὼν
674 2155 917 2227 ἔμψυχόν
958 2174 1018 2210 τε
1058 2157 1154 2211 καὶ
1189 2157 1436 2230 λογικὴν,
1484 2158 1618 2223 Θεὸς
1662 2157 1739 2213 ὢν
1782 2161 1850 2212 ἐν

247 2243 559 2314 ὁμοιώματι
596 2244 889 2317 ἀνθρώπου
938 2247 1175 2316 ἐγένετο,
1224 2249 1317 2302 καὶ
1362 2249 1604 2320 σχήματι
1640 2248 1840 2320 εὑρέθη

246 2333 325 2397 ὡς
361 2335 684 2407 ἄνθρωπος·
726 2336 900 2402 οὕτως
946 2339 975 2391 ὁ
1022 2338 1198 2409 μέγας
1236 2338 1337 2411 τῆς
1374 2340 1657 2404 εὐσεϐείας
1708 2356 1843 2413 προ-

247 2429 579 2493 αγωνιστὴς,
610 2431 639 2480 ὁ
672 2429 944 2500 μακάριος
977 2430 1121 2499 λέγω
1148 2430 1382 2496 Παῦλος,
1401 2432 1470 2485 τά
1495 2432 1717 2486 ποικίλα
1746 2433 1842 2485 καὶ

246 2514 480 2586 διάφορα
534 2518 646 2571 τῶν
702 2520 996 2589 αίρετικῶν
1047 2519 1312 2573 κατέλυσε
1362 2520 1627 2590 στόματα.
1696 2519 1842 2574 Ἀλλ’

247 2608 490 2662 ἐνταῦθα
526 2611 627 2680 μέν
674 2612 819 2682 ἡμᾶς
852 2614 879 2665 ὁ
912 2613 1085 2679 Λόγος
1112 2615 1451 2685 παρήνεγκε,
1484 2614 1586 2685 τὴν
1619 2614 1730 2669 τῶν
1759 2617 1842 2667 ai-

248 2699 485 2769 ρετικῶν
515 2701 755 2771 ἐλέγχων
785 2702 1208 2772 ἐμϐροντησίαν,
1241 2704 1336 2756 καὶ
1365 2704 1502 2775 δῆλα
1532 2706 1704 2758 ποιῶν
1729 2708 1841 2771 τοῖς

242 2790 537 2862 τροφίμοις
568 2794 669 2863 τῆς
699 2792 981 2857 εὐσεϐείας
1018 2796 1113 2865 τῆς
1151 2796 1410 2867 ἀληθείας
1458 2798 1529 2851 τὰ
1570 2798 1836 2867 δόγματα.

260 2882 591 2954 Ἀναχωρετν
624 2878 740 2944 οὖν,
768 2882 892 2936 ὅθεν
931 2885 1146 2957 ἐξέϐην,
1181 2890 1392 2959 καιρός.

248 3038 353 3097 IA'.
402 3041 572 3106 Τίνος
600 3041 777 3110 χάριν
806 3041 921 3112 τὴν
966 3043 1346 3110 ἀνθρωπίνην
1383 3044 1580 3112 φύσιν
1626 3047 1659 3099 ό
1696 3046 1843 3112 Θεὸς

781 3111 1037 3165 ἀνέλαϐε
1071 3115 1283 3181 Λόγος.

318 3221 512 3275 Τοίνυν
561 3222 661 3294 τὴν
699 3223 975 3294 ἡμετέραν
1008 3224 1170 3292 φύσιν
1206 3226 1234 3278 ὁ
1269 3225 1511 3296 Ποιητὴς
1560 3229 1839 3297 οἰκτείρας

1940 696 2128 749 habuit
2149 694 2314 749 etiam
2352 692 2523 747 Deum
2552 688 2791 743 Verbum
2831 685 3001 758 διδ
3027 702 3099 738 ιιι.
3141 682 3456 737 inhabitans
3482 688 3541 735 et

1938 786 2172 841 unitum.
2225 785 2463 841 Carnem
2519 781 2710 837 habuit
2751 780 3053 833 anitnatam
3106 784 3161 831 et
3212 774 3537 828 rationalem

1940 879 2015 932 uti
2047 893 2170 942 nos,
2199 886 2256 931 at
2304 874 2510 945 peccati
2569 872 2967 929 commotiones
3012 884 3119 924 non
3154 883 3310 939 aeque
3339 882 3405 921 ac
3439 880 3540 919 nos

1940 978 2203 1039 expertus
2222 978 2351 1033 est;
2388 968 2481 1022 sed
2525 966 2580 1020 in
2633 977 2869 1032 corpore
2916 962 3058 1032 quod
3117 968 3348 1031 peccato
3399 956 3539 1012 solet

1939 1078 2061 1119 esse
2136 1059 2455 1125 obnoxium,
2528 1058 2737 1127 peccati
2808 1053 3152 1127 tyrannidem
3222 1048 3537 1107 debellavit.

1941 1155 2235 1227 Pmpterea
2276 1154 2328 1207 in
2381 1150 2792 1208 similitudinem
2826 1147 3066 1203 hominis
3115 1143 3316 1208 factus,
3347 1152 3403 1197 et
3436 1142 3538 1196 ha-

1940 1245 2057 1301 bitu
2114 1245 2369 1299 inventus
2403 1253 2462 1296 ttt
2512 1242 2698 1301 homo,
2747 1248 2924 1293 semet
2981 1233 3310 1298 humiliavit,
3362 1232 3541 1287 factus

1940 1333 2200 1389 obediens
2250 1346 2425 1401 usque
2456 1332 2522 1385 ad
2577 1339 2833 1392 mortem,
2896 1336 3128 1381 mortem
3171 1333 3354 1378 autem
3412 1336 3541 1376 cru-

1940 1423 2022 1478 cis
2042 1421 2158 1475 ⁹·¹⁶.
2211 1421 2279 1476 Et
2311 1420 2524 1490 quidem
2566 1419 2741 1488 ipsum
2789 1414 3184 1470 humiliationis
3214 1410 3538 1466 vocabulum

1941 1516 2279 1569 demonstrat
2317 1508 2538 1565 humilis
2578 1518 2786 1563 natural
2807 1504 3261 1573 assumptiouem.
3304 1500 3541 1556 Aliunde

1940 1607 2127 1671 etiam,
2169 1605 2237 1660 de
2265 1619 2331 1660 eo
2351 1604 2441 1674 qui
2476 1604 2528 1657 in
2555 1603 2727 1657 forma
2768 1600 2858 1656 Dei
2895 1610 3014 1656 erat
3049 1599 3355 1667 disserens,
3386 1593 3542 1650 addi-

1941 1699 2019 1752 dit
2053 1714 2069 1751 :
2108 1715 2127 1749 t
2160 1696 2217 1751 In
2244 1695 2655 1751 similitudinem
2680 1693 2963 1747 hominum
3017 1690 3219 1753 factus,
3260 1696 3314 1743 et
3347 1686 3538 1742 habitu

1943 1788 2196 1841 inventus
2248 1796 2307 1840 ut
2365 1786 2582 1849 homo;
2648 1803 2666 1836 ι
2725 1784 2933 1838 docens
2984 1782 3366 1849 incorporeum
3446 1776 3541 1832 Dei

1945 1879 2180 1935 Verbum
2232 1879 2307 1934 uti
2361 1879 2635 1934 hominem
2666 1876 3013 1947 apparuisse,
3054 1875 3290 1927 humana
3332 1870 3543 1927 scilicet

1944 1983 2220 2042 assumpta
2258 1983 2475 2027 natura.
2508 1969 2635 2025 ldeo
2662 1980 2714 2023 et
2741 1970 2879 2024 dixit
2915 1986 2935 2019 ι
2972 1978 3031 2021 ιιι
3055 1966 3239 2033 homo,
3276 1983 3296 2018 ι
3329 1979 3396 2019 ne
3423 1979 3542 2017 mn-

1945 2062 2207 2118 tatiooem
2274 2060 2511 2133 aliquant
2566 2061 2769 2115 factam
2826 2058 3208 2113 existimemus
3256 2054 3544 2122 invisibilis

1943 2154 2063 2221 Dei,
2110 2155 2207 2211 sed
2254 2154 2547 2210 credamus
2575 2153 2778 2221 potius,
2830 2151 3007 2220 ipsum
3047 2164 3216 2205 carne
3264 2154 3542 2214 assumpta

1944 2248 2180 2303 animata
2230 2262 2296 2302 ac
2333 2246 2611 2308 rationali,
2643 2260 2766 2301 cum
2816 2245 2961 2302 Deus
3000 2252 3169 2307 esset,
3204 2242 3259 2297 in
3285 2241 3547 2298 similitu-

1943 2344 2127 2397 dinem
2155 2322 2392 2396 hominis
2427 2338 2654 2405 lactum,
2702 2347 2759 2394 et
2801 2338 2997 2413 habitu
3033 2338 3313 2393 inventum
3351 2346 3413 2389 ut
3446 2337 3545 2390 bo-

1944 2435 2167 2491 minem.
2203 2430 2295 2487 Sic
2330 2444 2560 2503 magnus
2596 2440 2761 2485 rectae
2786 2429 2910 2485 fidei
2949 2438 3347 2501 propugnator,
3406 2428 3543 2483 bea-

1947 2534 2049 2589 tus,
2077 2525 2323 2595 inquam,
2355 2520 2574 2589 Paulus,
2599 2521 2817 2577 diversa
2849 2536 2916 2578 ac
2951 2521 3103 2575 varia
3154 2520 3540 2574 hmreticorum

1943 2630 2038 2670 ora
2070 2614 2375 2684 dissipavit.
2400 2613 2509 2669 Sed
2536 2610 2908 2681 ulteriusjam
2934 2627 3033 2667 nos
3064 2611 3325 2682 provexit
3357 2623 3546 2665 sermo

1946 2715 2153 2767 nostet,
2209 2704 2339 2759 dum
2396 2704 2783 2761 haereticorum
2828 2704 3114 2760 vesaniam
3170 2702 3442 2774 coarguit,
3491 2710 3548 2756 et

1947 2808 2111 2853 recta:
2137 2797 2261 2852 lidei
2305 2797 2541 2853 alumnis
2569 2800 2823 2867 dogmata
2857 2796 3108 2851 veritatis
3132 2796 3343 2866 pandit.
3404 2794 3550 2864 Ergo

1940 2890 2052 2959 jam
2086 2900 2297 2959 tempus
2325 2899 2410 2944 est
2440 2889 2588 2958 illuc,
2625 2888 2769 2944 unde
2788 2888 3170 2954 discessimus,
3206 2886 3544 2944 revertendi.

1945 3042 2037 3097 XI.
2076 3040 2244 3110 Cujus
2273 3058 2350 3095 ret
2384 3041 2559 3111 gratia
2600 3043 2890 3093 humanam
2921 3046 3173 3094 naturam
3218 3037 3362 3092 Deus
3420 3032 3549 3090 Ver-

2474 3113 2595 3165 bum
2636 3111 3002 3179 assumpsert'l.

2043 3225 2213 3297 Igitur
2279 3236 2530 3279 naturam
2600 3230 2845 3276 nostram
2904 3220 3132 3276 Creator
3191 3219 3465 3271 miserans
3514 3231 3545 3270 a

241 3312 351 3367 ὑπὸ
371 3313 467 3368 τοῦ
498 3315 741 3386 Πονηροῦ
770 3316 1205 3388 πολεμουμένην,
1234 3318 1329 3371 καὶ
1357 3322 1471 3381 τοῖς
1490 3324 1708 3391 πικροῖς
1736 3322 1838 3391 τῆς

1946 3319 2088 3373 malo
2114 3317 2366 3371 daemone
2396 3324 2791 3385 oppugnatam,
2816 3324 2874 3367 et
2906 3312 3125 3367 acerbis
3150 3309 3363 3382 peccati
3383 3307 3547 3379 sagit.

244 3408 527 3479 ἁμαρτίας
557 3409 735 3479 βέλεσι
770 3409 1127 3482 βαλλομένην,
1177 3413 1273 3465 καὶ
1304 3412 1383 3483 τῷ
1418 3412 1632 3483 θανάτῳ
1660 3432 1843 3485 παρα·

242 3501 633 3571 πεμπομένην,
674 3500 945 3572 ἐπαμύνει
982 3505 1047 3574 τῇ
1100 3504 1291 3569 εἰκόνι,
1346 3504 1442 3558 καὶ
1492 3505 1620 3567 τοὺς
1675 3505 1840 3559 πολε-

242 3593 482 3663 μοῦντας
512 3594 969 3661 καταγωνίζεται,
1002 3596 1062 3648 οὐ
1104 3599 1284 3668 γυμνῇ
1334 3598 1402 3668 τῇ
1444 3596 1672 3666 δυνάμει
1702 3616 1839 3669 χρη-

243 3684 480 3751 σάμενος
508 3686 574 3754 τῇ
607 3684 843 3749 θεότητι,
891 3684 1013 3737 οὐδὲ
1052 3688 1118 3755 τῇ
1161 3684 1383 3754 ἐξουσίᾳ
1422 3685 1527 3754 τῆς
1562 3684 1841 3755 βασιλείας

242 3770 600 3840 καταπλήξας
617 3774 743 3835 τοὺς
770 3773 1118 3837 ἀντιπάλους,
1145 3775 1246 3827 οὐκ
1278 3774 1547 3842 ἀγγέλους
1579 3776 1840 3844 στρατεύ·

241 3879 363 3925 σας,
396 3863 519 3915 οὐδὲ
558 3864 684 3926 τοὺς
726 3862 1098 3934 ἀρχαγγέλους
1148 3866 1229 3928 είς
1269 3864 1589 3935 συμμαχίαν
1634 3864 1837 3930 λαϐὼν,

237 3955 362 4008 οὐδὲ
425 3956 725 4025 κεραυνοὺς
778 3955 810 4026 ἦ
860 3956 1185 4026 πρηστῆρας
1234 3956 1377 4010 κατά
1425 3958 1535 4010 τῶν
1580 3959 1838 4011 ἐναντίων

236 4048 487 4111 ὁπλίσας,
532 4048 653 4101 οὐδὲ
705 4048 844 4117 μετά
892 4049 1001 4101 τῶν
1057 4048 1322 4119 χερουϐὶμ
1368 4050 1557 4119 φανεὶς
1605 4051 1698 4103 ἐπὶ
1740 4054 1840 4121 τῆς

237 4141 469 4209 ἠπείρου
518 4141 613 4193 καὶ
662 4141 772 4192 τῶν
819 4142 1110 4213 ἡμετέρων
1165 4142 1457 4195 ἀντιδίκων
1504 4142 1839 4207 δικαστικῶς

237 4230 764 4300 καταψηφισάμενος
808 4231 955 4304 [cod.
1019 4232 1282 4289 mendose
1326 4234 1833 4307 καταψησάμενος1.

235 4319 350 4371 ἀλλ’
393 4316 476 4383 εἷς
502 4320 612 4374 τῶν
642 4322 962 4376 ὑπευθύνων
1010 4324 1104 4376 καὶ
1152 4324 1582 4395 πολεμουμένων
1618 4326 1837 4395 γινόμε-

234 4427 346 4473 νος,
379 4411 474 4463 καὶ
506 4413 867 4483 κατακρύψας
894 4414 955 4466 τὸ
989 4415 1402 4485 μεγαλοπρεπὲς
1448 4416 1545 4485 τῆς
1582 4416 1836 4487 θεότητος

235 4506 302 4571 τῇ
356 4502 601 4573 εὐτελείᾳ
648 4506 747 4573 τῆς
798 4504 1243 4576 ἀνθρωπότητος,
1290 4506 1381 4557 καὶ
1426 4505 1517 4558 τὸν
1555 4507 1835 4578 ὁρώμενον

232 4593 523 4665 ἄνθρωπον
556 4597 635 4659 εἰς
669 4597 847 4667 πάλην
878 4597 1127 4666 ἀλείψας,
1163 4600 1257 4651 καὶ
1286 4602 1590 4671 νικήσαντα
1637 4618 1837 4671 στεφα-

232 4684 413 4748 νώσας
435 4701 447 4715 ·
482 4687 577 4740 καὶ
607 4687 861 4741 παιδόθεν
895 4689 993 4759 μὲν
1038 4690 1137 4760 τὴν
1165 4690 1367 4761 ἀρετὴν
1395 4692 1701 4757 ἐκδιδάξας.
1745 4695 1838 4747 καὶ

242 4778 589 4851 δικαιοσύνης
619 4781 698 4842 είς
728 4781 1030 4851 ἀκρότατον
1072 4782 1315 4851 ἀγαγὼν,
1350 4784 1620 4856 ἀήττητον
1661 4786 1717 4839 δὲ
1742 4804 1839 4855 φυ-

1946 3413 2014 3467 tis
2035 3409 2403 3473 vulneratam,
2428 3407 2704 3475 mortique
2729 3405 3029 3467 addictam,
3076 3401 3354 3472 propriam
3400 3398 3547 3454 ultus

1942 3508 2025 3553 est
2076 3500 2393 3570 imaginem,
2430 3498 2732 3565 hostesque
2784 3493 3142 3567 propulsavit,
3207 3491 3355 3547 haud
3411 3490 3547 3546 solis

1941 3589 2164 3645 deitatis
2210 3591 2417 3646 viribus
2474 3599 2667 3653 utens,
2706 3602 2883 3655 neque
2940 3584 3245 3657 majestatis
3298 3581 3545 3652 potentia

1943 3683 2334 3739 colluctatores
2399 3680 2717 3751 proﬂigatis,
2798 3695 2904 3734 non
2978 3678 3299 3746 angelorum
3366 3676 3543 3731 aciem

1944 3772 2244 3833 instruens,
2272 3784 2451 3838 neque
2479 3768 2840 3840 archangelos
2880 3759 3183 3821 auriiliares
3227 3779 3543 3829 assumens,

1944 3878 2051 3917 non
2088 3860 2313 3915 fulmina
2350 3871 2446 3914 aut
2480 3862 2727 3916 turbines
2758 3872 2950 3915 contra
2994 3860 3249 3915 inimicos
3292 3872 3545 3921 armatis,

1941 3967 2120 4022 neque
2137 3968 2262 4007 cum
2306 3952 2622 4007 cherubinis
2648 3954 2701 4007 iu
2731 3962 2875 4007 terra
2900 3966 3168 4021 apparens
3195 3949 3546 4005 adversarios

1941 4060 2039 4113 pro
2072 4044 2328 4099 tribunali
2374 4045 2748 4099 condemnans
2792 4044 2936 4109 ;sed
2996 4054 3254 4113 tanquam
3309 4057 3451 4096 unus
3477 4043 3546 4097 de

1941 4137 2050 4191 reis
2076 4139 2517 4208 oppugnatisque
2538 4136 2741 4204 factus,
2796 4137 3129 4206 deitatisque
3183 4135 3546 4205 magniﬁcen-

1943 4228 2069 4283 tiam
2101 4228 2311 4283 vilitate
2349 4229 2707 4284 humanitatis
2754 4229 2960 4294 celaus,
3025 4227 3197 4299 816
3229 4244 3301 4281 οι.
3352 4226 3543 4281 visibi-

1939 4320 2043 4376 lem
2069 4321 2341 4375 hominem
2380 4322 2445 4374 ad
2479 4337 2718 4392 pugnam
2750 4320 3154 4387 corroboravit,
3174 4322 3241 4374 'et
3272 4321 3536 4374 victorem

1940 4414 2226 4469 coronavit
2267 4412 2495 4480 :etjam
2527 4413 2657 4467 inde
2692 4429 2719 4466 a
2756 4413 2939 4483 pueris
2988 4411 3249 4467 virtutem
3297 4412 3541 4471 edocuit.

1943 4515 2108 4574 atque
2140 4504 2206 4560 ad
2244 4504 2478 4573 iustitia:
2507 4505 2725 4559 culmen
2771 4503 3043 4572 provexit,
3096 4502 3363 4556 invictum
3423 4515 3542 4554 ser-

1941 4614 2094 4663 vans,
2132 4610 2186 4653 ct
2216 4598 2423 4669 peccati
2460 4597 2584 4652 telis
2618 4599 2941 4661 immunem,
2972 4629 2986 4642 .
3016 4595 3344 4664 permittens
3378 4594 3540 4648 simul

1946 4702 2005 4748 ut
2070 4693 2233 4747 morti
2305 4692 2713 4755 succumberet,
2770 4704 2879 4759 quo
2938 4688 3147 4758 peccati
3218 4686 3543 4754 iniustitiam

1949 4793 2295 4855 coargueret,
2324 4791 2380 4838 et
2428 4785 2624 4837 mortis
2659 4778 2961 4849 potentiam
2996 4778 3326 4833 destrueret.

234 4868 421 4936 λάξας,
469 4871 562 4923 καὶ
620 4872 729 4925 τῶν
773 4872 945 4943 βελῶν
983 4876 1082 4945 τῆς
1144 4876 1418 4947 ἁμαρτίας
1483 4878 1789 4949 ἐλεύθερον,
1844 4882 2209 4951 συγχωρήσας
2253 4875 2312 4930 δέ
2360 4875 2512 4946 ὅμως
2556 4874 2664 4928 ὑπὸ
2718 4872 2952 4927 θάνατον
3003 4870 3280 4939 γενέσθαι,
3325 4870 3411 4924 ἵνα
3446 4868 3545 4941 τῆς

158 5035 185 5065 ι
234 4961 508 5034 ἁμαρτίας
542 4963 640 5034 τὴν
714 4965 929 5019 ἀδικίαν
995 4966 1231 5040 ἐλέγξῃ,
1300 4955 1545 5024 κα“ι’τοῦ
1613 4972 1846 5027 Θανάτου
1876 4971 2189 5059 ’καταλύσῃ
2251 4970 2312 5023 τὸ
2358 4971 2576 5041 κράτος.

301 5110 365 5164 Εί
398 5111 509 5181 γὰρ
534 5110 645 5164 τῶν
675 5112 783 5165 ὑπὸ
813 5113 914 5183 τὴν
944 5114 1222 5185 ἁμαρτίαν
1256 5119 1642 5189 γεγενημένων
1673 5121 1701 5173 ὁ
1735 5120 1830 5175 θά-

229 5220 390 5268 νατος
423 5205 718 5275 ἐπιτίμιον,
744 5208 772 5259 ὁ
796 5205 1003 5276 ταύτης
1025 5208 1448 5279 ἀπηλλαγμένος
1482 5212 1825 5276 παντάπασι,

2012 5119 2145 5174 Nam
2192 5117 2237 5174 si
2278 5126 2465 5172 eorum
2518 5116 2607 5186 qui
2656 5123 2883 5185 peccato
2938 5112 3343 5168 succubuerunt
3380 5123 3541 5180 pcena

1940 5228 2088 5267 mors
2136 5222 2240 5278 est,
2294 5212 2340 5266 is
2391 5214 2481 5278 qui
2534 5220 2759 5279 peccato
2808 5222 3035 5277 prorsus
3083 5204 3259 5259 fuerat
3310 5203 3543 5265 alienus,

226 5294 470 5384 δηλονότι
506 5294 653 5365 ζωῆς
698 5297 1017 5361 ἀπολαύειν,
1059 5300 1172 5353 ἀλλ’
1210 5301 1271 5353 οὐ
1323 5301 1580 5384 θανάτου,
1625 5302 1831 5369 δίκαιος

1946 5307 2051 5359 vita
2102 5305 2318 5360 scilicet
2369 5302 2516 5368 frui,
2562 5318 2667 5356 non
2726 5308 2959 5356 mortem
3007 5299 3117 5369 pati
3162 5299 3357 5369 dignus
3402 5307 3543 5351 erat.

227 5380 330 5457 ἦν·
364 5386 545 5440 τοίνυν
584 5388 876 5469 ἡττηθεῖσα
924 5391 957 5459 ἡ
999 5390 1280 5461 ἁμαρτία,
1324 5380 1417 5444 καὶ
1464 5392 1555 5445 τὸν
1601 5394 1830 5464 νικητην

1946 5397 2111 5452 Porro
2136 5398 2344 5451 victum
2379 5404 2664 5465 peccatum
2722 5409 2844 5447 cum
2880 5394 3058 5463 ipsum
3087 5392 3349 5447 victorem
3381 5391 3542 5443 morti

234 5480 613 5551 κατακρίνασα
657 5479 911 5553 θανάτῳ,
954 5483 1049 5536 καὶ
1097 5482 1196 5553 τὴν
1244 5482 1415 5555 αὐτὴν
1468 5484 1832 5553 ἐξενεγκοῦσα

1946 5490 2257 5554 tddixisset,
2285 5487 2644 5557 eamdemque
2661 5488 2927 5539 adversus
2956 5483 3353 5539 dominatorem
3379 5496 3539 5536 suum

232 5572 377 5626 κατά
403 5571 501 5627 τοῦ
531 5574 879 5645 νενικηκότος
907 5573 1108 5645 ψῆφον,
1141 5577 1207 5647 ἢν
1234 5577 1323 5631 ἀεὶ
1354 5577 1497 5631 κατὰ
1520 5577 1631 5630 τῶν
1655 5580 1831 5647 ἡττω-

1946 5580 2260 5637 teutentiam
2292 5578 2525 5645 tulisset,
2561 5592 2726 5648 quam
2754 5587 3019 5647 perpetuo
3051 5585 3244 5630 contra
3286 5573 3542 5629 subditos

232 5665 419 5737 μένων
440 5666 717 5738 ἐξέφερεν,
745 5666 1007 5721 ἀδικοῦσα
1042 5670 1201 5725 ἐάλω.
1224 5672 1402 5743 Μέχρι
1434 5670 1535 5742 μὲν
1557 5672 1672 5742 γὰρ
1701 5672 1828 5733 τοὺς

1946 5687 2060 5728 suos
2110 5672 2441 5734 exercebat,
2498 5668 2700 5737 injuste
2748 5682 2915 5739 agere
2966 5667 3371 5735 deprehensum
3431 5672 3538 5718 est.

230 5756 504 5859 ὑπηκρους
532 5759 610 5830 τῷ
635 5760 851 5830 θανάτῳ
877 5762 1261 5835 παρέπεμπεν,
1286 5764 1361 5828 ὡς
1381 5765 1565 5821 δίκαια
1600 5762 1828 5818 ποιοῦσα

1946 5764 2065 5821 Nam
2100 5764 2340 5835 quandiu
2379 5773 2662 5835 peccatum
2700 5760 2946 5818 subditos
3006 5775 3137 5817 suos
3178 5768 3353 5816 morte
3395 5755 3541 5813 mul-

428 5941 655 6014 Philipp.
698 5959 757 6007 u.
790 5945 843 6011 τ,
883 5945 933 6000 s.
