3996 6460
530 429 669 487 Ηδδ

1514 425 1570 480 s.
1600 420 1873 480 CYRlLLl
1906 383 2371 473 ALEXA-NDRINI
2412 419 2730 474 ARClllEP.

3637 421 3772 476 I436

533 547 701 611 tabat,
742 562 839 602 ceu
869 547 990 616 iure
1026 549 1079 601 id
1110 562 1275 617 agens
1302 561 1405 601 non
1439 548 1857 615 prohibebatur:
1881 546 1973 598 sed
2005 545 2089 596 ubi

2217 545 2553 611 ιυνεχωρεῐτο
2581 543 2737 596 τοῦτο
2779 546 2949 597 ποιεῖν
2971 562 2983 574 ·
3018 545 3211 618 ἐπειδὴ
3247 547 3303 599 δὲ
3336 545 3425 599 τὸν
3469 545 3649 599 ἀθῶον
3683 545 3769 597 καὶ

533 638 874 691 innocentem
912 647 968 690 et
1005 636 1200 691 nullius
1235 637 1406 707 culpae
1440 652 1611 700 reum,
1647 637 1754 689 imo
1781 636 2016 705 praemiis
2045 645 2096 688 et

534 729 763 780 summis
813 726 1063 781 laudibus
1114 728 1358 796 dignum,
1419 729 1589 781 eidem
1642 742 1814 795 pmua:
1872 726 2093 787 addixit,

535 817 842 870 necessario
882 816 1133 885 posthinc
1186 827 1367 888 utpote
1413 819 1668 886 injustum
1714 818 1952 885 potentia
2000 832 2096 870 sua

534 906 810 972 depulsum
862 907 983 959 fuit.
1036 907 1211 975 Atque
1268 908 1368 962 hoc
1425 908 1621 961 docens
1667 906 1855 960 beatus
1905 907 2099 961 Paulus

533 996 753 1059 aiebat:
790 1017 807 1049 ι
838 998 991 1064 Quod
1046 1008 1161 1052 erat
1216 998 1547 1067 impossibile
1581 999 1707 1068 legi,
1756 999 1807 1051 in
1855 1014 1961 1067 quo
2007 1014 2100 1067 per

534 1104 751 1142 carnem
784 1090 1180 1164 inllrmabatur,
1218 1093 1357 1145 Deus
1390 1090 1583 1146 Filium
1606 1106 1761 1145 suum
1796 1092 2015 1144 mittens
2046 1091 2097 1143 iu

538 1179 941 1234 similitudinem
968 1183 1148 1233 carnis
1164 1182 1387 1250 peccati,
1419 1192 1471 1233 et
1496 1197 1592 1250 pro
1612 1189 1853 1250 peccato,
1877 1180 2099 1235 damna-

538 1270 614 1324 vit
642 1272 691 1323 in
732 1286 898 1325 carne
930 1282 1230 1339 peccatum,
1266 1282 1322 1325 ut
1346 1272 1664 1339 justilicatio
1695 1272 1827 1340 legis
1853 1273 2101 1343 implere-

536 1372 624 1416 tur
658 1364 707 1415 itt
731 1364 1005 1431 nohis,qui
1035 1380 1136 1417 non
1159 1366 1457 1420 secundum
1489 1380 1707 1427 carnem
1733 1367 2095 1429 ambulamus,

535 1454 626 1507 sed
661 1456 952 1508 secundum
995 1457 1240 1523 spiritum
1267 1458 1331 1510 ¹¹.
1370 1470 1389 1510 t’

605 1545 758 1611 Quod
797 1561 922 1601 vero
952 1548 1045 1612 ait,
1083 1548 1183 1600 hoc
1214 1556 1295 1601 est
1329 1563 1342 1601 :
1379 1548 1586 1615 Seopus
1619 1547 1752 1617 legis
1782 1557 1897 1601 erat
1927 1550 2096 1603 homi-

536 1649 663 1687 nutn
707 1646 949 1688 naturam
991 1636 1289 1704 juSIilicare
1319 1655 1331 1689 :
1361 1638 1503 1691 haud
1560 1648 1734 1691 tamen
1772 1639 1822 1691 id
1867 1648 2097 1707 poterat,

511 1740 643 1779 'tton
677 1730 907 1795 propria;
939 1727 1269 1782 inlirntitatis
1295 1744 1479 1795 causa,
1508 1730 1599 1783 sed
1634 1740 1852 1799 prOpter
1880 1732 2101 1785 audien-

538 1818 668 1881 tium
707 1818 771 1869 ad
804 1808 959 1873 recte.
979 1821 1247 1886 agendum
1274 1820 1536 1890 ignaviam
1570 1837 1583 1874 :
1618 1836 1848 1889 namque
1873 1824 1937 1875 ad
1978 1838 2098 1877 car-

2198 632 2486 685 ἀνεύθυνον
2514 635 2607 687 καὶ
2649 636 2923 703 στεφάνων
2955 638 3049 688 καὶ
3081 639 3441 707 ἁναρῤήσεων
3474 636 3623 701 ἁξιον
3665 638 3772 694 τοῖς

2198 726 2382 789 αὐτοῖς
2419 726 2713 796 ὲπιτιμίοις
2744 728 3063 789 ὑπέϐαλλεν,
3109 728 3424 795 ἀναγκαίως
3480 728 3665 779 λοιπὸν
3701 727 3772 786 ὡς

2198 814 2377 877 ἄδικος
2411 815 2511 882 τῆς
2535 814 2779 879 ἐξουσίας
2812 816 3149 873 ἐκϐάλλεται.
3175 818 3286 872 Καὶ
3316 816 3477 870 τοῦτο
3508 816 3777 869 διδάσκων

2197 907 2225 957 ό
2253 904 2520 976 μακάριος
2568 906 2779 969 Παῦλος
2821 908 3033 975 ἔλεγεν·
3076 927 3094 959 ι
3128 907 3204 961 Τὸ
3256 906 3366 976 γὰρ
3392 906 3655 961 ἀδύνατον
3682 902 3777 956 τοῦ

2200 994 2362 1064 νόμου
2409 998 2465 1048 ἐν
2496 988 2538 1062 ᾧ
2580 994 2792 1064 ἠσθένει
2822 998 2909 1050 διὰ
2940 998 3039 1068 τῆς
3080 998 3284 1067 σαρκὸς
3331 996 3431 1066 (1),
3462 998 3490 1047 ὁ
3523 995 3655 1058 Θεὸς
3686 994 3777 1045 τὸν

2200 1086 2393 1139 ἑαυτοῦ
2438 1088 2561 1141 Υἱὸν
2591 1088 2847 1159 πέμψας,
2897 1092 2953 1142 ὲν
2984 1089 3294 1159 ὁμοιώματι
3343 1088 3548 1157 σαρκὸς
3591 1088 3779 1155 ἁμαρ-

2200 1176 2333 1241 τίας,
2365 1177 2458 1229 καὶ
2490 1179 2616 1248 περὶ
2637 1179 2931 1249 ἁμαρτίας,
2968 1178 3255 1249 κατέκρινε
3283 1177 3385 1247 τὴν
3412 1177 3691 1247 ἁμαρτίαν
3721 1178 3783 1227 ὲν

2198 1271 2264 1339 τῇ
2303 1268 2497 1338 σαρκὶ,
2536 1271 2622 1323 ἵνα
2667 1271 2727 1323 τὸ
2774 1271 3044 1340 δικαίωμα
3073 1270 3168 1323 τοῦ
3210 1270 3376 1340 νόμου
3410 1268 3676 1338 πληρωθῇ
3723 1269 3781 1318 ἐν

2201 1364 2329 1432 ἡμῖν
2358 1365 2470 1423 τοῖς
2510 1363 2582 1432 μὴ
2617 1362 2757 1414 κατὰ
2798 1364 2974 1433 σὰρκα
3013 1360 3431 1430 περιπατοῦσιν,
3466 1361 3602 1413 ἀλλὰ
3637 1360 3781 1411 κατὰ

2201 1457 2437 1526 πνεῦμα.
2480 1476 2496 1507 ι

2278 1550 2342 1600 '0
2384 1549 2439 1599 δὲ
2480 1548 2645 1614 λέγει,
2688 1546 2893 1599 τοιοῦτό
2941 1548 3094 1600 ἐστι·
3128 1546 3361 1608 Σκοπὸς,
3401 1544 3585 1615 φησὶν,
3615 1538 3686 1612 ἦν
3705 1541 3781 1610 τῷ

2203 1639 2349 1708 νόμῳ
2375 1638 2659 1690 δικαιῶσαι
2683 1637 2779 1707 τὴν
2808 1638 2965 1705 φύσιν
2996 1636 3101 1689 τῶν
3131 1635 3437 1707 ἀνθρώπων
3456 1651 3469 1664 '
3503 1634 3785 1695 ἀδυνάτοις

2201 1729 2257 1782 δὲ
2288 1726 2397 1798 εἶχε
2432 1728 2589 1781 τοῦτο
2619 1732 2807 1791 ποιεῖν,
2837 1730 2899 1781 οὺ
2932 1730 3081 1798 παρὰ
3111 1731 3208 1797 τὴν
3236 1727 3444 1780 οἰκείαν
3471 1724 3785 1783 ἀσθένειαν,

2204 1821 2337 1874 ἁλλὰ
2372 1821 2456 1874 διὰ
2495 1823 2593 1891 τὴν
2624 1821 2732 1873 τῶν
2763 1822 3066 1874 ἀκουόντων
3111 1818 3397 1889 ῥᾳστώνην
3419 1835 3432 1847 ·
3465 1814 3787 1888 ὲπιρῥεπῶς

537 1908 620 1961 nis
670 1907 994 1976 voluptatem
1032 1910 1317 1978 proclives,
1365 1912 1740 1966 mandatorum
1785 1913 1914 1983 legis
1951 1914 2103 1968 labo-

2217 1913 2315 1985 γὰρ
2358 1912 2569 1982 ἔχοντες
2610 1912 2736 1982 περὶ
2778 1911 2875 1982 τὴν
2917 1911 3018 1980 τῆς
3058 1910 3261 1981 σαρκὸς
3316 1908 3533 1979 ἡδονὴν,
3584 1908 3787 1977 ἔφυγον

538 2012 653 2051 rem
677 1997 1038 2067 defugiehaut,
1066 2003 1415 2071 corporisque
1442 2002 1887 2058 delectationibus
1921 2006 2106 2060 adhae—

540 2088 749 2143 rebant.
792 2089 1102 2160 Propterea.
1141 2094 1331 2161 inquit,
1376 2094 1695 2149 universalis
1734 2095 1875 2149 Deus
1914 2096 2105 2150 Filium

542 2196 696 2233 suum
751 2182 966 2235 mittens
1009 2184 1059 2233 in
1100 2184 1505 2237 similitudinem
1542 2186 1718 2238 carnis
1748 2188 1974 2255 peccati,
2007 2190 2108 2242 hoc

538 2280 621 2325 est
663 2286 785 2326 cum
822 2273 1053 2326 humana
1092 2275 1304 2341 quidem
1356 2284 1571 2340 natura,
1622 2277 1713 2330 sed
1751 2287 1929 2332 tamen
1975 2294 2105 2346 pec-

539 2372 663 2419 cato
706 2364 901 2428 aliena,
938 2376 989 2417 ct
1043 2380 1138 2435 pro
1172 2377 1412 2435 peccato,
1467 2369 1739 2422 damnavit
1780 2370 1831 2422 in
1863 2366 2101 2440 817m.

542 2469 708 2508 carne
748 2469 1050 2524 peccaturo,
1090 2458 1351 2523 iniustitia
1392 2460 1506 2523 eius
1541 2471 1819 2529 coarguta,
1864 2463 1986 2530 quia
2025 2464 2105 2515 iu-

544 2556 825 2599 noccntem
886 2557 935 2601 et
997 2559 1215 2615 peccato
1274 2550 1497 2603 liberum
1548 2552 1883 2619 peccantium
1949 2568 2105 2621 poena

540 2632 825 2689 aﬁ'ecisset.
868 2634 981 2689 Non
1025 2647 1203 2690 autem
1256 2639 1305 2691 id
1336 2642 1463 2708 egit,
1506 2650 1560 2693 ut
1592 2657 1748 2708 quem
1796 2653 2109 2711 susceperat

544 2725 809 2778 hominem
842 2726 1186 2794 justilicaret,
1230 2731 1321 2783 sed
1361 2740 1436 2792 ut,
1468 2730 1658 2798 inquit,
1684 2731 1814 2798 legis
1838 2733 2107 2801 justiﬁca-

546 2816 619 2870 tio
653 2815 963 2886 impleretur
1000 2822 1047 2871 in
1090 2821 1261 2884 nobis,
1304 2822 1393 2888 qui
1430 2838 1531 2875 non
1565 2826 1856 2876 secundum
1888 2840 2108 2879 carnem

534 2908 905 2977 ambulamus,
956 2911 1047 2962 scd
1101 2914 1393 2965 secundum
1443 2913 1712 2981 spiritum.
1762 2914 2005 2985 Namque
2046 2920 2110 2969 ad

546 2998 853 3053 universam
924 3002 1199 3054 hominum
1264 3012 1509 3056 naturam
1577 3004 1880 3060 Servatoris
1941 3010 2109 3062 nostri

545 3092 866 3145 beneﬁcium
900 3093 1153 3161 pertingit
1190 3113 1202 3147 :
1239 3107 1296 3147 ut
1337 3096 1497 3149 sicuti
1531 3099 1891 3167 prOgcnitoris
1922 3100 2109 3155 Adatni

550 3180 908 3237 maledictioni
944 3188 1481 3249 communicavimus,
1511 3199 1565 3243 et
1595 3192 1774 3245 cuncti
1811 3202 1865 3245 ut
1898 3193 1983 3246 ille
2015 3197 2114 3247 sub

550 3274 741 3329 mortis
766 3275 887 3343 jura
936 3277 1289 3339 devenimus,
1341 3281 1408 3331 itu
1462 3280 1767 3335 Servatoris
1819 3282 2015 3337 Christi
2064 3296 2117 3341 et

551 3364 831 3418 victoriam
873 3380 967 3419 ceu
1013 3380 1247 3421 nostram
1296 3370 1576 3433 faciamus,
1608 3382 1659 3425 et
1692 3374 1915 3442 gloriam
1948 3377 2115 3443 parti-

552 3454 812 3519 cipetnus,
832 3466 882 3510 et
908 3475 1067 3527 regno
1090 3462 1542 3528 congaudeatnus.
1564 3465 1738 3531 Atque
1754 3465 1941 3518 horum
1961 3468 2118 3521 testis

552 3553 637 3598 est
666 3544 855 3599 beatus
884 3547 1077 3601 Paulus
1104 3551 1170 3614 ",
1203 3551 1328 3603 dum
1359 3562 1536 3605 vetera
1568 3554 1725 3605 simul
1758 3566 1811 3606 et
1838 3570 1973 3608 nova
2010 3571 2119 3609 mc-

554 3644 748 3697 tnorat,
782 3647 832 3689 et
860 3638 1096 3705 priorum
1130 3639 1321 3692 fat-tam
1356 3642 1763 3697 dissolutionem
1798 3662 1892 3712 per
1923 3645 2117 3700 Serva-

556 3725 688 3779 toris
718 3728 883 3780 nostri
910 3728 1171 3793 justitiam
1203 3731 1547 3784 demonstrat

560 3947 666 4002 ΧΠ.
713 3947 859 4001 Sicut
890 3950 1079 4003 Adumi
1124 3964 1336 4022 mortem
1366 3955 1817 4022 participavimus,
1858 3959 1930 4009 ita
1963 3960 2116 4011 etiam

1118 4020 1332 4073 Domini
1377 4023 1554 4076 vitam.

636 4152 654 4183 ι
689 4130 819 4185 Nam
849 4133 892 4186 si
922 4147 1103 4195 unms,
1139 4135 1330 4203 inquit,
1369 4136 1517 4205 lapsu
1559 4138 1709 4191 multi
1742 4153 1867 4193 sunt
1900 4144 2116 4207 mortui,

557 4223 723 4276 multo
760 4223 934 4290 magis
956 4226 1127 4292 gratia
1160 4224 1274 4288 Dei,
1300 4235 1354 4281 et
1384 4228 1581 4281 donum
1615 4246 1735 4282 cum
1768 4233 1938 4298 gratia
1965 4235 2120 4286 unius

520 4336 521 4339 η
560 4313 792 4367 hominis
826 4312 951 4368 Jesu
998 4315 1198 4369 Christi
1247 4316 1299 4369 in
1344 4315 1523 4385 plures
1573 4318 1864 4373 abundavit
1893 4322 1953 4374 ιδ.
1988 4341 2005 4373 ›
2059 4325 2121 4378 Et

557 4406 713 4476 paulo
756 4418 872 4474 post
904 4425 918 4465 ι
956 4425 975 4456 ι
1008 4407 1193 4475 Itaque
1246 4408 1384 4462 sicut
1429 4425 1524 4478 per
1564 4412 1720 4465 unius
1770 4414 2020 4471 delictum
2069 4417 2118 4467 iu

555 4510 747 4554 clunes
775 4498 1019 4552 homines
1048 4500 1452 4564 condemnatio,
1479 4500 1550 4553 ita
1584 4513 1637 4554 et
1669 4518 1760 4571 per
1788 4505 1945 4558 unius
1966 4504 2122 4572 justi-

2214 2004 2311 2074 μὲν
2337 2005 2396 2056 τὸ
2441 2005 2548 2056 τῶν
2578 2004 2823 2073 νομίμων
2850 2003 3124 2064 ἐπίπονον,
3175 2003 3294 2063 ταῖς
3322 2001 3377 2052 δὲ
3407 2000 3500 2052 τοῦ
3534 1997 3785 2067 σώματος

2210 2096 2589 2168 προσεχώρουν
2633 2094 2983 2167 ἡδυπαθείαις
3007 2110 3019 2124 '
3047 2092 3133 2145 διὰ
3177 2090 3359 2155 τοῦτο,
3395 2093 3584 2160 φησιν,
3610 2091 3640 2141 ό
3683 2088 3789 2139 τῶν

2209 2187 2344 2239 ὅλων
2388 2187 2519 2247 Θεὸς
2559 2186 2647 2238 τὸν
2698 2185 2891 2238 ἑαυτοῦ
2948 2182 3173 2253 πέμψας
3207 2183 3337 2234 Υἱὸν
3378 2183 3435 2233 ὲν
3479 2179 3789 2250 ὁμοιώματι

2210 2274 2411 2343 σαρκὸς
2447 2273 2743 2343 ἁμαρτίας,
2785 2273 3062 2325 τουτέστιν
3094 2269 3419 2341 ἀνθρωπίνῃ
3465 2269 3563 2338 μὲν
3606 2268 3786 2335 φύσει,

2209 2358 2477 2429 ἁμαρτίας
2502 2358 2556 2410 δὲ
2584 2359 2996 2430 ἀπηλλαγμένῃ,
3030 2359 3122 2410 καὶ
3152 2359 3281 2427 περὶ
3320 2357 3623 2425 ἁμαρτίας,
3659 2373 3788 2408 κατ-

2210 2450 2389 2519 ἐκρινε
2415 2451 2513 2519 τὴν
2541 2448 2809 2519 ἁμαρτίαν
2841 2453 2899 2500 ὲν
2925 2452 2987 2518 τῇ
3022 2450 3203 2517 σαρκὶ,
3230 2448 3455 2516 ἐλέγξας
3488 2448 3660 2516 αὐτῆς
3692 2446 3789 2514 τὴν

2210 2540 2441 2605 ἀδικίαν,
2474 2542 2555 2593 ὅτι
2591 2540 2681 2593 τὸν
2726 2541 3016 2593 ἀνεύθυνον
3051 2541 3143 2592 καὶ
3177 2541 3458 2610 ἁμαρτίας
3505 2539 3790 2608 ἐλεύθερον

2211 2631 2323 2690 τοῖς
2370 2629 2477 2681 τῶν
2521 2630 2857 2699 ἁμαρτωλῶν
2931 2630 3227 2699 ἐπιτιμίοις
3305 2629 3643 2682 ὑπέϐαλλεν·
3698 2632 3789 2697 οὐχ

2210 2720 2297 2772 ἵνα
2348 2721 2403 2772 δὲ
2460 2721 2721 2793 δικαιώσῃ
2767 2723 2825 2774 ὃν
2887 2724 3145 2778 ἁνέλαὸεν
3207 2722 3538 2792 ἄνθρωπον,
3620 2722 3789 2775 ταῦτα

2214 2812 2531 2882 πεποίηκεν,
2578 2812 2691 2864 ἀλλ’
2719 2813 2825 2875 ἵνα,
2868 2814 3023 2882 φησι,
3069 2813 3126 2865 τὺ
3166 2813 3446 2882 δικαίωμα
3480 2814 3579 2866 τοῦ
3627 2815 3788 2883 νόμου

2214 2904 2472 2974 πληρωθῇ
2505 2906 2561 2956 ἐν
2592 2906 2721 2974 ἡμῖν
2748 2907 2861 2967 τοῖς
2890 2906 2963 2976 μὴ
2990 2904 3131 2958 κατὰ
3159 2906 3337 2973 σὰρκα
3370 2907 3788 2977 περιπατοῦσιν,

2214 2995 2348 3047 ἁλλὰ
2383 2996 2521 3048 κατὰ
2561 2995 2796 3064 πνεῦμα.
2840 2998 2962 3048 Ἐπὶ
2996 2996 3103 3066 γὰρ
3151 2998 3334 3049 πᾶσαν
3364 2997 3461 3068 τὴν
3496 2998 3663 3065 φύσιν
3690 3000 3790 3050 τῶν

2214 3086 2515 3155 ἀνθρώπων
2540 3089 2571 3156 ἠ
2597 3087 2687 3139 τοῦ
2714 3088 2962 3158 Σωτῆρος
2987 3090 3142 3158 ἡμῶν
3169 3090 3459 3159 εὐεργεσία
3490 3094 3687 3160 χωρεῖ·
3718 3093 3792 3144 ὅτι

2216 3178 2468 3249 καθάπερ
2501 3178 2578 3248 τῷ
2612 3181 2919 3251 προπάτορι
2956 3181 3159 3251 Ἀδὰμ,
3205 3183 3299 3234 καὶ
3331 3183 3431 3251 τῆς
3463 3183 3609 3252 ἀρᾶς
3653 3185 3795 3235 ὲκοι-

2221 3274 2560 3341 νωνήσαμεν,
2592 3272 2683 3325 καὶ
2710 3274 3012 3342 γεγόναμεν
3050 3274 3285 3335 ἆπαντες
3314 3274 3419 3326 ὑπὸ
3443 3274 3537 3327 τὸν
3570 3276 3795 3329 θάνατον

2222 3362 2407 3431 ὥσπερ
2435 3366 2659 3427 ἐκεῖνος,
2688 3362 2832 3415 οὕτω
2859 3364 2953 3417 τοῦ
2983 3365 3231 3436 Σωτῆρος
3278 3366 3519 3436 Χριστοῦ
3568 3369 3667 3421 καὶ
3702 3368 3796 3439 τὴν

2225 3454 2379 3521 νίκην
2406 3454 2773 3525 οἰκειούμεθα,
2805 3458 2898 3508 καὶ
2928 3457 3025 3525 τῆς
3051 3457 3207 3527 δόξης
3239 3459 3675 3530 συμμεθέξομεν,
3708 3461 3796 3514 καὶ

2226 3543 2325 3612 τῆς
2358 3542 2631 3610 βασιλείας
2660 3544 3188 3613 συναπολαυσόμεθα.
3220 3545 3327 3597 Καὶ
3352 3546 3559 3598 τούτων
3594 3548 3798 3617 μάρτυς

2227 3636 2254 3686 ό
2291 3634 2561 3704 μακάριος
2596 3635 2825 3698 Παῦλος,
2865 3636 2972 3687 τῶν
3017 3653 3074 3689 τε
3108 3637 3355 3705 παλαιῶν
3394 3639 3489 3709 καὶ
3519 3639 3632 3690 τῶν
3666 3639 3799 3691 νέων

2226 3727 2676 3795 ἀναμιμνήσκων,
2697 3728 2793 3778 καὶ
2819 3726 3033 3789 δεικνὺς
3063 3728 3172 3780 τῶν
3205 3730 3489 3801 προτέρων
3522 3730 3679 3784 λύσιν
3713 3748 3798 3800 γε·

2228 3818 2552 3887 γενημένην,
2581 3818 2677 3889 τὴν
2706 3818 2798 3871 τοῦ
2826 3819 3076 3889 Σωτῆρος
3109 3820 3263 3891 ἡμῶν
3291 3822 3663 3895 δικαιοσύνην.

2230 3948 2329 4007 lB'.
2372 3950 2597 4018 Ὥσπερ
2632 3949 2710 4023 τῷ
2757 3950 3078 4023 τοῦᾋδὰμ
3113 3950 3345 4023 ῥαιίάτφ
3392 3953 3798 4023 ἐκοινωνήσα-

2452 4038 2587 4090 per,
2618 4021 2769 4073 οὕτω
2800 4022 2897 4073 καὶ
2931 4020 3005 4088 τῇ
3038 4019 3143 4073 τοῦ
3174 4024 3393 4089 Kvplov
3432 4021 3570 4091 ζωῇ.

2305 4150 2322 4181 ι
2349 4130 2531 4200 Εἱγὰρ
2556 4129 2632 4199 τῷ
2654 4131 2745 4182 τοῦ
2782 4131 2921 4191 ἑνὸς,
2950 4133 3107 4202 φησὶ,
3126 4132 3535 4203 παραπτώματι
3554 4137 3603 4187 oi
3625 4135 3801 4187 πολλοὶ

2228 4222 2520 4282 ἀπέθανον,
2562 4221 2743 4291 πολλῷ
2788 4221 2985 4292 μᾶλλον
3029 4226 3060 4293 ἡ
3108 4224 3265 4293 χάρις
3299 4224 3392 4276 τοῦ
3429 4224 3592 4293 Θεοῦ,
3636 4229 3731 4279 καὶ
3771 4229 3798 4293 ἡ

2228 4317 2403 4386 δωρεὰ
2423 4317 2478 4367 ὲν
2507 4317 2688 4385 χάριτι
2714 4317 2778 4385 τῇ
2804 4315 2894 4367 τοῦ
2917 4316 3029 4378 ἑνὸς
3055 4314 3342 4386 ἀνθρώπου
3373 4316 3549 4387 Ἰησοῦ
3571 4317 3799 4387 Χριστοῦ

2231 4410 2309 4471 εἰς
2321 4408 2545 4469 πολλοὺς
2564 4408 2938 4480 ἐπερίσσευσε.
2957 4426 2972 4457 ι
2995 4407 3104 4460 Καὶ
3121 4406 3258 4476 μετὰ
3281 4406 3509 4477 βραχέα·
3526 4426 3545 4457 t
3564 4403 3800 4479 Ἀραοῦν

2230 4500 2303 4562 ὡς
2341 4498 2406 4551 δι’
2434 4500 2550 4563 ἑνὸς
2582 4499 3026 4570 παραπτώματος
3054 4501 3131 4562 εἰς
3162 4499 3369 4561 πάντας
3398 4498 3726 4569 ἀνθρώπους
3752 4499 3805 4551 τὸ

561 4590 687 4643 tiam
717 4587 1035 4656 justiticatio
1060 4591 1200 4643 vitm.
1228 4588 1382 4644 Sicut
1403 4592 1543 4645 enim
1575 4607 1667 4660 per
1704 4594 2111 4649 iuobedientiatn

2228 4592 2565 4663 κατάκριμα,
2596 4591 2739 4644 οὕτω
2766 4592 2861 4645 καλ⁸
2892 4593 2958 4645 δι’
2986 4592 3101 4651 ἑνὸς
3131 4590 3498 4660 δικαιώματος
3527 4592 3803 4653 δικαίωσις

558 4681 715 4738 unius
769 4681 1001 4735 hominis
1056 4692 1367 4750 peccatores
1426 4686 1702 4738 constituti
1757 4698 1879 4739 sunt
1936 4688 2124 4751 multi.

559 4773 631 4825 ita
676 4780 731 4825 et
781 4786 878 4841 per
929 4773 1087 4827 unius
1138 4774 1505 4827 obeditionem
1555 4774 1683 4844 justi
1731 4779 2128 4832 constituentur

562 4862 710 4916 multi
738 4864 801 4917 “.
831 4882 849 4915 ι
900 4863 1025 4917 Haec
1070 4865 1123 4917 in
1176 4864 1412 4933 Epistula
1444 4881 1660 4934 quoque
1699 4870 1765 4921 ad
1817 4870 2129 4925 Corinthios

562 4954 798 5022 apertius
826 4955 983 5008 docet
1020 4956 1205 5010 dicens
1236 4975 1248 5011 :
1289 4975 1305 5007 ι
1340 4956 1491 5009 Sicut
1516 4958 1657 5010 enim
1694 4958 1744 5011 in
1778 4958 1984 5015 Adamn
2017 4975 2132 5015 om-

563 5059 656 5097 nes
686 5042 1010 5108 moriuntur,
1044 5045 1113 5097 ita
1142 5054 1193 5099 et
1230 5046 1280 5097 in
1312 5044 1527 5099 Christo
1557 5062 1743 5101 omnes
1777 5050 2127 5104 viviﬁcabun-

562 5132 735 5187 tur".
772 5152 789 5185 ι
844 5132 991 5189 Unde
1033 5145 1266 5201 constat,
1314 5137 1597 5190 victoriam
1651 5149 1886 5192 nostram
1939 5157 2124 5197 revera

559 5242 678 5280 esse
706 5226 1011 5280 Servatoris
1039 5228 1209 5280 nostri
1236 5230 1535 5285 victoriam.
1571 5229 1703 5283 Nam
1739 5243 1792 5285 et
1824 5236 2127 5289 communis

563 5318 738 5371 clades
768 5318 866 5371 fuit
923 5319 1007 5372 illa
1047 5322 1407 5389 progenitoris
1438 5324 1606 5375 nostri
1632 5324 1811 5377 clades
1844 5342 1857 5377 :
1885 5338 2124 5393 oportet-

563 5424 666 5476 quc
710 5412 848 5465 sicut
886 5412 1243 5483 progenitoris
1290 5417 1799 5471 cuntautiuationcm
1840 5421 2125 5489 participa-

634 5588 673 5617 “
717 5586 870 5641 Rom.
914 5606 1028 5651 \ttt,
1062 5593 1113 5653 ὖ,
1151 5590 1199 5644 ό.
1267 5592 1306 5622 ¹⁹
1339 5590 1374 5644 Η
1402 5591 1524 5645 Cor.
1558 5608 1606 5655 V,
1647 5594 1730 5645 l7.

1803 5595 1845 5624 ¹³
1879 5594 2029 5647 Rom.
2065 5613 2110 5661 v,
2142 5596 2226 5650 15.

2228 4685 2407 4754 ζωῆς·
2442 4685 2633 4753 ὥσπερ
2662 4684 2766 4754 γὰρ
2813 4684 2900 4736 διὰ
2940 4684 3039 4753 τῆς
3088 4684 3371 4754 παρακοῆς
3401 4682 3497 4735 τοῦ
3547 4684 3669 4746 ἑνὸς
3716 4685 3801 4735 ἀνι

2224 4775 2443 4847 θρώπου
2489 4775 2802 4846 ἁμαρτωλοὶ
2849 4775 3262 4846 κατεστάθησαν
3306 4777 3354 4828 οἱ
3408 4774 3636 4840 πολλοὶ,
3671 4774 3805 4828 οὕτω

2226 4866 2320 4919 καὶ
2364 4864 2451 4918 διὰ
2500 4868 2597 4934 τῆς
2636 4865 2879 4935 ὑπακοῆς
2911 4865 3004 4918 τοῦ
3045 4865 3159 4927 ἑνὸς
3206 4864 3402 4917 δίκαιοι
3457 4866 3805 4932 κατασταθή-

2230 4976 2410 5011 σονται
2433 4960 2483 5010 οἱ
2514 4958 2751 5011 πολλοί.)
2781 4958 2966 5012 Ταῦτα
2998 4960 3094 5011 καὶ
3126 4961 3182 5011 ἐν
3219 4960 3284 5029 τῇ
3320 4958 3455 5029 πρὸς
3489 4956 3805 5026 Κορινθίους

2246 5050 2532 5120 Ἐπιστολῇ
2570 5050 2901 5121 σαφέστερον
2923 5051 3161 5104 διδάσκει
3195 5050 3387 5119 λέγων·
3427 5050 3677 5119 «Ὥσπερ
3706 5051 3807 5117 γὰρ

2233 5148 2289 5196 ἐν
2320 5142 2395 5213 τῷ
2425 5143 2597 5213 Ἀδᾶιμ
2622 5146 2821 5207 πάντες
2861 5144 3317 5214 ἀποθνήσκουσιν,
3343 5141 3486 5194 οὕτω
3518 5144 3616 5195 καὶ
3654 5145 3711 5194 ἐν
3738 5142 3808 5210 τῷ

2234 5235 2451 5307 Χριστῷ
2505 5237 2700 5297 πάντες
2741 5238 3292 5307 ζωοποιηθήσονται.»
3337 5235 3424 5300 Ἐξ
3455 5227 3531 5287 ὧν
3557 5234 3801 5303 εὔδηλον,

2234 5330 2313 5392 ὡς,
2332 5331 2579 5399 ἡμετέρα
2607 5326 2727 5401 νίκη
2756 5329 2847 5381 τοῦ
2871 5330 3122 5400 Σωτῆρος
3151 5328 3303 5399 ἡμῶν
3329 5330 3360 5398 ἡ
3385 5328 3546 5396 νίκη·
3583 5330 3680 5379 καὶ
3707 5328 3807 5397 γὰρ

2233 5418 2369 5491 ἧττα
2400 5422 2554 5491 κοινὴ
2591 5424 2809 5490 γέγονεν
2839 5426 2872 5493 ἡ
2917 5422 3008 5475 τοῦ
3053 5422 3395 5491 προπάτορθὶ
3430 5418 3589 5488 ἡμῶν
3636 5414 3804 5489 ἥττω

2307 5598 2351 5628 ⁸⁵
2389 5600 2516 5654 ibid.
2563 5599 2643 5652 18.
2727 5602 2771 5632 ¹³
2809 5600 2982 5655 lCor.
3016 5618 3103 5662 xv,
3141 5600 3229 5653 9.2.

639 5765 712 5831 (Ι)
742 5765 945 5846 ξέοιιίει·
985 5782 1102 5835 qua:
1136 5769 1233 5822 hac
1267 5785 1424 5839 super
1474 5786 1529 5823 re
1567 5770 1691 5823 dicit
1752 5773 1888 5827 idem
1926 5773 2155 5841 Cyrillus
2234 5778 2283 5831 in
2340 5776 2713 5845 explanatione
2770 5777 3019 5846 Epistohe
3074 5779 3135 5829 ad
3180 5777 3468 5839 ltnntauos,
3516 5792 3633 5842 mp.
3690 5789 3802 5830 vtu,

570 5847 711 5887 νει».
741 5836 792 5887 5.
