3996 6468
234 481 382 540 “'57

1419 481 1508 536 DE
1550 479 2076 539 INCAIENATIONE
2115 476 2377 536 DOMINI.

3409 467 3548 527 M58

233 596 341 650 καί
369 595 468 660 δεῖ,
499 594 754 666 καθάπερ
773 596 968 665 ἐκείνῳ
982 598 1083 665 τῆς
1113 595 1402 658 κοινωνίας
1433 595 1511 666 (Ι)
1540 597 1835 665 ἐκοινωνή-

1944 599 2142 660 vimus,
2185 597 2262 650 ita
2301 593 2464 650 bonis
2489 605 2590 646 nos
2621 589 2784 646 simul
2821 586 3030 659 perfrui
3061 601 3184 641 cum
3230 586 3321 641 illo
3351 588 3443 654 qui
3484 589 3554 643 de

236 703 441 758 σαμεν,
469 687 639 750 οὕτως
669 687 816 756 qua;
843 681 1246 740 συναπολαῦσαι
1275 687 1384 739 τῶν
1412 686 1635 755 ἀγαθῶν
1669 688 1747 758 τῷ
1781 687 1842 752 ἐξ

233 782 272 849 ἡ
283 779 406 849 μῶν
434 779 530 849 μὲν
555 778 940 847 άναληιρθέντι,
971 780 1108 849 ὑπὲρ
1138 778 1296 849 ἡμῶν
1321 779 1377 830 δὲ
1405 780 1804 847 στεφανωθέντι
1822 796 1834 808 ·

235 869 324 921 διὸ
353 871 448 921 καὶ⁵
478 870 504 920 6
535 868 677 931 θεῖος
703 869 1021 932 ’Λπόστολος
1047 869 1252 936 ἔλεγεν,
1280 869 1362 922 ὅτι
1397 890 1414 920 ι
1445 869 1551 932 Οὓς
1588 871 1842 939 προέγνω

236 959 342 1010 καὶ
378 956 652 1027 προώρισε
684 957 1044 1027 συμμόρφους
1073 956 1174 1024 τῆς
1209 957 1418 1019 εἰκόνος
1447 955 1540 1008 τοῦ
1577 955 1708 1008 Υἱοῦ
1746 956 1842 1007 αὐ-

238 1048 362 1113 τοῦ,
399 1051 478 1110 είς
505 1049 564 1100 τὸ
601 1044 741 1102 εἰναι
775 1050 937 1102 αὐτὸν
972 1049 1315 1119 πρωτότοκον
1350 1051 1408 1100 ἐν
1445 1049 1660 1111 πολλοῖς
1690 1049 1840 1100 άδελο

240 1144 394 1208 φοῖς’
429 1140 520 1202 οὓς
551 1141 714 1203 αὐτὸς
744 1141 1040 1211 προώρισε,
1066 1140 1291 1204 τούτους
1321 1141 1414 1192 καὶ
1446 1141 1674 1192 ἐκάλεσε
1701 1158 1712 1169 ο
1747 1141 1842 1192 καὶ

237 1230 336 1294 οὓς
379 1232 640 1296 ἐκάλεσε,
676 1232 1046 1295 τούτουςααὶ
1095 1232 1416 1286 ἐδικαίωσε·
1455 1234 1549 1285 καὶ
1595 1231 1690 1296 οὓς
1739 1232 1843 1286 ἐδι-

239 1323 474 1388 καίωσε,
515 1324 738 1386 τούτους
767 1325 860 1375 καὶ
893 1322 1132 1387 ὲδόξασε.
1163 1342 1182 1374 ι
1220 1325 1328 1377 Καὶ
1357 1325 1624 1394 ἑτέρωθεν
1657 1325 1838 1391 λέγει·

246 1435 268 1469 ι
297 1417 362 1469 Εἰ
385 1417 440 1468 δὲ
469 1416 656 1477 τέκνα,
685 1414 776 1467 ml
805 1415 1166 1486 κληρονόμοι·
1200 1416 1529 1486 κληρονόμοι
1564 1417 1662 1486 μὲν
1683 1417 1838 1480 Θεοῦ,

242 1505 686 1575 συγκληρονόμοι
710 1505 767 1557 δὲ
803 1506 1038 1576 Χριστοῦ
1063 1523 1076 1535 ·
1109 1507 1270 1576 εἴπερ
1299 1507 1394 1560 καὶ
1422 1508 1838 1577 συμπάσχομεν,

243 1598 335 1650 ἵνα
368 1600 460 1650 καὶ
488 1597 957 1668 συνδοξασθῶμεν.
986 1618 1004 1649 ι
1038 1600 1148 1651 Καὶ
1178 1599 1413 1670 ἀλλαχοῦ
1440 1617 1453 1630 ’
1491 1619 1509 1650 ι
1541 1601 1603 1652 Εἰ
1635 1599 1842 1669 ὑπομέ-

241 1706 431 1759 νομεν,
469 1692 564 1742 καὶ
601 1690 1128 1760 συμϐασιλεύσομεν.
1157 1711 1175 1742 ι
1223 1692 1397 1762 ’Υπὲρ
1447 1693 1628 1759 πάσης
1661 1691 1840 1745 τοίνυν

238 1782 342 1850 τῆς
390 1781 666 1851 ὴμετέρα;
703 1783 918 1849 φύσεως
958 1783 986 1835 ό
1015 1782 1109 1835 τοῦ
1155 1782 1290 1835 Θεοῦ
1341 1783 1474 1846 Θεὸς
1520 1784 1692 1851 Λόγος
1743 1782 1843 1854 τὴν

239 1872 519 1943 ἡμετέραν
549 1875 803 1944 ἀπαρχὴν
827 1873 1138 1942 ἀνελάϐετο,
1178 1876 1264 1929 ἵνα
1303 1875 1393 1930 διὰ
1433 1876 1618 1946 πάσης
1658 1875 1831 1945 αὐτὴν

239 1964 449 2034 ἀρετῆς
481 1965 728 2032 ἀγαγὼν,
770 1967 850 2028 εἰς
900 1967 1078 2037 πάλην
1121 1966 1220 2036 μὲν
1255 1966 1541 2038 προτρέψῃ
1583 1967 1675 2019 τὸν
1708 1967 1836 2020 άντ-
1870 1953 1912 2006 Β

239 2057 585 2126 αγωνιστὴν,
633 2056 781 2129 δείξῃ
829 2056 884 2109 δὲ
923 2058 1016 2110 τὸν
1071 2057 1312 2128 ἀθλητὴν
1395 2060 1704 2128 ἀήττητον*
1744 2060 1839 2112 καὶ

236 2148 430 2202 τοῦτον
466 2149 566 2217 μὲν
604 2147 945 2221 στεφανώσῃ,
971 2149 1179 2202 ἐκείνου
1202 2150 1260 2201 δὲ
1285 2149 1384 2219 τὴν
1404 2145 1572 2220 ἧτταν
1601 2149 1836 2220 κηρύξῃ,

238 2241 339 2293 καὶ
373 2241 744 2311 καταθαρρεῖν
769 2242 934 2294 αὑτοῦ
969 2241 1176 2304 πάντας
1205 2242 1636 2314 παρασκευάσειν
1670 2241 1752 2294 διὸ
1781 2244 1839 2294 ἐν

236 2337 355 2396 τοῖς
394 2335 559 2403 ἱεροῖς
596 2333 950 2401 Εὐαγγελίοις
986 2333 1160 2399 ἔλεγε,
1209 2333 1304 2387 νῦν
1340 2335 1469 2404 μέν·
1513 2355 1531 2384 ι
1561 2331 1717 2388 Εἶδον
1746 2335 1838 2387 τὸν

237 2425 487 2479 Σατανᾶν
531 2426 606 2488 ὡς
657 2427 944 2494 ἀστραπὴν
991 2429 1054 2478 ἐκ
1097 2425 1191 2479 τοῦ
1241 2425 1471 2497 οὐρανοῦ
1508 2427 1778 2480 πεσόνταο
1813 2447 1830 2480 ›

238 2517 338 2570 νῦν
371 2517 464 2570 δέ’
501 2538 519 2568 ι
564 2517 689 2569 Ἐάν
743 2519 816 2587 μή
835 2504 939 2580 ’τις
979 2518 1193 2588 εἰσέλοῃ
1249 2521 1330 2581 εἰς
1375 2519 1475 2588 τὴν
1527 2520 1707 2571 οἰκίαν
1742 2520 1835 2572 τοῦ

240 2608 492 2678 ἰσχυροῦ,
523 2609 618 2660 καὶ
654 2608 744 2660 τὸν
776 2609 996 2678 ἰσχυρὸν
1025 2609 1183 2681 δήσῃ,
1221 2609 1338 2672 πῶς
1364 2611 1434 2662 τά
1471 2610 1642 2678 σκεύη
1671 2609 1836 2663 αὑτοῦ

233 2700 565 2770 διαρπάσει;
598 2720 615 2750 ι
651 2701 832 2753 οἰκίαν
871 2701 1046 2768 λέγων
1088 2701 1182 2753 τοῦ
1236 2701 1458 2773 ἰσχυροῦ
1493 2704 1590 2772 τὴν
1624 2702 1836 2774 ἀνθρω-

236 2792 401 2845 πείαν
452 2791 637 2861 φύσιν,
675 2793 750 2854 ὼς
788 2793 922 2862 πρὸς
969 2796 1174 2846 ἐκεῖνον
1219 2795 1697 2864 αὑτομολήσασαν,
1744 2797 1838 2847 καὶ

236 2886 352 2937 πᾶν
385 2885 449 2936 τὸ
481 2884 771 2938 κελευσθὲν
813 2887 905 2937 ὑπ’
956 2887 1165 2938 ἐκείνου
1219 2891 1394 2938 ποιεῖν
1434 2889 1833 2958 ἀνασχομένην,

238 2978 336 3030 καὶ
365 2977 690 3046 αὐθαίρετον
723 2978 966 3031 δουλείαν
1002 2981 1484 3050 ἐπισπασαμένην.
1525 2983 1634 3033 Καὶ
1675 2983 1837 3034 ἀλλα-

235 3069 337 3138 χοῦ
369 3069 448 3134 δὲ,
471 3089 488 3120 ι
513 3070 796 3140 Θαρσεῖτε,
815 3071 1000 3139 φησὶν,
1021 3069 1131 3138 ἐγὼ
1162 3072 1423 3141 νενίκηκα
1453 3071 1545 3123 τιν
1574 3075 1828 3142 κόσμον.»

238 3161 354 3215 Καὶ
380 3160 681 3229 ἑτέρωθενο
713 3179 732 3211 ι
767 3160 880 3214 Νῦν
914 3163 1094 3232 κρίσις
1121 3163 1237 3213 ἐστὶ
1262 3162 1354 3216 τοῦ
1384 3164 1590 3233 κόσμου
1622 3165 1832 3228 τούτου,

237 3253 335 3304 νῦν
362 3255 388 3305 6
420 3255 604 3322 ἄρχων
631 3253 726 3305 τοῦ
794 3253 1000 3322 κόσμου
1055 3254 1451 3324 ἐκϐληθήσεται
1496 3252 1626 3319 ἕξω·
1678 3256 1834 3324 κάγὼ

243 3344 343 3397 ὲάν
411 3345 519 3396 ἀπὸ
577 3346 674 3413 τῆς
742 3346 845 3414 γῆς
899 3345 1117 3414 ὑψωθῶ,
1171 3346 1379 3410 πάντας
1431 3348 1643 3401 ἑλκύσω
1698 3351 1834 3420 πρὸς

238 3437 534 3505 ἐμαυτόν.»
569 3437 678 3489 Καὶ
718 3435 923 3507 προῖὼν
953 3438 1008 3490 δὲ
1037 3437 1195 3492 τοῦτο
1228 3439 1375 3506 λέγει
1406 3439 1768 3510 σαφέστερον·

239 3570 338 3623 ll".
381 3571 502 3621 Ὅτι
540 3570 708 3634 κοινὴ
755 3572 882 3645 τῶι-ξ
903 3573 1228 3639 ἀνθρώπων
1270 3576 1591 3645 εὐεργεσία
1638 3577 1678 3643 ἡ
1732 3578 1839 3631 τοῦ

720 3642 996 3710 Σωτῆρος
1023 3645 1355 3722 οἰκονομίᾳ.

317 3797 336 3828 ι
368 3779 440 3831 Hs
454 3778 505 3847 ρ“ι
537 3777 592 3828 δὲ
622 3778 877 3847 κρίσεως,
908 3779 989 3830 ὅτι
1013 3780 1046 3831 6
1073 3780 1257 3848 ἄρχων
1283 3779 1375 3832 τοῦ
1411 3780 1619 3849 κόσμου
1650 3781 1837 3834 τούτου

240 3871 532 3940 κέκριται·
562 3887 577 3918 ι
613 3869 706 3920 καὶ
741 3865 918 3932 αὖθις·
959 3889 975 3920 ι
1011 3871 1270 3940 Ἔρχεται
1298 3874 1324 3923 6
1350 3872 1444 3924 τοῦ
1480 3873 1687 3942 κόσμου
1718 3874 1840 3926 τού-

239 3979 335 4014 του
369 3960 576 4031 ἇρχων,
608 3961 700 4012 καὶ
727 3963 784 4013 ὲν
815 3961 939 4030 ἐμοὶ
968 3962 1067 4014 οὐκ
1102 3963 1215 4031 ἔχει
1249 3964 1432 4016 οὐδέν·
1463 3984 1480 4015 ι
1518 3966 1699 4035 πάσης
1730 3965 1840 4036 γὰρ

239 4051 665 4126 ἀπηλλαγμένος
706 4055 906 4118 αἰτίας,
953 4055 1105 4106 οὐδὲν
1147 4054 1260 4125 εἶχε
1301 4057 1409 4108 τῶν
1442 4057 1536 4109 τοῦ
1588 4058 1837 4111 διαϐόλου

243 4148 598 4219 σπερμάτων.
630 4147 721 4199 Διὸ
769 4148 862 4199 καὶ
903 4147 966 4199 τὸ
1012 4152 1296 4218 τυραννεῖν
1332 4150 1698 4216 κατέπαυσεν,
1743 4155 1838 4206 καὶ

239 4237 499 4303 ἐξέϐαλεν
533 4236 657 4300 ἔξω,
689 4237 782 4289 καὶ
823 4238 926 4290 ὑπὸ
971 4239 1079 4292 τῶν
1127 4240 1296 4292 πάλαι
1335 4241 1697 4296 δουλευόντων
1730 4263 1836 4297 πα-

239 4333 455 4383 τεῖσθαι
501 4331 794 4399 πεποίηκε,
851 4332 1201 4400 παρεγγυῶν,
1247 4333 1588 4402 καίλέγωψ
1643 4355 1660 4386 ι
1704 4337 1836 4390 Ἰδοὺ

239 4421 437 4493 δίδωμι
467 4423 595 4491 ὑμῖν
619 4421 866 4486 ἐξουσίαν
894 4426 1085 4476 πατεῖν
1113 4425 1299 4478 ἐπάνω
1325 4425 1524 4494 ὄφεων,
1558 4430 1652 4481 καὶ
1683 4447 1839 4503 σκορ-

241 4516 404 4576 πίων,
436 4514 531 4567 καὶ
557 4515 649 4565 ἐπὶ
681 4517 859 4568 πᾶσαν
891 4516 990 4585 τὴν
1023 4515 1250 4587 δύναμιν
1278 4520 1640 4590 τοῦἘχθροῦ.
1672 4543 1689 4574 ι
1724 4525 1838 4576 Ἵνα

239 4609 298 4662 δὲ
332 4609 426 4662 καὶ
476 4608 648 4679 αὐτὴν
708 4609 908 4678 ἴδωμεν
966 4609 1064 4680 τὴν
1125 4613 1260 4680 πρὸς
1296 4613 1387 4664 τὸν
1449 4613 1695 4667 διάϐολον
1731 4617 1835 4669 πά-

241 4699 363 4770 λην,
415 4699 658 4770 ἔλθωμεν
708 4701 800 4752 ἐπὶ
847 4701 942 4768 τὴν
1002 4703 1244 4773 ἱστορίαν
1299 4705 1405 4756 τῶν
1457 4707 1828 4776 Εὑαγγελίων.

255 4790 492 4864 ’Λνήχθη
524 4791 626 4843 ὑπὸ
660 4791 753 4844 τοῦ
788 4792 1101 4863 Πνεύματος
1141 4795 1345 4863 Ἰησοῦς
1378 4800 1458 4860 εἰς
1488 4798 1585 4869 τὴν
1627 4800 1834 4871 ἔρημον

246 4885 385 4952 μετὰ
431 4883 491 4935 τὸ
531 4882 834 4951 βάπτισμα,
870 4887 1231 4955 πειρασθῆναι
1277 4889 1383 4941 ὑπὸ
1422 4891 1512 4942 τοῦ
1563 4892 1831 4947 διαϐόλου.

255 4974 494 5044 ’Λνήχθη
529 4975 588 5028 δὲ
625 4977 722 5046 οὐχ
755 4979 782 5028 ό
824 4976 954 5038 Θεὸς
985 4979 1175 5045 Λόγος,
1216 4979 1330 5032 ἀλλ’
1359 4983 1387 5033 6
1417 4983 1481 5034 ὲκ
1521 4984 1835 5054 σπέρματος

243 5065 411 5118 Δαϐὶδ
438 5065 544 5118 ὑπὸ
567 5066 662 5119 τοῦ
691 5067 827 5120 Θεοῦ
859 5069 1032 5137 Λόγου
1073 5070 1303 5138 ληφθεὶς
1339 5073 1492 5135 ναός·
1519 5075 1581 5126 οὐ
1613 5076 1717 5146 γὰρ
1745 5077 1834 5130 τὸν

243 5158 376 5212 Θεὺν
399 5159 573 5226 Λόγον
602 5162 681 5222 εἰς
705 5160 803 5231 τὴν
829 5161 964 5232 πρὸς
992 5163 1082 5215 τὸν
1104 5164 1349 5217 διάϐολον
1373 5166 1550 5234 πάλην
1576 5169 1834 5238 ἀπήγαγε

242 5254 306 5303 τὸ
331 5250 558 5320 Πνεῦμα
583 5251 644 5304 τὸ
674 5253 850 5321 ἅγιον,
881 5254 994 5307 ἀλλ’
1014 5256 1071 5307 ὃν
1103 5258 1162 5308 ὲν
1193 5261 1259 5327 τῇ
1291 5259 1554 5330 Παρθένῳ
1579 5260 1835 5316 διέπλασε

245 5341 324 5412 τῷ
349 5339 467 5411 Θεῷ
506 5342 665 5415 Λόγῳ
702 5345 850 5400 ναόν.
889 5348 1105 5410 "Auito;
1135 5348 1436 5401 διετέλεσεν
1469 5353 1684 5421 ἡμέρας
1714 5372 1837 5406 τεσ-

247 5432 576 5502 σαράκοντα.
612 5435 706 5487 καὶ
734 5434 936 5499 νύκτας
963 5437 1283 5507 ἰσαρίθμους
1304 5456 1316 5468 σ
1345 5439 1405 5490 οὐ
1435 5439 1542 5510 γὰρ
1574 5439 1838 5512 ἠθέλησεν

316 5613 361 5644 η
403 5613 562 5666 Rom.
595 5629 712 5674 vm,
753 5610 842 5670 99.
884 5615 973 5668 50.
1053 5615 1092 5647 ¹⁷
1117 5616 1247 5672 ibid.
1282 5617 1370 5671 17.

243 5678 334 5736 '55.
413 5685 459 5714 “
496 5681 653 5737 Joan.
688 5700 788 5748 xu,
823 5683 912 5740 ³51.
975 5685 1020 5716 ³³
1055 5687 1183 5743 ibid.
1219 5687 1310 5743 52.

1455 5619 1498 5650 ¹⁸
1528 5619 1568 5675 ll
1597 5621 1736 5675 Tim.
1771 5637 1827 5684 ιι,
1861 5622 1947 5676 1'2.

1387 5689 1434 5721 ’⁵
1469 5689 1625 5746 Joan.
1670 5707 1781 5758 xw,
1816 5694 1904 5747 Η.

1948 690 2102 745 nobis
2133 701 2384 756 sumptus
2427 693 2534 751 est,
2578 697 2633 738 et
2680 696 2778 753 pro
2813 680 2974 736 nobis
3012 690 3331 735 coronatus.
3371 679 3552 745 Quare

1944 786 2000 830 et
2058 775 2215 828 divus
2269 772 2567 842 Apostolus
2622 770 2803 824 aiebat
2847 787 2861 824 :
2921 789 2938 820 ι
2979 767 3134 835 Quos
3165 768 3442 838 praescivit
3494 781 3550 822 et

1945 868 2354 938 prtcdeslinavit
2384 866 2695 922 conformes
2734 865 2849 917 fieri
2895 864 3153 932 imaginis
3195 861 3314 916 Filii
3349 863 3457 928 sui,
3492 870 3551 915 ut

1945 961 2014 1014 sit
2048 961 2164 1028 ipse
2195 959 2443 1029 818m.
2495 956 2894 1028 primogenitus
2929 958 2980 1010 in
3027 955 3219 1008 multis
3256 953 3546 1008 fratribus.

1944 1051 2093 1116 Quos
2159 1050 2279 1121 ipse
2350 1049 2782 1117 praedestinavit,
2825 1048 2922 1102 bos
2949 1057 3004 1101 et
3038 1047 3254 1099 vocavit
3288 1061 3302 1097 :
3333 1054 3386 1096 et
3413 1058 3549 1110 quos

1944 1141 2183 1204 vocavit,
2220 1142 2318 1194 bos
2351 1148 2404 1193 et
2431 1138 2758 1209 justiﬁcavit
2789 1159 2800 1192 :
2833 1153 2971 1205 quos
3002 1133 3546 1200 autemjustiticavit,

1946 1236 2047 1290 hos
2099 1243 2154 1288 et
2210 1233 2538 1301 gloriﬁcavit
2566 1233 2629 1284 η.
2663 1251 2682 1283 ›
2737 1232 2806 1285 Et
2838 1231 2966 1283 alibi
3004 1231 3080 1283 ait
3115 1249 3129 1284 :
3222 1247 3241 1279 ι
3276 1224 3330 1279 Si
3364 1235 3548 1278 autem

1945 1327 2064 1392 lilii,
2110 1327 2300 1396 utique
2343 1339 2398 1381 et
2427 1325 2674 1380 haerech
2709 1341 2722 1377 :
2760 1325 3010 1379 hueredes
3042 1321 3264 1391 quidem
3308 1318 3424 1383 Dei,
3451 1331 3545 1370 co-

1946 1421 2191 1474 hairedes
2217 1430 2401 1475 autem
2436 1419 2642 1474 Christi
2681 1436 2694 1470 :
2751 1417 2797 1471 si
2843 1429 3026 1470 tanten
3057 1414 3450 1483 compatinmr,
3491 1419 3550 1462 ut

1943 1525 1999 1570 et
2041 1512 2614 1584 congloriticemur".
2648 1530 2668 1562 ι
2722 1508 2791 1562 Et
2839 1509 2971 1563 alibi
3003 1527 3016 1563 :
3053 1528 3071 1560 ι
3104 1507 3160 1561 Si
3214 1503 3549 1561 sustinueri-

1946 1623 2083 1668 mus,
2123 1607 2288 1660 etiam
2319 1603 2781 1669 conregnabiinus
2811 1601 2874 1655 ⁸⁸.
2912 1619 2932 1653 ›
2977 1600 3082 1654 Pro
3118 1599 3372 1652 universa
3415 1611 3550 1665 ergo

1944 1709 2139 1753 natura
2178 1707 2362 1750 nostra
2399 1695 2493 1749 Dei
2532 1693 2772 1748 Verbum
2811 1692 2956 1746 Deus
3001 1688 3409 1744 inchoationem
3446 1702 3550 1740 no-

1943 1803 2112 1849 stram
2147 1789 2409 1859 suscepit,
2444 1797 2504 1843 ut
2532 1801 2654 1841 eam
2697 1800 2794 1854 per
2821 1799 3040 1840 omnem
3077 1781 3337 1836 virtutem
3376 1779 3550 1833 dedu-

1947 1899 2098 1948 cens,
2135 1883 2201 1937 ad
2242 1888 2521 1937 certamen
2570 1883 2903 1947 prdvocaret
2939 1874 3338 1939 adversarium,
3388 1888 3549 1926 suum

1943 1991 2072 2030 vero
2102 1975 2370 2028 athletam
2409 1973 2676 2026 invictum
2701 1976 2990 2038 praestaret
3025 1985 3039 2021 :
3071 1977 3127 2021 et
3152 1967 3297 2020 hunc
3326 1965 3548 2035 quidem

1943 2075 2256 2128 coronaret,
2289 2064 2434 2118 illius
2461 2074 2644 2117 autem
2674 2063 2884 2116 cladem
2918 2058 3310 2130 proclamaret,
3342 2067 3397 2112 et
3423 2072 3549 2109 ont-

1944 2159 2104 2212 nibus
2135 2156 2399 2210 adversus
2436 2154 2586 2208 illum
2623 2153 2913 2207 audaciam
2957 2161 3207 2222 augeret.
3243 2150 3459 2204 Idcirco
3492 2150 3546 2202 in

1942 2250 2113 2304 sacris
2141 2248 2449 2317 Evangeliis
2481 2250 2640 2300 modo
2678 2246 2858 2300 aiebat
2897 2263 2910 2297 :
2943 2263 2961 2296 ι
2994 2243 3254 2298 Videbam
3285 2241 3546 2295 Satanam

1942 2344 2085 2398 sicut
2143 2341 2324 2411 fulgur
2368 2341 2436 2394 de
2479 2339 2619 2394 coelo
2669 2339 2955 2393 cadentem
2983 2338 3057 2403 '9;
3095 2355 3111 2386 ›
3168 2351 3312 2389 nunc
3370 2350 3546 2390 vero:

1948 2454 1966 2486 ι
2003 2433 2114 2486 Nisi
2158 2436 2280 2501 quis
2325 2431 2379 2484 in
2433 2431 2590 2483 fortis
2626 2429 2848 2483 domum
2892 2427 3206 2490 intraverit,
3243 2424 3550 2495 fortemque

1942 2525 2266 2594 alligaverit,
2294 2523 2570 2592 quomodo
2599 2539 2726 2577 vasa
2756 2523 2875 2590 ejus
2899 2521 3126 2591 diripiat.
3152 2519 3241 2573 ὀἳ
3273 2541 3292 2571 ι
3327 2521 3547 2574 domum

1943 2617 2103 2672 fortis
2133 2620 2322 2672 dicens
2357 2619 2653 2670 humanam
2689 2625 2966 2679 naturain,
3005 2629 3103 2667 ceu
3133 2629 3251 2681 qua.-
3291 2613 3356 2666 ad
3397 2614 3547 2666 illum

1943 2708 2266 2779 profugerit,
2305 2719 2361 2762 et
2389 2708 2571 2760 munia
2615 2707 2788 2775 ipsius
2827 2705 3084 2758 mandata
3126 2704 3354 2774 exsequi
3388 2720 3548 2772 passa

1945 2803 2127 2867 fuerit,
2155 2803 2551 2868 servitiumque
2578 2800 2684 2854 sibi
2723 2809 2919 2868 sponte
2949 2799 3290 2866 imposuerit.
3323 2798 3386 2852 Et
3419 2798 3548 2852 alibi

1941 2908 2195 2960 quoque:
2235 2912 2252 2943 ι
2279 2893 2570 2956 Contiditc,
2625 2891 2822 2960 inquit,
2863 2904 2965 2959 ego
2996 2889 3104 2942 vici
3137 2890 3397 2942 mundum
3421 2889 3489 2940 ¹¹.
3524 2907 3542 2937 ›

1945 2987 2007 3040 Et
2032 2985 2136 3040 alio
2159 2986 2277 3040 loco
2304 3002 2318 3039 :
2343 3003 2360 3036 ι
2386 2983 2538 3038 Nunc
2558 2982 2823 3051 judicium
2847 2991 2930 3036 est
2955 2981 3166 3046 mundi,
3196 2996 3338 3033 nunc
3360 2978 3546 3032 muth

1943 3081 2193 3148 princeps
2252 3079 2502 3149 ejicielur
2549 3075 2694 3132 [oras
2727 3077 2800 3140 ²²;
2841 3095 2858 3126 ι
2896 3084 2950 3128 et
2977 3094 2995 3124 ι
3028 3072 3142 3142 Ego
3197 3073 3242 3127 si
3272 3073 3550 3125 cxuitalus

1942 3173 2096 3226 fuero
2129 3189 2158 3226 a
2209 3181 2378 3232 terra,
2414 3185 2606 3224 attines
2641 3169 2854 3222 trahant
2891 3167 2956 3219 ad
2996 3180 3082 3218 me
3114 3166 3291 3234 ipsum
3318 3163 3386 3215 ”.
3423 3179 3442 3212 ι
3484 3160 3550 3214 Et

1891 3310 1907 3330 ,
1946 3280 2108 3333 porro
2140 3279 2393 3331 pergens,
2436 3263 2488 3314 id
2528 3263 2703 3329 ipsum
2738 3259 2944 3314 clarius
2973 3258 3147 3311 dicit:

1943 3575 2080 3630 Xlil.
2125 3574 2281 3639 Quod
2309 3589 2582 3628 commune
2610 3589 2736 3639 erga
2774 3563 3011 3623 homines
3044 3568 3350 3635 beneﬁcium
3381 3567 3546 3634 fuerit

2411 3642 2711 3698 Servatoris
2749 3641 3075 3696 ἱιιειινηίιιὶο.

2019 3804 2035 3835 ‹
2075 3782 2378 3852 llejudicio
2421 3781 2664 3849 quidem,
2700 3782 2825 3847 quia
2861 3783 3116 3848 princeps
3159 3779 3343 3832 mundi
3384 3779 3548 3850 hujus

1939 3872 2048 3940 jam
2105 3872 2385 3940 judicatus
2425 3870 2600 3924 est“.
2636 3890 2653 3920 ι
2706 3869 2770 3922 Et
2824 3887 3052 3924 rursus:
3091 3890 3109 3920 (
3149 3870 3306 3924 Venit
3359 3872 3542 3925 mundi

1942 3960 2102 4028 hujus
2134 3963 2409 4030 princeps,
2446 3968 2500 4013 et
2532 3959 2583 4012 in
2620 3975 2704 4012 Ine
2749 3976 2856 4012 non
2893 3961 3053 4013 habet
3082 3960 3381 4029 quidquam
3401 3961 3445 3991 ²⁸
3474 3978 3487 4014 :
3521 3980 3542 4012 ι

1943 4070 2200 4123 namque,
2223 4051 2370 4105 nurui
2402 4053 2636 4106 crimine
2663 4052 2897 4117 alienus,
2935 4051 3078 4104 nulla
3107 4051 3308 4105 diaboli
3337 4053 3544 4107 semina

1944 4147 2199 4200 habebat.
2231 4143 2389 4198 Unde
2420 4155 2476 4197 et
2512 4144 2655 4196 hunc
2685 4144 2973 4214 tyrannide
3005 4145 3278 4212 deposuit,
3317 4159 3371 4198 et
3401 4149 3550 4199 l‘oras

1941 4237 2126 4304 ejecit,
2165 4245 2219 4291 et
2258 4237 2475 4290 illorum
2519 4238 2610 4306 qui
2661 4250 2821 4289 antea
2859 4236 2908 4289 ei
2966 4237 3282 4291 serviebant
3319 4238 3546 4306 pedibus

1941 4328 2202 4396 subjecit,
2259 4329 2559 4382 adhortans
2619 4329 2914 4396 diceltsque
2961 4346 2973 4382 :
3017 4347 3035 4380 ι
3068 4327 3211 4383 Ecce
3265 4346 3366 4398 ego
3422 4330 3545 4383 dedi

1943 4421 2096 4475 vobis
2129 4428 2454 4489 potestatein
2485 4420 2733 4475 calcandi
2774 4436 2938 4489 supra
2983 4430 3270 4485 serpentes
3302 4431 3357 4473 et
3391 4435 3545 4473 scor-

1940 4517 2151 4584 piones,
2198 4527 2250 4571 et
2283 4532 2449 4586 super
2481 4530 2701 4569 onmem
2747 4515 3004 4568 virtutem
3048 4513 3260 4568 Inimici
3291 4514 3359 4569 ".
3397 4533 3415 4564 ι
3448 4515 3545 4568 At-

1942 4627 2048 4679 que
2080 4621 2138 4663 nt
2173 4610 2346 4679 ipsam
2375 4611 2641 4662 adversus
2669 4606 2945 4660 diabolum
2977 4607 3178 4660 luelam
3210 4619 3542 4675 spectemus,

1944 4702 2008 4751 ad
2064 4695 2704 4767 erangelicant819m.
2754 4696 3041 4750 histmietn
3085 4697 3391 4750 veniamus.
3435 4697 3535 4751 Du-

1943 4802 2064 4847 ctus
2109 4801 2191 4846 est
2239 4808 2269 4845 a
2318 4790 2525 4859 Spiritu
2581 4792 2634 4843 in
2682 4791 2959 4843 desertum
3007 4786 3166 4844 Jesus
3207 4799 3328 4858 post
3369 4789 3546 4857 impli-

1943 4901 2120 4939 smunt
2149 4894 2206 4937 ut
2252 4894 2558 4938 tentaretur
2590 4900 2616 4936 a
2643 4881 2860 4936 diabolo
2879 4883 2943 4936 ³⁷.
2976 4879 3210 4934 Duclum
3245 4890 3330 4935 est
3360 4893 3540 4935 autem

1941 4992 2050 5031 non
2083 4977 2176 5032 Dei
2202 4975 2468 5039 Verbum,
2494 4977 2591 5032 sed
2621 4977 2751 5031 illud
2783 4993 2850 5030 ex
2885 4977 3108 5032 Davidis
3141 4978 3350 5031 semine
3377 4993 3406 5030 ο
3436 4979 3545 5030 Den

1950 5069 2124 5125 Verbo
2161 5070 2420 5138 templum
2450 5080 2814 5139 assumptum.
2853 5068 2970 5123 Non
3007 5071 3154 5124 enim
3197 5069 3367 5124 Deum
3405 5069 3541 5124 Ver-

1936 5162 2062 5216 bum
2104 5163 2170 5215 ad
2209 5160 2524 5215 luctandum
2575 5178 2698 5216 cum
2751 5161 2970 5217 diabolo
3021 5162 3248 5216 abduxit
3303 5162 3543 5230 Spiritus

1936 5266 2180 5319 sanctus,
2215 5256 2310 5309 sed
2345 5255 2495 5320 illud,
2531 5257 2775 5321 inquam,
2816 5256 2958 5325 quod
2993 5270 3058 5310 ex
3086 5255 3308 5324 Virgine
3336 5254 3540 5309 ieiuna-

1938 5355 2088 5398 verat
2139 5343 2250 5398 Deo
2310 5345 2490 5400 Verbo
2552 5346 2835 5414 templum.
2904 5345 3283 5400 Pcrscveravit
3319 5345 3540 5416 jejunus

1937 5441 2298 5510 quadraginta
2334 5443 2547 5508 diebus,
2577 5441 2917 5511 totidemque
2948 5441 3221 5497 noctibus.
3252 5441 3368 5495 Non
3392 5441 3543 5496 enim.

2033 5624 2073 5655 ⁸⁸
2113 5622 2242 5677 Luc.
2279 5639 2336 5685 Χ,
2379 5623 2466 5678 18.

1982 5695 2028 5725 ’⁸
2055 5694 2212 5749 Joan.
2250 5711 2358 5758 xw,
2391 5695 2478 5750 50.

3166 5629 3208 5658 ²¹
3238 5628 3396 5682 Joan.
3419 5641 3530 5685 XVI,

3061 5699 3102 5729 ³⁷
3140 5699 3332 5753 Matth.
3372 5717 3445 5762 IV,
3479 5699 3534 5751 1.

2546 5623 2815 5680 "Matth.
2845 5643 2944 5690 χιι,
2974 5628 3066 5683 29.

2556 5696 2603 5728 ¹⁶
2635 5697 2766 5752 Luc.
2811 5714 2862 5763 χ,
2894 5699 2982 5754 19.

316 5864 395 5945 (ι)
437 5863 658 5948 ttaeod.
693 5866 1002 5948 κοινωνίας,
1029 5883 1148 5935 quae
1175 5869 1229 5945 ‘si
1299 5868 1459 5925 lectio
1520 5887 1649 5927 sana
1711 5883 1794 5929 cst

1944 5875 2078 5931 ftilve
2128 5878 2302 5943 deest,
2341 5877 2555 5934 videtur
2611 5880 2943 5948 idiotismus,
2992 5883 3065 5938 uti
3119 5891 3199 5939 cst
3248 5881 3426 5948 κοινὸς
3475 5881 3532 5938 in

249 5935 420 5993 sacris
445 5935 629 5992 Bibliis
658 5951 754 6006 pro
779 5937 1033 6006 pollutus,
1063 5937 1338 6003 profanus.
