3996 6468
514 454 657 513 “39

1488 450 1546 508 s.
1588 446 1867 506 CYBILLI
1902 443 2372 503 ALEXANDRINI
2410 410 2734 505 sueuit-:9.

3635 439 3767 500 me

515 566 687 620 voluit
706 578 894 620 eorum
917 562 1010 633 qui
1039 562 1170 618 olim
1187 561 1568 633 jejunaveraut
1593 577 1899 617 mensuram
1922 575 2082 616 exce-

2183 559 2486 631 ύπερϐἧναι
2517 560 2627 615 τῶν
2657 559 2825 613 πάλαι
2861 554 3301 628 νενηστευκότιινι
3327 551 3389 608 τὸ
3421 553 3647 625 μιτρον,
3677 554 3761 607 ῖνα

514 658 666 722 dere,
708 671 774 710 ne
805 656 1067 710 adversus
1102 670 1163 710 se
1196 669 1430 726 pugnam
1486 655 1835 709 adversarius
1863 654 2081 723 defuge-

516 757 619 811 ret,
648 763 736 809 ne,
762 746 1003 814 inquam,
1026 760 1094 802 eo
1123 747 1214 816 qui
1248 746 1494 801 occultus
1515 756 1632 801 erat
1655 747 1859 817 agnito,
1890 746 2079 802 luctari

513 853 634 892 cum
684 836 974 893 manifesto
1027 848 1325 893 recusaret.
1374 837 1547 902 Huius
1592 838 1671 893 rei
1725 854 1912 901 causa,
1962 847 2083 907 post

515 930 832 997 prasdictum
865 928 1075 984 diei'um
1110 944 1413 995 numerum,
1454 930 1701 985 humane
1728 938 1934 984 natura»
1961 945 2082 999 pas-

514 1020 722 1075 sionem
752 1019 1034 1090 patefecit,
1064 1020 1310 1091 permisit
1346 1019 1472 1074 fami
1504 1021 1730 1086 aditum,
1760 1020 1902 1075 fame
1936 1021 2081 1075 vide-

514 1108 642 1163 licet
675 1123 861 1165 ansam
895 1109 1112 1165 diabolo
1151 1109 1418 1179 praebens.
1466 1107 1582 1164 Non
1632 1111 1776 1165 enim
1824 1112 2082 1165 accedere

517 1203 773 1266 audebat,
807 1202 930 1269 quia
965 1201 1131 1257 multa
1165 1203 1230 1255 ab
1270 1217 1336 1256 eo
1372 1202 1531 1273 digna
1575 1201 1685 1257 Deo
1719 1203 1857 1257 facta
1885 1206 2081 1258 obser-

514 1310 755 1353 vaverat.
793 1299 1037 1367 Namque
1069 1306 1126 1352 et
1169 1296 1343 1367 angeli
1374 1310 1441 1351 eo
1471 1305 1600 1350 nato
1633 1296 2083 1364 tripudiaverant,

515 1401 571 1448 et
603 1401 850 1447 exortum
875 1392 1025 1447 sidus
1050 1406 1240 1460 magos
1267 1390 1567 1445 deduxerat
1592 1389 1658 1443 ad
1686 1388 2081 1454 adorationem,

516 1497 709 1551 nempe
744 1484 986 1553 ejusdem
1024 1482 1234 1537 ordinis
1263 1480 1666 1550 antesignanos,
1695 1489 1751 1534 et
1793 1479 1968 1546 ipsum
2005 1478 2084 1529 vi-

514 1574 669 1629 derat
694 1573 805 1641 iam
838 1573 962 1629 inde
993 1588 1023 1627 a
1056 1573 1285 1642 pueritia
1328 1571 1476 1627 omni
1498 1570 1728 1641 iustitiae
1754 1568 2017 1631 deditum,
2051 1582 2082 1621 a

515 1664 758 1734 nequitia
794 1666 1199 1727 abhorrentem,
1235 1661 1455 1717 malitia
1486 1675 1738 1726 osorem;
1778 1669 1941 1729 atque
1967 1660 2084 1713 haec

514 1757 811 1811 secundum
857 1754 1061 1811 editum
1130 1755 1197 1811 de
1246 1769 1313 1809 eo
1364 1769 1394 1808 a
1436 1754 1697 1825 praphcta
1744 1751 2081 1817 vaticinium,

512 1845 768 1915 quoniam
808 1864 827 1897 ι
857 1845 1174 1915 Priusquam
1224 1828 1515 1915 cognoscat
1573 1846 1688 1914 ipse
1741 1845 1939 1898 bonum
1994 1843 2081 1895 vel

2186 649 2261 721 μὴ
2288 651 2433 721 φύγῃ
2466 652 2568 721 τὴν
2600 649 2737 719 πρὸς
2764 648 2926 703 αὐτὸν
2948 650 2977 702 6
3000 646 3299 711 ἀντίπαλος
3330 644 3539 717 μάχην,
3571 644 3663 699 ἴνα
3694 644 3765 716 μή

2182 742 2452 812 γνωρίσας
2482 743 2573 795 τὸν
2610 741 3005 815 κρυπτόμενον,
3028 739 3178 811 φύγῃ
3201 740 3305 810 τὴν
3329 738 3468 823 πρῖε
3492 736 3555 790 τδ
3586 736 3764 806 φαινό-

2185 852 2344 905 μενον
2386 834 2584 905 πάλην.
2617 832 2821 888 Τούτου
2856 831 3016 904 χάριν
3054 829 3194 901 μετά
3221 829 3318 883 τὸν
3357 826 3763 901 προειρημένον

2181 926 2411 998 ἀριθμὸν
2454 926 2564 979 τῶν
2607 922 2851 996 ἡμερῶν,
2892 923 2993 994 τῆς
3037 920 3388 993 ἀνθρωπείας
3434 920 3657 989 φύσεως
3709 918 3765 971 τδ

2184 1019 2354 1082 πάθος
2402 1018 2719 1088 ὑποφαίνει,
2768 1017 2863 1071 καὶ
2913 1016 3187 1086 συγχωρεῖ
3242 1016 3313 1087 τῇ
3359 1012 3521 1083 πείνῃ
3576 1010 3761 1084 χώραν

2181 1110 2386 1175 λαϐεῖν,
2419 1110 2587 1181 λαϐὴν
2610 1107 2802 1179 ἐκείνῳ
2826 1106 2915 1161 διά
2945 1106 3046 1176 τῆς
3084 1105 3277 1175 πείνης
3312 1104 3524 1167 διδοῦς’
3560 1103 3627 1157 οὐ
3662 1104 3768 1173 γάρ

2182 1200 2502 1275 προσελθεῖν
2564 1201 2773 1272 ἐτόλμα
2796 1239 2811 1264 ,
2866 1196 3036 1251 πολλά
3086 1196 3215 1269 περὶ
3264 1194 3430 1249 αὐτὸν
3483 1191 3767 1265 θεοπρεπῆ

2181 1292 2442 1358 γινόμενα
2486 1286 2709 1357 θεωρῶν
2728 1304 2744 1319 ο
2774 1286 2867 1341 καὶ
2898 1285 3008 1355 γάρ
3038 1284 3260 1353 ἄγγελοι
3302 1282 3592 1354 τεχθέντος
3647 1283 3767 1353 ἐχό-

2185 1394 2372 1448 ρευον,
2433 1377 2719 1441 ἀνατείλας
2774 1375 2950 1448 ἀστὴρ
3010 1374 3222 1446 μάγους
3281 1374 3627 1444 ὲποδήγησεν
3692 1374 3770 1435 εἱς

2186 1468 2556 1541 προσκύνησιν
2592 1470 2719 1532 τοὺς
2757 1468 2853 1539 τῆς
2882 1466 3053 1535 αὐτῆς
3086 1466 3370 1535 φάλαγγος
3410 1464 3767 1535 κορυφαίους,

2184 1560 2279 1612 καὶ
2311 1558 2473 1613 αὑτὸν
2499 1558 2647 1630 ἑώρα
2674 1559 2857 1612 πᾶσαν
2883 1558 2949 1610 ὲκ
2977 1556 3167 1618 παιδὸς
3203 1556 3461 1627 μετιόντα
3498 1554 3771 1609 δικαιοσύ-

2183 1668 2304 1719 νην,
2335 1650 2751 1720 βδελυττόμενον
2778 1650 2999 1712 κακίαν,
3028 1647 3438 1721 μυσαττόμενον
3468 1644 3767 1716 πονηρίαν·

2184 1740 2276 1794 καὶ
2307 1742 2479 1794 ταῦτα
2507 1740 2653 1814 [cod.
2674 1740 2901 1813 ταύτην]
2932 1741 3073 1795 κατά
3105 1738 3202 1810 τὴν
3232 1740 3313 1801 είς
3342 1736 3508 1791 αὐτὸν
3534 1752 3769 1806 γεγενηο

2187 1830 2355 1901 μένην
2399 1830 2703 1903 πρόρρησιν
2752 1829 2857 1884 ὑπὸ
2903 1829 2997 1884 τοῦ
3045 1829 3346 1901 προφήτου,
3380 1828 3466 1880 ὅτι
3505 1845 3525 1878 ι
3554 1826 3699 1898 Πρὶν
3739 1824 3768 1895 ἢ

513 1935 737 2001 malum,
768 1951 873 1991 non
906 1937 1093 1991 credet
1131 1936 1371 2001 malitiae,
1409 1944 1466 1990 ut
1505 1936 1666 2005 eligat
1689 1936 1832 2004 quod
1879 1935 2080 1989 bonum

2183 1920 2389 1988 γνῶναι
2420 1922 2579 1974 αὐτὸν
2607 1921 2810 1990 ἀγαθὸν
2841 1920 2874 1992 ἢ
2909 1921 3100 1982 κακὸν,
3145 1918 3363 1973 ἀπειθεῖ
3399 1918 3647 1989 πονηρίᾳ
3678 1917 3769 1969 τοῦ

514 2028 664 2083 est"
695 2028 796 2098 (i).
831 2047 849 2080 ι
919 2026 1204 2084 Clamabat
1248 2044 1463 2098 quoque
1524 2026 1761 2083 Joannes
1817 2043 1832 2083 :
1870 2044 1901 2078 ἰ
1948 2027 2084 2080 Ecce

520 2132 691 2187 agnus
733 2118 853 2185 Dei,
896 2119 988 2190 qui
1044 2118 1181 2174 tollit
1227 2129 1507 2188 peccatum
1555 2119 1741 2173 mundi
1765 2121 1831 2173 ⁸⁸.
1862 2137 1881 2169 ι
1922 2118 2085 2173 Pater

518 2208 748 2277 desuper
780 2210 1079 2262 testabatur
1106 2226 1122 2263 :
1160 2228 1179 2260 ι
1213 2207 1311 2262 Hic
1336 2218 1419 2262 est
1451 2207 1621 2261 Filius
1644 2222 1796 2262 meus
1826 2208 2083 2273 dilectus,

518 2299 572 2353 iu
609 2314 715 2368 quo
750 2298 881 2353 mihi
922 2298 1224 2370 cumplacui
1251 2299 1319 2353 ³⁸.
1355 2319 1373 2350 ι
1412 2298 1595 2354 Gratia
1637 2298 1869 2368 denique
1910 2299 2084 2369 Spiri—

517 2398 603 2445 tus
632 2390 803 2445 sancti
835 2391 1169 2460 supervenit.
1198 2389 1323 2446 Hac
1356 2398 1410 2445 et
1447 2389 1713 2458 ejusmodi
1758 2390 1862 2445 alia
1899 2390 2080 2444 diabo-

516 2479 626 2534 lum
670 2479 1090 2545 terrefacieutia,
1140 2497 1245 2534 non
1292 2480 1543 2537 sinebant
1587 2482 1846 2536 accedere
1875 2481 1940 2535 ad
1986 2497 2083 2535 no-

517 2578 645 2625 strze
682 2578 889 2625 natura:
933 2570 1211 2625 athletam.
1248 2569 1352 2625 Sed
1393 2580 1676 2640 postquam
1723 2571 1769 2625 is
1806 2569 1961 2625 famis
1989 2585 2080 2623 ac-

516 2674 728 2715 cessum
756 2659 1001 2728 admisit,
1037 2661 1320 2730 ipsumque
1349 2661 1487 2716 vidit
1513 2662 1732 2716 humani
1766 2658 2083 2715 nutrimenti

518 2750 779 2821 indigum,
816 2766 989 2823 neque
1026 2756 1164 2807 ultra
1195 2753 1542 2821 antiquorum
1574 2753 1853 2808 hominum
1899 2762 2085 2807 ternu-

521 2855 644 2895 num
678 2841 879 2896 durare
902 2841 1193 2906 valentem,
1229 2852 1355 2896 tunc
1390 2842 1644 2905 accessit,
1677 2857 1861 2897 ansam
1895 2844 2087 2898 existi-

519 2948 675 2988 mans
723 2948 783 2989 se
831 2934 1042 3001 cepisse
1092 2934 1418 2999 maximam,
1473 2933 1797 3007 facilemque
1857 2935 2085 2991 credens

514 3021 800 3076 victoriam
844 3022 1164 3077 relaturum.

582 3133 819 3204 830m.
866 3132 1002 3189 XIV.
1044 3106 1328 3204 Quomodo,
1375 3135 1645 3190 diabolum
1678 3136 2011 3191 debellatae"?

1029 3202 1264 3258 Christus
1306 3202 1577 3260 Dominus.

2183 2010 2504 2078 ἐκλέξασθαι
2533 2013 2593 2065 τὸ
2625 2011 2829 2081 ἀγαθόν
2849 2030 2863 2043 ·
2886 2029 2905 2063 ι
2940 2010 3143 2065 ὲϐόαδὲ
3172 2009 3265 2062 καὶ⁴
3296 2010 3590 2079 Ἰωάννης·
3620 2027 3639 2059 ι
3669 2006 3768 2059 Ἴδε

2182 2105 2211 2156 6
2236 2104 2405 2175 ἀμνὸς
2427 2103 2522 2157 τοῦ
2540 2102 2701 2171 Θεοῦ,
2722 2104 2750 2156 6
2772 2102 2945 2175 αῖρων
2959 2102 3059 2173 τὴν
3074 2100 3348 2173 ἁμαρτίαν
3371 2098 3465 2153 τοῦ
3489 2099 3724 2169 κόσμου.
3747 2118 3765 2147 ι

2183 2196 2373 2264 Πατὴρ
2425 2195 2630 2250 ἀνωθεν
2672 2194 3054 2266 ἐμαρτύρησεν
3081 2210 3095 2223 ο
3131 2210 3151 2244 ι
3190 2186 3360 2253 Οὗτός
3393 2191 3548 2244 ἐστιν
3584 2193 3613 2243 6
3646 2189 3769 2252 Υἱός

2185 2286 2331 2355 μουό
2359 2283 2665 2354 ἀγαπητὸς,
2690 2286 2747 2337 ὲν
2776 2277 2821 2352 ᾧ
2853 2284 3149 2355 ηὐδόκησα.
3174 2300 3193 2334 ι
3224 2281 3332 2334 Τοῦ
3375 2278 3699 2349 Πνεύματος
3737 2282 3767 2347 ή

2181 2375 2343 2447 χάρις
2369 2376 2642 2447 ὲφοίτησε.
2671 2375 2855 2431 Ταῦτα
2886 2377 2979 2430 καὶ
3004 2378 3106 2430 ὅσα
3139 2373 3367 2428 τοιαῦτα
3400 2373 3496 2427 τὸν
3520 2372 3769 2427 διάϐολον

2181 2467 2629 2537 καταπλήττοντα
2665 2466 2978 2539 προσελθεῖν
3006 2467 3108 2520 οὐκ
3137 2462 3223 2519 ἐῖα
3250 2466 3331 2537 τῷ
3359 2469 3461 2536 τῆς
3488 2464 3765 2535 ἡμετέρας

2184 2554 2399 2625 φύσεως
2444 2556 2650 2628 ἀθλητῇ
2675 2570 2691 2587 ⁶
2723 2557 2800 2620 ὡς
2836 2556 2892 2610 δὲ
2930 2556 3027 2625 τῆς
3074 2556 3267 2627 πείνης
3310 2556 3412 2626 τὴν
3458 2555 3766 2626 προσϐολὴν

2184 2647 2499 2714 ὑπεδέξατο,
2533 2650 2628 2702 καὶ
2668 2650 2873 2720 τροφῆς
2902 2648 3067 2702 αὐτὸν
3099 2643 3241 2701 εῐδεν
3273 2646 3627 2719 ἀνθρωπίνης
3657 2648 3767 2701 6:6-

2188 2756 2368 2810 μενον,
2416 2740 2511 2793 καὶ
2560 2744 2848 2812 καρτερεῖν
2882 2740 3192 2812 περαιτέρω
3232 2740 3341 2793 τῶν
3382 2740 3633 2794 παλαιῶν
3674 2742 3765 2793 ἁν-

2183 2830 2325 2901 δρῶν
2347 2832 2409 2884 ού
2437 2830 2752 2902 δυνάμενον,
2787 2831 3169 2903 προσέρχεται,
3199 2829 3369 2901 λαϐὴν
3396 2831 3649 2901 οἰόμενος
3678 2831 3766 2884 εύ-

2190 2922 2415 2993 ρηκέναι
2446 2924 2733 2994 μεγίστην,
2764 2924 2856 2977 καὶ
2887 2926 3131 2994 νικήσειν
3164 2921 3362 2995 ῥᾳδίως
3393 2923 3696 2979 πιστεύων.

2257 3149 2357 3201 ῖΔθ.
2403 3148 2522 3203 Τίνι
2553 3148 2749 3216 τρόπῳ
2780 3147 3228 3215 κατηγωνίσατο
3265 3150 3375 3204 τὸν
3410 3149 3701 3209 διάϐολον

2630 3220 2669 3272 ὁ
2702 3219 3008 3283 Δεσπότης
3046 3220 3317 3286 Χριστός.

582 3322 660 3377 Ac
692 3321 1139 3391 quemadmodum
1178 3323 1230 3377 in
1284 3322 1490 3393 prmliis
1520 3338 1641 3379 cum
1676 3326 1799 3392 quis
1834 3325 1946 3379 vult
1976 3325 2079 3381 ali-

2254 3328 2365 3381 Καὶ
2411 3327 2664 3398 καθάπερ
2696 3328 2754 3381 ὲν
2784 3331 2897 3392 τοῖς
2926 3328 3185 3400 πολέμοις
3209 3330 3301 3383 τὸν
3334 3334 3678 3405 πανταχόθεν
3702 3337 3766 3405 τῇ

513 3429 675 3485 quem
702 3416 1107 3484 cataphractum
1144 3414 1251 3469 telo
1276 3425 1551 3486 appetere,
1575 3424 1747 3470 totum
1772 3417 1946 3472 oculis
1972 3418 2080 3473 cir-

514 3514 843 3573 cumtuetur,
869 3506 1080 3560 eminus
1101 3506 1416 3571 observans,
1447 3509 1644 3561 nudum
1669 3507 1884 3577 aliquod
1916 3524 2082 3564 mem-

512 3596 668 3650 brum
700 3596 1010 3665 explorans,
1041 3604 1099 3650 ut
1124 3594 1249 3651 illuc
1279 3597 1531 3676 sagittam
1566 3597 1805 3662 dirigens
1832 3598 2083 3653 adversa-

514 3689 652 3743 rium
682 3688 964 3753 vulneret;
994 3688 1074 3742 sic
1099 3687 1346 3743 diabolus
1375 3689 1521 3743 omni
1566 3687 1776 3757 iustitia
1803 3688 2080 3745 Christum

512 3779 703 3835 videns
750 3789 1054 3843 armatum,
1107 3779 1379 3848 situmque
1417 3779 1668 3835 idoneum
1712 3790 1962 3838 scrutans
2014 3788 2081 3838 ad

513 3884 671 3939 quem
711 3869 872 3923 telum
904 3869 1179 3939 dirigeret,
1211 3882 1268 3923 ut
1300 3880 1666 3942 emergentem
1695 3873 1828 3926 vidit
1862 3870 2082 3941 famem,

512 3960 768 4015 audacter
794 3960 1004 4015 accedit
1028 3976 1125 4016 ceu
1162 3977 1219 4017 re
1245 3963 1467 4032 quaesita
1510 3963 1735 4033 potitus,
1758 3965 1880 4033 quia
1914 3964 2081 4034 ipsam

513 4052 877 4123 progenitoris
908 4053 1213 4123 passionem
1249 4057 1301 4110 in
1339 4071 1404 4111 eo
1439 4056 1889 4127 deprehenderat.
1923 4058 2085 4115 Nam-

510 4156 618 4211 que
658 4150 714 4196 et
748 4142 894 4197 illum
944 4159 1068 4199 esca
1097 4144 1275 4200 oblata
1322 4145 1467 4204 felici
1496 4147 1601 4201 vita
1646 4148 1989 4217 spoliaverat,
2031 4159 2084 4205 et

510 4233 716 4298 sudori,
750 4249 1021 4299 a-rumnae,
1053 4250 1116 4289 ac
1148 4237 1306 4291 morti
1334 4237 1693 4308 impiicuerat.
1731 4239 1872 4311 Ergo
1901 4242 1974 4296 ita
2003 4243 2081 4296 di-

510 4342 639 4383 cens
667 4328 871 4381 accedit
897 4345 966 4382 τι(
1002 4326 1059 4382 Si
1090 4326 1259 4384 Filius
1301 4329 1391 4383 Dei
1425 4344 1505 4393 es,
1534 4329 1624 4385 dic
1663 4340 1721 4384 ut
1762 4332 1968 4400 lapides
1996 4334 2080 4389 isti

509 4434 676 4487 panes
706 4417 839 4472 fiant
872 4419 938 4472 ³¹.
976 4437 996 4472 ι
1040 4418 1200 4475 Certe
1243 4420 1294 4474 id
1343 4435 1445 4475 non
1500 4420 1741 4487 fecisset,
1781 4424 1881 4478 nisi
1928 4422 2084 4480 famis

510 4512 813 4583 passionem
858 4511 1113 4569 Servatur
1158 4512 1482 4569 admisisset.
1532 4513 1703 4580 Quam
1748 4529 1861 4569 rem
1906 4531 1973 4570 ex
2018 4518 2083 4572 iis

2184 3416 2457 3487 πανοπλίᾳ
2502 3416 2917 3487 κεκαλυμμένον
2964 3418 3360 3485 κατατοξεῦσαι
3409 3439 3500 3486 τις
3543 3421 3763 3485 ἐθέλων,

2181 3508 2302 3562 ὅλον
2335 3510 2449 3572 τοῖς
2478 3508 2775 3580 ὀφθαλμοῖς
2799 3510 3169 3582 ⁸ιπρισκοπῶν,
3193 3512 3479 3583 πόρρωθεν
3506 3516 3761 3585 ἐρευνῶν,

2187 3602 2346 3671 μέλος
2374 3600 2793 3679 γεγυμνωμένον
2818 3601 3112 3673 ἐπιζητῶν,
3150 3603 3236 3656 ἵνα
3268 3603 3329 3657 τὸ
3361 3604 3519 3675 βέλος
3545 3609 3663 3660 ἐκεῖ
3689 3609 3765 3678 ῥίς

2180 3692 2288 3763 ψας
2338 3691 2428 3745 τὸν
2469 3691 2762 3746 ἀντίπαλον
2808 3692 3005 3766 πλήξῃ,
3034 3692 3209 3757 οὕτως
3251 3696 3280 3748 6
3316 3694 3568 3760 διάϐολος
3620 3698 3764 3769 πάσῃ

2181 3783 2495 3858 δικαιοσύνῃ
2543 3784 2635 3837 τὸν
2679 3784 2913 3854 Χριστὸν
2958 3784 3407 3856 καθωπλισμένον
3444 3788 3632 3857 ὀρῶν,
3680 3791 3767 3846 καὶ

2181 3874 2349 3928 τόπον
2379 3873 2558 3944 ζητῶν
2589 3874 2869 3943 ἁρμόδιον,
2907 3874 2993 3928 ἵνα
3030 3876 3091 3929 τὸ
3126 3876 3281 3946 βέλος
3327 3879 3446 3931 ἐκεῖ
3482 3881 3763 3954 ἀκοντίσῃ,

2184 3963 2259 4027 ὡς
2285 3960 2393 4018 εἶδε
2418 3965 2516 4035 τήν
2540 3966 2730 4020 πείναν
2759 3968 3144 4034 ἀναφανεῖσαν,
3169 3968 3535 4041 προσέρχεται
3567 3971 3767 4044 θαρσαο

2184 4055 2325 4119 λὲως
2367 4056 2443 4119 ὡς
2482 4056 2668 4129 εὑρὼν
2695 4058 2757 4111 τὸ
2787 4057 3140 4129 ζητούμενον,
3176 4063 3253 4125 ὡς
3291 4062 3386 4116 τοῦ
3424 4065 3766 4137 προπάτορος

2185 4148 2243 4201 έν
2290 4147 2438 4219 αὐτῷ
2488 4148 2771 4221 θεωρήσας
2816 4150 2876 4203 τὸ
2916 4151 3107 4215 πάθος.
3148 4154 3257 4206 Καὶ
3294 4154 3402 4224 γὰρ
3440 4156 3653 4210 ἐκεῖνον
3686 4157 3766 4211 διὰ

2186 4238 2441 4310 βρώσεως
2494 4242 2765 4310 στερήσας
2806 4240 2909 4310 τῆς
2942 4241 3162 4295 ἀλύπου
3207 4242 3387 4314 ζωῆς,
3434 4244 3627 4316 ἱδρῶτι
3681 4250 3767 4301 sui

2184 4332 2529 4403 ταλαιπωρίᾳ
2598 4332 2693 4385 καὶ
2743 4331 2960 4403 θανάτῳ
3022 4332 3339 4397 συνέζευξε·
3406 4336 3763 4407 προσέρχεται

2184 4423 2362 4475 τοίνυν
2385 4423 2559 4491 λέγων
2580 4442 2592 4455 ι
2633 4442 2651 4473 ι
2683 4424 2747 4477 Εἰ
2781 4423 2909 4487 Υίὸς
2940 4418 2992 4476 εἴ
3017 4423 3109 4477 τοῦ
3141 4424 3300 4487 Θεοῦ,
3335 4426 3458 4480 εἰπὲ
3494 4428 3582 4481 ἵνα
3609 4431 3665 4491 oi,
3691 4430 3764 4483 λί-

2185 4514 2267 4567 θοι
2300 4510 2445 4569 οῦτοι
2470 4516 2623 4586 ἄρτοι
2650 4515 2934 4583 γένωνται.
2972 4535 2990 4568 ι
3022 4516 3137 4571 Οὐκ
3161 4517 3225 4571 ἂν
3253 4517 3309 4570 δὲ
3338 4519 3500 4574 τοῦτο
3533 4524 3763 4593 πεποίη-

510 4621 629 4674 ῳιεε
663 4615 847 4673 postea
870 4614 1167 4661 evenerunt
1197 4606 1424 4675 quilibet
1453 4607 1736 4664 manifeSIe
1766 4619 2078 4679 cognoscet.

2186 4621 2299 4667 κεν,
2328 4607 2377 4658 εί
2416 4605 2490 4675 μὴ
2515 4604 2575 4658 τὺ
2597 4604 2768 4669 πάθος
2795 4606 2895 4675 τῆς
2924 4606 3117 4678 πείνης
3142 4608 3171 4659 6
3197 4607 3388 4680 Σωτὴρ
3417 4610 3761 4677 κατεδέξατοο

511 4698 787 4766 Siquidem
811 4697 990 4752 statim
1018 4713 1081 4752 ac
1114 4698 1284 4753 victus
1317 4701 1368 4752 in
1395 4699 1535 4755 lucta
1570 4700 1689 4763 fuit,
1724 4711 2085 4771 expertusque

507 4788 695 4844 didicit
752 4789 896 4844 hunc
934 4803 1057 4845 esse
1096 4803 1253 4859 quem
1299 4792 1577 4861 prophetae
1601 4807 1791 4848 omnes
1814 4794 2081 4863 praedixe-

511 4891 667 4947 rant,
720 4896 787 4937 ne
844 4892 1121 4950 aspectum
1167 4882 1382 4952 quidem
1418 4884 1538 4953 ejus
1586 4885 1890 4941 accedentis
1944 4886 2086 4942 ferre

509 4988 672 5029 ausus
691 4985 797 5039 est,
820 4976 911 5028 sed
954 4974 1099 5029 illico
1121 4974 1350 5044 aufugit,
1394 4991 1536 5032 nunc
1569 4977 1813 5049 clamans
1840 4995 1855 5033 :
1892 4995 1913 5031 ι
1945 4977 2082 5047 Quid

511 5066 666 5120 nobis
688 5075 742 5120 et
779 5066 897 5130 tibi,
930 5066 1029 5121 Fili
1068 5068 1157 5121 Dei
1180 5067 1320 5121 ?cur
1347 5069 1543 5123 venisti
1581 5080 1708 5125 ante
1739 5080 1948 5139 tempus
1975 5082 2085 5126 tor-

2183 4699 2277 4751 xal.
2322 4696 2482 4751 τοῦτο
2529 4697 2691 4767 μάθοι
2724 4716 2805 4761 τις
2839 4702 2902 4753 ἐκ
2934 4699 3044 4753 τῶν
3079 4700 3215 4769 μετὰ
3244 4701 3416 4756 ταῦτα
3446 4704 3668 4774 σαφῶς
3698 4705 3766 4771 ὡς

2182 4789 2290 4860 γάρ
2335 4788 2544 4860 ἡττήθη
2588 4790 2875 4853 παλαίσας,
2913 4790 3011 4843 καὶ
3055 4790 3143 4844 διὰ
3175 4791 3270 4861 τῆς
3308 4794 3508 4863 πείρας
3543 4794 3763 4866 ἔμαθεν,

2180 4880 2263 4933 ὃτι
2282 4881 2443 4945 αὑτός
2465 4882 2613 4934 ἐστιν
2638 4880 2698 4935 ὃν
2720 4883 2770 4935 οί
2793 4882 3068 4953 προφῆται
3094 4884 3481 4955 προεκήρυξαν
3502 4888 3763 4953 ἅπαντες,

2180 4971 2303 5024 οὐδὲ
2348 4972 2452 5042 τήν
2484 4971 2613 5027 θέαν
2654 4972 2820 5027 αὑτοῦ
2860 4972 3181 5046 προσιόντος
3214 4975 3408 5046 φέρειν
3438 4978 3761 5049 ἐτόλμησεν.

2184 5064 2297 5117 ἀλλ’
2326 5065 2487 5127 εὐθὺς
2530 5064 2945 5136 ἐδραπέτευσεν,
2981 5064 3077 5120 νῦν
3124 5065 3222 5137 μὲν
3262 5066 3424 5138 βοῶν,
3466 5088 3484 5120 ι
3519 5070 3586 5123 Τί
3635 5072 3763 5143 ἡμῖν

508 5172 675 5227 quere
698 5173 795 5213 nos
814 5156 902 5210 ιιι
940 5177 959 5210 ι
996 5174 1140 5214 nunc
1174 5170 1350 5215 autem
1397 5179 1412 5216 :
1449 5160 1611 5216 «Novi
1635 5163 1775 5231 quod
1803 5162 1968 5218 Filius
1993 5164 2082 5218 Dei

2186 5160 2279 5213 καὶ
2314 5160 2417 5221 σοὶ,
2444 5158 2540 5212 Υίὲ
2566 5158 2661 5212 τοῦ
2690 5160 2860 5224 Θεοῦ;
2902 5160 2955 5213 τί
2989 5156 3153 5232 ἦλθες
3180 5160 3287 5231 πρὸ
3312 5161 3510 5232 καιροῦ
3540 5163 3762 5234 βασανί-

508 5252 621 5304 sis:
669 5249 861 5319 adjuro
912 5260 981 5314 te,
1030 5266 1100 5306 nc
1140 5266 1227 5306 me
1270 5260 1524 5323 torqueas
1559 5254 1626 5309 ⁸³.
1668 5274 1687 5305 ι
1745 5255 1892 5309 Adeo
1939 5254 2082 5308 illum

2188 5267 2278 5304 σαι
2312 5251 2494 5320 ήμᾶς;
2521 5270 2539 5301 ι
2570 5249 2663 5305 νῦν
2689 5251 2770 5316 δὲ,
2807 5246 2969 5306 «Οἶδά
3004 5268 3063 5305 σε
3092 5252 3175 5316 τίς
3207 5247 3277 5313 εἴ,
3300 5254 3327 5305 6
3350 5252 3476 5317 Υἱὸς
3493 5254 3589 5308 τοῦ
3606 5254 3757 5317 Θεοῦ,

511 5342 752 5404 timebat,
791 5342 1136 5413 iudicemque
1184 5342 1491 5400 fatebatur!
1529 5346 1681 5400 Tunc
1734 5356 1914 5401 autem
1967 5358 2082 5400 ante

2184 5340 2388 5413 ὁρκίζω
2448 5358 2509 5394 σε
2555 5344 2628 5413 μή
2687 5361 2753 5413 με
2804 5343 3122 5419 βασανίσῃς.
3157 5364 3175 5397 ι
3226 5344 3417 5411 Οὕτως
3481 5347 3758 5411 ἐδεδοίκει,

508 5433 921 5502 experientiam,
948 5436 1087 5491 haud
1116 5434 1312 5490 talibus
1338 5435 1516 5491 verbis
1537 5439 1810 5503 utebatur,
1841 5438 1934 5492 sed
1960 5452 2082 5491 cou-

2188 5436 2283 5489 καὶ
2314 5434 2507 5506 κριτὴν
2534 5435 2801 5506 ὡμολόγει
2824 5453 2836 5467 ’
2865 5436 2987 5490 τότε
3018 5436 3124 5508 πρὸ
3146 5437 3247 5506 τῆς
3273 5439 3473 5510 πείρας
3500 5438 3564 5491 οὐ
3592 5439 3759 5493 τοιοὺ-

583 5590 628 5622 ’⁸
657 5593 763 5646 isa.
786 5606 881 5660 vn,
925 5589 1011 5646 16.
1074 5590 1117 5621 ’⁸
1157 5589 1310 5646 Joan.
1346 5607 1383 5654 l,
1417 5591 1505 5647 ΞΩ.
1541 5591 1585 5623 ³⁰
1619 5590 1807 5645 Matth.
1842 5607 1924 5655 ιιι,
1954 5592 2036 5645 l7.

2195 5591 2382 5646 Matth.
2418 5606 2492 5653 ιν,
2525 5591 2579 5649 '5.
2655 5590 2699 5623 ³⁸
2736 5591 2923 5646 Matth.
2958 5607 3077 5658 vm,
3103 5591 3192 5647 29.
3270 5592 3313 5625 ⁸³
3348 5592 3482 5649 Luc.
3505 5610 3621 5662 vm,
3658 5596 3745 5651 28.

585 5729 663 5795 (ι)
700 5728 776 5783 ita
802 5744 862 5800 se
885 5731 1050 5787 habet
1074 5731 1294 5788 Graecus
1320 5738 1502 5787 textus
1531 5742 1641 5786 tum
1672 5733 1723 5786 in
1756 5731 1942 5786 Bibliis
1970 5744 2078 5787 tum
2192 5734 2269 5787 dit
2306 5730 2559 5795 ireuaaus,
2597 5734 2687 5800 qui
2730 5742 2904 5787 tamcn
2940 5748 3038 5800 pro
3075 5749 3177 5789 non
3212 5736 3402 5797 credet,
3434 5735 3620 5789 scribit
3658 5751 3754 5789 nan

516 5801 654 5866 apud
680 5799 972 5876 Cy_r_iiium_;
999 5813 1161 5876 atque
1190 5803 1261 5856 ita
1294 5806 1430 5876 apu_d
1458 5801 1796 5876 Sabaterium
1828 5804 2083 5876 interprc-
2194 5804 2493 5876 spirantia.
2535 5799 2793 5871 Vulgatus
2839 5799 3019 5856 autem
3071 5804 3336 5875 interpres
3386 5805 3592 5870 dill'ert,
3634 5810 3751 5876 quia

520 5878 699 5925 tantur
725 5870 824 5926 SS.
850 5870 1165 5927 Ambrosius
1190 5870 1350 5941 atque
1374 5872 1717 5942 Fulgentius;
1746 5888 1915 5941 neque
1940 5870 2083 5929 ablu-
2194 5870 2516 5929 iiebraicum
2550 5884 2751 5930 textum
2784 5883 3040 5930 sectatur.
