3996 6482
212 511 356 569 1441

1387 490 1477 544 DE
1516 475 2034 543 INCARNA'I'IUNE
2071 480 2332 539 DOMI‘NI.

3385 472 3530 534 lui

210 641 335 688 τοις
355 623 625 693 ὲικὲχρητο
649 618 916 689 ῥήμασιν,
945 612 1082 669 ἀλλὰ
1106 609 1325 683 θαρρῶν
1356 605 1588 680 προσῄει
1612 604 1807 672 λέγων·
1839 651 1841 658 .

1951 599 2148 654 denter
2179 596 2472 653 accedebat
2501 594 2688 651 dicens
2723 609 2738 647 :
2781 611 2801 645 ι
2835 592 2930 649 Dic
2962 601 3020 648 ut
3049 591 3258 663 lapides
3292 591 3383 646 isti
3423 605 3522 659 pa-

221 736 239 768 r
279 714 422 770 Εἰπὲ
452 714 542 766 ἵνα
566 712 616 764 oi
648 707 791 762 λίθοι
817 698 963 759 οὗτοι
995 704 1151 776 ἄρτοι
1183 700 1471 769 γένωνται.
1505 717 1524 750 ι
1564 696 1678 764 Τῆς
1716 693 1816 765 μὲν

213 805 330 876 γὰρ
364 803 573 860 ἄνωθεν
605 797 873 869 ἐλθούσης
903 796 1088 867 φωνῆς
1115 795 1347 864 ηκουσα,
1377 789 1535 859 φησι,
1566 785 1726 840 τοῦτό
1744 799 1816 876 σε

217 874 559 964 καλεσάσης,
592 889 810 945 ἀπιστῶ
839 888 898 943 δὲ
927 887 1033 950 ἓως
1065 884 1134 939 ἂν
1176 881 1326 936 λάϐω
1357 879 1457 951 τὴν
1497 880 1693 947 πεῖραν
1738 874 1818 928 δι-

218 986 519 1041 δάσκαλον.
555 981 750 1035 Πεῖσόν
793 997 862 1050 με
903 979 993 1033 διὰ
1019 975 1130 1029 τῶν
1156 973 1520 1046 πραγμάτων,
1557 969 1634 1032 ὼς
1665 967 1695 1020 6
1720 967 1818 1020 κέ-

219 1078 448 1150 κλησαι,
482 1072 698 1144 άληθῶς
723 1069 1116 1144 ὑπάρχεις.“Αν
1145 1065 1255 1138 γὰρ
1279 1065 1442 1118 τοῦτο
1470 1061 1648 1134 μάθω,
1678 1058 1814 1128 φεύ-

219 1171 414 1237 ξομαι,
445 1163 542 1218 καὶ
567 1162 945 1234 δραπετεύσω,
975 1160 1071 1213 καὶ
1095 1159 1196 1228 τὴν
1228 1156 1366 1228 πρὸς
1395 1155 1457 1208 σὲ
1480 1151 1819 1223 παραιτήσο-

225 1273 328 1328 μαι
360 1252 542 1324 πάλην
563 1268 578 1284 ·
610 1246 729 1305 οἶδα
752 1251 863 1321 γάρ
884 1250 1009 1302 ὅσον
1039 1245 1175 1317 ἐμοῦ
1201 1249 1298 1298 καὶ
1327 1241 1424 1297 σοῦ
1452 1242 1513 1297 τὸ
1538 1241 1816 1310 διάφορον.

223 1343 413 1408 Δεῖξον
430 1341 615 1396 τοίνυν
637 1339 700 1392 τδ
721 1338 905 1410 θαῦμα
934 1337 1031 1389 καὶ
1051 1336 1148 1407 τὴν
1174 1331 1647 1404 θαυματουργίαν,
1675 1329 1823 1410 δίδα-

224 1435 319 1502 ξον
365 1434 458 1488 τὸν
492 1432 589 1486 τοῦ
624 1429 902 1502 θαύματος
931 1430 1194 1500 ποιητήν·
1234 1447 1254 1480 ι
1287 1425 1424 1481 Εἰπὲ
1458 1425 1547 1479 ίνα
1589 1425 1640 1477 oi
1685 1423 1822 1477 λίθοι

224 1521 374 1582 οὗτοι
413 1526 568 1596 ἄρτοι
606 1521 893 1591 γένωνται.
924 1539 945 1574 ο

299 1614 521 1668 Τούτων
563 1612 808 1675 ἀκούσας
835 1607 1072 1681 κρύπτει
1110 1608 1210 1680 μὲν
1245 1606 1347 1677 τὴν
1388 1604 1642 1675 θεύτητα,
1673 1604 1738 1656 ὲκ
1765 1601 1824 1656 δὲ

224 1709 327 1779 τῆς
360 1705 707 1778 ἀνθρωπείας
749 1702 1053 1771 διαλέγεται
1087 1700 1339 1770 φύσεως·
1372 1716 1392 1750 ι
1419 1697 1535 1752 Ούκ
1565 1696 1651 1748 ἐπ’
1675 1696 1825 1767 ἄρτῳ

231 1798 403 1870 μόνῳ,
434 1796 632 1862 λέγων,
666 1792 902 1864 ζήσηται
934 1788 1245 1860 ἄνθρωπος,
1282 1782 1401 1840 ἀλλ’
1430 1787 1489 1838 ὲν
1524 1781 1692 1836 παντὶ
1726 1781 1826 1853 ρή-

231 1906 368 1960 ματι
411 1887 501 1940 διὰ
543 1887 813 1954 στόματος
841 1878 1262 1952 ἐκπορευομένῳ
1287 1874 1448 1932 Θεοῦ.
1488 1895 1506 1928 ι
1541 1873 1816 1945 Δύναμαι,

1918 706 2016 748 nes
2063 692 2216 746 ﬁant.
2249 709 2269 741 ι
2301 688 2437 743 Nam
2479 703 2795 758 supernam,
2846 686 3045 755 inquit,
3078 697 3269 740 vocem
3319 682 3524 746 audivi,

1918 780 2116 837 Filium
2159 791 2212 838 te
2258 783 2626 848 vocitantem;
2662 781 2853 851 ignoro
2882 787 3090 844 autem,
3129 777 3306 832 donec
3353 791 3523 845 expe-

1920 872 2175 928 rientiam
2209 872 2525 941 magistram
2557 882 2752 928 nactus
2784 869 2963 925 fuero.
3008 867 3192 924 Factis
3230 866 3365 933 mihi
3398 880 3528 935 per-

1919 966 2107 1030 suade,
2143 967 2236 1034 qui
2281 963 2598 1034 appellaris,
2631 978 2756 1019 eum
2787 972 2840 1016 te
2871 976 2996 1018 esse
3039 974 3254 1016 revera.
3301 956 3435 1012 Nam
3481 959 3529 1010 si

1920 1057 2023 1113 hoc
2053 1058 2319 1123 didicero,
2350 1057 2575 1126 fugiam,
2608 1055 2861 1121 evadam,
2887 1053 3181 1123 quominus
3207 1061 3388 1107 tecum
3415 1049 3528 1102 col-

1921 1149 2100 1204 lucter
2124 1148 2481 1218 deprecabor.
2520 1145 2734 1200 Etenim
2776 1154 3041 1216 quantum
3081 1144 3226 1199 inter
3258 1158 3358 1197 nos
3389 1143 3528 1199 duos

1922 1241 2159 1306 intersit,
2197 1240 2331 1296 scio.
2373 1239 2695 1294 Demonstra
2731 1253 2862 1308 ergo
2901 1239 3230 1308 prodigium,
3263 1248 3530 1306 tuamque

1921 1329 2182 1385 miracula
2214 1329 2464 1399 patrandi
2495 1327 2828 1391 enicaciam;
2865 1326 3002 1381 doce
3036 1340 3123 1380 ine
3152 1325 3390 1397 prodigii
3422 1341 3527 1380 au-

1922 1429 2160 1476 ctorem:
2197 1438 2217 1472 ι
2253 1419 2349 1475 Dic
2383 1429 2441 1473 ut
2467 1420 2672 1491 lapides
2699 1419 2788 1474 isti
2821 1433 2991 1488 panes
3023 1417 3168 1474 ﬁant.
3210 1437 3231 1470 ι

1997 1593 2144 1665 Ergo
2180 1595 2266 1650 his
2302 1595 2526 1662 auditis,
2553 1593 2695 1651 celat
2733 1595 2993 1651 deitatem
3030 1594 3303 1662 Christus,
3334 1595 3531 1651 huma-

1932 1701 2124 1756 natque
2144 1696 2350 1742 natura:
2367 1703 2518 1743 more
2540 1687 2778 1758 loquitur
2810 1704 2824 1743 :
2853 1687 3101 1759 821m.
3125 1707 3144 1740 ι
3168 1689 3282 1743 Non
3310 1703 3376 1744 ex
3407 1689 3531 1744 solo

1926 1792 2066 1847 pane
2091 1779 2226 1833 vivit
2270 1780 2451 1846 homo,
2493 1782 2590 1837 sed
2632 1797 2700 1836 ex
2729 1783 2878 1838 omni
2915 1783 3081 1836 verbo
3103 1782 3248 1852 quod
3279 1784 3529 1850 procedit

1928 1871 2118 1926 deore
2143 1868 2240 1926 Dei
2266 1871 2330 1926 ".
2364 1890 2385 1925 ι
2421 1871 2674 1937 Possum,
2720 1873 2916 1943 inquit,
2948 1873 3068 1928 sine
3118 1887 3258 1941 pane
3304 1875 3526 1928 nutriri.

229 1939 422 2052 ἷρησίν.
452 1939 580 2033 ἄνευ
605 1939 772 2047 ἄρτου
793 1939 1202 2044 τραφῆναι..ού
1231 1939 1396 2040 μόνον
1425 1967 1536 2038 γὰρ
1566 1939 1754 2037 ἄρτοις
1786 1967 1821 2035 ἡ

1951 1962 2118 2033 leque
2151 1965 2298 2020 enim
2339 1965 2570 2036 panibus
2601 1939 2813 2021 tantum
2850 1967 2959 2020 vita
2998 1939 3278 2021 hominum
3314 1978 3533 2023 susten-

229 2069 343 2122 τῶν
391 2065 696 2136 ἀνθρώπων
747 2063 1128 2133 συγκροτεῖται
1175 2057 1312 2130 ζωὴ,
1343 2057 1480 2111 άλλά
1509 2056 1663 2129 ῥῆμα
1690 2054 1826 2108 Θεοῦ

230 2160 395 2230 ἀρκεῖ
445 2139 626 2211 πᾶσαν
677 2153 786 2207 τῶν
838 2149 1143 2222 ἀνθρώπων
1170 2149 1461 2222 διαθρέψαι
1489 2149 1589 2219 τὴν
1621 2147 1785 2218 φύσιν
1811 2163 1825 2178 ο

232 2249 411 2312 οὕτως
441 2249 471 2300 6
516 2243 910 2318 Ἰσραηλιτικδς
939 2241 1204 2314 διετράφη
1233 2241 1383 2306 λαὸς,
1414 2240 1830 2315 τεσσαράκοντα

233 2347 329 2414 ἔτη
360 2341 637 2410 συλλέγων
658 2338 720 2392 τὸ
745 2338 940 2409 μάννα,
966 2336 1063 2390 καὶ
1088 2334 1263 2405 θήρας
1283 2333 1574 2388 ἀπολαύων
1599 2331 1832 2402 ὀρνίθων

237 2433 450 2503 πεπεδη
461 2431 628 2502 μένης
659 2428 820 2500 βουλῇ
845 2427 980 2481 Θεοῦ
1005 2443 1018 2456 ·
1044 2427 1136 2480 καὶ
1161 2425 1345 2488 Ἠλίας
1373 2424 1616 2495 κόρακας
1647 2423 1834 2476 ἑστιά-
1868 2435 1870 2438 ·

236 2540 408 2593 τορας
461 2523 626 2590 ἐσχε-
679 2519 775 2572 καὶ
822 2517 1088 2580 Ἑλισαῖος
1138 2515 1350 2585 ἀγρίοις
1399 2514 1655 2584 λαχάνοις
1707 2515 1836 2576 τοὺς

241 2612 522 2675 θιασώτας
567 2609 820 2682 διέθρεψε
840 2625 854 2640 ο
907 2608 1002 2661 καὶ
1029 2607 1084 2659 τί
1123 2623 1190 2676 με
1220 2606 1300 2658 δεῖ
1326 2604 1396 2658 τὰ
1425 2603 1631 2657 παλαιά
1671 2620 1839 2658 κατα-

241 2706 460 2774 λέγειν;
523 2701 778 2771 Ἰωάννης
820 2691 978 2761 οὗτος
1023 2699 1053 2751 6
1097 2695 1329 2766 ἔναγχος
1379 2696 1438 2748 ὲν
1487 2695 1564 2766 τῷ
1599 2695 1840 2768 Ἰορδάνῃ

244 2795 552 2868 βαπτίζων,
581 2792 764 2847 πᾶσάν
788 2808 848 2844 τε
873 2789 970 2862 τὴν
1002 2788 1217 2860 ἠλικίαν
1247 2790 1305 2840 ὲν
1342 2789 1409 2858 τῇ
1439 2789 1635 2858 ἐρήμῳ
1655 2787 1840 2841 διατε-

242 2890 434 2953 λέσας,
462 2884 650 2958 ἀκρίσι
674 2882 954 2954 τρέφεται,
975 2881 1070 2934 καί
1093 2878 1361 2950 μελιττῶν
1383 2879 1593 2949 ἀγρίων
1616 2879 1836 2950 καρπῷ·

241 2981 402 3035 οὐδὲν
426 2979 609 3032 τοίνυν
642 2974 893 3038 ἀπεικὸς,
919 2975 1015 3027 καὶ
1040 2974 1188 3044 ἡμᾶς
1214 2971 1324 3025 ἀπὸ
1342 2970 1478 3024 Θεοῦ
1510 2971 1638 3045 ξένῃ
1661 2973 1844 3026 ἑστια-

245 3073 412 3144 θῆνσιι
451 3071 650 3141 τροφῇ,
687 3072 785 3122 καὶ
821 3066 989 3147 ἄρτου
1033 3064 1108 3136 μὴ
1144 3063 1425 3135 δεηθῆναι.
1488 3094 1490 3097 -

319 3163 543 3217 Τούτων
580 3158 820 3222 ἀκούσας
847 3160 876 3212 6
905 3155 1174 3220 διάϐολος,
1202 3155 1412 3228 ἤλγησέ
1449 3160 1547 3229 μὲν
1582 3161 1658 3226 ὡς
1685 3164 1848 3234 ἡττη-

1931 2061 2099 2120 tatur,
2150 2056 2245 2109 sed
2281 2053 2378 2110 Dei
2421 2056 2652 2110 verbum
2686 2053 2885 2111 suilicit
2935 2055 3203 2111 universae
3247 2056 3530 2114 hominum

1931 2147 2136 2202 alenda:
2168 2158 2397 2202 naturae.
2430 2146 2523 2203 Sic
2550 2147 2880 2204 lsraeliticus
2920 2159 3108 2218 pastus
3139 2148 3240 2202 l'uit
3279 2149 3534 2220 pepultts,

1934 2239 2294 2309 quadraginta
2322 2240 2479 2294 annis
2504 2255 2705 2295 manna
2733 2240 3018 2309 colligens,
3048 2251 3103 2295 et
3127 2241 3306 2294 avium
3335 2252 3534 2295 venatu

1935 2333 2122 2389 fruens
2155 2347 2278 2401 qua:
2315 2331 2409 2388 Dei
2443 2331 2728 2388 voluntate
2761 2331 3172 2388 irretiebantur.
3220 2332 3353 2388 Item
3387 2327 3538 2388 Elias

1937 2439 2134 2480 corvos
2165 2424 2365 2479 altores
2395 2423 2614 2489 habuit;
2651 2426 2876 2480 Elis-.eus
2925 2437 3106 2482 autem
3147 2427 3350 2496 agresti
3385 2425 3536 2480 olere

1937 2515 2154 2572 sodales
2201 2532 2331 2571 suos
2380 2516 2630 2571 nutrivit.
2688 2517 2796 2572 Sed
2848 2534 2949 2584 cur
3002 2528 3184 2573 vetera
3233 2518 3543 2573 enumero?

1938 2603 2196 2671 Joannes,
2239 2607 2330 2678 qui
2364 2623 2539 2678 nuper
2572 2610 2713 2680 apud
2735 2607 3028 2665 Iordanem
3053 2609 3382 2679 baptizabat,
3410 2625 3536 2672 om-

1943 2713 2174 2768 nemque
2203 2708 2418 2754 anatem
2446 2700 2500 2754 in
2543 2701 2762 2756 deserto
2801 2703 3086 2767 transegit,
3119 2703 3349 2758 locustis
3374 2701 3541 2758 alitur

1941 2798 1994 2846 et
2036 2806 2197 2859 apum
2245 2791 2576 2847 silvestrium
2607 2793 2807 2847 fructu.
2855 2792 3009 2850 llaud
3050 2809 3182 2865 ergo
3222 2794 3541 2850 incredibile

1942 2890 2050 2945 est,
2075 2897 2176 2936 nos
2199 2897 2416 2953 quoque
2460 2883 2679 2940 insolito
2703 2899 2732 2938 a
2766 2886 2876 2940 Deo
2901 2885 3024 2941 cibo
3054 2885 3277 2952 nutriri,
3312 2896 3366 2942 et
3400 2900 3545 2958 pane

1946 2987 2053 3028 non
2082 2975 2342 3043 indigere.

2022 3150 2148 3207 llaec
2175 3154 2406 3209 audiens
2434 3155 2708 3224 diabolus,
2735 3157 2939 3212 victum
2981 3159 3202 3227 quidem
3240 3175 3300 3214 se
3327 3160 3503 3216 doluit
3527 3177 3545 3225 ;

248 3255 387 3318 θεὶς,
414 3254 517 3307 οὐκ
544 3249 890 3322 ἀπηγόρευσε
922 3248 979 3302 δὲ
1010 3247 1109 3318 τὴν
1149 3246 1329 3318 νίκην,
1365 3251 1606 3316 ἀκούσας
1641 3255 1718 3318 ὡς
1763 3260 1841 3312 ἄν.

1957 3250 2052 3301 sed
2083 3255 2264 3300 tamen
2282 3261 2404 3301 eum
2431 3247 2737 3317 intelligens
2765 3251 3038 3305 hominem
3067 3266 3209 3318 esse,
3233 3253 3300 3307 de
3323 3253 3549 3308 victoria

248 3349 474 3419 θρωπος
526 3343 645 3414 εἴη·
684 3342 764 3394 διὸ
811 3339 1074 3410 δευτέραν
1121 3340 1272 3410 αὐτῷ
1325 3343 1420 3394 καὶ
1466 3347 1658 3417 τρίτην
1691 3346 1849 3418 αὖθις

248 3441 453 3506 πεῖραν
478 3434 764 3505 προσάγει,
786 3434 864 3504 πὴ
890 3432 988 3502 μὲν
1008 3431 1201 3499 λέγων,
1230 3453 1247 3483 ι
1267 3433 1331 3487 El.
1355 3435 1479 3498 Υἱὸς
1502 3432 1554 3489 εἴ
1570 3439 1662 3492 τοῦ
1687 3443 1846 3509 Θεοῦ,

250 3529 386 3599 βάλε
439 3525 665 3580 σεαυτὸν
701 3522 909 3579 ἄνωθεν
942 3524 1123 3578 κάτω·
1155 3542 1173 3576 t
1339 3526 1396 3579 δὲ
1437 3529 1534 3592 τὰς
1571 3530 1851 3601 βασιλείας

248 3625 354 3692 τῆς
396 3618 726 3689 οἰκουμένης
771 3617 1113 3680 ὑποδεικνὺς,
1144 3617 1237 3670 καὶ
1286 3619 1490 3684 ταύτας
1536 3623 1852 3683 ἀντιδώσειν

252 3711 710 3781 ὑπισχνούμενος,
739 3709 787 3760 εί
819 3709 1082 3779 πρότερον
1112 3709 1241 3776 παρ’
1272 3711 1439 3764 αὐτοῦ
1471 3714 1568 3783 τὴν
1604 3721 1848 3786 προσκύ-

251 3818 415 3873 νησιν
452 3799 605 3852 λάϐοι
626 3815 640 3828 ·
679 3798 753 3862 ὡς
783 3797 840 3849 δὲ
883 3797 1045 3849 πάλιν
1078 3797 1240 3849 αὐτὸν
1269 3800 1377 3853 τῶν
1409 3801 1654 3857 παλαιῶν
1694 3809 1848 3877 νομί-

257 3914 380 3968 μων
407 3892 700 3963 ἀνέμνησε,
739 3907 756 3940 ι
786 3889 1122 3958 Γέγραπται,
1155 3890 1350 3960 λέγων,
1371 3893 1575 3964 Κύριον
1599 3897 1690 3950 τὸν
1713 3898 1846 3956 Θεόν

255 4005 355 4041 σου
391 3983 814 4055 προσκυνήσεις,
853 3981 944 4034 καὶ
977 3981 1125 4052 αὐτῷ
1158 3983 1302 4054 μόνῳ
1332 3985 1674 4054 λατρεύσεις,
1703 4010 1720 4041 ι
1754 3993 1852 4046 καὶ

255 4077 500 4142 ἐδίδαξεν
543 4075 626 4127 ὅτι
666 4072 768 4125 οὐκ
795 4071 1040 4138 ἀνέξεται
1071 4074 1241 4145 ἑτέρῳ
1271 4076 1380 4129 τινὶ
1416 4076 1475 4129 τὸ
1507 4077 1649 4133 θεῖον
1682 4084 1850 4154 γέρας

257 4170 674 4242 προσενεγκεῖν,
713 4167 807 4220 καὶ
853 4166 1054 4237 ἐτέρων
1082 4166 1136 4219 δὲ
1177 4169 1532 4240 ὑπομέμνησε
1591 4174 1852 4244 ῥημάτων

255 4261 354 4316 τοῦ
373 4256 510 4312 θεοῦ
535 4256 628 4309 καὶ
651 4255 993 4324 διδαγμάτων
1018 4255 1444 4324 διαγορευόντων
1469 4258 1544 4330 μὴ
1576 4264 1853 4334 πειράζειν

258 4354 354 4406 τὸν
402 4349 511 4403 τῶν
564 4347 700 4400 ὅλων
746 4345 900 4409 Θεὸν,
931 4346 959 4397 6
995 4346 1093 4416 μὲν
1127 4347 1357 4418 ἀπέδρα,
1392 4349 1490 4419 τῆς
1537 4351 1709 4423 ἥττης
1753 4356 1853 4426 τὴν

260 4443 529 4514 αἰσχύνην
556 4440 616 4492 ού
643 4438 844 4509 φέρων,
868 4439 960 4493 καὶ
985 4438 1218 4505 δειλιῶν,
1248 4443 1340 4494 καὶ
1367 4443 1606 4513 τρέμων,
1636 4448 1730 4498 καὶ
1755 4450 1854 4517 τῆς

263 4533 585 4608 τυραννίδος
632 4530 1069 4600 ὲκὸληθήσεσοαι
1116 4535 1454 4601 προσδοκῶν.
1508 4539 1694 4591 Πάντα
1745 4539 1855 4610 γὰρ

1957 3351 2065 3390 non
2087 3336 2418 3405 desperavit.
2447 3338 2744 3411 Propterea
2781 3345 3074 3397 secundam
3115 3345 3185 3397 illi
3220 3347 3552 3415 tertiamque

1957 3431 2210 3484 admovet
2247 3433 2634 3500 tentationem;
2669 3435 2839 3512 modo.
2860 3435 3048 3490 dicens
3078 3455 3091 3490 :
3121 3457 3138 3489 ι
3178 3437 3233 3492 Si
3264 3439 3432 3494 Filius
3455 3441 3551 3495 Dei

1957 3532 2036 3580 es,
2065 3519 2218 3572 mitte
2259 3529 2310 3574 te
2352 3519 2482 3575 hinc
2513 3522 2767 3578 deorsum
2797 3524 2876 3589 ³⁸;
2914 3544 2934 3578 ›
2966 3525 3126 3580 modo
3171 3544 3332 3596 regna
3365 3532 3554 3586 mundi

1957 3610 2280 3676 ostendens,
2304 3624 2477 3680 eaque
2503 3629 2562 3668 se
2592 3616 2847 3670 daturum
2877 3619 3219 3687 promittens,
3242 3623 3284 3674 si
3311 3636 3370 3675 se
3402 3623 3557 3691 prius

1958 3702 2265 3756 adorasset.
2292 3702 2399 3757 Sed
2428 3704 2518 3760 ubi
2543 3705 2796 3762 Christus
2825 3709 2900 3762 illi
2933 3710 3111 3777 prisca
3139 3713 3280 3764 dicta
3317 3713 3371 3766 in
3403 3730 3556 3769 uten-

1909 3831 1922 3842 .
1963 3800 2067 3846 tem
2103 3795 2400 3858 revocavit,
2436 3814 2455 3847 ι
2504 3795 2779 3867 Scriptum
2823 3809 2926 3863 est,
2963 3800 3235 3870 inquiens,
3268 3802 3556 3862 Dominum

1962 3883 2132 3939 Deum
2160 3895 2308 3938 tuum
2343 3886 2618 3952 adorabis,
2654 3897 2707 3941 et
2741 3888 2814 3941 illi
2848 3890 2946 3943 soli
2972 3893 3178 3946 servies
3205 3892 3279 3959 ³⁶;
3312 3913 3332 3944 ι
3367 3895 3560 3949 admo-

1960 3980 2204 4047 nuitque,
2251 3987 2527 4048 nunquam
2575 3995 2635 4035 se
2679 3981 3104 4036 commissurum
3151 3995 3207 4037 ut
3249 3987 3422 4044 cuivis
3467 3991 3558 4045 alii

1960 4069 2200 4124 divinum
2234 4070 2559 4140 obsequium
2585 4071 2842 4140 oderret;
2875 4084 3038 4145 atque
3077 4077 3182 4131 alia
3216 4077 3440 4150 insuper
3462 4083 3559 4139 Dei

1959 4163 2118 4218 cﬂ'ata
2160 4180 2225 4228 ac
2269 4175 2539 4235 praecepta
2586 4171 3058 4232 commemoravit,
3110 4187 3232 4240 qua:
3269 4175 3557 4230 universa-

1962 4258 2066 4312 lem
2098 4258 2266 4312 Deum
2310 4269 2522 4315 lentare
2561 4261 2853 4329 vetabant;
2894 4263 2984 4318 ille
3028 4265 3246 4334 quidem
3295 4265 3556 4337 fugiebat,

1965 4349 2314 4416 ignominiam
2358 4350 2532 4405 cladis
2578 4367 2686 4406 non
2729 4352 2926 4417 ferens,
2959 4353 3156 4406 timens
3191 4363 3559 4425 tremensque,

1964 4450 2018 4496 et
2043 4457 2101 4497 se
2130 4443 2416 4513 tyrannide
2444 4442 2727 4512 depulsum
2769 4445 2833 4498 iri
2866 4456 3214 4515 exspectans.
3260 4446 3396 4500 Nam
3435 4463 3562 4503 cum

1967 4533 2069 4587 tela
2105 4534 2283 4592 omnia
2312 4535 2718 4604 insumpsisset,
2755 4547 3093 4607 cunctasque
3145 4538 3356 4594 fraudis
3389 4539 3563 4595 luctas

263 4625 433 4682 αὑτοῦ
458 4622 700 4683 κενώσας
728 4619 795 4674 τὰ
826 4620 974 4691 βέλη,
1001 4622 1094 4675 καὶ
1117 4623 1296 4686 πάσας
1323 4625 1487 4677 αὐτοῦ
1512 4625 1612 4696 τῆς
1636 4631 1841 4700 ἀπάτης

1967 4626 2067 4695 ipsi
2106 4627 2456 4692 admovisset,
2485 4628 2936 4682 invulnerabilem
2971 4630 3347 4700 invictumque
3385 4631 3563 4688 athle—

261 4720 364 4782 τὰς
390 4718 564 4779 πάλας
593 4713 990 4784 προσενεγκὼν,
1022 4712 1263 4783 ἄτρωτον
1289 4711 1414 4786 εὗρε
1463 4719 1556 4769 καὶ
1586 4719 1854 4790 ἀήττητον

265 4815 359 4866 τὸν
406 4808 670 4879 ἀθλητήνο
699 4807 808 4860 καὶ
841 4805 915 4868 ὡς
955 4804 1034 4875 τῷ
1071 4805 1240 4876 Ἀδὰμ
1274 4808 1607 4876 προσελθὼν,
1635 4813 1733 4882 οὐχ
1771 4807 1859 4866 εὗ-

268 4923 364 4979 ρεν
415 4903 475 4955 ὃν
526 4898 958 4972 προσεδόκησεν·
996 4897 1217 4966 ἄγγελοι
1246 4898 1302 4952 δὲ
1333 4898 1411 4969 τῷ
1456 4905 1648 4972 νικητῇ
1695 4920 1862 4974 προσ-

271 4999 471 5058 ιόντες,
501 4992 550 5045 οἳ
581 4989 862 5062 πόρρωθεν
891 4989 1076 5058 ἑώρων
1097 4990 1195 5060 τὴν
1211 4989 1409 5060 πάλην,
1442 4992 1694 5063 καθάπερ
1723 4996 1864 5059 τινὲς

270 5083 504 5158 ἐρασταὶ
541 5080 844 5151 διηκόνουν,
867 5080 1142 5149 ἐχόρευον,
1176 5080 1457 5151 εὐφήμουν
1485 5083 1576 5136 τὸν
1602 5085 1863 5157 ἀθλητὴν,

272 5175 630 5246 ἐστεφάνουν,
669 5172 1059 5243 ἀνεκήρυττον,
1098 5171 1316 5244 ἔχαιρον
1349 5175 1442 5226 ἐπὶ
1490 5178 1554 5245 τῇ
1598 5176 1706 5228 τῶν
1733 5180 1867 5247 ὀμο-

271 5271 478 5326 δούλων
503 5264 808 5337 ἀνθρώπων
847 5263 1152 5336 ἐλευθερίᾳ,
1189 5265 1480 5334 ὲγάννυντο
1507 5267 1604 5320 τοῦ
1634 5269 1868 5324 ἀντιπά-

273 5365 372 5416 λου
410 5361 512 5430 τὴν
547 5354 719 5415 ἧτταν
755 5356 1015 5427 ὁρῶντες.

1959 4729 2067 4771 tarn
2094 4732 2215 4772 esse
2251 4719 2526 4788 cognovit.
2569 4720 2782 4776 Etenim
2828 4736 2951 4776 cum
2991 4737 3117 4776 eum
3155 4722 3347 4777 Adami
3391 4724 3564 4779 instar

1959 4809 2153 4866 luisset
2172 4828 2477 4882 aggressus,
2503 4829 2608 4868 non
2631 4815 2850 4883 qualem
2874 4820 3251 4884 exspectabat,
3277 4818 3562 4887 comperit.

1961 4901 2132 4958 Porro
2179 4905 2355 4974 angeli
2403 4906 2469 4959 ad
2503 4908 2766 4962 victorem
2816 4912 3158 4974 accedentes,
3209 4910 3300 4980 qui
3349 4910 3567 4964 eminus

1966 5003 2125 5049 antea
2173 4995 2370 5051 luctum
2417 5008 2828 5068 spectaverant,
2880 5015 2978 5055 ceu
3017 5003 3234 5070 quidam
3292 5011 3568 5058 amatores

1963 5087 2075 5158 jam
2109 5089 2516 5157 ministrabant,
2555 5093 2812 5147 clioream
2860 5094 3115 5162 agebant,
3154 5094 3414 5167 athletam
3453 5112 3572 5146 ma-

1965 5176 2318 5244 gniiicahant,
2356 5183 2712 5247 coronabant,
2743 5185 3130 5253 prazdicahant,
3171 5185 3416 5255 822m.
3445 5201 3572 5255 grn-

1969 5269 2282 5324 tulabantur
2313 5288 2707 5329 conservorum
2753 5277 3036 5331 hominum
3069 5278 3331 5344 libertati,
3375 5279 3571 5334 adver-

1966 5361 2097 5415 sarii
2128 5363 2334 5417 cladem
2362 5377 2674 5433 spectantes
2700 5370 3030 5436 gaudebant.

277 5457 383 5512 IE'.
406 5455 538 5506 Ὅτι
578 5454 629 5506 εί
664 5450 814 5532 νοῦς
839 5452 949 5532 0132f
965 5448 1316 5532 eruere-’9‘,-
1324 5449 1512 5532 ρὺδὲν
1539 5453 1687 5532 προς
1714 5452 1841 5521 rimi.

1969 5452 2109 5532 XV...
2133 5454 2255 5508 Nisi
2285 5456 2525 5532 Christus
2558 5473 2779 5513 mentem
2817 5479 3023 5532 quoque
3056 5464 3447 5526 assumpsissel,
3484 5465 3570 5516 ni-

351 5527 392 5591 ὴ
441 5527 589 5575 κατὰ
638 5521 738 5574 τοῦ
778 5520 1062 5573 διαϐόλου
1096 5520 1255 5586 νίκη.
1289 5520 1449 5573 Κατὰ
1488 5521 1596 5574 τοῦ
1639 5520 1870 5577 Ἀπολι-

349 5595 565 5661 νίιρίου
606 5592 702 5661 (l).

351 5686 538 5739 ταῦτα
572 5685 670 5753 τὴν
710 5680 1082 5749 Ἀπολιναρίου
1123 5679 1334 5751 ἐλέγχει
1371 5683 1782 5752 ματαιολογίαν,
1810 5686 1869 5749 ὃς

354 5801 402 5834 ³⁸
432 5800 616 5854 Matth.
658 5816 726 5884 ιν,
758 5799 810 5853 4.
899 5798 943 5831 ³⁸
976 5798 1102 5852 ibid.
1141 5798 1193 5863 5,
1223 5797 1276 5851 6.
1352 5798 1397 5829 ³⁸
1423 5798 1550 5855 ibid.
1580 5799 1632 5867 9,
1663 5801 1747 5856 10.

2035 5525 2109 5647 12'!
2153 5539 2388 5647 aliostrtun
2417 5531 2691 5584 interesset
2721 5525 2947 5585 victorid
2990 5539 3054 5586 de
3096 5525 3334 5586 diubdlo.
3371 5532 3573 5586 Contra

2097 5612 2159 5647 no
2185 5607 2428 5647 (marem-

2097 5607 2403 5662 potiumrem
2416 5641 2428 5653 .

2050 5686 2173 5744 llarc
2207 5691 2431 5745 stultum
2478 5693 2807 5763 Apollinaris
2841 5696 3262 5752 deliramentum
3311 5697 3573 5760 refutant,

361 5892 438 5995 (1.)
482 5922 555 5977 De
595 5921 759 5976 variis
797 5920 1126 5991 Apollinaris
1175 5919 1455 5977 erroribus
1511 5922 1731 5981 memini
1787 5939 1871 5983 me
1911 5925 2038 5984 olim
2107 5926 2378 5983 disserere
2411 5925 2608 5996 Script.
2643 5937 2746 5982 ret.
2785 5937 2820 5983 t.
2855 5927 2894 5997 l,
2923 5929 3014 5985 ed.
3072 5930 3233 5999 print.
3266 5947 3320 6001 p.
3357 5930 3484 5998 l85,
3514 5929 3572 5986 in
