3996 6472
496 478 639 536 1445

1528 473 1584 525 S.
1622 469 1899 525 CYMLLI
1941 466 2407 523 ALEXANDRINI
2449 468 2765 525 AHCHIEP.

3252 66 3263 77 .
3382 48 3519 93 “iii?
3560 48 3791 93 1*”,f-3-T'f33,

3446 90 3457 99 α
3682 90 3691 93 >
3710 94 3713 97 ,

3484 110 3497 115 -
3556 108 3579 119 α
3692 104 3763 119 τίη

3615 474 3749 531 im

488 598 579 668 qui
626 596 821 648 mentis
853 595 970 648 loco
1004 594 1170 647 Deum
1220 590 1453 645 Verbum
1487 590 1537 643 iu
1588 596 1858 657 assumpta
1902 601 2061 641 carne

2167 586 2288 639 ἀντὶ
2331 588 2423 640 νοῦ
2457 588 2545 640 τὸν
2573 586 2706 641 Θεὸν
2736 588 2908 655 Λόγον
2949 590 3229 662 ἰνοικῆσαι
3281 590 3430 659 λέγει
3477 592 3543 661 τῇ
3581 606 3747 661 προσ-

493 688 877 743 in‘habitarisse
906 685 1055 741 dicit.
1086 683 1217 739 Nam
1256 684 1301 739 si
1341 683 1476 737 lorte
1516 684 1802 736 humanam
1827 690 2063 735 mentem

492 788 766 845 assumpta
812 786 1002 830 natura
1034 792 1138 829 non
1188 775 1489 835 habuisset,
1537 773 1676 827 Deus
1704 773 1891 842 utique
1920 772 2066 825 solus

489 885 609 924 cum
635 868 851 922 diabolo
881 868 1235 928 decertasset,
1269 867 1411 920 Deus
1443 863 1722 918 victoriam
1756 850 2063 926 reiulisset;

494 961 601 1014 Deo
624 972 799 1013 autem
826 958 1050 1019 victore,
1078 972 1178 1028 ego
1200 956 1327 1010 nihil
1358 958 1422 1011 de
1447 956 1669 1010 victoria
1695 954 2060 1024 profecissem,

490 1052 619 1119 quia
652 1051 719 1104 ad
757 1066 875 1103 eam
908 1048 981 1103 nil
1018 1048 1390 1102 contulissem.
1435 1047 1541 1101 Sed
1570 1056 1624 1101 et
1652 1046 1799 1100 omni
1844 1048 1913 1100 ob
1944 1062 2062 1099 eam

490 1140 686 1209 gaudio
727 1155 989 1203 carerem,
1049 1138 1175 1207 quia
1218 1138 1396 1191 alieno
1439 1143 1647 1191 tantum
1694 1146 1893 1205 tropreo
1944 1136 2065 1206 glo-

493 1233 686 1286 riarer.
719 1230 971 1284 Diabolus
1006 1244 1133 1283 vero
1177 1228 1469 1294 laetaretur,
1502 1228 1847 1297 gloriaretur,
1879 1243 2067 1297 super-

495 1328 654 1393 biret,
678 1341 840 1395 seque
865 1325 1113 1393 jactaret,
1155 1340 1253 1378 ceu
1294 1339 1415 1379 cum
1449 1324 1557 1378 Deo
1593 1323 1895 1393 proeliatus,
1938 1334 1993 1378 et
2036 1339 2065 1377 a

494 1417 605 1473 Deo
642 1418 837 1470 victus.
887 1413 1135 1483 Magnum
1180 1415 1308 1483 quid
1353 1414 1496 1467 enim
1548 1414 1647 1483 ipsi
1696 1425 1838 1469 esset
1883 1428 1914 1468 a
1956 1414 2067 1469 Deo

495 1508 656 1562 vinci.
683 1504 816 1561 Nam
841 1507 885 1560 si
912 1505 1053 1559 Deus
1079 1504 1337 1568 Verbum,
1366 1504 1561 1559 mentis
1583 1494 1720 1569 loco,
1740 1505 1792 1557 in
1815 1515 2067 1573 suscepto

492 1612 718 1670 corpore
742 1598 952 1661 fuisset,
986 1596 1350 1668 probabilibus
1375 1594 1604 1651 fortasse
1629 1598 2067 1651 excusationibus

492 1703 623 1744 usus
651 1697 793 1743 esset
818 1688 1094 1752 diabolus;
1132 1686 1332 1743 etenim
1361 1686 1500 1741 haud
1529 1686 1762 1741 absurde
1795 1687 2022 1740 dixisset
2046 1703 2062 1740 :

492 1778 627 1848 Ego,
654 1779 875 1833 Domine
904 1788 957 1833 et
984 1795 1165 1834 rerum
1192 1779 1429 1833 omnium
1463 1788 1671 1841 auctor,
1702 1778 1845 1833 haud
1875 1788 2061 1834 contra

493 1881 545 1924 te
572 1884 803 1940 pugnam
853 1871 1063 1937 suscepi
1110 1886 1123 1923 :
1173 1870 1291 1923 novi
1341 1868 1484 1923 enim
1535 1869 1849 1937 dignitatem
1894 1880 2061 1935 tuam,

2169 676 2434 749 ληφθείσῃ
2476 679 2658 749 σαρκί.
2707 679 2769 733 Εί
2801 679 2911 750 γάρ
2940 679 3071 733 νοῦν
3101 681 3204 734 οὐκ
3233 677 3384 752 εἶχεν
3414 680 3750 752 ἀνθρώπινον

2168 770 2202 837 ή
2233 769 2604 840 ἀναληφθεῖσα
2649 769 2829 841 φύσις,
2855 771 2987 837 Θεὸς
3034 774 3131 842 μὲν
3162 775 3192 826 6
3227 772 3369 844 πρὸς
3392 773 3483 827 τὸν
3509 773 3751 827 διάόολον

2169 855 2577 925 ἀγωνισάμενος
2605 852 2693 927 ἦν,
2721 857 2853 921 Θεὸς
2871 859 2929 913 δὲ
2950 862 2979 914 6
3006 860 3105 931 τὴν
3131 860 3293 931 νίκην
3319 863 3749 931 ἀναδησάμενος·

2167 946 2303 1000 Θεοῦ
2333 947 2390 1000 δὲ
2428 951 2794 1021 νενικηκότος,
2827 950 2938 1020 ἐγὼ
2977 952 3078 1022 μὲν
3106 952 3265 1005 οὐδὲν
3303 952 3614 1021 ἀπωνάμην
3656 953 3754 1023 τῆς

2168 1040 2343 1108 νίκης,
2370 1040 2446 1104 ὡς
2469 1040 2620 1094 οὐδὲν
2648 1044 2728 1107 είς
2755 1046 2957 1113 ταύτην
2978 1042 3310 1114 εἰσενεγκὼν
3328 1059 3343 1075 ο
3374 1043 3513 1097 ἀλλά
3540 1046 3635 1097 καὶ
3657 1046 3755 1117 τῆς

2166 1131 2414 1183 ἐντεῦθεν
2458 1132 2801 1204 εὐφροσύνης
2826 1135 3211 1206 γεγύμνωμαι,
3237 1135 3317 1191 ὡς
3347 1136 3440 1188 ἐπὶ
3469 1138 3755 1203 τροπαίοις

2165 1223 2406 1293 γαυριῶν
2434 1224 2769 1295 ἀλλοτρίοις·
2815 1227 2845 1279 6
2887 1226 2945 1280 δὲ
2976 1226 3228 1289 διάϐολος
3266 1226 3446 1296 αὐχεῖ,
3484 1229 3579 1280 καὶ
3618 1244 3755 1295 κομ-

2166 1313 2352 1377 πάζει,
2388 1315 2481 1367 καὶ
2519 1314 2664 1385 μέγα
2710 1319 2917 1388 φρονεῖ,
2966 1319 3062 1371 καὶ
3108 1318 3457 1388 σεμνύνεται,
3502 1317 3580 1382 ὡς
3636 1317 3755 1387 Θεῷ

2167 1406 2457 1469 παλαίσας,
2489 1407 2583 1460 καὶ
2631 1409 2738 1461 ὑπὸ
2778 1409 2912 1462 Θεοῦ
2954 1408 3246 1479 ὴττηθείς’
3284 1408 3429 1479 μέγα
3462 1408 3574 1480 γάρ
3602 1409 3755 1479 αύτῷ

2166 1497 2259 1550 καὶ
2285 1497 2344 1550 τὸ
2375 1496 2671 1569 ἡττηθῆναι
2700 1498 2804 1552 ὑπὸ
2833 1498 2968 1552 Θεοῦ
2990 1516 3004 1530 ⁸
3038 1500 3123 1552 ὅτι
3166 1501 3216 1553 εί
3259 1501 3289 1551 6
3327 1500 3461 1563 Θεὸς
3483 1501 3663 1567 Λόγος
3686 1495 3756 1571 ἦν

2166 1586 2286 1639 ἀντὶ
2308 1586 2399 1639 νοῦ
2423 1590 2481 1639 ὲν
2510 1588 2587 1657 τῷ
2615 1588 2895 1658 ληφθέντι,
2916 1590 3011 1642 καὶ
3035 1592 3063 1643 6
3089 1589 3340 1653 διάϐολος
3361 1590 3756 1658 δικαιολογίαις

2164 1679 2428 1747 χρήσαιτο
2461 1679 2527 1732 ἂν
2575 1681 2835 1749 εὐλόγοις,
2867 1681 2961 1735 καὶ
2991 1680 3136 1735 εῐποι
3174 1683 3243 1736 ἂν
3292 1684 3555 1747 εἰκότωςο
3584 1682 3754 1752 Ἐγὼ,

2162 1770 2407 1822 Δέσποτα
2432 1772 2526 1823 καὶ
2553 1771 2753 1840 ποιητά
2779 1772 2889 1826 τῶν
2915 1772 3073 1836 ὅλων,
3093 1773 3155 1825 οὐ
3180 1774 3317 1844 πρὸς
3347 1775 3408 1827 σὲ
3433 1774 3533 1844 τὴν
3566 1774 3757 1844 μάχην

2163 1859 2525 1931 ἀνεδεξάμην·
2560 1856 2675 1913 οἶδα
2700 1862 2807 1931 γάρ
2847 1879 2941 1914 σου
2969 1863 3068 1932 τὴν
3100 1862 3279 1928 ἀξίαν,
3316 1864 3624 1932 ἐπίσταμαι
3655 1863 3756 1933 τὴν

491 1963 603 2017 scio
634 1962 951 2030 potentiam,
981 1976 1176 2030 agosco
1208 1962 1564 2016 dominatum.
1599 1960 1773 2026 Meum
1803 1962 2061 2017 conﬁteor

2166 1948 2414 2016 ἐξουσίαν
2441 1929 2463 2013 ,ἡ
2505 1929 2898 2024 γινώσκωῗτὴν
2946 1929 3285 2006 δεσποτείαν.
3322 1929 3601 2024 Ὁμολογῶ
3653 1929 3755 2025 τῆν

490 2051 836 2106 famulitium.
874 2066 1181 2121 quanquam
1222 2060 1465 2120 apostata
1517 2050 1691 2105 factus
1738 2066 1876 2106 sum.
1924 2054 2067 2108 Cedo

490 2154 666 2197 autem
704 2145 768 2196 de
800 2144 1025 2197 victoria
1059 2143 1189 2212 ipsis
1218 2143 1425 2212 angelis
1468 2146 1786 2214 cunctisque
1824 2146 2064 2201 cmlesti-

491 2240 591 2287 bus
619 2234 872 2296 cmtibus,
906 2248 1132 2301 quorum
1163 2232 1349 2286 infelix
1383 2248 1483 2303 ego
1513 2249 1635 2301 pars
1663 2235 1792 2289 olim
1823 2235 1917 2289 fui.
1958 2236 2064 2291 Sed

488 2323 735 2392 prmlinm
783 2334 969 2375 contra
1014 2323 1155 2376 hunc
1198 2324 1433 2392 Suscepi,
1484 2339 1644 2392 quem
1678 2326 1743 2379 de
1782 2326 1910 2380 limo
1950 2326 2064 2381 for-

489 2418 690 2462 matum
720 2411 786 2463 ad
824 2411 1109 2480 imaginem
1145 2422 1289 2465 tuam
1328 2413 1639 2479 condidisti,
1695 2415 1921 2470 rationis
1964 2431 2061 2471 usu

486 2500 781 2565 exornasti,
805 2509 858 2554 et
878 2502 1110 2570 paradisi
1136 2502 1309 2557 civem
1340 2504 1693 2569 constituisti,
1719 2515 1980 2576 terraeque
2009 2515 2064 2563 et

489 2590 659 2643 maris
689 2591 965 2643 dominum
995 2591 1310 2645 exhibuisti.
1338 2590 1488 2645 llunc
1508 2608 1608 2663 ego
1632 2598 1697 2647 ad
1726 2596 1863 2649 hanc
1894 2611 2065 2665 usque

488 2683 628 2737 diem
666 2683 887 2735 vincens
913 2692 969 2737 et
991 2685 1283 2738 vulnerans
1309 2694 1366 2738 et
1396 2688 1553 2739 morti
1581 2687 1835 2741 addicens
1858 2700 2060 2756 persto.

491 2772 625 2827 lluic
650 2774 702 2826 in
742 2774 973 2828 stadium
1012 2776 1268 2837 adducto,
1307 2785 1363 2830 et
1389 2792 1601 2831 mecum
1638 2778 1829 2833 luctari
1854 2792 2061 2847 coacto,

486 2864 646 2917 velim
694 2865 807 2933 ipse
845 2873 1116 2929 spectator
1162 2868 1309 2920 adsis
1351 2876 1405 2921 et
1450 2870 1801 2923 certaminum
1842 2887 2061 2940 praeses.

486 2953 639 3020 Quod
674 2957 718 3009 si
771 2957 1011 3026 magistri
1047 2972 1259 3026 quoque
1300 2960 1379 3013 vis
1416 2960 1558 3029 fungi
1609 2963 1742 3023 vice.
1778 2964 1911 3017 doce
1940 2979 2062 3019 eum

488 3048 700 3109 luctari,
745 3048 1054 3102 demonstra
1091 3051 1164 3103 illi
1213 3052 1452 3104 victoria:
1474 3052 1725 3116 artificia,
1766 3054 1975 3110 instrue
2006 3066 2066 3111 ιιι

485 3137 719 3211 mm.
752 3141 874 3207 vis;
905 3151 1110 3196 tantum
1148 3158 1213 3196 ne
1241 3142 1353 3212 ipse
1375 3146 1697 3215 certaminis
1732 3147 1910 3200 socius
1943 3145 2058 3200 llas.

2166 2041 2427 2109 δουλείαν,
2455 2044 2503 2095 εί
2542 2044 2634 2096 καὶ
2659 2044 2997 2098 ἀποστασίαν
3024 2044 3192 2098 νοσῶ’
3220 2046 3541 2115 παραχωρῶ
3567 2045 3629 2098 δὲ
3658 2047 3756 2099 καὶ

2167 2134 2417 2202 ἀγγέλοις
2445 2134 2543 2205 τῆς
2569 2133 2748 2204 νίκης,
2782 2137 2875 2188 καί
2913 2137 3046 2189 πᾶσι
3076 2139 3187 2200 τοῖς
3213 2137 3491 2207 οὐρανίοις
3527 2137 3751 2208 δήμοις,

2164 2218 2240 2277 ὧν
2273 2240 2401 2278 ποτε
2436 2226 2528 2279 καὶ
2567 2228 2596 2278 ὀ
2632 2211 2978 2296 ταλαίπωρος
3000 2221 3079 2290 εἷς
3108 2227 3355 2299 ὑπῆρχον
3381 2227 3493 2297 ἐγώ
3512 2245 3528 2259 ο
3557 2230 3662 2297 τὴν
3695 2228 3753 2281 δὲ

2168 2316 2349 2385 μάχην
2399 2316 2539 2384 πρὸς,
2584 2317 2773 2369 τοῦτον
2814 2317 3167 2388 ἀνεδεξάμην,
3195 2319 3255 2371 δν
3280 2320 3391 2372 άπὸ
3423 2319 3597 2390 πηλοῦ
3648 2320 3752 2390 μὲν

2162 2405 2474 2469 διέπλασας,
2499 2408 2813 2459 κατέίκόνα
2839 2408 2895 2459 δὲ
2925 2409 3026 2479 σὴν
3050 2412 3332 2480 ἐποίησας,
3357 2413 3455 2465 καὶ
3478 2413 3751 2482 ἐτίμησας

2161 2497 2240 2567 τῷ
2269 2498 2433 2566 λόγῳ,
2469 2497 2562 2550 καὶ
2609 2496 2935 2566 παραδείσου
2976 2497 3202 2567 πολίτην
3238 2502 3606 2571 κατέστησας,
3653 2507 3751 2555 καὶ

2162 2591 2266 2659 γῆς
2291 2591 2383 2642 καὶ¹
2417 2589 2687 2660 θαλάττης
2720 2590 2984 2661 δεσπότην
3013 2592 3331 2662 ἀπέφηνας·
3357 2595 3552 2647 τοῦτον
3583 2598 3743 2665 μέχρι

2163 2681 2260 2751 τῆς
2296 2683 2531 2751 σήμερον
2558 2682 2768 2752 ἡμέρας
2796 2680 2983 2745 νικῶν,
3011 2683 3106 2736 καὶ
3144 2683 3377 2753 βάλλων,
3405 2688 3505 2741 καὶ
3536 2686 3616 2756 τῷ
3647 2687 3748 2739 θα-

2164 2773 2308 2841 νάτῳ
2342 2772 2731 2842 παραπέμπων
2773 2772 3037 2826 διατελῶ’
3070 2773 3262 2828 τοῦτον
3302 2778 3386 2839 είς
3427 2776 3490 2829 τὸ
3533 2778 3747 2830 στάδιον

2164 2862 2407 2933 ἀγαγὼν,
2437 2865 2532 2917 καὶ
2564 2864 2816 2918 παλαίειν
2858 2866 2982 2935 ἐμοὶ
3024 2867 3309 2945 κελεύσας,
3338 2867 3499 2936 γενοῦ
3548 2868 3748 2941 θεατὴς

2164 2956 2323 3020 αὐτὸς
2344 2956 2439 3010 καὶ
2461 2956 2568 3009 τῶν
2591 2956 2986 3025 παλαισμάτων
3009 2942 3351 3029 ἀγωνοθέτης
3370 2974 3387 2990 ⁸
3414 2961 3465 3011 εί
3484 2959 3539 3013 δὲ
3565 2958 3745 3029 βούλει

2165 3048 2259 3099 καὶ
2288 3047 2355 3098 τά
2392 3044 2741 3115 παιδοτρίϐου
2770 3050 2964 3109 ποιεῖν,
2993 3046 3204 3113 δίδαξον
3233 3048 3510 3115 παλαίειν,
3538 3050 3756 3103 ὑπόδει-

2166 3134 2254 3199 ξον
2287 3135 2435 3206 αὐτῷ
2478 3135 2577 3200 τὰς
2627 3136 2725 3207 τῆς
2767 3135 2924 3205 νίκης
2954 3135 3147 3201 λαϐὰς,
3174 3136 3396 3206 ἄλειψον
3434 3138 3512 3202 ὡς
3549 3139 3744 3205 θέλεις,

484 3229 601 3285 Non
636 3232 779 3286 enim
812 3248 911 3301 ego
952 3234 1024 3286 ita
1060 3248 1179 3288 sum
1222 3234 1423 3297 audax,
1452 3246 1507 3289 et
1539 3247 1719 3291 mente
1760 3248 1971 3306 captus,
2005 3247 2061 3291 ut

2168 3230 2327 3300 μόνον
2357 3229 2430 3299 μὴ
2464 3230 2830 3300 συμμαχήσῃς
2859 3229 3159 3283 παλαίοντι.
3190 3233 3265 3283 Οὐ
3298 3232 3409 3302 γὰρ
3440 3231 3589 3286 οὕτω
3624 3233 3749 3305 θρα-

489 3331 664 3375 tecutn
688 3322 944 3375 Creature
965 3333 1177 3377 certare
1200 3326 1499 3394 aggrediar.
1534 3325 1654 3380 Hmc
1675 3328 1796 3394 jure
1824 3328 2064 3384 diabolus

488 3412 765 3465 Servatori
791 3413 1010 3469 Christo
1039 3415 1287 3481 dixisset,
1320 3418 1364 3471 si
1394 3428 1544 3472 certe
1569 3419 1709 3474 haud
1738 3420 1900 3475 homo
1930 3424 2059 3476 fuis-

488 3512 590 3565 set,
620 3506 711 3555 sed
749 3503 886 3557 Deus
933 3506 1049 3559 vice
1091 3506 1325 3559 hominis
1357 3508 1587 3563 luctans.
1645 3509 1776 3563 Nam
1828 3512 1871 3564 si
1915 3526 2065 3568 mens

490 3597 719 3648 humana
754 3597 805 3648 in
838 3611 902 3651 eo
930 3613 1033 3649 non
1058 3606 1195 3659 erat,
1228 3598 1368 3653 Deus
1393 3599 1511 3653 loco
1540 3602 1741 3655 mentis
1769 3603 2057 3669 inhaerens,

486 3684 654 3741 cilicia
672 3688 863 3741 mentis
880 3688 1173 3756 implesset,
1189 3688 1328 3743 Deus
1347 3691 1420 3760 (id
1433 3699 1518 3744 est
1536 3707 1681 3745 mera
1696 3695 1888 3763 deitas)
1905 3695 2064 3748 simul

487 3792 611 3833 eum
638 3780 863 3846 corpore
886 3781 1166 3847 esurissct,
1210 3781 1349 3837 Deus
1378 3785 1602 3848 sitisset,
1641 3783 1783 3840 Deus
1822 3786 2058 3842 laborem
2085 3805 2109 3820 ο

487 3876 543 3923 et
591 3869 825 3938 reliquas
867 3886 1057 3926 omnes
1104 3888 1388 3942 perpessus
1436 3889 1577 3930 esset
1623 3877 1888 3933 humanas
1935 3893 2061 3948 pas-

488 3962 689 4016 siones.
731 3959 902 4016 Porro
949 3963 995 4017 si
1027 3963 1166 4018 Deus
1194 3967 1426 4020 luctatus
1456 3975 1601 4021 esset
1624 3978 1790 4036 atque
1818 3969 2060 4033 vicisset,

486 4066 588 4121 ego
616 4053 834 4120 quidem
882 4052 1103 4108 victoria
1137 4056 1454 4122 caruissem,
1501 4056 1637 4111 Deus
1672 4072 1802 4113 vero
1845 4075 2059 4115 omnem

482 4142 749 4211 justitiam
791 4142 1089 4212 implesset.
1138 4145 1438 4215 Siquidem,
1486 4156 1545 4201 ut
1586 4148 1739 4203 aiunt
1785 4150 2061 4219 Apollina-

492 4234 655 4287 riauze
680 4236 1013 4303 garrulitatis
1048 4237 1400 4306 professores,
1432 4242 1555 4309 quia
1581 4242 1913 4311 impossibile
1942 4255 2061 4300 erat

491 4326 723 4378 humana
756 4327 1038 4393 praeditum
1072 4339 1270 4394 mente,
1298 4328 1521 4396 iustitia:
1559 4331 1706 4401 leges
1742 4335 2056 4405 adimplere,

488 4416 628 4473 hanc
658 4419 861 4475 idcirco
884 4434 988 4474 non
1018 4425 1257 4491 suscepit
1286 4423 1518 4479 Verbum
1554 4425 1712 4481 Deus.

2168 3323 2265 3383 σὺς
2304 3318 2436 3387 ἐγὼ,
2485 3322 2578 3373 καὶ
2624 3320 2717 3373 τοῦ
2765 3325 2979 3390 φρονεῖν
3025 3322 3368 3392 ἐξεστηκὼς,
3409 3325 3489 3388 ὡς
3541 3326 3628 3378 σοι
3671 3324 3748 3393 τῷ

2166 3415 2371 3483 Ποιητῇ
2400 3414 2651 3467 παλαίειν
2681 3415 3047 3485 ἐπιχειρῆσαι.
3073 3414 3258 3468 Ταῦτα
3295 3416 3360 3469 ἂν
3394 3412 3551 3471 εἶπεν
3578 3420 3607 3471 ὁ
3634 3418 3747 3471 διά-

2166 3505 2321 3569 6ολος
2347 3505 2571 3569 δικαίως
2614 3506 2755 3577 πρὸς
2779 3507 2869 3560 τὸν
2902 3509 3131 3579 Σωτῆρα
3160 3510 3416 3581 Χριστὸν,
3454 3512 3620 3584 εἴπερ
3648 3514 3745 3565 οὐκ

2168 3598 2263 3652 ἄνθ
2274 3615 2454 3669 ρωπος
2481 3594 2572 3669 ἦν,
2605 3599 2741 3653 ἀλλά
2768 3600 2921 3663 Θεὸς,
2962 3603 2990 3653 ὀ
3010 3602 3128 3654 ἀντὶ
3150 3602 3440 3673 ἀνθρώπου
3477 3605 3741 3659 παλαίων.

2165 3689 2228 3741 Ei
2257 3688 2364 3757 γὰρ
2399 3687 2524 3750 νοῦς
2564 3686 2905 3759 ἀνθρώπινος
2942 3689 3043 3742 οὐκ
3076 3684 3144 3760 ἦν
3174 3692 3231 3742 ὲν
3252 3690 3429 3762 αὐτῷ,
3460 3692 3597 3757 Θεὸς
3626 3694 3743 3746 ἀντὶ

2164 3778 2253 3832 νοῦ
2289 3778 2549 3849 ὑπάρχων
2576 3780 2646 3833 τὰ
2685 3778 2761 3849 τῷ
2803 3780 2879 3850 νῷ
2921 3782 3139 3851 ἐνήργει
3182 3786 3565 3855 προσήκοντα·
3612 3785 3743 3848 Θεὸς

2166 3870 2264 3940 μὲν
2294 3865 2363 3940 ἦν
2393 3873 2420 3922 ὀ
2446 3869 2525 3940 τῷ
2550 3868 2759 3940 σώματι
2785 3875 3179 3942 συμπεινάσας,
3204 3875 3335 3938 Θεὸς
3355 3876 3413 3928 δὲ
3433 3878 3464 3928 6
3486 3877 3737 3947 διψήσας.

2164 3962 2259 4014 καὶ
2282 3961 2574 4025 κοπιάσας.
2598 3962 2693 4014 καὶ
2719 3962 2855 4017 ἀλλα
2885 3965 3061 4018 πάντα
3089 3967 3159 4019 τά
3179 3965 3497 4035 ἀνθρώπινα
3517 3968 3739 4038 ὑπομεί-

2161 4072 2257 4117 νας
2292 4053 2608 4124 παθήματα.
2639 4055 2701 4107 Εί
2729 4054 2786 4109 δὲ
2817 4055 2949 4118 Θεὸς
2978 4058 3006 4108 6
3036 4056 3328 4120 παλαίσας,
3354 4053 3451 4110 καὶ
3485 4059 3732 4131 νικήσας,

2161 4143 2315 4214 κάγὼ
2333 4144 2427 4197 τοῦ
2450 4145 2629 4208 νίκους
2650 4146 2969 4217 ἐστέρημαι,
2990 4147 3123 4209 Θεὸς
3139 4147 3195 4199 δὲ
3216 4147 3244 4198 6
3264 4148 3363 4218 τὴν
3390 4148 3736 4219 δικαιοσύνην

2161 4236 2375 4290 ἃπασαν
2409 4235 2779 4307 κατορθώσας.
2816 4238 3008 4309 Εἴπερ,
3049 4237 3123 4302 ὣς
3156 4255 3319 4308 φασιν
3361 4241 3411 4292 οἱ
3442 4244 3546 4311 τῆς
3579 4243 3734 4294 Ἀπο-

2160 4326 2395 4398 λιναρίου
2441 4324 2726 4396 τερθρείας
2769 4327 3119 4398 όμολογηταὶ,
3152 4329 3340 4400 ἐπειδὴ
3374 4330 3643 4385 ἀδύνατον
3671 4328 3735 4401 ἦν

2160 4420 2255 4472 καὶ
2302 4419 2360 4470 ὲν
2404 4414 2733 4487 ἀνθρωπίνῳ
2763 4416 2887 4489 [νοῒ]
2922 4418 3209 4489 πληρῶσαι
3253 4418 3353 4490 τῆς
3392 4422 3735 4493 δικαιοσύνης

2157 4510 2283 4572 τοὺς
2321 4507 2539 4577 νόμους,
2579 4509 2681 4560 οὐκ
2718 4508 3009 4562 ἀνελάϐετο
3046 4510 3236 4564 τοῦτον
3272 4515 3299 4564 6
3337 4512 3472 4577 Θεὸς
3510 4516 3697 4585 Λόγος.

488 4614 622 4670 XVI.
664 4614 816 4681 Quod
845 4617 1193 4697 defensionem
1224 4620 1445 4697 habeant
1480 4632 1796 4697 peccatores,
1831 4640 1876 4677 ει
1905 4641 2052 4679 men-

2165 4626 2276 4697 Ιςξ,
2293 4622 2502 4697 Ὅτιᾼοί
2527 4619 2968 4697 ᾀμαρτάνοργες
2999 4625 3335 4697 ἀπολογίαν
3359 4625 3641 4695 ἔχουσιν,
3683 4630 3734 4682 εἰ

551 4697 675 4768 tam,
731 4696 905 4755 utpote
964 4689 1253 4755 inﬁrmam,
1316 4692 1456 4745 Deus
1526 4690 1745 4746 Verbum
1802 4712 1905 4750 non
1942 4713 2063 4750 rur-

551 4767 705 4823 cepit.

557 4868 669 4923 Hoc
720 4869 846 4923 dum
896 4871 1066 4935 aiunt,
1117 4871 1291 4938 primo
1339 4875 1554 4940 quidem
1612 4877 1751 4931 haud
1791 4878 2056 4935 modicam

484 4959 854 5027 impotentiam
889 4960 985 5029 ipsi
1014 4959 1123 5016 Deo
1156 4960 1437 5032 aliingunt.
1472 4966 1758 5034 siquidem,
1792 4981 1849 5023 ιιι
1886 4972 2055 5035 aiunt,

487 5049 602 5103 fieri
638 5068 740 5105 non
773 5060 983 5120 poterat
1011 5064 1066 5106 ut
1087 5054 1130 5107 si
1171 5054 1405 5110 humana
1430 5072 1583 5112 mens
1613 5059 1660 5112 ei
1689 5060 1910 5126 inesset,
1953 5066 2051 5117 ho-

487 5144 682 5196 minem
714 5143 1060 5212 justiﬁcaret.
1099 5144 1300 5199 Deinde
1332 5147 1705 5215 peccatoribus
1736 5154 1969 5214 cunctis,
2002 5162 2058 5206 et

483 5234 788 5288 divinarum
818 5234 991 5306 legum
1017 5236 1386 5304 violatoribus,
1418 5240 1749 5295 defensionis
1782 5240 1923 5297 fores
1956 5259 2053 5308 pa-

486 5326 762 5379 tel'aeiuut.
810 5325 939 5381 Jure
968 5330 1110 5383 enim
1147 5346 1325 5385 rerum
1353 5333 1593 5386 omnium
1627 5333 1738 5388 Deo
1766 5336 2005 5389 dicereut
2036 5351 2049 5388 :

482 5415 625 5469 Nihil
669 5420 821 5473 venia
850 5421 1429 5491 indignum,Domine,
1476 5428 1836 5494 peccavimus,
1879 5442 2052 5497 neque

404 5505 408 5509 ’
483 5523 639 5577 pmua
669 5511 923 5581 dignum;
955 5518 1385 5586 quandoquidem
1410 5519 1498 5572 ini?
1543 5536 1638 5575 οισι
1669 5522 1865 5576 mentis
1887 5523 2049 5577 duca-

485 5608 594 5651 tum
618 5602 795 5657 sortiti
826 5614 1032 5672 sumus,
1064 5622 1183 5678 qua:
1214 5610 1357 5680 leges
1381 5618 1502 5666 tuas
1524 5612 1815 5668 observare
1842 5615 2047 5684 nequit.

483 5774 760 5861 adqpquo
783 5786 1022 5861 tempore
1044 5785 1293 5861 nonnulla
1316 5787 1432 5856 ejus
1455 5804 1506 5842 ιιι
1528 5789 1726 5845 Lucam
1749 5790 2046 5861 fragmenta

482 5859 546 5901 ex
564 5841 823 5903 Vaticano
849 5841 1031 5907 codice
1055 5854 1193 5911 edidi
1224 5876 1236 5911 :
1264 5841 1568 5929 quanquam
1596 5841 2045 5919 ιὶιιέιίόιέιῖιίιδῖςὲέ

2227 4695 2306 4761 ὡς
2330 4692 2556 4756 ἀσθενῆ
2593 4695 2701 4746 τὸν
2740 4694 2890 4749 νοῦν
2922 4699 3031 4749 οὐκ
3061 4692 3355 4749 ἀνέλαϐεν
3378 4692 3426 4750 ῤ’
3448 4699 3597 4763 Θεὸς
3624 4692 3732 4753 Ad-

2226 4782 2351 4834 τος.

2227 4878 2395 4932 Τοῦτο
2437 4882 2492 4934 δὲ
2534 4882 2803 4949 λέγοντες,
2835 4879 3046 4952 πρῶτον
3092 4881 3189 4951 μὲν
3219 4880 3528 4953 ἀδυναμίαν
3572 4900 3735 4954 προσο

2158 4970 2416 5024 ἅπτουσιν
2457 4973 2516 5024 οὐ
2558 4974 2659 5043 τὴν
2691 4971 2960 5043 τυχοῦσαν
2990 4972 3135 5042 αὐτῷ
3160 4972 3237 5043 τῷ
3271 4973 3413 5045 Θεῷ,
3446 4976 3628 5047 εἰπερ,
3662 4977 3733 5040 ὣς

2156 5082 2338 5132 φασιν,
2375 5066 2473 5135 οὐχ
2514 5060 2624 5119 οἷόν
2653 5082 2712 5117 τε
2744 5061 2811 5137 ἦν
2845 5065 2938 5118 τοῦ
2970 5066 3063 5119 νοῦ
3094 5065 3189 5120 τοῦ
3224 5067 3573 5137 ἀνθρωπίνου
3611 5087 3732 5123 συν-

2156 5155 2303 5219 όντος
2341 5156 2623 5211 δικαιῶσαι
2652 5158 2742 5211 τὸν
2770 5157 3315 5228 ἀνθρωπον.Ἐπειτα
3360 5160 3415 5213 δὲ
3461 5163 3557 5214 καὶ
3606 5164 3733 5216 πᾶσι

2158 5249 2271 5309 τοῖς
2283 5248 2678 5318 ἁμαρτάνουσι,
2696 5250 2928 5313 καὶτοὺς
2948 5249 3124 5313 θείους
3142 5251 3340 5320 νόμους
3356 5254 3699 5324 παραϐαίνου
3712 5284 3729 5290 ~

2160 5355 2264 5404 σιν,
2288 5340 2578 5407 ἀπολογίας
2603 5342 2953 5411 ὑπανοίγουσι
2981 5343 3169 5414 θύραν.
3202 5344 3421 5398 Είποιεν
3452 5347 3562 5417 γὰρ
3591 5349 3728 5400 εἰκό-

2155 5444 2261 5491 τως
2307 5430 2445 5499 πρδς
2486 5431 2578 5483 τὸν
2623 5433 2732 5485 τῶν
2762 5433 2896 5486 ὅλων
2928 5432 3060 5486 Θεόν
3084 5452 3095 5463 ·
3125 5434 3237 5489 Οὐκ
3266 5436 3612 5505 ἀσύγνωστα,
3632 5440 3726 5491 Δέ-

2158 5535 2351 5585 σποτα,
2386 5521 2954 5596 πεπλημμελήκαμεν,
2992 5526 3111 5579 οὐδὲ
3143 5529 3411 5599 τιμωρίας
3435 5530 3581 5597 ista,
3608 5532 3725 5585 νοῦν

2155 5612 2397 5682 ἡγεμόνα
2446 5613 2700 5681 λαϐόντες
2742 5618 2964 5688 ἀσθενῆ,
2998 5620 3094 5673 καὶ
3120 5620 3409 5687 φυλάττειν
3440 5626 3567 5688 τοὺς
3606 5627 3729 5690 σοὺς

2155 5793 2493 5876 Apollinari-s-
2520 5794 2689 5865 copiae
2736 5811 2802 5851 ex
2846 5796 2967 5853 aliis
3004 5800 3180 5857 adhuc
3221 5801 3497 5860 codicibus
3536 5809 3722 5876 produ-

2151 5866 2332 5919 CClititc
2363 5864 2495 5920 mihi
2520 5864 2826 5938 supersunt.

3590 6438 3630 6446 γῆ
3660 6410 3941 6446 »τἫῪννῑῘΞΞ-ιηᾘ
3904 6412 3935 6425 ¹¹
