3996 6474
202 511 353 568 “55

1387 506 1477 560 DE
1515 499 2039 562 INCARNATIONE
2081 496 2346 555 DOMINl.

3374 497 3518 552 μισ

200 634 265 685 οῦ
314 632 616 705 δυνάμενον
656 634 872 703 νόμους.
903 631 1013 684 Καὶ
1056 629 1396 701 μαρτυροῦσι
1443 626 1804 699 πατριάρχαι,

1914 622 2103 675 Testes
2155 631 2284 674 sunt
2345 617 2667 686 patriarcha:
2721 626 2887 686 atque
2939 615 3239 686 prophetat,
3292 623 3345 667 et
3402 614 3513 667 Deo

204 725 305 778 καὶ
332 724 630 795 προφῆται,
661 724 754 777 καὶ
797 724 904 777 τῶν
951 722 1218 792 θεοφιλῶν
1248 719 1552 793 ἀνθρώπων
1603 718 1672 771 τὰ
1712 718 1807 771 τά·

206 834 415 887 γματα,
442 817 551 870 τῶν
579 834 639 869 τε
680 815 787 887 πρὸ
813 815 908 869 τοῦ
950 816 1135 886 νόμου,
1170 814 1262 867 καὶ
1291 814 1397 867 τῶν
1435 811 1574 882 μετά
1603 811 1693 864 τὸν
1722 809 1807 861 νό-

211 924 337 979 μον,
367 910 414 961 οί
447 910 507 961 ἐν
538 905 762 979 ἀζυγίᾳ,
805 908 856 959 οί
898 910 958 960 ὲν
990 905 1161 977 ζυγῷ,
1195 907 1246 958 οί
1290 906 1349 958 ὲν
1394 904 1631 971 πλούτῳ,
1666 903 1715 955 oi
1748 903 1805 954 ὲν

207 1000 451 1070 ἀκτησίᾳ
491 997 782 1070 πληρῶσαί
830 1015 923 1051 σου
959 997 1059 1060 τὰς
1094 996 1314 1059 ἐντολὰς
1363 996 1437 1067 μὴ
1483 993 1805 1065 δυνηθέντες

203 1093 298 1146 διὰ
343 1091 563 1145 τοῦτον·
616 1091 710 1143 καὶ
761 1090 936 1144 ταῦτα
969 1090 1045 1160 τῷ
1076 1088 1329 1159 παναγίῳ
1379 1106 1474 1141 σου
1523 1086 1805 1155 Πνεύματι

210 1181 596 1254 βοηθούμενοι.
638 1181 750 1234 Καὶ
775 1181 829 1234 τί
866 1181 949 1234 δεῖ
979 1180 1046 1232 τά
1076 1179 1250 1233 πολλὰ
1288 1178 1504 1247 λέγειν;
1534 1178 1726 1242 Αὐτὸς,
1760 1172 1804 1231 ὦ

205 1274 497 1336 Δέσποτα,
538 1270 603 1323 ἐν
652 1270 816 1341 σαρκὶ
860 1268 1274 1339 παραγέγονας,
1327 1267 1421 1321 καὶ
1474 1266 1654 1337 σάρκα
1706 1265 1806 1335 μὲν

204 1362 489 1435 ἡμετέραν
520 1362 801 1425 ἀνέλαὸες,
830 1361 921 1414 τὸν
969 1361 1027 1414 δὲ
1075 1360 1200 1413 νοῦν
1248 1359 1324 1423 ὡς
1377 1358 1655 1413 κωλύοντα
1705 1357 1805 1425 τῆς

207 1456 417 1527 ἀρετῆς
464 1455 561 1527 τὴν
612 1454 826 1519 κτῆσιν,
852 1452 949 1506 καὶ
989 1452 1089 1523 τῆς
1124 1452 1401 1523 ἁμαρτίας
1445 1450 1543 1522 τὴν
1587 1451 1805 1518 ἀπάτην

212 1547 419 1619 ῥᾳδίως
467 1546 865 1617 ὑποδεχόμενον
920 1545 1254 1617 ἀπέρριψας,
1289 1544 1384 1597 καὶ
1427 1545 1529 1596 οὐκ
1574 1543 1804 1613 ἠνέσχου

207 1640 400 1694 λαϐεῖν
421 1658 435 1672 ·
473 1640 704 1709 γέγονας
727 1638 785 1692 δὲ
812 1638 934 1692 ἀντὶ⁷
959 1637 1051 1691 νοῦ
1078 1640 1143 1709 τῇ
1179 1640 1368 1713 σαρκὶ,
1393 1638 1489 1691 καὶ
1514 1637 1590 1707 τῷ
1618 1636 1805 1707 τρόπῳ

204 1730 390 1801 τούτῳ
445 1730 546 1802 τὴν
606 1729 953 1801 δικαιοσύνην
1020 1730 1413 1801 κατώρθωσας.
1468 1729 1657 1799 Τούτῳ
1728 1726 1808 1800 τῷ

205 1822 405 1894 τρόπῳ
448 1822 549 1893 τὴν
600 1822 879 1894 ἁμαρτίαν
924 1824 1240 1896 νενίκηκας.
1293 1822 1427 1888 Θεδς
1476 1822 1585 1895 γὰρ
1626 1824 1805 1894 ὑπάρ-

204 1932 351 1985 χεις,
388 1913 549 1985 βουλῇ
578 1914 747 1969 ποιῶν
782 1915 845 1969 τὸ
872 1915 1085 1981 δοκοῦν,
1114 1915 1347 1987 νεύματι
1380 1914 1807 1985 μετασκευάξων

204 2004 281 2058 τὰ
304 2005 628 2076 πράγματα,
645 2007 838 2076 Ἡμεῖς
858 2006 913 2060 δὲ
938 2006 1062 2060 νοῦν
1088 2005 1303 2078 ἔχοντες
1324 2007 1414 2061 τὸν
1439 2006 1800 2078 ἀνθρώπινον,
1838 1990 1880 2046 Β

203 2095 269 2147 ὃν
323 2094 615 2149 ἀναλαϐεῖν
659 2095 760 2149 οὐκ
810 2095 1083 2166 ⁴πἰθέλησας
1108 2136 1123 2161 ,
1171 2097 1486 2166 ἀναγκαίως
1549 2097 1655 2151 ὑπὸ
1702 2097 1803 2168 τὴν

204 2185 493 2257 ἁμαρτίαν
519 2185 885 2256 τυγχάνομεν,
918 2188 1028 2249 τοῖς
1063 2189 1177 2250 σοῖς
1209 2186 1575 2257 ἀκολουθῆσαι
1598 2188 1802 2257 ἴχνεσιν

205 2278 313 2332 οὐκ
344 2277 684 2349 ἰσχύσαντες.
721 2278 786 2331 Τί
815 2278 924 2350 γάρ
950 2277 1076 2342 νοῦς
1105 2277 1445 2352 ἀνθρώπινος
1486 2279 1622 2351 πρὸς
1663 2279 1798 2337 Θεοῦ

206 2369 442 2441 δυνάμιν
475 2371 567 2425 καὶ
596 2370 733 2424 Θεοῦ
770 2370 983 2440 σοφίαν,
1012 2372 1109 2425 καὶ
1143 2372 1279 2440 φῶς,
1310 2372 1406 2425 καὶ
1431 2371 1798 2442 δικαιοσύνην,

206 2461 309 2513 καὶ
344 2461 512 2532 ζωὴν,
545 2462 639 2515 καὶ
670 2460 767 2525 τὰς
812 2460 979 2525 ἄλλας
1012 2462 1292 2534 ἐνεργείας
1324 2464 1425 2533 τῆς
1462 2464 1562 2533 σῆς
1589 2463 1801 2528 οὐσίας,

206 2550 267 2603 αῖ
298 2552 553 2624 καθάπερ
583 2555 801 2618 ἀκτῖνες
840 2555 936 2608 καὶ
982 2553 1325 2625 λαμπηδόνες
1350 2555 1415 2607 ὲκ
1451 2554 1552 2624 τῆς
1580 2554 1679 2623 σῆς
1710 2554 1803 2606 ἀν-

210 2644 426 2715 ίσχουσι
474 2647 717 2717 φύσεως;
761 2648 923 2701 Ταῦτ’
975 2646 1041 2701 ἂν
1094 2647 1320 2710 είκὸτως
1376 2648 1583 2701 εῐποιεν
1629 2649 1678 2700 οἱ
1732 2650 1799 2719 τῇ

1909 714 2201 765 cltaroruut
2235 712 2515 765 lieutiuum
2552 711 2791 781 agmina,
2831 719 2942 776 tum
2977 718 3105 761 ante
3141 716 3252 761 tum
3283 716 3406 776 post
3437 707 3513 761 le-

1908 820 2053 873 gem,
2084 814 2194 857 tum
2222 802 2457 869 ctelibes,
2490 814 2601 855 ttttn
2623 802 2919 872 conjugati,
2957 810 3067 854 tum
3102 798 3369 868 opulenti,
3398 810 3511 853 tum

1910 899 2119 967 inopes,
2157 896 2249 965 qui
2281 897 2481 950 mentis
2518 910 2679 949 causa
2717 904 2841 949 tuas
2866 894 3167 965 adimplere
3194 893 3343 963 leges
3364 891 3511 947 hattd

1908 999 2219 1059 potuerunt,
2238 990 2603 1057 nequidquam
2628 986 2835 1057 Spiritu
2860 995 2952 1042 tuo
2980 987 3328 1041 sanctissimo
3353 985 3514 1038 auxi-

1910 1081 2098 1136 liante.
2136 1080 2242 1136 Sed
2280 1095 2377 1134 cur
2419 1079 2667 1148 pluribus
2697 1080 2883 1134 verbis
2930 1094 3067 1149 Opus
3098 1078 3212 1133 sit?
3258 1077 3337 1131 Tu
3374 1078 3512 1147 ipse.

1910 1174 2157 1236 Domine,
2190 1187 2357 1227 carne
2384 1159 2608 1245 indutus
2639 1172 2873 1238 venisti;
2905 1172 2998 1226 sed
3034 1185 3258 1245 carnem
3290 1171 3510 1239 quidem

1906 1271 2152 1319 nostram
2177 1264 2547 1330 assumpsisti,
2574 1244 2811 1319 tuentem
2850 1273 3029 1321 tamen
3060 1272 3117 1315 ιιι
3141 1263 3359 1316 virtutis
3415 1263 3515 1315 ad-

1908 1357 2109 1427 eptioni
2135 1356 2562 1418 contrariam,et
2582 1354 2792 1423 peccati
2819 1354 2989 1408 errori
3007 1352 3163 1408 facile
3192 1352 3506 1416 obnoxiam,

1909 1448 2172 1504 recusasti
2199 1462 2303 1503 nec
2324 1462 2541 1503 sumere
2570 1461 2766 1515 passus
2788 1461 2848 1500 es
2876 1459 2891 1499 :
2915 1456 3081 1515 tuque
3108 1442 3353 1517 825m.
3374 1444 3511 1498 adeo

1909 1541 2106 1595 mentis
2136 1542 2256 1597 vice
2288 1541 2340 1595 in
2377 1556 2541 1595 carne
2577 1540 2794 1595 functus
2829 1554 2909 1603 es,
2946 1548 3110 1609 atque
3139 1538 3213 1592 ita
3241 1537 3509 1607 justitiam

1910 1633 2053 1690 felici
2108 1650 2370 1691 successu
2438 1634 2717 1704 peregisti.
2785 1632 2903 1688 Hac
2971 1631 3224 1687 videlicet
3300 1630 3517 1685 ratione

1908 1736 2190 1798 peccatum
2222 1727 2426 1784 vicisti.
2464 1727 2605 1782 Deus
2640 1727 2784 1782 enim
2818 1742 2901 1790 es,
2936 1725 3236 1780 voluntatis
3271 1724 3319 1775 vi
3346 1722 3507 1793 quid-

1909 1821 2036 1890 quid
2068 1820 2286 1875 libuerit
2323 1835 2511 1892 agens,
2548 1830 2682 1875 nutu
2718 1830 2811 1875 tuo
2852 1818 3066 1890 negotia
3102 1831 3348 1873 versans.
3398 1812 3517 1869 Nos

1910 1927 2039 1967 vero
2068 1919 2250 1966 mente
2295 1911 2534 1966 ltumana
2572 1908 2807 1980 praediti,
2855 1925 3018 1980 quam
3063 1917 3118 1961 tu
3152 1907 3249 1961 tibi
3293 1918 3513 1961 sumere

1910 2003 2155 2070 noluisti,
2185 2006 2494 2061 necessario
2523 2004 2625 2061 sub
2655 2012 2881 2075 peccato
2914 2002 3183 2073 degimus,
3234 2010 3323 2053 tua
3356 1999 3510 2068 sequi

1911 2098 2137 2167 vestigia
2202 2113 2310 2152 non
2372 2097 2643 2153 valentes.
2678 2096 2852 2164 ~Quitl
2938 2105 3023 2151 est
3070 2094 3217 2149 enim
3270 2092 3513 2147 bumana

1912 2204 2067 2245 mens
2102 2205 2212 2259 prae
2250 2191 2343 2245 Dei
2393 2192 2633 2256 viribus,
2672 2190 2966 2261 sapientia,
3010 2189 3233 2251 lumine,
3270 2186 3514 2257 iustitia,

1910 2283 2043 2349 vita,
2091 2284 2327 2352 aliisque
2357 2285 2683 2339 substantiae
2714 2294 2819 2337 tua:
2862 2282 3142 2343 ellicaciis,
3190 2296 3309 2349 qum
3344 2278 3511 2332 veluti

1912 2376 2050 2430 radii
2085 2391 2148 2430 ac
2183 2375 2463 2445 lampades
2507 2393 2572 2431 ex
2622 2386 2817 2430 natura
2857 2386 2948 2431 tua
2992 2373 3342 2430 scaturiunt?
3386 2370 3515 2426 Ila-c

1912 2464 2247 2520 credibiliter
2283 2466 2527 2520 dicerent
2556 2466 2589 2518 ii
2623 2467 2715 2535 qui
2747 2476 2971 2537 peccato
3007 2465 3218 2519 servire
3242 2463 3513 2517 decrevis-

1910 2569 2053 2622 sent,
2078 2558 2123 2613 si
2154 2558 2293 2611 Deus
2308 2554 2547 2611 Verbum
2574 2555 2700 2608 dum
2728 2570 2855 2609 vere
2876 2555 3153 2609 hominem
3185 2564 3511 2613 assumeret,

1914 2648 2015 2703 hac
2049 2650 2261 2703 ratione
2296 2647 2713 2718 impeceantiam
2749 2663 2902 2700 suam
2935 2646 3043 2701 sibi
3072 2646 3438 2700 conciliasset.

208 2735 461 2810 ἁμαρτίᾳ
506 2738 777 2797 δουλεύειν
826 2740 1163 2812 αἱρούμενοι,
1195 2744 1357 2812 εἰπερ
1395 2742 1423 2794 ὁ
1470 2740 1603 2803 Θεὸς
1633 2740 1803 2808 Λόγος
1846 2738 2063 2809 ἀληθῶς
2114 2740 2192 2793 ἂν
2234 2741 2594 2795 συνανέλαὸεν
2629 2738 2939 2811 ἄνθρωπον,
2983 2738 3159 2810 τούτῳ
3198 2736 3276 2808 τῷ
3322 2737 3522 2807 τρόπῳ

215 2830 678 2902 μηχανησάμενος
718 2832 781 2885 τὸ
819 2833 1228 2905 ἀναμάρτητον.

210 3027 313 3081 ιζ’.
338 3025 719 3093 Κατασκευὴ,
734 3026 822 3080 ὅτι
843 3029 1097 3166 seio/17.0;
1115 3030 1152 3096 ή
1172 3027 1277 3081 τοῦ
1294 3027 1405 3082 νοῦ
1426 3028 1807 3095 ἀνθρωπίνου

838 3116 918 3152 αν
1003 3116 1039 3164 η
1098 3116 1170 3165 ις.

838 3116 1170 3165 αναληψις.

298 3231 459 3285 Ἀλλά
495 3232 595 3303 τὴν
638 3234 736 3303 μὲν
779 3232 1099 3305 ἀδολεσχίαν
1136 3234 1364 3288 ἐκείνων
1410 3233 1802 3305 καταλίπωμεν

1914 3026 2077 3085 XVII.
2120 3027 2447 3093 Argumenta
2500 3029 2569 3080 ad
2612 3027 3082 3080 demonstrandum
3130 3036 3266 3079 recte
3310 3025 3517 3094 factum

2151 3098 2316 3167 fuisse
2345 3098 2532 3151 mentis
2568 3098 2816 3151 humana:
2840 3107 3275 3162 assumpttmtem.

1984 3234 2091 3290 Sed
2138 3233 2251 3304 jam
2302 3234 2532 3289 istorum
2573 3249 2745 3304 nugas
2778 3234 2829 3287 in
2865 3232 3121 3303 prmsenli
3170 3233 3512 3286 omittamus.

206 3324 306 3379 ἰπὶ
351 3323 446 3378 τοῦ
498 3326 798 3396 παρόντος·
841 3328 1001 3397 ἡμεῖς
1048 3327 1104 3380 δὲ
1152 3327 1243 3380 ἐπὶ
1287 3327 1387 3399 τὴν
1432 3304 1803 3399 προκειμένην

1913 3324 2018 3380 Nos
2059 3339 2192 3379 vero
2225 3322 2289 3377 ad
2327 3324 2665 3392 propositum
2712 3333 3096 3394 argumentum
3146 3332 3515 3386 revertamur,

207 3413 475 3468 ὑπόθεσιν
497 3414 906 3485 ἐπανέλθωμεν,
942 3417 1035 3468 καὶ
1061 3416 1328 3489 δείξωμεν
1353 3419 1452 3489 τὴν
1483 3418 1579 3471 τοῦ
1614 3418 1801 3489 Σωτῆ-

209 3520 307 3577 ρος
335 3505 492 3576 ἡμῶν
514 3507 832 3577 οἰκονομίαν
863 3509 1181 3577 ἀναγκαίως
1212 3511 1608 3581 γεγενημένην.
1627 3512 1806 3565 Ἐπει-

204 3596 275 3665 δὴ
300 3596 412 3668 γὰρ
441 3596 588 3660 ἅπας
612 3598 641 3650 ὁ
667 3596 953 3669 ἄνθρωπος
977 3599 1257 3671 ἠπατήθη,
1286 3601 1379 3654 καὶ
1405 3601 1553 3664 am;
1582 3601 1685 3654 ὑπὸ
1703 3600 1803 3672 τὴν

207 3689 492 3761 ἁμαρτίαν
514 3691 861 3759 ἑγένετο,καὶ
885 3691 991 3761 πρὸ
1012 3690 1105 3744 τοῦ
1127 3692 1382 3764 σώματος
1401 3694 1570 3765 δὲτὴν
1588 3695 1804 3765 ἀπάτην

206 3784 238 3836 ὁ
259 3782 387 3845 νοῦς
411 3782 708 3848 ὑπεδέξατο
724 3801 735 3812 ·
763 3787 796 3855 ἡ
820 3784 914 3837 τοῦ
937 3784 1029 3838 νοῦ
1054 3785 1160 3856 γὰρ
1184 3788 1449 3857 πρότερον
1470 3787 1805 3855 συγκατάθε-

208 3891 297 3939 σις
314 3874 413 3947 τὴν
435 3876 714 3947 ἁμαρτίαν
736 3880 1090 3950 σκιαγραφεῖ,
1115 3873 1215 3931 εἷθ’
1236 3870 1408 3943 οὕτως
1428 3879 1517 3933 διά
1538 3880 1637 3949 τῆς
1661 3883 1745 3933 ένε
1754 3899 1805 3952 ρ-

208 3965 369 4035 γείας
406 3967 469 4020 τὸ
514 3966 673 4039 σῶμα
715 3967 920 4040 ταύτην
954 3974 1175 4041 μορφοῖ,
1219 3970 1447 4034 εἰκότως
1469 3973 1496 4024 ὁ
1520 3973 1803 4043 Δεσπότης

205 4059 449 4130 Χριστὸς
488 4059 589 4131 τὴν
623 4064 976 4114 πεπτωκυῖαν
1017 4060 1179 4131 φύσιν
1206 4062 1509 4133 ἀναστῆσαι
1544 4062 1805 4133 βουλόμε-

205 4167 323 4215 νος,
369 4152 505 4204 πᾶσι
545 4154 706 4223 χεῖρα
746 4150 966 4221 ὀρέγει,
1011 4152 1106 4205 καὶ
1148 4152 1409 4224 κειμένην
1452 4152 1659 4225 ἐγείρει
1707 4154 1808 4225 τὴν

208 4240 415 4311 σάρκα,
440 4242 603 4313 φημὶ,
622 4240 715 4295 καὶ
734 4241 825 4294 τὸν
848 4240 997 4306 νοῦν,
1014 4242 1072 4305 ὃς
1094 4244 1337 4312 ἐγεγόνει
1361 4246 1481 4298 κατ’
1503 4244 1689 4299 εἰκόνα
1711 4245 1805 4299 τοῦ

205 4333 544 4397 κτίσαντοςο
568 4334 800 4405 ἀόρατός
835 4351 895 4387 τε
935 4336 1045 4408 γάρ
1088 4338 1226 4401 ἐστι,
1250 4337 1343 4390 καὶ
1366 4338 1616 4401 ἀθέατος,
1642 4339 1807 4410 ἀνέφ-

208 4442 364 4489 ικτος
398 4441 457 4478 τε
490 4425 585 4478 καὶ
620 4425 1027 4497 ἀκατάληπτος,
1050 4428 1158 4480 οὐδ’
1182 4428 1378 4481 ἑαυτὸν
1419 4430 1801 4501 ἐπιστάμενος,

206 4518 349 4589 πρὸς
392 4517 450 4571 δὲ
491 4518 705 4582 τούτοις
743 4519 836 4572 καὶ
860 4520 1271 4593 ἀπερίγραφοςο
1295 4523 1453 4594 εἴπερ
1475 4525 1554 4587 εἰς
1575 4525 1674 4595 τὴν
1696 4524 1805 4578 τῶν

204 4608 489 4678 λογισμῶν
525 4609 939 4680 ἀποϐλέψαιμεν
977 4614 1299 4680 φαντασίαν,
1326 4616 1597 4685 ηγεμονίᾳ
1622 4633 1681 4668 τε
1709 4617 1803 4670 καὶ

204 4701 435 4772 ἐξουσίᾳ.
467 4702 854 4773 τετιμημένος,
879 4704 1095 4774 τέχναις
1141 4706 1235 4759 καὶ
1277 4708 1612 4779 ἐπιστήμαις
1648 4726 1807 4762 κεκο-

206 4795 519 4865 σμημένος.
549 4794 758 4867 βραχύς
796 4813 881 4860 τις
921 4798 1015 4850 καὶ
1041 4798 1157 4862 νέος
1179 4798 1529 4870 δημιουργὸς,
1550 4802 1609 4873 ἦ,
1647 4802 1709 4855 τό
1743 4820 1807 4871 γε

206 4886 576 4958 ἀληθέστερον
617 4889 815 4954 εἰπεῖν,
856 4888 948 4943 τοῦ
972 4891 1317 4962 Δημιουργοῦ
1361 4894 1623 4965 μιμητὴς,
1654 4894 1807 4964 βασι-

204 4980 337 5043 λεὺς
356 4980 455 5049 τῆς
475 4981 760 5051 ὀρωμενης
783 4982 1086 5054 κτίσεως,ἢ
1116 4982 1381 5052 βασιλέως
1404 4984 1587 5048 είκὼν,
1608 4986 1807 5058 φόρους

210 5070 488 5139 συλλέγων
511 5072 574 5123 ὲκ
596 5072 719 5143 γῆς,
749 5074 813 5126 ὲκ
835 5072 1127 5145 θαλάττης,
1154 5074 1213 5140 ἐξ
1237 5076 1419 5148 ἀέρος,
1443 5077 1502 5142 ἐξ
1523 5078 1673 5147 ἡλίου
1712 5081 1807 5133 καὶ

205 5163 445 5234 σελήνης
471 5165 566 5218 καὶ
587 5165 854 5236 ἀστέρων,
880 5166 939 5231 es,
968 5166 1201 5237 οὐρανοῦ
1234 5170 1327 5221 καὶ
1356 5168 1554 5237 νεφῶν,
1580 5172 1645 5223 ἐκ
1667 5188 1804 5244 προ-

207 5259 396 5311 ϐάτων
436 5258 532 5309 καὶ
572 5256 711 5327 βοῶν
755 5259 853 5310 καὶ
891 5258 1000 5310 τῶν
1040 5258 1214 5312 ἄλλων
1256 5260 1488 5329 κτηνῶν,
1517 5262 1716 5332 μᾶλλον
1749 5264 1805 5316 δὲ

206 5350 425 5411 πάντας
465 5348 646 5402 αὐτῶν
682 5348 812 5411 τοὺς
853 5350 1100 5420 καρποὺς
1134 5352 1497 5422 δρεπόμενοςο
1540 5355 1609 5407 δι’
1643 5357 1805 5409 αὑτὸν

206 5442 319 5513 γὰρ
347 5440 560 5510 ἐγένετο
580 5440 650 5494 τά
669 5440 945 5512 ὁρώμενα·
961 5442 1091 5506 Θεὸς
1116 5444 1222 5515 γὰρ
1248 5444 1454 5498 τούτων
1472 5448 1800 5520 ἀπροσδεής.

279 5553 493 5608 Οὔκουν
536 5554 775 5625 ἠτίμασε
816 5555 904 5607 τὸν
947 5556 1089 5609 οῦτω
1128 5559 1336 5627 τίμιον,
1376 5559 1467 5612 τὸν
1509 5560 1805 5633 θεραπείας

203 5646 486 5717 δεόμενον·
511 5645 632 5699 οὐδὲ
654 5644 715 5698 τὸ
738 5646 1115 5718 φθειρόμενον,
1132 5648 1380 5720 καὶνόσῳ
1405 5652 1496 5702 καὶ
1520 5654 1589 5723 γή
1603 5670 1669 5725 pqL
1688 5655 1804 5707 δου-

206 5738 370 5793 λεῦον
390 5740 484 5791 καὶ
499 5737 715 5809 θανάτῳ
733 5738 986 5803 ἀνέλαϐε,
1010 5741 1071 5792 τὸ
1093 5740 1149 5793 δὲ
1172 5740 1389 5809 λογικὸν
1413 5745 1507 5796 καὶ
1534 5744 1801 5800 ἀθάνατον

203 5832 303 5887 καὶ
315 5830 437 5884 κατ’
450 5831 636 5885 εἰκόνα
645 5830 1011 5901 γεγενημένον
1024 5833 1051 5885 ύ
1060 5849 1126 5885 πε
1136 5833 1275 5903 ρεῖδε
1284 5874 1296 5897 ,
1306 5835 1581 5889 καὶταῦτα
1594 5838 1799 5906 κακῶς,

203 5924 282 5991 ὥς
296 5941 450 5988 φασι,
461 5924 611 5978 διακε
623 5923 637 5977 ί
644 5942 826 5993 μενον
842 5924 979 5978 ἀλλᾶ
997 5928 1174 5981 πᾶσαν
1185 5927 1281 5996 τὴν
1296 5927 1456 5996 φύσιν
1471 5930 1798 5987 παλαιωθεῖ-

1909 3427 2070 3486 atque
2109 3418 2546 3470 demonstremus
2585 3415 2957 3470 necessariam
2994 3414 3166 3470 fuisse
3197 3414 3522 3468 Servatoris

1907 3508 2078 3564 nostri
2121 3506 2578 3561 incarnationem.
2621 3507 2757 3574 Quia
2791 3508 2937 3562 enim
2970 3516 3115 3562 totus
3146 3508 3310 3561 homo
3352 3506 3518 3563 dece-

1908 3611 2032 3670 ptus
2074 3599 2275 3665 fuerat,
2312 3609 2565 3667 totusque
2597 3602 2697 3655 sub
2748 3610 3037 3670 peceatum
3096 3600 3398 3663 deciderat,
3457 3609 3515 3655 et

1909 3704 2035 3748 ante
2076 3694 2252 3762 ipsum
2281 3707 2481 3759 corpus
2521 3707 2674 3746 mens
2706 3708 2948 3748 errorem
2982 3692 3318 3760 admiserat;
3358 3708 3519 3746 nam-

1910 3801 2014 3856 que
2035 3794 2193 3840 antea
2217 3785 2416 3839 mentis
2440 3799 2741 3839 consensus
2763 3794 3047 3854 peccatum
3081 3785 3338 3847 deliucat,
3357 3785 3516 3839 dein-

1911 3880 1976 3934 de
2025 3879 2075 3933 id
2122 3894 2467 3947 corpusrpcr
2508 3892 2664 3931 suam
2722 3878 2991 3932 actionem
3044 3877 3257 3949 ﬁgurat,
3318 3878 3520 3933 merito

1910 3972 2160 4027 Christus
2197 3972 2455 4026 Dominus
2499 3971 2705 4041 lapsam
2753 3981 3001 4026 naturam
3046 3976 3260 4044 erigere
3300 3975 3516 4036 volens,

1914 4066 2129 4135 utrique
2162 4064 2323 4119 simul
2360 4080 2583 4118 manum
2635 4065 2889 4135 porrigit,
2921 4075 2976 4121 et
3015 4067 3286 4135 jacentem
3331 4068 3514 4136 erigit,

1912 4173 2161 4222 carnem,
2186 4158 2427 4226 inquam,
2456 4172 2520 4210 ac
2549 4168 2807 4213 mentem.
2840 4173 2963 4227 quae
2991 4158 3055 4212 ad
3079 4156 3358 4214 Creatoris
3379 4160 3523 4214 ima-

1912 4252 2090 4320 ginem
2126 4250 2268 4304 facta
2308 4249 2427 4305 luit.
2460 4249 2556 4304 Est
2587 4251 2731 4305 enim
2772 4267 2926 4306 mens
2967 4252 3278 4318 invisibilis,
3328 4255 3517 4309 incon-

1914 4345 2265 4415 tetuplabilis,
2300 4346 2564 4416 impervia
2610 4354 2665 4400 et
2710 4345 3302 4416 incomprehensibilis,
3336 4363 3528 4419 neque

1912 4455 1971 4493 se
2017 4440 2187 4510 ipsam
2235 4455 2592 4511 cognoscens,
2635 4450 2691 4494 et
2740 4440 2964 4509 insuper
2992 4439 3512 4510 incircumscripta:

1912 4543 1965 4588 et
2013 4534 2054 4586 si
2103 4533 2494 4602 cogitationum
2533 4531 2880 4601 phantasiam
2929 4540 3261 4601 spectamus,
3313 4533 3514 4587 ducatu

1914 4636 1965 4678 cl
2000 4633 2267 4694 potestate
2328 4625 2574 4694 praedita,
2635 4620 2843 4678 artibus
2892 4632 2946 4677 et
3000 4622 3247 4677 scientiis
3296 4636 3517 4687 ornata,

1917 4733 2079 4787 parva
2104 4719 2348 4788 quaedam
2373 4732 2589 4771 aenova
2610 4717 2869 4780 creatrix,
2888 4718 2992 4780 vel,
3018 4726 3076 4771 ut
3096 4718 3278 4772 verius
3305 4717 3521 4783 dicam,

1913 4810 2190 4865 Creatoris
2234 4811 2516 4875 imitatrix,
2572 4811 2757 4879 regina
2804 4820 3069 4866 creatura:
3121 4812 3379 4876 visibilis,
3427 4813 3517 4867 vel

1915 4903 2056 4973 regis
2105 4904 2307 4975 imago,
2360 4904 2560 4959 tributa
2612 4905 2677 4958 de
2730 4912 2873 4959 terra
2922 4906 3205 4971 colligens,
3250 4920 3311 4958 ex
3350 4906 3517 4970 mari,

1913 5002 2075 5062 atque
2108 5010 2257 5059 aere,
2308 5011 2373 5050 ex
2407 4998 2519 5051 sole
2570 5012 2632 5050 ac
2677 4996 2801 5049 luna
2835 5008 2885 5051 et
2942 4998 3133 5059 stellis,
3169 5014 3230 5051 ex
3264 4998 3406 5053 ccelo
3457 5007 3513 5055 ei

1913 5086 2167 5151 nubibus,
2203 5104 2265 5143 ex
2312 5089 2525 5149 ovibus,
2572 5089 2765 5154 bobus,
2800 5089 3029 5160 aliisque
3057 5090 3299 5161 825m.
3349 5105 3517 5160 pecu-

1912 5178 2101 5240 dibus;
2134 5180 2244 5233 imo
2270 5196 2396 5234 vero
2423 5181 2664 5235 omnium
2692 5180 2898 5236 fructus
2922 5197 3152 5253 carpens
3179 5201 3191 5236 :
3224 5185 3339 5249 ejus
3365 5185 3516 5238 enim

1911 5273 2083 5340 gratia
2126 5272 2357 5327 visibilia
2394 5284 2591 5329 cuncta
2624 5283 2752 5329 sunt
2782 5273 2960 5329 facta:
2992 5291 3115 5329 nam
3149 5275 3289 5330 Deus
3316 5276 3515 5331 horum

1911 5378 2016 5416 non
2048 5375 2128 5418 est
2168 5365 2400 5432 indigus.

1979 5558 2094 5614 Non
2122 5577 2251 5632 ergo
2274 5568 2724 5635 contempsittam
2742 5569 3036 5637 pretiosam
3064 5582 3271 5641 partem
3299 5574 3509 5629 medela

1908 5664 2161 5723 egentem
2188 5673 2204 5720 ;
2236 5660 2533 5721 morboque
2564 5669 2620 5711 et
2650 5671 2866 5715 senecta
2898 5673 3213 5731 corruptam
3239 5667 3515 5735 mortique

1909 5745 2272 5813 mancipatam
2324 5748 2719 5807 humanitatem
2776 5769 2882 5807 non
2941 5752 3011 5808 ita
3076 5759 3396 5826 assumpsit,
3453 5768 3517 5813 ut

1907 5845 2116 5903 partem
2156 5837 2329 5908 ipsius
2370 5842 2689 5898 rationalem
2732 5853 2788 5898 et
2833 5845 3198 5903 immortalem
3236 5859 3396 5918 atque
3439 5852 3513 5905 ad

1907 5930 2198 6002 imaginem
2236 5951 2390 5991 suam
2429 5938 2625 5994 factam
2654 5940 2999 6011 despexerit;
3035 5944 3339 6012 praisertim
3380 5943 3509 6014 quia
