3996 6478
510 452 643 514 ιιι-ι
1528 446 1586 501 S.
1619 443 1705 501 ΟΥ
1715 442 1897 499 RILLI
1928 441 2090 499 ALEI

2192 438 2396 496 unum
2437 436 2760 494 ABCHIEP.
3040 502 3043 505 _
3637 431 3761 489 ius

506 574 667 637 male,
702 581 757 629 ut
786 573 959 636 aiunt,
989 584 1049 625 se
1070 566 1303 623 habebat
1331 583 1345 619 :
1379 564 1475 620 sed
1498 564 1805 619 universam
1838 575 2084 617 naturam

2192 576 2289 613 σαν
2311 559 2642 629 ἒνεοποίησε.
2659 556 2767 610 Καὶ
2785 556 2848 608 τὸ
2868 554 2967 624 μὲν
2984 554 3157 625 αὐτῆς
3174 553 3361 608 καινὸν
3378 553 3763 623 ἀπειργάσατο.

506 667 840 733 antiquatam
876 665 1174 717 renovavit.
1218 660 1372 714 Anne
1400 659 1543 713 enim
1587 666 1795 727 partem
1831 656 1949 725 ejus
1989 670 2085 709 no-

2192 652 2244 705 τὸ
2286 650 2342 705 δὲ
2384 648 2835 717 πεπαλαιωμένον
2880 646 2971 699 καὶ
3011 646 3413 717 διεφθαρμένον
3434 644 3653 699 ἀνίατον
3694 645 3764 695 εί-

508 773 625 809 vani
676 755 914 821 fecisset,
965 754 1113 809 illam
1168 768 1316 819 vero,
1363 766 1485 821 quae
1534 753 1832 804 inveterata
1863 756 1980 803 erat
2032 756 2085 801 et

509 855 779 916 corrupta,
811 846 931 900 sine
962 844 1205 900 remedio
1236 858 1358 899 esse
1393 838 1657 897 sivisset?
1695 853 1817 894 cum
1856 850 2085 907 praeser-

512 939 605 991 tim
644 951 770 1007 pars
801 936 917 990 haec
951 933 1345 1005 pretiosissima
1388 944 1554 998 esset,
1583 940 1639 985 et
1679 925 2087 984 immortalitate

508 1029 736 1099 pollens,
768 1036 823 1082 et
850 1026 1077 1081 rationis
1104 1040 1201 1079 usu
1234 1031 1519 1083 exornata,
1554 1030 1609 1075 et
1639 1019 1706 1073 ad
1750 1016 2086 1072 intellectua-

512 1121 641 1175 liqu
702 1119 945 1175 ordinem
1008 1116 1303 1185 pertinens.
1350 1112 1817 1169 Ahsurdissinium
1888 1109 2087 1179 quippe

512 1214 723 1275 fuisset,
751 1225 948 1279 corpus
977 1208 1181 1263 luteum
1210 1216 1266 1261 et
1295 1205 1630 1276 pulvereum,
1658 1214 1713 1259 et
1742 1201 2089 1272 passionihus

514 1302 830 1373 implicitum
872 1300 977 1355 sibi
1032 1312 1310 1354 assumere
1360 1306 1523 1365 atque
1573 1293 1887 1363 adiungere,
1933 1301 1989 1347 et
2033 1291 2087 1345 in

513 1396 732 1449 dextera
760 1391 1059 1461 majestatis
1081 1389 1346 1446 collocare
1384 1405 1396 1442 :
1430 1398 1663 1444 mentem
1693 1401 1825 1441 vero
1843 1384 2087 1440 invisibi-

513 1484 637 1548 lem,
674 1483 1057 1549 immortalem,
1088 1482 1381 1535 animantis
1425 1480 1731 1541 rectricetn,
1768 1477 1835 1531 ad
1868 1475 1964 1532 Dei
2006 1474 2087 1529 I‘a-

513 1584 655 1629 ctam
718 1574 1030 1644 imaginem,
1070 1571 1581 1641 incorruptibilitate
1622 1570 1926 1639 praditam,
1967 1582 2089 1623 cor-

515 1666 663 1735 poris
688 1666 851 1720 veluti
898 1667 1163 1733 aurigam,
1199 1663 1659 1731 gubernatricem,
1691 1671 1746 1716 et
1770 1660 1927 1731 quasi
1958 1675 2088 1715 con-

516 1767 675 1812 centu
706 1761 1118 1825 temperantem,
1154 1770 1251 1822 per
1282 1771 1443 1825 quam
1477 1756 1707 1809 humana
1750 1761 1942 1807 natura
1977 1768 2085 1807 non

514 1856 599 1899 est
638 1846 815 1908 bruta,
851 1844 942 1897 sed
976 1844 1265 1912 sapientia,
1318 1844 1525 1897 artibus
1564 1852 1619 1896 et
1663 1841 1852 1911 quavis
1896 1842 2085 1911 peritia

2187 759 2319 808 ασε;
2363 741 2457 794 καί
2493 739 2667 794 ταῦτα
2702 737 3032 809 τιμιώτατον
3075 736 3468 808 ὑπάρχον,καί
3505 735 3763 805 ἀθανασίᾳ

2186 832 2569 902 τετιμημένον,
2594 830 2689 885 καὶ
2726 829 2869 899 λόγῳ
2909 828 3352 898 κεκοσμημένον,
3394 827 3490 880 καὶ⁵
3529 826 3627 891 τῆς
3666 825 3763 878 τῶν

2185 923 2393 994 νοητῶν
2418 923 2611 993 μοίρας
2632 922 2900 992 τυγχάνον
2919 938 2932 952 ·
2956 921 3065 973 τῶν
3087 919 3458 974 ἀτοπωτάτων
3474 919 3580 989 γάρ
3604 918 3660 971 τὺ
3680 931 3769 987 μεν

2189 1016 2347 1087 σῶμα
2382 1016 2443 1068 τὸ
2465 1015 2707 1086 πήλινον,
2733 1015 2826 1070 καὶ
2844 1015 3047 1085 χοῐκὸν,
3071 1016 3163 1067 καὶ
3188 1011 3387 1067 πάθεσι
3412 1010 3769 1079 συνεζευγμέ-

2187 1124 2296 1169 νον,
2321 1107 2416 1161 καὶ
2452 1106 2881 1178 προσληφθῆναι,
2911 1109 3007 1159 καὶ
3046 1104 3450 1173 ἀναληφθῆναι,
3477 1104 3568 1155 καί
3601 1104 3666 1154 ὲκ
3693 1102 3771 1153 δε·

2188 1198 2316 1265 ξιῶν
2373 1184 2471 1267 τῆς
2523 1195 2911 1268 μεγαλωσύνης
2955 1193 3379 1264 καθιδρυνθῆναι
3401 1210 3413 1223 ·
3448 1192 3539 1246 τὸν
3568 1193 3627 1245 δὲ
3656 1191 3773 1244 νοῦν

2186 1292 2275 1343 τὸν
2298 1291 2550 1361 ἀόρατον,
2572 1288 2665 1341 τὸν
2685 1288 2971 1351 ἀθάνατον,
2995 1286 3086 1340 τὸν
3111 1287 3357 1357 ήγεμόνα
3382 1284 3478 1338 τοῦ
3500 1285 3667 1349 ζώου,
3688 1283 3774 1337 τὸν

2190 1384 2309 1435 κατ’
2330 1383 2516 1436 εἰκόνα
2576 1381 2730 1434 θείαν
2759 1379 3142 1448 γεγενημένον,
3172 1379 3263 1431 τὸν
3312 1375 3593 1447 ἀφθαρσίᾳ
3634 1394 3774 1429 τετι-

2190 1472 2452 1543 μημένον,
2488 1473 2579 1527 τὸν
2626 1472 2721 1525 τοῦ
2760 1471 3011 1541 σώματος
3044 1472 3257 1540 ήνίοχον
3307 1470 3403 1522 καὶ
3433 1468 3777 1540 κυϐερνήτην

2188 1566 2281 1619 καὶ
2314 1564 2591 1635 μουσικὸν,
2624 1565 2689 1618 δι’
2715 1564 2773 1617 ὃν
2813 1564 2913 1617 οὐκ
2946 1562 3137 1630 ἀλογός
3165 1564 3198 1632 ή
3229 1562 3544 1631 ἀνθρωπεία
3590 1562 3775 1630 φύσις.

2186 1656 2322 1709 ἀλλά
2358 1656 2549 1725 σοφίας
2576 1658 2671 1709 καὶ
2691 1655 2883 1725 τέχνης
2905 1654 2999 1707 καὶ
3020 1656 3330 1726 ἐπιστήμης
3362 1653 3654 1715 ἀνάπλεως

2185 1748 2375 1801 τοῦτον
2411 1741 2749 1817 ἀπερρίφθαί
2784 1748 2953 1809 κάτω,
2986 1746 3077 1799 καὶ
3122 1746 3223 1816 τῆς
3270 1746 3363 1799 τοῦ
3414 1745 3672 1816 σώματος
3709 1744 3780 1815 μή

2191 1839 2620 1910 μεταλαγχάνειν
2665 1838 2861 1906 τιμῆς·
2912 1838 2979 1891 δι’
3011 1838 3069 1891 ὃν
3117 1838 3181 1889 τὸ
3229 1838 3389 1909 σῶμα
3421 1838 3522 1908 τῆς
3554 1836 3782 1907 λογικῆς

513 1935 781 1989 abundat:
822 1935 980 1997 hanc,
1004 1934 1248 2001 inquam,
1272 1942 1504 1989 mentem
1539 1933 1607 1988 ad
1629 1933 1943 1989 inferiorem
1968 1948 2090 2003 gra-

2198 1933 2414 2001 ὲγένετο
2441 1931 2667 1994 κτίσεως
2688 1949 2699 1961 ·
2736 1929 2803 1982 δι’
2833 1930 2892 1981 ὃν
2922 1928 3257 1999 νομοθεσίαι.
3296 1930 3390 1981 καὶ
3424 1930 3777 1999 προφητεῖαι·

514 2028 638 2078 dum
673 2024 925 2093 deprimi,
959 2038 1056 2078 nec
1080 2038 1264 2091 parem
1286 2024 1487 2091 saltem
1512 2039 1635 2078 cum
1668 2038 1898 2094 corpore
1922 2023 2093 2079 hono-

517 2131 629 2167 rem
662 2115 1021 2183 participare;
1060 2128 1180 2166 cum
1212 2124 1389 2168 tamen
1426 2112 1546 2181 ejus
1578 2128 1744 2168 causa
1778 2128 1977 2182 corpus
2004 2130 2085 2169 ra-

518 2204 732 2258 tionalis
756 2214 1001 2257 creatura
1032 2205 1305 2269 evaserit;
1341 2219 1463 2257 cum
1494 2203 1737 2274 ejusdem
1766 2220 1932 2260 causa
1960 2205 2099 2259 datm

514 2295 718 2350 fuerint
762 2294 907 2363 leges
947 2308 1011 2348 ac
1046 2293 1383 2362 prephetim;
1418 2309 1513 2363 per
1548 2310 1711 2364 quam
1748 2296 1882 2347 ilunt
1916 2305 2096 2349 certa-

514 2387 678 2453 mina,
731 2386 910 2452 luctas,
966 2386 1231 2449 victoriae,
1283 2384 1640 2453 laudationes,
1691 2402 1940 2451 corouze;
1999 2400 2097 2455 per

515 2495 676 2551 quam
736 2494 933 2548 corpus
961 2494 1084 2532 cum
1109 2494 1171 2532 ea
1202 2477 1509 2545 decertans,
1534 2480 1813 2549 praemium
1850 2480 2094 2533 laborum

515 2572 864 2640 consequitur
896 2571 1155 2625 etelorum
1192 2584 1456 2637 regnum;
1506 2572 1573 2625 oh
1616 2587 1775 2639 quam
1814 2572 1927 2641 ipse
1958 2585 2094 2639 quo-

513 2677 618 2732 que
651 2662 955 2717 Servatoris
996 2660 1165 2715 nostri
1219 2662 1480 2716 adventus
1517 2663 1767 2733 contigit,
1817 2674 1870 2717 et
1918 2664 2097 2717 iurar-

516 2753 750 2807 nationis
777 2762 1053 2823 peractum
1082 2753 1394 2824 mysterium
1420 2760 1521 2806 est.
1555 2752 1670 2807 Non
1701 2754 1844 2808 enim
1880 2763 2098 2823 propter

2191 2024 2257 2077 δι’
2287 2022 2346 2077 ὃν
2383 2023 2614 2091 ἀγῶνες,
2648 2023 2743 2074 καὶ
2772 2021 2960 2085 πάλαι,
2995 2020 3087 2075 καὶ
3112 2021 3279 2080 νίκαι,
3302 2022 3395 2072 καί
3420 2020 3779 2089 ἀναρρήσεις,

2194 2116 2288 2170 καὶ
2317 2116 2572 2183 στέψανοι
2590 2132 2603 2144 ·
2630 2114 2698 2167 δι’
2720 2112 2779 2166 ὃν
2802 2112 2897 2165 καὶ
2920 2112 2979 2165 τὸ
3003 2112 3162 2181 σῶμα
3187 2111 3249 2163 τὸ
3272 2111 3591 2174 συναθλοῦν,
3618 2106 3782 2163 ἆθλον

2194 2207 2302 2260 τῶν
2354 2208 2528 2259 πόνων
2576 2207 2689 2276 ἔχει
2740 2206 2839 2277 τὴν
2872 2204 2979 2258 τῶν
3007 2202 3252 2275 οὐρανῶν
3281 2202 3558 2272 βασιλείαν
3579 2217 3592 2229 ·
3629 2203 3700 2255 δι’
3726 2202 3782 2254 ὃν

2196 2300 2287 2351 καὶ
2319 2301 2455 2369 αὐτη
2489 2298 2583 2350 τοῦ
2617 2298 2867 2367 Σωτῆρος
2898 2296 3052 2368 ήμῶν
3086 2298 3122 2366 ή
3152 2295 3434 2367 παρουσία
3462 2295 3781 2364 γεγένηται,

2192 2389 2286 2441 καὶ
2323 2388 2385 2440 τὸ
2417 2389 2514 2458 τῆς
2542 2389 2855 2457 οἰκονομίας
2889 2371 3319 2457 ἐπραγματεύθη
3350 2387 3655 2457 μυστήριον
3680 2403 3694 2415 ·
3723 2384 3780 2437 οὺ

2192 2481 2297 2550 γάρ
2332 2478 2472 2549 ὑπὲρ
2510 2477 2731 2547 ἀψύχων
2762 2478 2795 2547 ἢ
2822 2478 3066 2550 ἀνοήτων
3094 2470 3433 2549 τάσωτήρια
3455 2477 3783 2543 κατεδέξατο

2196 2569 2340 2639 πάθη
2356 2553 2377 2630 ’,
2438 2570 2547 2622 οὐδ’
2588 2570 2729 2641 ὑπὲρ
2777 2570 2986 2638 ἀλόγων
3037 2571 3249 2641 κτηνῶν
3300 2570 3351 2641 ἢ.
3389 2570 3554 2623 λίθων
3602 2569 3782 2640 ψυχῆς

2194 2661 2596 2732 ὲστερημένων,
2638 2661 2753 2715 ἀλλ’
2790 2662 2930 2733 ὑπὲρ
2964 2661 3266 2733 ἀνθρώπων
3294 2663 3477 2735 ψυχὴν
3516 2663 3782 2718 ἀθάνατον

2196 2752 2401 2806 ἐνοικον
2442 2754 2820 2825 κεκτημένων.

517 2862 602 2901 res
644 2847 906 2903 inanimes
955 2858 1008 2901 et
1056 2860 1234 2903 mente
1281 2858 1530 2904 carentes
1573 2851 1867 2904 salutarem
1898 2850 2119 2909 admisit
2192 2854 2522 2923 passionem,
2573 2868 2747 2921 neque
2793 2852 3033 2925 826m.
3069 2864 3291 2923 propter
3326 2856 3667 2909 irrationalia
3696 2856 3780 2921 ju-

517 2946 693 2993 menta
731 2949 823 2994 aut
848 2940 1054 3010 lapides
1084 2939 1265 2995 anima
1293 2942 1606 3007 destitutos,
1633 2944 1725 2995 sed
1756 2952 1979 3013 prepter
2002 2943 2249 2998 homines
2277 2942 2371 3013 qui
2422 2944 2782 2998 immortalem
2816 2944 3053 2997 animam
3088 2946 3229 2997 nacti
3261 2955 3386 2999 sunt
3422 2946 3678 3000 incolam.

515 3051 699 3108 XVIII.
730 3053 1113 3109 erett'corum
1145 3058 1417 3111 contraria
1439 3067 1753 3126 argumenta
1786 3058 2083 3115 solvuntur.
2121 3115 2159 3134 η

569 3168 672 3224 Sed
687 3171 779 3239 qui
799 3184 967 3239 nugas
1002 3171 1172 3239 magis
1205 3185 1367 3239 quam
1386 3171 1668 3225 veritatem
1687 3170 1920 3226 aestimat
1940 3172 2095 3242 Apol-

516 3261 726 3324 linaris,
764 3262 1035 3327 rectisque
1067 3278 1129 3316 ac
1156 3263 1261 3332 piis
1283 3263 1625 3331 dogmatibus
1642 3277 1795 3317 suam
1818 3265 2097 3334 anteponit

517 3352 1137 3419 garrulitatem,carnem
1163 3351 1379 3420 quidem
1399 3367 1427 3404 a
1445 3352 1553 3405 Deo
1569 3350 1746 3407 Verbo
1760 3364 2094 3421 assumptam

517 3445 614 3503 ait,
650 3450 810 3507 atque
842 3442 939 3492 hac
962 3454 1063 3493 ceu
1090 3439 1209 3494 velo
1234 3442 1467 3509 quodam
1500 3454 1621 3495 esse
1652 3456 1808 3495 usum
1843 3458 1856 3505 ;
1915 3454 2097 3496 mente

516 3540 694 3583 autem
726 3547 829 3584 non
866 3530 1157 3599 indiguisse
1180 3570 1195 3595 ,
1231 3532 1325 3585 sed
1355 3532 1527 3599 ipsum
1562 3533 1683 3584 vice
1727 3533 1927 3586 tuentis
1969 3547 2095 3589 eor-

515 3619 631 3686 pori
662 3620 960 3673 exstitisse.
994 3618 1122 3684 Sed,
1146 3634 1178 3673 o
1227 3620 1407 3685 sodes,
1440 3619 1586 3673 dicet
1637 3620 1687 3674 ei
1737 3619 1934 3688 aliquis
1958 3661 1975 3688 ,
2029 3637 2098 3676 ne

514 3725 740 3777 corpore
775 3711 989 3778 quidem
1022 3711 1160 3764 Deus
1199 3709 1433 3764 Verbum
1466 3712 1699 3780 egebat;
1756 3712 1891 3765 nihil
1942 3716 2087 3766 enim

517 3818 737 3871 prorsus
773 3803 995 3869 requirit
1029 3820 1043 3855 :
1082 3811 1294 3871 poterat
1316 3813 1508 3856 autem
1564 3803 1682 3857 solo
1710 3805 1965 3858 mandato
1996 3822 2094 3860 noo

518 3900 683 3943 stram
716 3892 929 3960 operari
955 3891 1204 3944 salutem.
1231 3891 1335 3945 Sed
1361 3902 1540 3947 tamen
1563 3893 1731 3947 voluit
1756 3910 1851 3948 nos
1878 3910 2093 3965 quoque

517 3984 949 4035 communionem
972 3982 1207 4049 aliquam
1227 3993 1374 4037 recte
1404 3982 1669 4037 factorum
1693 3984 1895 4040 habere
1916 4002 1929 4037 :
1948 3991 2092 4056 quod

519 4082 576 4125 ut
603 4071 855 4137 eﬂiccret,
885 4075 1239 4141 peccatricem
1264 4085 1597 4143 assumptam
1620 4084 1869 4130 naturain
1890 4116 1905 4139 ,
1939 4092 2095 4132 eam-

517 4178 621 4232 que
650 4167 763 4216 suis
781 4165 1054 4218 laboribus
1074 4165 1448 4234 justilicatam,
1482 4168 1693 4221 acerbis
1714 4170 1987 4237 expedivit
2008 4180 2090 4239 ty-

518 4256 698 4307 rannis
724 4266 942 4323 peccato
991 4266 1045 4309 et
1087 4257 1301 4311 diabolo
1335 4274 1399 4312 ac
1430 4269 1631 4322 morte,
1670 4269 1723 4313 et
1773 4262 2085 4318 οωιεειιὺιιε

516 4348 734 4400 sedibus
780 4348 1052 4401 donavit:
1093 4357 1146 4401 et
1175 4364 1271 4417 per
1315 4365 1432 4403 eam
1482 4366 1643 4419 quam
1696 4352 1812 4420 ipse
1861 4357 2091 4425 sumpsit

2329 3060 2436 3114 IH'.
2467 3060 2657 3125 Λύσις
2686 3058 2805 3113 τῶν
2836 3060 3147 3129 αἰρετικῶν
3178 3064 3643 3132 προϐλημάτων.

2281 3170 2420 3224 Ἀλλ’
2452 3174 2481 3223 ὁ
2512 3171 2602 3224 τὸν
2626 3169 2787 3225 ὕθλον
2819 3174 3164 3244 προτιμήσας
3203 3173 3305 3243 τῆς
3332 3174 3597 3244 ἀληθείας
3625 3178 3781 3231 Ἀπο-

2195 3265 2457 3336 λινάριος,
2506 3266 2601 3319 καὶ
2634 3264 2759 3317 τῶν
2805 3265 3045 3317 εὐσεϐῶν
3101 3265 3389 3336 δογμάτων
3436 3266 3535 3339 τὴν
3579 3270 3781 3322 οἰκείαν

2197 3356 2471 3425 προτάξας
2495 3355 2837 3425 ἀδολεσχίαν,
2866 3355 2964 3425 τὴν
2991 3357 3089 3425 μὲν
3118 3357 3299 3427 σάρκα
3331 3357 3423 3410 τὸν
3451 3358 3587 3412 θεὸν
3613 3362 3782 3430 Λόγον

2196 3445 2550 3516 ἀνειληφέναι
2583 3448 2737 3516 φησὶ,
2772 3448 2866 3502 καὶ
2901 3448 3075 3520 ταύτῃ
3108 3448 3361 3519 καθάπερ
3396 3452 3503 3504 τινὶ
3528 3470 3780 3523 παραπε-

2196 3534 2435 3603 τάσματι
2467 3536 2776 3605 χρήσασθαι
2802 3553 2815 3567 ·
2846 3537 2938 3589 τοῦ
2986 3538 3041 3590 δὲ
3072 3537 3162 3591 νοῦ
3201 3540 3275 3609 μὴ
3309 3539 3592 3610 δεηθῆναι,
3623 3544 3779 3597 αὑτὸν

2194 3625 2251 3679 δὲ
2279 3626 2400 3678 ἀντὶ
2430 3626 2523 3679 νοῦ
2567 3627 2817 3695 γενέσθαι
2850 3628 2927 3699 τῷ
2960 3628 3191 3699 σώματι.
3234 3631 3395 3697 Ἀλλ’,
3433 3627 3478 3686 ῶ
3511 3634 3775 3702 βέλτιστε,

2194 3718 2341 3773 εἴποι
2370 3738 2455 3783 τις
2490 3722 2556 3773 ἂν
2604 3721 2742 3791 πρὸς
2774 3720 2959 3783 αὑτὸν,
2998 3722 3117 3775 οὐδὲ
3158 3722 3254 3775 τοῦ
3306 3724 3558 3794 σώματος
3592 3731 3619 3781 ὁ
3651 3730 3777 3793 Θεὸς

2194 3812 2361 3879 Λόγος
2390 3812 2640 3884 ἔχρῃζεν,
2665 3814 2974 3884 ἀπροσδεὴς
2999 3816 3106 3886 γάρ
3130 3830 3141 3842 ·
3170 3816 3401 3884 ήδύνατο
3424 3818 3480 3871 δὲ
3508 3823 3603 3880 καὶ
3637 3824 3778 3893 μόνῳ

2196 3904 2582 3990 προστάγμθτι
2628 3905 2728 3973 τὴν
2774 3904 3051 3975 ἡμετέραν
3104 3910 3641 3978 πραγματεύσασθαι
3674 3932 3774 3967 σω-

2192 3995 2415 4064 τηρίαν·
2451 3994 2566 4048 ἀλλ’
2605 3990 2872 4065 ἠθέλησεν
2915 3994 3059 4064 ἔχειν
3103 3997 3224 4050 τινὰ
3274 4001 3370 4053 καὶ
3413 4002 3562 4071 ἡμᾶς
3608 4006 3684 4068 εἰς
3721 4008 3775 4057 τὸ

2194 4085 2631 4157 κατορθούμενον
2661 4090 2968 4153 κοινωνίαν,
2993 4082 3053 4141 οὗ
3082 4090 3241 4160 χάριν
3272 4091 3451 4144 λαϐὼν
3480 4095 3645 4163 φύσιν
3678 4093 3773 4162 τὴν

2194 4180 2593 4250 ήμαρτηκυίαν,
2630 4180 2812 4243 πόνοις
2847 4180 3018 4251 αὐτὴν
3046 4183 3271 4246 οἰκείοις
3311 4184 3638 4254 δικαιώσας,
3668 4190 3771 4241 τῶν

2191 4288 2249 4323 τε
2273 4272 2485 4341 πικρῶν
2509 4272 2789 4343 τυράννων
2808 4274 3116 4343 ἀπήλλαξεν
3136 4278 3433 4348 ἁμαρτίας,
3466 4283 3565 4334 καὶ
3593 4282 3769 4336 διαϐάς

2193 4361 2307 4425 λου,
2328 4363 2417 4413 καὶ
2437 4361 2691 4427 θανάτου,
2717 4364 2937 4416 καὶτῶν
2962 4366 3300 4437 ἐπουρανίων
3324 4371 3531 4441 θρόνων
3550 4376 3767 4444 ἠξίωσε,

520 4439 929 4503 humanitatem,
960 4442 1209 4494 universo
1262 4443 1444 4511 generi
1488 4444 1791 4499 libertatem
1832 4462 2075 4503 commu-

2192 4456 2274 4505 καὶ
2296 4454 2382 4507 δια
2408 4454 2501 4505 τοῦ
2528 4455 2826 4524 ληφθέντος
2862 4459 3023 4511 παντὶ
3048 4458 3123 4529 τῷ
3151 4462 3297 4528 γένει
3330 4464 3429 4532 τῆς
3462 4465 3768 4538 ἐλευθερίας

520 4529 735 4581 nicavit.
773 4529 1025 4585 Sedenim
1058 4532 1187 4584 nihil
1237 4534 1429 4586 horum
1466 4544 1722 4603 reputans
1748 4538 1836 4591 hic
1870 4541 2083 4607 sapien-

520 4622 759 4673 tissimus
784 4661 796 4685 ,
826 4621 1225 4674 vocalissimum
1266 4624 1550 4692 theologia:
1576 4640 1882 4692 praeconem
1914 4628 2084 4683 Joan—

520 4727 636 4764 nem
678 4713 1086 4780 evangelistam,
1122 4716 1368 4767 amentia:
1405 4732 1515 4769 sua:
1546 4728 1738 4771 testem
1788 4719 1991 4775 habere
2028 4738 2085 4777 se

512 4802 737 4869 judicat.
776 4820 793 4851 ι
835 4800 1068 4855 Verbum
1106 4806 1270 4867 enim,
1316 4807 1533 4873 inquit,
1586 4823 1713 4862 caro
1753 4810 1949 4863 factum
1982 4822 2083 4876 est,

517 4906 567 4947 et
592 4896 849 4948 habitavit
882 4897 931 4947 in
960 4897 1116 4949 nobis
1137 4896 1200 4949 ³⁷.
1231 4915 1249 4947 ι
1282 4898 1443 4966 Atqui
1470 4902 1691 4955 omnino
1714 4902 1935 4969 sciebat,
1956 4907 2084 4959 alibi

519 5003 729 5057 quoque
755 4997 960 5053 partem
993 5002 1090 5053 pro
1124 4997 1237 5040 toto
1271 4990 1507 5043 divinam
1536 4990 1876 5061 Scrtpturam
1905 4997 2089 5064 appel‘

521 5080 627 5128 laie
658 5076 872 5130 solere:
910 5094 1027 5145 qua:
1085 5079 1244 5133 modo
1294 5081 1514 5148 quidem
1568 5100 1633 5136 ex
1685 5086 1865 5139 anima
1920 5097 2090 5141 totum

522 5170 786 5221 hominem
823 5180 1116 5235 nuncupat,
1154 5174 1314 5224 modo
1348 5185 1529 5226 autem
1589 5189 1655 5227 ex
1702 5192 1863 5231 carne
1922 5189 2089 5233 totum

517 5259 711 5312 animal
744 5261 999 5315 denotat:
1041 5280 1057 5312 ι
1086 5259 1283 5317 Omnes
1316 5264 1479 5329 enim,
1509 5265 1704 5335 inquit,
1750 5270 1942 5325 anima:
1974 5287 2093 5341 qua:

592 5438 629 5469 ³⁷
660 5438 811 5490 Ionii.
845 5452 881 5500 l,
909 5440 994 5491 I4.

590 5645 661 5709 (l)
706 5643 1122 5698 Prmclarissime
1164 5644 1247 5698 his
1286 5643 1478 5698 Cicero
1520 5646 1841 5713 astipulatur
1879 5646 1929 5699 in
1970 5646 2087 5699 Sci-

519 5713 689 5778 pionis
712 5714 950 5767 Somnio.
983 5714 1057 5765 'l'u
1095 5731 1211 5767 vero
1240 5717 1315 5767 sic
1346 5717 1551 5777 habeto,
1584 5732 1687 5767 non
1724 5733 1832 5768 esse
1867 5727 1913 5769 te
1944 5734 2081 5768 mor-

520 5783 671 5833 Iulem
692 5821 706 5843 ,
735 5785 821 5855 sed
852 5799 1035 5850 corpus
1067 5784 1161 5837 hoc
1192 5801 1209 5837 :
1242 5802 1328 5837 nec
1360 5789 1493 5837 enim
1526 5797 1577 5836 tu
1611 5803 1695 5848 es,
1727 5803 1873 5854 quem
1906 5786 2078 5855 forma

520 5856 616 5904 ista
650 5852 911 5917 declarat,
948 5856 1032 5905 sed
1065 5871 1206 5908 meus
1241 5855 1487 5923 cujusque
1516 5856 1555 5908 is
1588 5867 1661 5909 est
1694 5852 1937 5925 quisque,
1974 5874 2075 5911 nou

2191 4546 2511 4614 μετέδωκεν·
2534 4548 2647 4599 ἀλλ’
2665 4550 2814 4601 οὐδὲν
2831 4549 3033 4603 τούτων
3057 4555 3137 4615 εἰς
3156 4554 3275 4606 νοῦν
3290 4555 3467 4608 λαϐὼν
3488 4561 3515 4609 ὁ
3538 4559 3768 4627 σοφώτα-

2184 4654 2274 4699 τος
2291 4638 2379 4688 τὸν
2398 4638 2911 4707 μεγαλοφωνότατον
2934 4644 3148 4711 κήρυκα
3159 4645 3255 4713 τῆς
3269 4644 3572 4713 θεολογίας,
3589 4650 3676 4700 τὸν
3689 4650 3768 4700 εὖ.

2186 4730 2514 4800 αγγελιστην
2532 4732 2807 4802 Ἰωάννην,
2832 4733 3083 4805 μάρτυρα
3100 4736 3197 4804 ’τῆς
3211 4737 3414 4801 οἰκείας
3428 4741 3615 4802 ἀνοίας
3629 4741 3766 4810 ἔχειν

2186 4824 2419 4891 ἡγεῖται·
2441 4841 2459 4873 ι
2479 4824 2537 4876 Ὀ
2559 4824 2728 4892 Λόγος
2749 4824 2878 4895 γὰρ,
2903 4828 3054 4897 φησὶ,
3079 4826 3214 4896 σὰρξ
3231 4829 3465 4896 ἐγένετο,
3486 4834 3583 4883 καὶ
3607 4834 3765 4889 ἐσκή-

2186 4933 2357 4968 νωσεν
2385 4916 2441 4968 ὲν
2462 4918 2591 4987 ἡμῖν
2613 4934 2624 4945 ·
2656 4939 2672 4969 ι
2691 4920 2976 4973 καὶταῦτα
2998 4921 3182 4989 σαφῶς
3204 4923 3378 4986 εξδὼς,
3402 4925 3478 4987 ὡς
3502 4926 3768 4997 πολλαχοῦ

2186 5008 2245 5060 τὸ
2275 5010 2381 5061 πᾶν
2410 5010 2518 5061 ἀπὸ
2547 5012 2749 5081 μέρους
2784 5013 2955 5083 ἡθεία
2988 5015 3177 5085 Γραφὴ
3215 5020 3637 5087 προσαγορεύει,
3675 5021 3765 5073 καὶ

2191 5097 2267 5167 πη
2292 5098 2389 5167 μὲν
2408 5100 2515 5151 ἀπὸ
2540 5101 2637 5171 τῆς
2657 5101 2836 5171 ψυχῆς
2859 5105 3033 5157 πάντα
3058 5106 3211 5157 καλεί
3232 5107 3321 5158 τὸν
3346 5106 3657 5178 ἄνθρωπον,
3689 5113 3761 5179 πή

2190 5187 2247 5239 δὲ
2286 5190 2394 5240 ἀπὸ
2429 5189 2528 5258 τῆς
2562 5192 2763 5262 σαρκὸς
2789 5192 2909 5245 ὅλον
2940 5193 2999 5245 τὸ
3029 5194 3165 5257 ζῶον
3193 5195 3373 5265 δηλοί’
3402 5220 3419 5248 ι
3441 5199 3620 5251 Πᾶσαι
3656 5200 3763 5269 γάρ

2194 5282 2248 5332 αἰ
2280 5281 2468 5350 ψυχαὶ,
2496 5284 2551 5335 αἱ
2579 5283 2940 5351 εἰσελθοῦσαι,
2965 5288 3152 5358 φησὶν,
3184 5287 3301 5358 ἅμα
3339 5288 3533 5343 Ἰακὼϐ
3568 5294 3648 5355 εἰς
3676 5293 3766 5345 AI-

2194 5653 2588 5743 eouﬁguraqum
2621 5661 2781 5743 digito
2805 5665 3376 5743 demonstraripoteu.
3406 5670 3608 5725 Pudeat
3634 5688 3759 5743 ergo

2189 5738 2313 5802 eos,
2338 5726 2428 5793 qui
2465 5739 2633 5802 totum
2675 5726 2945 5789 hominem
2986 5726 3272 5793 materiam
3314 5756 3435 5797 esse
3474 5726 3757 5799 mortale'in

2190 5792 2370 5850 dicere
2408 5800 2622 5853 audent.
