3996 6472
489 428 617 484 HM

1484 416 1541 467 S.
1580 407 1851 467 CYRILLI
1883 400 2353 459 ALEXANDRINI
2400 398 2721 454 ARCIIIEP.

3598 388 3732 443 “5‘3

488 548 805 604 exsistcntia
835 546 899 599 ad
939 540 1308 598 exsistendum
1351 545 1615 597 traxerat,
1657 532 1747 599 qui
1785 529 1892 582 vita
1935 534 2053 580 erat

2173 522 2237 584 είς
2260 522 2317 573 τὸ
2345 516 2483 574 εἶναι
2509 521 2762 588 ποιήσας,
2794 518 2824 587 ἡ
2848 515 2983 585 ζωὴ,
3016 514 3074 567 τὸ
3101 512 3216 581 φῶς
3240 510 3301 563 τδ
3334 508 3611 579 ἀληθινὸν,
3640 506 3735 575 τὴν

490 655 545 697 ct
574 643 662 696 lux
691 653 848 699 vera;
884 637 991 697 hic,
1029 634 1123 695 ait,
1156 630 1432 685 hominum
1452 640 1579 681 suas
1606 623 1733 677 fecit
1755 620 2055 690 passiones,

493 734 617 787 dum
660 728 935 783 hominum
962 723 1191 777 salutem
1224 726 1565 786 operaretur.
1599 713 1841 779 Cumque
1884 708 2059 761 adhuc

497 824 667 894 magis
723 818 1105 874 beneﬁciorum
1166 812 1309 866 illius
1372 806 1799 876 magnitudinem
1836 800 2060 854 demon-

496 886 671 968 strare
694 908 871 969 vellet.
901 916 1241 974 nequaquam
1269 900 1336 953 de
1367 894 1658 951 immortali
1684 893 1863 946 anima
1896 886 2058 941 verba

497 1006 641 1069 fecit,
674 1004 766 1057 sed
807 1001 873 1055 de
896 996 1135 1068 passibili
1165 1006 1348 1053 carne,
1374 986 1586 1043 mortali
1617 995 1669 1039 et
1699 978 2057 1050 corruptibili,

496 1110 561 1149 ex
593 1094 719 1147 limo
745 1090 930 1153 facta;
978 1095 1140 1155 atque
1178 1098 1205 1135 a
1252 1088 1403 1149 parte
1455 1086 1618 1130 totam
1666 1082 1913 1126 naturam
1964 1070 2059 1121 de-

497 1183 759 1245 claravit,
801 1173 1162 1243 utsequentia
1193 1178 1463 1224 testantur
1500 1183 1513 1219 :
1550 1182 1568 1214 ι
1609 1162 1841 1217 Verbum
1873 1158 2015 1213 enim
2042 1198 2056 1221 ,

499 1273 713 1341 inquit,
784 1282 913 1323 caro
969 1266 1170 1319 factum
1231 1269 1314 1315 est
1348 1300 1364 1324 ,
1427 1265 1481 1311 et
1536 1252 1801 1308 habitavit
1852 1252 1903 1305 in
1960 1264 2057 1303 no-

500 1365 579 1419 bis
608 1363 671 1415 ³⁵⁸.
712 1378 730 1411 ι

567 1474 718 1529 Alius
744 1484 875 1524 vero
906 1468 952 1523 is
978 1474 1120 1530 erat,
1165 1464 1255 1532 qui
1298 1462 1460 1516 modo
1517 1457 1745 1513 naturali
1796 1454 2064 1509 inhabita-

500 1570 610 1629 bat,
649 1562 793 1616 aliud
828 1574 954 1614 vero
990 1555 1269 1625 templum.
1303 1553 1480 1617 Quare
1511 1559 1563 1602 et
1596 1546 1794 1600 Judacis
1843 1545 2059 1597 aiebat:

503 1673 521 1708 ι
561 1654 764 1710 Solvite
815 1648 1070 1719 templum
1108 1646 1228 1709 hoc,
1252 1652 1305 1697 et
1345 1656 1444 1710 ego
1491 1640 1662 1693 tribus
1692 1638 1878 1691 diebus
1913 1635 2066 1689 exci-

501 1746 625 1801 tabo
651 1744 797 1798 illud.
830 1740 898 1794 δ”.
941 1759 958 1791 ι
998 1735 1205 1804 Templi
1246 1748 1375 1787 vero
1407 1730 1603 1785 solutio
1637 1736 1754 1782 erat
1787 1728 1982 1781 animae
2032 1741 2063 1781 a

2162 613 2412 683 φθαρτὴν
2438 611 2667 664 ἀνέλαὸε
2691 610 2873 678 φύσιν,
2890 608 2982 660 καὶ
3005 606 3072 658 τὰ
3086 604 3192 658 τῶν
3214 600 3523 674 ἀνθρώπων
3541 596 3738 669 ᾠκειώ-

2162 722 2294 759 σατο
2339 704 2509 773 πάθη,
2544 704 2642 773 τὴν
2688 702 2794 754 τῶν
2855 698 3162 769 ἀνθρώπων
3214 692 3738 765 πραγματευόμενος

2162 796 2457 866 σωτηρίαν.
2487 795 2598 847 Καὶ
2623 792 2884 862 μειζόνως
2909 788 3071 843 αὐτοῦ
3096 786 3268 849 δεῖξαι
3288 785 3391 854 τῆς
3417 778 3738 852 εὐεργεσίας

2159 886 2219 937 τὺ
2252 883 2482 953 μέγεθος
2512 883 2796 952 ἐθελήσας,
2820 880 2881 932 ού
2910 880 3011 948 τῆς
3035 876 3217 946 ψυχῆς
3246 873 3623 944 ἐμνημόνευσε
3643 868 3740 937 τῆς

2161 976 2454 1038 ἀθανάτου,
2493 974 2630 1027 ἀλλά
2661 976 2756 1042 τῆς
2798 971 2999 1042 σαρκδς
3024 971 3122 1040 τῆς
3159 966 3429 1035 παθητῆς,
3460 965 3562 1033 τῆς
3612 962 3739 1031 θνη-

2160 1067 2278 1136 τῆς,
2311 1065 2411 1133 τῆς
2447 1064 2835 1134 φθειρομένης,
2887 1061 2986 1129 τῆς
3030 1060 3093 1110 ὲκ
3138 1054 3311 1125 πηλοῦ
3343 1050 3739 1123 γεγενημένης·

2164 1158 2251 1211 καὶ
2276 1157 2383 1210 ἀπὸ
2425 1155 2520 1209 τοῦ
2556 1155 2755 1225 μέρους
2789 1152 2884 1222 τὴν
2912 1153 3095 1203 πᾶσαν
3126 1150 3290 1215 φύσιν
3337 1145 3638 1213 ἐδήλωσεν,
3670 1140 3744 1200 ὡς

2167 1250 2435 1318 μαρτυρεῖ
2476 1246 2546 1298 τὰ
2595 1244 2910 1313 ἐπαγόμενα
2936 1256 2948 1270 ⁸
2992 1260 3008 1290 ι
3050 1240 3107 1291 '0
3156 1238 3329 1304 Λόγος
3372 1235 3505 1304 γὰρ,
3554 1232 3742 1301 φησιν,

2171 1338 2303 1409 σὰρξ
2331 1338 2569 1405 ἐγένετο,
2604 1336 2697 1388 καὶ
2719 1336 3028 1403 ἐσκήνωσεν
3052 1333 3109 1383 ἐν
3138 1332 3340 1399 ημῖν..)

2235 1450 2462 1518 Ἕτερος
2500 1447 2557 1500 δὲ
2589 1449 2617 1499 6
2640 1444 2973 1514 κατοικήσας
3009 1439 3150 1493 κατά
3174 1438 3267 1489 τὸν
3309 1436 3464 1503 λόγον
3501 1434 3605 1502 τῆς
3644 1434 3749 1502 φύ-

2167 1557 2321 1603 σεως,
2347 1541 2443 1593 καὶ
2465 1540 2653 1608 ἔτερος
2674 1539 2701 1589 ὁ
2728 1536 2873 1596 ναός.
2890 1534 2979 1585 Διὸ
3000 1532 3094 1585 καὶ
3121 1532 3234 1592 τοῖς
3264 1527 3538 1588 Ἰουδαίοις
3563 1526 3747 1593 ἔλεγε·

2171 1650 2188 1682 ι
2218 1629 2428 1683 Λύσατε
2459 1629 2547 1681 τὸν
2595 1627 2721 1681 ναὸν
2772 1626 2981 1688 τοῦτον,
3030 1623 3127 1675 καὶ
3180 1622 3237 1674 ἐν
3284 1621 3461 1690 τρισὶν
3506 1619 3754 1689 ἡμέραις

2164 1721 2341 1791 ἐγερῶ
2374 1720 2553 1773 αὐτόν.
2587 1738 2602 1769 ι
2627 1718 2794 1781 Λύσις
2823 1717 2877 1769 δὲ
2910 1715 3002 1768 τοῦ
3029 1714 3183 1776 ναοῦ,
3214 1712 3392 1781 ψυχῆς
3419 1711 3513 1762 καὶ
3552 1709 3751 1778 σώμα-

501 1849 725 1906 corpore
759 1830 1039 1887 dissolutio
1063 1846 1075 1881 :
1099 1840 1221 1880 nam
1249 1837 1397 1878 mors
1429 1830 1515 1877 est
1538 1821 1732 1873 animae
1772 1833 1801 1870 a
1832 1831 2062 1887 corpore

2173 1829 2253 1874 τος
2289 1812 2321 1880 ἡ
2360 1809 2662 1874 διάζευξις·
2708 1808 2935 1869 θάνατος
2974 1807 3081 1877 γάρ
3110 1806 3227 1857 ἐστι
3285 1802 3459 1871 ψυχῆς
3491 1800 3607 1853 ἀπὸ
3646 1798 3753 1851 σώ-

504 1942 764 1984 recessus.
798 1925 939 1992 Ergo
978 1920 1157 1989 templi
1208 1917 1528 1971 solutionem
1573 1919 1830 1981 operatur
1870 1910 2062 1962 animm

2173 1920 2335 1973 ματος
2360 1903 2739 1972 ἀναχώρησις·
2765 1898 2959 1952 οὐκοῦν
2985 1898 3082 1967 τὴν
3124 1896 3279 1948 λύσιν
3306 1894 3401 1947 τοῦ
3430 1891 3557 1946 ναοῦ
3591 1895 3625 1945 6
3652 1891 3755 1958 τῆς

500 2038 528 2074 a
556 2032 782 2088 corpore
816 2011 1106 2079 separatio.
1150 2008 1315 2077 Igitur
1368 2006 1410 2058 si
1452 2001 1621 2057 Judmi
1667 2000 1921 2069 templum
1962 1999 2066 2052 sol-

504 2118 733 2173 verunt,
787 2105 931 2161 cruci
987 2101 1257 2167 mortique
1314 2096 1589 2150 tradentes
1626 2133 1639 2157 ,
1700 2091 1900 2146 solutio
1940 2104 2069 2144 vero

504 2199 683 2267 templi
735 2195 1141 2260 conjunctorum
1187 2186 1457 2256 separatio
1497 2182 1643 2245 fuit,
1711 2181 1853 2234 Deus
1889 2188 2065 2232 autem

507 2290 736 2346 Verbum
770 2289 869 2341 hoc
899 2282 1217 2339 dissolutum
1284 2275 1633 2331 resuscitavit
1660 2314 1675 2337 ,
1722 2258 2067 2340 exploratum

502 2380 737 2436 arbitror
773 2392 896 2432 esse
947 2371 1325 2443 prudentibus,
1382 2382 1485 2422 non
1548 2366 1840 2420 inanimcm
1894 2378 2069 2430 neque

504 2483 683 2528 mente
727 2476 1022 2529 carentem,
1050 2466 1143 2519 sed
1194 2462 1493 2531 perfectum
1553 2458 1826 2512 hominem
1885 2471 1911 2508 a
1960 2455 2069 2508 Deo

508 2563 681 2616 Verbo
717 2566 1050 2625 assumptum
1111 2552 1297 2605 fuisse.
1358 2549 1489 2603 Nam
1533 2548 1577 2601 si
1631 2563 1727 2616 pro
1778 2544 2067 2599 immortali

503 2652 705 2715 anima,
744 2649 796 2701 in
841 2651 1122 2710 assumpto
1170 2652 1396 2708 corpore
1433 2637 1572 2690 Deus
1620 2634 1851 2688 Verbum
1903 2631 2069 2684 exsti-

504 2742 693 2805 tisset,
725 2737 909 2805 utique
946 2732 1145 2787 Judaais
1195 2730 1424 2783 dixisset
1472 2744 1486 2780 :
1525 2724 1812 2779 Dissolvite
1852 2738 1957 2788 me,
2016 2732 2069 2777 et

504 2832 683 2885 triduo
716 2840 1012 2894 resurgam.
1047 2821 1201 2876 Nunc
1226 2834 1356 2874 vero
1387 2833 1508 2872 cum
1537 2816 1753 2879 doceat,
1785 2822 1838 2869 et
1888 2813 2069 2881 templi

503 2921 646 2977 illius
663 2909 1495 2975 mortalitatem.etinhabitantis
1509 2907 1734 2962 Deitatis
1752 2905 2069 2975 potentiam,

508 3031 529 3067 ε
570 3012 796 3076 Solvite,
830 3007 1030 3075 inquit,
1052 3002 1309 3073 templum
1347 3002 1470 3064 hoc,
1497 3008 1551 3052 et
1584 3013 1683 3067 ego
1720 2998 1897 3051 triduo
1924 2994 2073 3049 exci-

505 3106 630 3160 tabo
656 3103 802 3156 illud.
845 3120 862 3150 ι
909 3099 1023 3152 Νοη
1050 3097 1193 3151 enim
1226 3108 1349 3161 ego,
1380 3092 1492 3155 ait,
1529 3105 1557 3144 a
1590 3089 1742 3143 vobis
1776 3087 2064 3152 dissolvar,

502 3196 596 3251 sed
627 3201 957 3258 assumptum
994 3204 1023 3242 a
1053 3202 1137 3241 me
1171 3186 1475 3254 templum;
1522 3192 1577 3237 et
1604 3182 1708 3236 hoc
1738 3181 1952 3249 quidem
1988 3181 2069 3249 ip-

503 3303 621 3344 sum
653 3286 726 3339 ita
754 3281 1066 3337 dissolvitur
1096 3317 1111 3341 ,
1145 3287 1204 3331 ut
1237 3275 1460 3330 meliore
1494 3274 1893 3327 resurrectione
1922 3284 2068 3341 post-
2095 3246 2135 3302 (ἶ

503 3395 565 3435 ea
606 3378 837 3441 fruatur,
870 3381 926 3427 ut
954 3368 1238 3425 mortalem
1270 3368 1505 3433 deponat
1542 3374 1815 3427 naturam,
1855 3374 1912 3415 ut
1946 3378 2069 3416 cor-

505 3470 806 3540 ruptionem
835 3471 998 3517 exuat
1026 3468 1082 3514 et
1114 3459 1300 3513 induat
1326 3456 1809 3524 incorruptionem,
1848 3454 2069 3523 829m

504 3570 562 3613 ut
594 3556 785 3610 mortis
815 3550 1103 3621 imperium
1167 3548 1431 3608 destruat,
1460 3553 1517 3597 ut
1565 3544 1659 3597 ﬁat
1690 3543 2071 3597 dormientium

503 3648 793 3719 primitim,
859 3652 916 3697 ut
964 3637 1335 3706 corruptionis
1384 3636 1663 3689 doloribus
1728 3634 1920 3689 solutis
1965 3650 2067 3701 ap-

504 3748 690 3808 pareat
713 3744 1043 3791 mortuorum
1076 3728 1487 3799 primOgenitus,
1546 3736 1599 3780 et
1636 3728 1852 3795 propria
1892 3741 2071 3779 resur-

504 3830 745 3886 rectione
800 3826 1034 3883 omnium
1099 3821 1376 3876 hominum
1432 3820 1885 3874 resurrectionem
1941 3832 2068 3885 por-

505 3922 709 3979 tendat.

504 4057 646 4112 XIX.
686 4053 1069 4111 Demonstratio
1103 4091 1117 4115 ,
1174 4052 1314 4117 quod
1363 4049 1595 4102 animam
1664 4043 2072 4098 intellectualem

890 4124 1031 4177 Deus
1074 4121 1292 4176 Verbum
1323 4117 1679 4184 assumpserit.

579 4240 733 4307 Quod
786 4246 965 4291 autem
1015 4235 1132 4287 haec
1159 4233 1235 4286 ita
1268 4244 1326 4285 se
1363 4228 1615 4292 habeant,
1659 4236 1888 4282 testatur
1941 4240 2073 4296 apo-

506 4332 767 4388 stolorum
798 4327 1048 4397 princeps
1074 4326 1125 4377 in
1150 4323 1373 4377 Actibus
1396 4322 1712 4385 dicens,non
1740 4318 1904 4374 fuisse
1920 4318 2074 4373 dere-

505 4426 685 4479 lictam
714 4422 948 4476 animam
982 4416 1101 4487 ejus
1130 4417 1183 4470 in
1216 4414 1451 4475 inferno,
1482 4427 1657 4481 neque
1692 4426 1910 4466 carnem
1954 4411 2072 4479 ejus

505 4516 709 4569 vidisse
751 4508 1153 4579 corruptionem
1186 4505 1257 4559 '°.
1340 4502 1547 4571 Templi
1582 4516 1711 4573 ergo
1765 4500 1960 4555 solutio
1989 4508 2071 4553 est

2168 1994 2345 2064 ψυχῆς
2383 1993 2675 2065 ἐργάζεται
2708 1990 3016 2062 χωρισμός⁹
3069 1990 3117 2040 εί
3147 1982 3325 2039 τοίνυν
3369 1985 3616 2039 Ἰουδαῖοι
3664 1982 3755 2033 τὸν

2170 2086 2297 2137 ναὸν
2346 2084 2541 2135 ἔλυσαν
2584 2082 2803 2152 σταυρῷ
2852 2082 2944 2134 καὶ
2994 2078 3210 2146 θανάτῳ
3266 2074 3753 2145 παραδεδωκότες,

2172 2176 2324 2238 λύσις
2348 2176 2403 2227 δὲ
2436 2174 2564 2227 ναοῦ
2588 2174 2695 2225 τῶν
2717 2169 3080 2241 συνημμένων
3112 2171 3139 2221 ὁ
3166 2166 3465 2237 χωρισμὸς,
3489 2167 3517 2218 6
3536 2163 3590 2216 δὲ
3623 2163 3757 2224 Θεὲς

2172 2268 2343 2331 Λόγος
2377 2264 2563 2316 τοῦτον
2612 2263 2841 2315 λυθέντα
2897 2262 3186 2329 ἀνέστησε,
3233 2259 3403 2326 σαφὲς
3431 2252 3584 2325 οἶμαι
3643 2254 3756 2317 τοῖς

2171 2357 2457 2425 ἔμφροσιν,
2496 2355 2569 2416 ὡς
2604 2354 2704 2406 οὐκ
2751 2354 2954 2421 ἄψυχον
2988 2352 3109 2403 οὐδὲ
3134 2352 3325 2414 ἄνουν,
3374 2346 3508 2400 ἀλλὰ
3542 2346 3757 2398 τέλειον

2170 2444 2457 2514 ἄνθρωπον
2492 2446 2519 2495 6
2548 2442 2681 2505 Θεὸς
2723 2441 3012 2494 ἀνελάϐετο
3038 2442 3210 2507 Λόγος
3234 2459 3245 2471 ·
3283 2442 3332 2492 εί
3367 2440 3471 2509 γὰρ
3501 2437 3629 2490 ἀντὶ
3658 2436 3757 2505 τῆς

2169 2534 2435 2588 ἀθανάτου
2463 2533 2661 2603 ψυχῆς,
2688 2535 2742 2585 ἐν
2772 2531 2849 2603 τῷ
2881 2532 3245 2600 ἀναληφθέντι
3283 2530 3498 2599 σώματι
3527 2530 3757 2595 γέγονεν

2170 2625 2197 2676 6
2241 2626 2372 2686 Θεὸς
2395 2626 2584 2693 Λόγος,
2620 2620 2770 2676 εἶπεν
2804 2624 2868 2677 ἂν
2908 2625 3020 2684 τοῖς
3063 2622 3363 2685 Ἰουδαίοις·
3408 2621 3626 2674 Λύσατέ
3662 2637 3757 2686 με,

2180 2718 2273 2770 καὶ
2312 2718 2369 2769 ἐν
2424 2716 2599 2785 τρισὶν
2646 2716 2883 2785 ἡμέραις
2917 2714 3328 2784 ἀναστήσομαι·
3389 2712 3483 2765 νῦν
3511 2713 3571 2765 δέ
3608 2712 3756 2764 διδά-

2175 2822 2341 2867 σκων,
2374 2804 2466 2856 καὶ
2501 2803 2594 2855 τοῦ
2636 2803 2764 2856 ναοῦ
2800 2804 2860 2856 τὸ
2887 2801 3184 2871 τηνικαῦτα
3213 2803 3274 2854 τὸ
3319 2801 3533 2869 θνητὸν,
3565 2800 3664 2853 καὶ
3696 2800 3757 2851 τὸ

2172 2894 2395 2948 δυνατὸν
2427 2893 2525 2962 τῆς
2560 2892 2876 2963 ἐνοικούσης
2921 2891 3206 2960 Θεότητος,
3261 2908 3279 2940 ‹
3324 2890 3562 2952 Λύσατε,
3597 2888 3753 2957 φησὶ,

2172 2986 2263 3038 τὸν
2290 2984 2414 3037 ναὸν
2458 2982 2679 3047 τοῦτον,
2728 2984 2820 3036 καὶ
2854 2985 2909 3035 ἐν
2954 2982 3128 3052 τρισὶν
3170 2981 3408 3050 ἡμέραις
3444 2979 3624 3050 ἐγερῶ
3653 2980 3752 3031 αὖ·

2172 3076 2292 3128 τόν·
2328 3096 2345 3127 ι
2376 3078 2437 3130 οὐ
2470 3077 2579 3148 γάρ
2615 3077 2744 3144 ἐγὼ,
2763 3077 2948 3145 φησιν,
2978 3074 3067 3142 ὑφ’
3098 3074 3251 3144 ὑμῶν
3279 3073 3607 3142 λυθήσομαι,
3638 3071 3753 3126 ἀλλ’

2172 3168 2199 3219 ὁ
2228 3168 2457 3237 ληφθεὶς
2494 3169 2586 3220 ὑπ’
2636 3166 2771 3237 ἐμοῦ
2814 3168 2971 3229 ναός·
3004 3165 3098 3218 καὶ
3130 3158 3285 3228 οὗτος
3314 3163 3371 3218 δὲ
3414 3164 3628 3228 λύεται,
3665 3163 3753 3216 ἴνα

2172 3258 2483 3327 κρείττονος
2525 3259 2877 3321 ἀναστάσεως
2931 3255 3235 3326 ἀπολαύσῃ,
3287 3242 3377 3307 ἵνα
3414 3255 3513 3325 τὴν
3549 3255 3752 3325 θνητὴν

2171 3348 2441 3419 ἀπόθηται
2474 3350 2658 3419 φύσιν,
2695 3350 2781 3401 ἴνα
2806 3348 2905 3417 τὴν
2933 3340 3511 3417 φθοράνάποδύσηται
3542 3350 3636 3401 καὶ
3653 3347 3753 3417 τὴν

2170 3439 2483 3509 ἀφθαρσίαν
2521 3440 2832 3509 ἐνδύσηται,
2857 3441 2944 3491 ἵνα
2976 3439 3071 3492 τοῦ
3111 3438 3345 3492 θανάτου
3376 3439 3657 3510 καταλύσῃ
3687 3438 3753 3504 ⁸τὸ

2172 3530 2394 3599 κράτος,
2432 3531 2520 3582 ἴνα
2542 3530 2648 3582 τῶν
2682 3518 3096 3599 κεκοιμημένων
3118 3530 3347 3600 ἀπαρχὴ
3378 3530 3627 3601 γένηται,
3663 3531 3751 3584 ἵνα

2172 3619 2339 3684 λύσας
2368 3621 2469 3690 τῆς
2494 3621 2697 3691 φθορᾶς
2726 3623 2823 3685 τάς
2860 3622 3054 3684 ὠδῖνας
3085 3621 3374 3691 ἀναδειχθῇ
3400 3622 3509 3674 τῶν
3540 3623 3751 3692 νεκρῶν

2174 3710 2540 3780 πρωτότοκος,
2569 3711 2663 3763 καὶ
2691 3711 2778 3764 διά
2810 3713 2909 3781 τῆς
2936 3712 3140 3775 οίκείας
3181 3714 3536 3777 ἀναστάσεως
3589 3714 3750 3781 εὐαγ-

2171 3800 2452 3872 γελίσηται
2483 3802 2582 3867 τὴν
2609 3802 2827 3855 πάντων
2856 3801 3157 3873 ἀνθρώπων
3183 3805 3499 3857 ἀνάστασιν.

2176 4049 2273 4102 ΙΘ’.
2320 4047 2645 4111 Ἀπόδειξις
2689 4047 2776 4101 ὅτι
2816 4049 3277 4173 υὲἒέἓέννοερὰν
3306 4055 3337 4105 δ
3375 4051 3521 4117 Θεὸς
3558 4054 3748 4123 Λόγος

2915 4135 3019 4172 αοε
3023 4137 3076 4172 ν.

2245 4232 2365 4284 Ὅτι
2393 4231 2448 4283 δὲ
2476 4230 2649 4284 ταῦτα
2688 4230 2861 4295 οὕτως
2891 4231 3026 4302 ἔχει,
3070 4204 3341 4303 μαρτυρεῖ
3369 4233 3477 4286 τῶν
3509 4235 3747 4290 ἀποστό-

2173 4324 2278 4375 λων
2307 4323 2334 4375 6
2378 4325 2675 4392 κορυφαῖος
2714 4324 2773 4376 ἐν
2810 4325 2934 4386 ταῖς
2978 4322 3213 4393 Πράξεσι
3244 4344 3262 4354 σ
3286 4324 3495 4393 λέγων,
3530 4328 3614 4380 ὅτι
3650 4331 3747 4382 οὐκ

2174 4413 2627 4484 ἐκγατελείφθηή
2665 4413 2811 4484 ψυχὴ
2847 4413 3013 4467 αὑτοῦ
3046 4416 3125 4478 εἰς
3172 4414 3319 4485 ᾅδου,
3368 4418 3494 4471 οὐδὲ
3543 4422 3576 4491 ή
3614 4421 3748 4492 σάρξ

2174 4505 2335 4558 αὑτοῦ
2381 4501 2489 4558 οἶδε
2542 4506 2857 4576 διαφθοράν.
2905 4505 3073 4569 Λύσις
3118 4508 3405 4578 τοιγαροῦν
3449 4511 3547 4564 τοῦ
3597 4513 3744 4578 ναοῦ,

503 4610 698 4664 animae
736 4620 765 4657 a
799 4615 1024 4671 corpore
1051 4597 1324 4668 separatio
1358 4612 1373 4661 ;
1421 4594 1772 4664 vicissimque
1820 4606 2067 4647 resurre-

2173 4596 2351 4667 ψυχῆς
2381 4598 2476 4650 καὶ
2503 4597 2754 4668 σώματος
2776 4599 3087 4671 χωρισμόςο
3115 4601 3208 4654 καὶ
3232 4600 3396 4654 πάλιν
3428 4604 3742 4669 ἀνάστασις,

501 4702 609 4756 ctio
640 4708 723 4753 est
754 4697 817 4750 ad
858 4692 1130 4763 propriam
1176 4703 1399 4744 carnem
1440 4687 1666 4743 reditus.
1722 4685 1779 4740 Si
1815 4700 1974 4755 ergo,
2018 4694 2074 4740 ut

502 4792 772 4846 haereseos
823 4783 1159 4853 antesignani
1218 4782 1392 4842 aiunt,
1450 4779 1661 4833 animas
1714 4777 1851 4831 duas
1900 4792 2071 4831 unus-

501 4884 729 4953 quisque
761 4880 922 4934 homo
954 4876 1148 4941 habet,
1172 4872 1388 4927 vitalem
1416 4870 1692 4926 scilicetet
1726 4868 2065 4933 rationalem,

501 4985 555 5027 et
586 4988 654 5027 ne
682 4986 809 5025 caro
834 4968 1048 5038 quidem
1075 4966 1280 5035 absque
1304 4962 1454 5017 vitali
1490 4962 1669 5015 anima
1706 4959 1932 5029 cogitari
1968 4975 2065 5012 uno

502 5077 662 5131 quam
679 5067 851 5129 potest
873 5075 887 5124 ;
913 5073 1034 5110 nam
1053 5068 1267 5123 corpus,
1287 5067 1391 5107 non
1416 5066 1565 5115 caro,
1596 5050 1791 5118 inquit,
1814 5049 1957 5117 quod
1986 5057 2068 5102 est

502 5152 828 5224 huiusmodi,
861 5148 1160 5218 appellatur
1186 5163 1201 5211 ;
1226 5146 1336 5200 etsi
1376 5144 1573 5199 Petrus
1604 5143 1701 5208 ait,
1736 5157 1840 5195 non
1867 5155 2067 5210 corpus

502 5242 738 5307 Domini,
774 5239 867 5294 sed
922 5236 1130 5291 Domini
1185 5248 1406 5289 carnem
1452 5232 1595 5286 haud
1642 5232 1844 5285 vidisse
1885 5245 2069 5285 corru-

501 5335 760 5404 ptionem,
795 5345 966 5400 neque
996 5330 1231 5383 animam
1264 5327 1379 5396 ejus
1403 5327 1451 5379 in
1478 5325 1690 5379 inferno
1713 5323 2026 5379 derelictam
2050 5369 2063 5392 ,

502 5440 631 5479 sane
660 5433 872 5479 constat
901 5423 1116 5477 vitalem
1143 5421 1325 5491 (quam
1371 5418 1642 5487 quomodo
1689 5427 1937 5473 astruant
1974 5432 2069 5473 ne-

502 5515 633 5583 scio)
675 5514 953 5568 exstitisse
991 5514 1045 5565 in
1108 5526 1271 5565 carne
1312 5519 1565 5576 corrupta
1621 5508 1859 5562 animam
1887 5548 1901 5572 ,
1949 5510 2067 5564 sine

502 5622 602 5672 qua
637 5620 702 5659 ne
733 5619 861 5659 caro
898 5604 1138 5674 quidem,
1200 5611 1259 5656 ut
1302 5602 1473 5667 aiunt,
1527 5600 1911 5669 appellaretur.
1964 5601 2065 5655 lm-

570 5775 614 5806 "
657 5778 807 5835 .luan.
843 5796 880 5846 I,
916 5782 1001 5837 14.
1075 5779 1117 5813 δ’
1148 5779 1303 5835 Joan.
1343 5794 1401 5844 ιι,
1433 5777 1516 5833 l9.
1599 5779 1643 5810 '°
1672 5778 1792 5833 Act.
1826 5793 1883 5845 ll,
1917 5777 2007 5831 27.

2174 4689 2312 4760 πρὸς
2345 4688 2443 4757 τὴν
2474 4688 2650 4758 σάρκα
2678 4688 2776 4760 τὴν
2805 4690 3014 4742 οἰκείαν
3043 4690 3299 4753 ἐπάνοδος
3319 4708 3333 4721 ’
3371 4694 3421 4745 εί
3441 4693 3647 4761 τοίνυν,
3670 4694 3747 4759 ὦς

2169 4796 2332 4852 φασιν
2352 4781 2401 4831 ot
2432 4779 2532 4847 τῆς
2558 4779 2823 4851 αἱρέσεως
2850 4780 3173 4848 προστάται,
3203 4780 3381 4850 ψυχὰς
3409 4782 3505 4835 δύο
3526 4785 3633 4838 τῶν
3654 4784 3746 4836 ἀν-

2168 4870 2401 4942 θρώπων
2440 4870 2670 4935 ἕκαστος
2697 4870 2830 4942 ἔχει,
2856 4873 2958 4941 τήν
2985 4888 3044 4923 τε
3076 4869 3335 4943 ζωτικὴν,
3368 4876 3462 4927 καὶ
3484 4875 3584 4946 τὴν
3612 4876 3748 4943 λογι-

2175 4961 2297 5033 κὴν,
2326 4962 2420 5015 καὶ
2462 4962 2599 5034 σὰρξ
2631 4963 2758 5017 ἄνευ
2794 4963 2972 5033 ψυχῆς
3008 4964 3106 5016 οὑκ
3134 4963 3198 5017 ἄν
3234 4982 3361 5019 ποτε
3403 4965 3622 5037 νοηθείη
3649 4967 3747 5036 τῆς

2176 5052 2411 5123 ζωτικῆς
2469 5053 2654 5124 (σῶμα
2678 5054 2809 5127 γὰρ,
2838 5054 2953 5109 ἀλλ’
2983 5056 3041 5108 οὐ
3076 5054 3232 5126 σὰρξ,
3254 5056 3405 5125 φησι,
3424 5058 3485 5109 τὸ
3509 5058 3747 5111 τοιοῦτον

2176 5144 2688 5217 προσαγορεύεται)’
2710 5147 2917 5219 Πέτρος
2942 5147 2997 5201 δὲ
3024 5148 3147 5219 ἔφη,
3175 5149 3235 5201 οὺ
3259 5149 3319 5201 τὸ
3343 5148 3500 5219 σῶμα
3520 5149 3616 5203 τοῦ
3639 5150 3718 5203 Κυ
3736 5177 3750 5188 ι

2180 5238 2317 5307 ρίου,
2354 5235 2487 5289 ἀλλά
2521 5238 2620 5309 τὴν
2658 5239 2838 5310 σάρκα
2870 5238 2964 5293 τοῦ
3003 5238 3315 5311 Κυρίουμὴ
3362 5240 3488 5293 ίδεῖν
3527 5239 3746 5310 διαφθο-

2178 5326 2298 5397 ράν,
2343 5326 2437 5380 καὶ
2466 5328 2564 5398 τὴν
2599 5328 2778 5401 ψυχὴν
2820 5332 2984 5385 αὐτοῦ
3037 5330 3110 5402 μὴ
3138 5330 3632 5401 ἐγκαταλειφθῆναι
3668 5334 3746 5394 είς

2176 5416 2325 5488 ᾅδου·
2362 5416 2583 5487 εὔδηλον
2614 5421 2689 5484 ὡς
2722 5422 2818 5493 τὴν
2836 5410 2938 5492 ’μὲν
2971 5421 3228 5492 ζωτικὴν,
3267 5423 3333 5493 ἣν
3357 5422 3457 5474 οὐκ
3484 5418 3744 5485 οἷδ’ὄπως

2175 5506 2443 5576 λέγουσιν,
2471 5504 2669 5582 εἷχενή
2705 5511 3067 5583 διαφθαρεῖσαν
3102 5512 3257 5583 σάρξ,
3302 5508 3369 5582 ἧς
3394 5514 3523 5566 ἄνευ
3550 5512 3649 5565 οὐκ
3677 5512 3743 5565 ἂν

2175 5600 2665 5672 προσαγορευθείη,
2699 5602 2773 5667 ὦς
2803 5620 2957 5673 φασι,
2992 5604 3155 5675 σάρξ·
3192 5606 3223 5675 ἡ
3270 5604 3326 5657 δὲ
3362 5603 3630 5669 ἀθάνατος
3656 5607 3743 5658 καὶ
