3996 6516
230 489 251 543 Ι
265 488 371 544 ιιὸὅ

1404 460 1493 517 DE
1532 449 2051 514 lNCARNATIONE
2092 444 2347 505 DOMLVI.

3382 437 3522 491 1434-

241 602 436 674 λογικὴ
474 596 571 653 καὶ
601 595 698 649 τοῦ
731 591 870 657 ζώου
916 589 1012 657 τὴν
1048 584 1341 658 ἠγεμονίαν
1388 576 1821 646 πεπιστευμένη,

1943 566 2180 623 mortalis
2205 572 2385 619 autem
2428 569 2481 618 et
2527 560 2836 625 rationalis,
2894 556 2982 612 cui
3030 556 3327 612 animantis
3377 558 3523 624 regi-

2176 668 2188 674 ‘
2261 655 2601 674 --~~5-A--—-
2679 667 2781 674 MA.-
2847 661 2919 674 --ι
2971 651 3020 674 ε--
3087 649 3298 674 ε,,ι·,,,,,Λ
3359 650 3488 674 ,ιΛ-,

229 699 293 753 οὐ
322 672 656 760 κατελείφθη
682 689 763 749 είς
784 684 933 755 ᾅδου,
958 680 1091 735 ἀλλὰ
1114 678 1247 749 πρὸς
1281 676 1380 745 τὴν
1408 672 1615 727 οἰκείαν
1651 672 1819 760 ἐπανέ

231 791 340 859 ἧκε
402 778 617 855 σάρκα’
682 779 779 830 καὶ
839 775 1013 844 μάτην
1065 765 1479 838 ἀδολεσχοῦσιν,
1536 762 1742 859 ἄψυχον
1784 759 1818 827 ἢ

232 852 397 935 ἀνουν
427 852 521 929 τοῦ
566 867 708 923 Θεοῦ
758 866 933 933 Λόγου
968 862 1059 916 τὸν
1102 860 1229 913 ναὸν
1293 852 1818 929 προσαγορεύοντες.

245 970 439 1039 Ἡμεῖς
461 965 518 1017 δὲ
549 961 745 1030 Πέτρῳ
772 954 1038 1026 ἑψόμεθα,
1064 952 1157 1005 καὶ
1180 950 1359 1021 σάρκα
1388 945 1719 1039 κηρύττοντι
1745 942 1821 1012 μὴ

234 1035 533 1127 δεξαμένην
560 1049 881 1120 διαφθορὰν,
919 1046 1011 1098 καὶ
1048 1043 1226 1114 ψυχὴν
1262 1042 1334 1111 μὴ
1366 1035 1823 1105 καταλειφθεῖσαν

236 1154 316 1212 εἰς
346 1149 488 1217 ᾆδου,
533 1144 649 1197 ἀλλ’
683 1138 1086 1197 ἐπανελθοῦσαν
1117 1136 1210 1188 καὶ
1253 1134 1331 1202 τῷ
1383 1130 1568 1199 οἰκείῳ
1608 1127 1822 1198 σώματι

241 1216 608 1305 συναφθεῖσαν
626 1250 640 1264 υ
671 1229 997 1298 πιστεύομεν
1025 1226 1082 1279 δέ
1114 1226 1207 1279 καὶ
1241 1221 1390 1291 αὐτῷ
1416 1221 1492 1291 τῷ
1515 1218 1705 1290 Κυρίῳ
1737 1216 1824 1270 λέ·
1848 1274 1863 1289 ε

240 1347 421 1397 γοντι·
458 1346 477 1378 ι
504 1322 809 1395 Περίλυπός
831 1324 978 1373 ἐστιν
1005 1320 1038 1387 ἠ
1072 1316 1217 1385 ψυχή
1255 1331 1355 1384 μου
1382 1313 1485 1375 ἓως
1510 1311 1762 1365 θανάτου.
1799 1328 1818 1362 ι

241 1422 357 1490 Τῆς
383 1419 492 1489 γὰρ
521 1417 700 1483 λύπης
722 1412 820 1481 τὴν
842 1408 1091 1479 αἴσθησιν
1119 1407 1179 1458 τὸ
1208 1408 1265 1458 ἐν
1292 1408 1424 1475 ἡμῖν
1452 1404 1666 1471 λογικὸν
1688 1402 1822 1453 ὑπο-

240 1511 491 1580 δέχεται·
529 1510 576 1559 εί
628 1504 685 1556 δὲ
727 1503 848 1556 ἀντὶ
885 1499 989 1552 νοῦ·
1014 1500 1041 1550 6
1073 1498 1204 1561 Θεὸς
1249 1497 1418 1564 Λόγος
1451 1494 1735 1564 ὑπάρχων,
1758 1490 1827 1544 τὰ

240 1601 339 1654 τοῦ
371 1597 463 1651 νοῦ
496 1594 819 1663 κατεδέχετο
855 1588 1023 1659 πάθη,
1059 1587 1221 1649 αὐτὸς
1259 1582 1327 1656 ἧν
1356 1587 1383 1638 6
1410 1584 1694 1652 λυπηθεὶς,
1734 1582 1827 1635 καὶ

242 1689 528 1759 φοὸηθεὶς,
565 1686 661 1738 καὶ
701 1682 998 1751 ἀγνοήσας,
1025 1680 1119 1731 καὶ
1167 1676 1499 1744 ἀγωνιάσας,
1534 1676 1629 1726 καὶ
1658 1674 1826 1741 ἀγγε-

237 1784 370 1851 λικῇ
396 1775 685 1847 συμμαχίᾳ
714 1773 940 1844 ρωσθείς
963 1789 974 1801 ·
1006 1775 1054 1823 εί
1086 1770 1142 1822 δὲ
1170 1767 1458 1821 καὶταῦτα
1487 1770 1749 1836 φήσουσιν
1778 1764 1826 1815 οί

241 1873 344 1939 τῆς
391 1864 769 1935 Ἀπολιναρίου
832 1857 1218 1932 ματαιολογίας
1266 1854 1635 1926 κληρονόμοι,
1690 1852 1829 1921 μετὰ

1926 675 2051 715 mea
2108 668 2195 714 est
2250 655 2626 718 commissum,
2679 667 2785 707 non
2842 661 2921 706 est
2971 651 3023 705 in
3087 649 3300 704 inferno
3357 650 3523 703 dere-

1925 753 2083 812 licta.
2133 750 2231 808 sed
2284 749 2351 803 ad
2388 762 2541 802 suam
2578 746 2744 801 rediit
2791 759 3011 799 carnem
3051 765 3063 798 :
3101 743 3332 811 ideoque
3403 742 3521 795 fru-

1930 854 2043 899 stra
2075 849 2350 912 nugantur
2390 838 2466 903 bi,
2516 838 2608 906 qui
2666 836 2907 890 inanime
2950 843 3007 890 et
3046 834 3274 889 rationis
3324 847 3525 901 etpers

1927 938 2094 991 fuisse
2120 936 2309 990 dicunt
2340 931 2435 987 Dei
2472 931 2634 986 Verbi
2672 929 2961 999 templum.
3004 927 3115 983 Nos
3144 937 3326 981 autem
3359 925 3525 980 Petro

1927 1029 2294 1085 assentiemur
2352 1025 2448 1094 qui
2493 1036 2548 1079 et
2593 1036 2815 1078 carnem
2862 1021 3121 1088 praedicat
3175 1018 3528 1085 corruptione

1926 1131 2229 1191 expertem,
2261 1126 2316 1171 et
2351 1116 2591 1169 animam
2639 1115 2692 1167 in
2742 1113 2960 1168 inferno
3009 1127 3123 1166 non
3176 1110 3524 1174 derelictam,

1927 1213 2022 1267 sed
2056 1211 2310 1265 reducem
2341 1218 2507 1278 atque
2547 1206 2614 1260 ad
2672 1219 2875 1273 corpus
2925 1218 3087 1257 suum
3144 1201 3525 1256 recollectam.

1928 1304 2218 1360 Credimus
2255 1302 2420 1357 etiam
2452 1298 2684 1353 Domino
2716 1298 2817 1366 ipsi
2866 1296 3072 1351 dicenti
3108 1312 3121 1347 :
3162 1314 3180 1347 ι
3216 1294 3415 1349 Tristis
3446 1304 3530 1349 est

1930 1397 2111 1451 anima
2160 1408 2279 1449 mea
2322 1405 2496 1462 usque
2535 1391 2600 1445 ad
2646 1398 2876 1444 mortem
2922 1389 3006 1453 ";
3058 1406 3076 1439 ι
3122 1402 3247 1441 nam
3292 1386 3530 1442 tristitia:

1930 1502 2149 1543 sensum
2184 1500 2307 1554 pars
2358 1494 2545 1539 nostra
2596 1480 2883 1536 rationalis
2912 1480 3138 1550 excipit.
3191 1478 3347 1545 Quod
3393 1478 3439 1533 si
3474 1479 3527 1532 in

1933 1580 2134 1653 mentis
2179 1578 2297 1631 loco
2346 1574 2488 1631 Deus
2534 1573 2775 1628 Verbum
2820 1573 3127 1636 eXsisteus,
3176 1573 3376 1625 mentis
3406 1584 3530 1639 pas-

1932 1671 2113 1725 siones
2134 1668 2470 1739 excipiebat,
2498 1667 2687 1736 utique
2716 1667 2888 1733 ipsnm
2916 1663 3152 1720 Verbum
3180 1662 3527 1725 tristabatur,

1933 1759 2231 1824 metuebat,
2272 1758 2583 1829 ignorabat,
2619 1756 2949 1827 agonizabat
2977 1795 2990 1819 ,
3034 1765 3088 1809 et
3135 1754 3381 1825 angelica
3426 1769 3530 1820 ope

1934 1850 2364 1906 conlortabatnr.
2396 1848 2515 1903 Jam
2564 1848 2610 1903 si
2637 1852 2751 1903 lucc
2778 1862 2995 1917 quoque
3027 1849 3210 1901 dicant
3248 1847 3532 1917 Apollina-

253 1960 475 2031 Ἀρείου
496 1959 590 2011 καὶ
618 1954 881 2023 Εὑνομίου
906 1951 1012 2004 τῶν
1038 1948 1415 2021 χριστομάχων
1437 1946 1796 2015 ταχθήτωσαν
1812 1960 1824 1973 ·

1943 1945 2102 1997 rianze
2130 1943 2375 1997 stultitia:
2414 1941 2677 2006 baeredes,
2700 1942 2733 1995 ii
2765 1942 3010 2009 profecto
3034 1956 3157 1995 cum
3203 1939 3407 1995 Christi
3436 1940 3533 1993 ho-

241 2048 322 2105 ὧν
358 2051 466 2121 γὰρ
519 2051 609 2116 ἴση
665 2048 697 2115 ἡ
754 2042 1093 2115 βλασφημία,
1125 2039 1328 2092 τούτων
1365 2038 1495 2107 μίαν
1544 2031 1681 2089 εἶναι
1733 2035 1830 2104 τὴν

246 2142 496 2213 ἑταιρίαν
523 2140 732 2192 δίκαιον
759 2136 867 2205 (1)·
895 2136 1059 2204 ἡμεῖς
1077 2132 1132 2184 δὲ
1158 2130 1482 2199 ἀκούσωμεν
1502 2127 1597 2180 τοῦ
1624 2126 1830 2195 Κυρίου

247 2238 505 2301 λέγοντος
525 2249 539 2264 ο
570 2252 586 2283 ι
625 2227 906 2294 Ἐξουσίαν
932 2226 1039 2295 ἔχω
1064 2224 1234 2277 θεῖναι
1262 2221 1356 2292 τὴν
1380 2221 1556 2291 ψυχήν
1588 2237 1712 2290 μου,
1739 2219 1835 2273 καὶ

247 2325 504 2393 ἐξουσίαν
533 2322 639 2394 ἑχω
663 2319 824 2373 πάλιν
849 2318 1033 2371 λαϐεῖν
1059 2317 1230 2385 αὑτήν
1256 2331 1268 2344 ⁸
1298 2312 1469 2375 οὐδεὶς
1498 2311 1642 2381 αἴρει
1667 2309 1834 2379 αὐτὴν

248 2418 347 2472 ἀπ’
373 2414 527 2483 ἐμοῦ.
556 2431 575 2465 ι
617 2412 713 2464 Ἐκ
741 2410 849 2480 γὰρ
877 2409 984 2461 τῶν
1014 2407 1189 2474 λόγων
1212 2405 1417 2457 τούτων
1448 2401 1830 2473 μαθησόμεθα,

247 2511 327 2572 ὡς
366 2510 553 2578 ἕτερος
582 2504 678 2575 μὲν
708 2504 736 2555 6
764 2502 959 2564 τιθεὶς,
994 2501 1182 2570 ἕτερον
1204 2499 1261 2551 δέ
1298 2498 1357 2550 τὸ
1392 2496 1675 2566 τιθέμενον
1697 2512 1709 2525 ο
1742 2496 1835 2548 καὶ

250 2600 387 2661 Θεὸς
422 2598 519 2668 μὲν
548 2599 574 2649 6
596 2595 765 2657 τιθεὶς
793 2595 887 2647 καὶ
906 2591 1218 2661 λαμϐάνων,
1244 2588 1391 2658 ψυχὴ
1420 2587 1475 2640 δὲ
1510 2590 1542 2657 ἡ
1576 2586 1835 2655 τιθεμένη

249 2693 349 2743 καὶ
378 2685 799 2758 λαμϐανομένη·
834 2685 925 2735 καὶ
951 2681 1082 2744 Θεὸς
1118 2681 1214 2752 μὲν
1245 2680 1343 2750 τὴν
1379 2678 1629 2744 ἐξουσίαν
1673 2678 1829 2747 ἔχων,

246 2780 401 2852 ψυχὴ
427 2780 484 2834 δὲ
518 2781 550 2851 ἡ
579 2776 685 2831 ὑπὸ
708 2776 807 2847 τὴν
830 2774 1075 2840 ἐξουσίαν
1105 2773 1321 2841 ἐκείνην
1360 2769 1689 2841 τεταγμένη.

250 3068 339 3120 K'.
382 3066 510 3117 ’Ὁτι
547 3066 600 3116 ol
636 3061 933 3131 προφῆται
967 3061 1205 3127 τελείως
1239 3062 1351 3127 τὴν
1390 3064 1579 3131 φύσιν
1610 3062 1836 3129 ἀναλη-

743 3132 964 3201 φθῆναι
1004 3130 1372 3192 θεσπίζουσι.

330 3242 555 3304 Τούτοις
592 3243 802 3311 συνῳδὰ
841 3244 934 3294 καὶ
962 3243 1189 3304 Ἡσαΐας
1217 3244 1244 3295 6
1272 3246 1559 3314 προφήτης
1590 3242 1835 3306 θεσπίζει
1864 3254 1907 3309 C

254 3335 399 3406 βοῶν
415 3351 459 3384 ’ί
483 3334 663 3403 Ὶδοὺὴ
692 3332 956 3403 παρθένος
973 3334 1238 3403 ἐνγαστρ“ι
1258 3334 1507 3402 λήψεται,
1524 3335 1839 3400 καὶτέξεται

252 3426 501 3488 υίὸν,καὶ
547 3425 839 3478 καλέσουσι
867 3425 926 3477 τὸ
959 3424 1127 3494 ὄνομα
1158 3426 1323 3478 αὑτοῦ
1366 3426 1734 3496 Ἐμμανουὴλ,
1764 3446 1780 3476 ι
1813 3426 1841 3478 ὃ

252 3524 375 3573 ἐστι
405 3518 968 3589 μεθερμηνευόμενον,
996 3516 1136 3570 κατὰ
1162 3518 1259 3589 τὴν
1276 3518 1382 3570 τῶν
1401 3519 1745 3587 Εὐαγγελίων
1767 3519 1843 3571 δι-

250 3608 718 3671 δασκαλίαν,Μεθ’
736 3608 891 3677 ἡμῶν
915 3611 941 3658 6
962 3608 1112 3671 Θεός·
1131 3610 1191 3660 τὸ
1212 3609 1289 3673 δὲ,
1314 3608 1445 3661 Μεθ’
1462 3609 1618 3679 ἡμῶν
1637 3612 1663 3661 ὁ
1686 3608 1838 3673 Θεὸς,

256 3706 402 3774 μετὰ
421 3702 515 3756 ἀνθ
527 3701 723 3773 ρώπων
740 3700 1028 3771 ἐρμηνεύει
1042 3701 1191 3753 Θεὸν·
1210 3719 1231 3753 ε
1244 3704 1257 3752 ἱ
1270 3702 1447 3753 τοίνυν
1464 3704 1521 3754 τὸ
1540 3704 1726 3772 κύημα
1743 3702 1842 3770 τῆς

253 3795 541 3868 Παρθένου
574 3793 780 3863 ταύτην
825 3793 985 3845 ἕλαόε
1034 3794 1131 3865 τὴν
1176 3794 1545 3864 προσηγορίαν
1572 3836 1584 3857 ,
1621 3792 1841 3863 εῦδηλον

255 3888 336 3951 ὡς
359 3889 386 3939 6
414 3886 545 3947 Θεὸς
569 3884 703 3955 ὁμοῦ
736 3884 828 3936 καὶ
851 3884 1138 3955 ἄνθρωπος
1179 3882 1245 3955 ἦν
1274 3903 1286 3916 ·
1329 3887 1389 3938 τὸ
1426 3885 1523 3956 μὲν
1554 3884 1839 3955 ὑπάρχων,

253 3979 319 4033 τὸ
342 3978 399 4031 δὲ
429 3976 630 4039 λαϐὼν,
658 3975 779 4029 καθ’
802 3978 1063 4047 ἑκάτερον
1091 3976 1294 4040 τέλειος
1311 3993 1323 4005 ’
1347 3977 1437 4029 διὰ
1469 3977 1567 4047 μὲν
1590 3976 1659 4045 γὰ
1669 3994 1698 4047 ρ
1722 3976 1839 4041 τοῦ,

262 4090 284 4122 ι
320 4068 461 4124 Μεθ’
486 4067 666 4139 ἡμῶν,
694 4088 713 4120 ι
747 4067 842 4120 τοῦ
874 4067 1165 4136 ἀνθρώπου
1194 4068 1254 4120 τὸ
1294 4067 1503 4120 τέλειον
1531 4068 1839 4121 δείκνυται·

250 4161 481 4223 τελείως
518 4160 629 4231 γὰρ
671 4159 834 4229 ἡμῶν
864 4159 1096 4223 ἕκαστος
1130 4159 1241 4229 ἔχει
1288 4159 1382 4212 τοῦ
1417 4158 1707 4230 ἀνθρώπου
1743 4159 1843 4231 τὴν

255 4252 453 4321 φύσιν·
490 4251 579 4304 διὰ
606 4251 663 4304 δὲ
688 4248 808 4315 τοῦ,
846 4269 865 4303 ι
900 4251 1052 4315 Θεὸς,
1087 4271 1105 4303 ι
1138 4251 1232 4303 καὶ
1262 4251 1361 4321 τῆς
1399 4251 1721 4321 προσθήκης
1742 4251 1837 4303 τοῦ

255 4346 490 4416 ἄρθρου.
522 4344 554 4414 ὴ
596 4342 688 4396 τοῦ
722 4343 853 4397 Υίοῦ
902 4343 1091 4415 θεότης
1119 4343 1471 4414 γνωρίζεται·
1518 4345 1612 4397 καὶ
1652 4343 1843 4397 τούτου

255 4436 578 4498 διδάσκαλος
612 4436 641 4489 ό
676 4435 951 4507 μακάριος
986 4434 1199 4497 Παῦλος
1230 4435 1424 4503 λέγων·
1461 4452 1477 4485 ι
1520 4435 1610 4487 Ἐν
1709 4452 1842 4487 κατ-

256 4531 403 4583 οικεῖ
435 4530 543 4582 πᾶν
568 4528 630 4581 τὸ
678 4527 957 4599 πλήρωμα
982 4528 1080 4598 τῆς
1128 4527 1379 4596 θεότητος
1425 4526 1752 4597 σωματικῶς
1772 4542 1785 4554 θ
1818 4546 1835 4577 ι

1935 2036 2111 2089 stibus
2137 2036 2267 2089 Ario
2299 2043 2460 2102 atque
2479 2033 2699 2103 830m
2725 2032 2994 2087 Ennomio
3019 2032 3527 2088 collocentur.Nam

1934 2141 2166 2195 quorum
2206 2140 2307 2194 par
2358 2132 2444 2179 est
2490 2124 2832 2194 blasphemia
2866 2166 2880 2190 ,
2928 2125 3123 2178 horum
3188 2140 3353 2178 unam
3408 2139 3532 2179 esse

1935 2217 2285 2271 sodalitatem
2313 2230 2527 2284 aequum
2560 2225 2665 2269 est.
2716 2214 2826 2268 Nos
2852 2231 2982 2269 vero
3017 2216 3305 2270 Dominum
3347 2217 3533 2271 dicen-

1937 2316 2045 2359 tem
2123 2305 2410 2359 audiamns
2466 2320 2479 2356 :
2538 2322 2556 2354 ι
2642 2302 2982 2359 Potestalem
3044 2304 3219 2357 habeo
3292 2305 3529 2373 ponendi

1942 2397 2178 2451 animam
2236 2410 2436 2458 meam,
2487 2403 2541 2447 et
2594 2402 2921 2462 potestatem
2974 2393 3150 2448 habeo
3186 2396 3384 2450 iterum
3440 2412 3535 2450 su-

1945 2488 2122 2543 mendi
2159 2503 2317 2552 eam;
2355 2501 2515 2540 nemo
2551 2484 2692 2539 tollit
2723 2500 2841 2538 eam
2884 2502 2913 2538 a
2940 2500 3026 2540 me
3050 2486 3119 2540 ".
3153 2505 3170 2537 »
3196 2486 3443 2557 Namque
3466 2505 3535 2545 ex

1945 2582 2291 2635 sermonibus
2345 2578 2430 2634 his
2479 2579 2741 2633 discimus
2810 2578 2976 2632 alium
3030 2592 3153 2633 esse
3196 2580 3287 2650 qui
3343 2584 3533 2650 ponit,

1943 2673 2085 2726 aliud
2117 2671 2257 2739 quod
2291 2680 2374 2726 est
2392 2670 2667 2741 positum;
2703 2670 2981 2739 Deumque
3004 2685 3124 2725 esse
3154 2673 3245 2741 qui
3276 2674 3448 2742 ponit,
3484 2686 3538 2728 et

1948 2765 2037 2833 qui
2076 2764 2242 2818 sumit
2272 2782 2285 2829 ;
2321 2763 2558 2816 animam
2584 2772 2764 2816 autem
2803 2772 2856 2815 et
2878 2763 3111 2830 positam
3139 2772 3192 2816 et
3218 2775 3489 2834 sumptam
3517 2784 3530 2831 ;

1946 2866 1999 2911 et
2032 2856 2123 2909 Dei
2155 2854 2374 2923 quidem
2416 2868 2538 2908 esse
2576 2862 2923 2922 potestatem,
2958 2854 3193 2908 animam
3226 2864 3406 2910 autem
3437 2860 3538 2912 sub

1961 2960 2026 2999 ea
2058 2953 2322 3014 potestate
2355 2945 2610 2999 locatam.

1949 3056 2064 3110 XX.
2108 3056 2262 3122 Quod
2290 3040 2557 3125 propheta!
2585 3057 2871 3125 perfectam
2900 3057 3063 3125 fuisse
3092 3071 3415 3129 assumptum
3446 3080 3544 3117 na-

2495 3136 2670 3179 turam
2703 3129 2983 3196 afﬁrmant.

2014 3241 2108 3296 llis
2140 3257 2377 3295 consona
2417 3241 2582 3295 Isaias
2617 3256 2833 3310 quoque
2868 3244 3128 3311 propheta
3165 3244 3418 3311 aﬂirmat,
3456 3248 3540 3301 di-

1948 3348 2079 3387 cens
2110 3351 2121 3385 :
2159 3332 2329 3385 «Ecce
2370 3332 2519 3401 virgo
2548 3333 2818 3401 concipiet
2848 3342 2901 3387 et
2933 3335 3106 3402 pariet
3140 3336 3328 3403 lilium,
3364 3349 3419 3393 et
3444 3355 3537 3394 vo-

1945 3423 2157 3476 cabitur
2177 3437 2370 3475 nomen
2395 3421 2511 3490 ejus
2534 3422 2851 3476 Emmanuel
2869 3424 2934 3489 ⁵³,
2960 3443 2978 3475 ι
3004 3427 3145 3494 quod
3168 3438 3251 3480 est
3277 3430 3541 3500 interpre-

1948 3524 2142 3577 latum,
2178 3517 2474 3567 secundum
2508 3514 2789 3585 Evangelii
2824 3519 3129 3574 doctrinam
3153 3523 3219 3586 ⁵⁸,
3240 3522 3537 3580 Nobiscum

1949 3608 2109 3661 Deus.
2146 3607 2315 3661 Porro
2350 3605 2488 3660 Deus
2528 3608 2799 3661 nobiscum
2863 3610 3031 3664 Deum
3071 3628 3191 3666 cum
3229 3615 3542 3672 hominibus

1946 3700 2235 3769 signiﬁcat.
2269 3701 2329 3754 Si
2366 3716 2496 3769 ergo
2526 3701 2760 3769 Virginis
2795 3714 3093 3770 conceptus
3127 3706 3269 3760 hanc
3300 3708 3543 3763 obtinuit

1948 3792 2387 3859 appellationem,
2436 3801 2585 3859 patet
2634 3791 2802 3846 Deum
2853 3794 3021 3850 fuisse
3064 3796 3225 3852 simul
3269 3810 3323 3853 et
3366 3798 3543 3855 homi-

1948 3895 2104 3945 nem;
2137 3887 2248 3932 tum
2278 3880 2766 3948 prarexsistentem,
2796 3891 2907 3934 tum
2936 3883 3099 3936 etiam
3128 3887 3541 3956 suscipientem,

1951 3974 2001 4026 in
2040 3982 2269 4041 utroque
2302 3970 2624 4039 perfectura.
2659 3969 2793 4024 Nam
2828 3974 3091 4029 vocabulo
3128 3994 3146 4026 ι
3192 3976 3473 4032 nobiscum
3517 4000 3536 4031 ι

1949 4066 2226 4120 lintninem
2266 4062 2567 4132 perfectum
2612 4064 2834 4118 denotat
2874 4084 2887 4118 :
2924 4069 3126 4122 etenim
3170 4071 3544 4140 unusquisque

1950 4168 2195 4212 nostrum
2231 4154 2526 4227 perfectam
2560 4155 2725 4211 habet
2758 4157 2996 4211 hominis
3033 4168 3300 4213 naturam.
3335 4161 3414 4215 Ex
3448 4177 3543 4217 vo-

1950 4253 2139 4307 cabulo
2172 4260 2350 4305 autem
2390 4269 2408 4301 ι
2448 4248 2590 4304 Deus
2627 4270 2645 4303 ι
2676 4261 2731 4306 et
2760 4251 2974 4305 articuli
3009 4251 3181 4307 ϐταιοὶ
3238 4254 3544 4323 adjectione

1952 4345 2073 4399 Filii
2116 4344 2379 4399 divinitas
2415 4344 2770 4412 conspicitur.
2805 4345 2982 4415 Atque
3020 4344 3161 4399 hanc
3202 4361 3314 4399 rem
3350 4346 3544 4401 beatus

1949 4438 2104 4491 docet
2131 4434 2328 4489 Paulus
2356 4434 2542 4489 dicens
2573 4454 2590 4487 ι
2626 4453 2639 4491 :
2668 4435 2721 4489 in
2748 4450 2857 4505 quo
2883 4436 3153 4489 inhabitat
3174 4438 3351 4491 omnis
3374 4438 3545 4507 pleni-

1955 4528 2087 4582 tudo
2123 4526 2429 4581 divinitatis
2461 4527 2823 4596 corporaliter
2841 4528 2907 4583 ⁸⁸.
2950 4542 2971 4578 i’
3003 4526 3135 4582 ltem
3165 4542 3194 4581 a
3228 4526 3336 4583 Deo
3367 4530 3540 4601 inspi-

256 4623 359 4674 καὶ
390 4623 417 4673 6
456 4620 752 4690 θεόληπτος
783 4619 839 4673 δὲ
872 4622 1084 4683 Λουκᾶς
1115 4622 1143 4672 6
1169 4617 1565 4689 εύαγγελιστὴς
1594 4617 1838 4688 ἐναργῶς

1956 4629 2106 4673 ratus
2153 4616 2329 4673 Lucas
2376 4620 2704 4687 evangelista
2756 4621 3041 4690 perspicue
3092 4621 3252 4675 nobis
3303 4624 3547 4678 ostendit

258 4716 395 4784 ἡμῖν
418 4712 661 4767 δείκνυσι
686 4711 779 4764 τὸν
820 4710 945 4765 νοῦν
977 4712 1068 4764 τὸν
1097 4711 1439 4781 ἀνθρώπινον
1462 4710 1556 4763 τοῦ
1592 4711 1846 4781 Σωτῆρος

255 4800 505 4874 Χριστοῦ
527 4818 539 4831 ·
566 4820 584 4852 ι
615 4801 689 4854 Τὸ
717 4800 928 4854 παιδίον
959 4801 1286 4873 γὰιμφησὶν³
1323 4799 1545 4870 ηὔξανε,
1572 4800 1665 4852 καὶ
1685 4800 1848 4869 ἐκραο

257 4892 485 4947 ταιοῦτο
525 4890 821 4959 πνεύματι,
880 4890 1257 4963 πληρούμενον
1293 4892 1502 4959 σοφίας,
1550 4892 1643 4944 καὶ
1686 4892 1847 4962 χάρις

256 4983 402 5039 Θεοῦ
424 4979 490 5054 ἦν
512 4984 596 5055 ἐπ’
616 4982 785 5053 αὐτῷ.
814 5002 831 5034 ι
859 4984 969 5039 Καὶ
997 4988 1115 5055 μετ’
1136 4985 1291 5052 ὀλίγα
1308 5002 1319 5013 ·
1357 5004 1375 5036 ι
1400 4986 1607 5056 Ἰησοῦς
1636 4984 1693 5038 δὲ
1717 5000 1849 5057 προ⁴

260 5075 495 5128 έκοπτεν
522 5073 729 5145 ἡλικίᾳ,
757 5074 853 5127 καὶ
884 5077 1066 5147 σοφίᾳ,
1092 5077 1185 5130 καὶ
1220 5078 1406 5147 χάριτι
1433 5076 1585 5147 παρὰ
1614 5076 1733 5147 Θεῷ
1755 5077 1850 5129 καὶ

261 5164 596 5238 ἀνθρώποις.
635 5187 653 5218 ι
690 5167 765 5220 T0
791 5166 848 5218 δέ
898 5170 1062 5238 σοφίᾳ
1099 5170 1453 5239 προκόπτειν,
1488 5170 1549 5223 οὐ
1580 5169 1715 5221 Θεοῦ
1754 5168 1849 5221 τοῦ

265 5258 459 5327 σοφοῦ,
500 5256 593 5310 τοῦ
638 5258 992 5329 ἁπροσδεοῦς,
1040 5261 1133 5313 καὶ
1168 5262 1254 5314 ἀεὶ
1308 5263 1543 5328 τελείου,
1574 5264 1669 5317 καὶ
1718 5264 1852 5335 μήτε

262 5350 531 5411 ἐπίδοσιν,
560 5351 697 5420 μήτε
721 5351 1016 5405 ἐλάττωσιν
1032 5353 1348 5423 δεχομένου,
1382 5354 1519 5409 ἀλλὰ
1535 5354 1624 5409 τοῦ
1643 5355 1736 5409 νοῦ
1754 5354 1848 5410 τοῦ

262 5441 636 5508 ἀνθρωπίνου,
669 5441 760 5495 τοῦ
784 5446 903 5507 ταῖς
926 5444 1165 5514 ἡλικίαις
1197 5449 1613 5519 συμπροῖόντος,
1650 5450 1742 5501 καὶ
1772 5449 1849 5501 διο

341 5579 385 5611 “
419 5577 605 5647 Matth.
630 5594 775 5643 xxvr,
807 5580 896 5633 58.
956 5581 1001 5611 ⁸⁸
1034 5581 1193 5636 Joan.
1228 5598 1283 5647 Χ,
1317 5583 1399 5637 18.
1478 5584 1523 5615 "
1554 5586 1657 5637 lsa.
1688 5600 1783 5647 ιἰι,
1816 5586 1910 5639 Η.

268 5650 315 5680 ⁸”’
351 5648 483 5701 ibid.
522 5646 610 5699 5‘2.

347 5761 395 5828 (Ι

347 5758 426 5883 (ι.)
468 5758 663 5813 Recole
708 5773 827 5828 cap.
874 5774 949 5811 Ix.
992 5758 1123 5841 δοιῇ

271 5842 362 5890 sto
419 5829 582 5895 uisse,
616 5832 886 5899 negabant
914 5831 1123 5885 Anam.

1950 4714 2238 4765 lnnnanam
2275 4709 2477 4767 Christi
2515 4711 2825 4767 Servatoris
2861 4721 3099 4767 mentem
3139 4732 3150 4766 :
3195 4731 3212 4764 ι
3259 4711 3418 4780 Puer,
3453 4714 3542 4767 in-

1949 4804 2095 4874 quit,
2129 4803 2409 4859 crescebat
2438 4814 2493 4859 et
2524 4803 2935 4860 confortabatur
2963 4805 3155 4872 Spiritu
3179 4845 3193 4870 ,
3229 4805 3418 4875 plenus
3451 4822 3543 4861 sa-

1948 4898 2173 4967 pientia,
2218 4906 2271 4952 et
2311 4898 2484 4965 gratia
2527 4897 2620 4952 Dei
2662 4907 2780 4951 erat
2818 4913 2943 4951 cum
2988 4896 3076 4951 illo
3096 4896 3161 4951 ⁸⁸.
3210 4915 3229 4949 ι
3277 4897 3342 4951 Ει
3385 4897 3544 4967 paulo

1950 5000 2071 5061 post
2112 5008 2126 5044 :
2179 5010 2197 5041 ι
2248 4990 2406 5046 Jesus
2452 4990 2771 5061 proﬁciebat
2814 4999 3005 5053 aetate.
3045 5005 3111 5045 ac
3154 4991 3450 5061 sapientia,
3490 5000 3548 5046 et

1950 5081 2125 5151 gratia
2175 5082 2318 5151 apud
2364 5082 2532 5137 Deum
2577 5092 2632 5135 et
2676 5081 2924 5135 homines
2947 5080 3012 5131 ⁸⁷.
3064 5099 3083 5132 ι
3123 5079 3243 5134 Jam
3282 5094 3410 5138 vero
3451 5095 3544 5133 sa-

1954 5175 2154 5244 pientia
2192 5174 2480 5245 proﬁcere,
2520 5189 2626 5228 non
2666 5182 2748 5232 est
2785 5173 2878 5227 Dei
2917 5172 3197 5241 sapientis,
3238 5172 3546 5243 nnlliusque

1952 5267 2029 5321 rei
2072 5267 2265 5335 indigi,
2313 5281 2637 5335 semperque
2682 5263 2941 5335 perfecti,
2984 5265 3077 5318 sed
3126 5264 3322 5317 mentis
3368 5264 3547 5332 potius

1952 5358 2225 5419 humanae,
2266 5372 2386 5425 quae
2425 5357 2584 5410 simul
2629 5371 2749 5410 cum
2793 5365 2953 5409 aelate
2998 5354 3230 5423 proiicit,
3272 5364 3326 5408 et
3364 5355 3547 5409 erudi-

1956 5450 2099 5503 tione
2122 5460 2262 5517 eget,
2288 5460 2339 5503 et
2362 5451 2463 5503 arti
2488 5448 2707 5519 831m
2738 5458 2901 5516 atque
2942 5447 3183 5502 scientiae
3217 5449 3549 5517 excipienda:

2001 5585 2049 5616 “
2076 5584 2268 5640 Matth.
2300 5601 2336 5647 ι,
2372 5584 2461 5639 εδ.
2543 5585 2587 5616 ³⁵⁸
2617 5584 2823 5639 Coloss.
2846 5601 2903 5648 ιι,
2930 5585 2983 5639 9.
3061 5584 3107 5614 ⁸⁸
3139 5584 3268 5639 Luc.
3296 5600 3354 5649 ιι,
3386 5584 3477 5642 40.

468 5756 663 5813 Recole
708 5773 827 5840 cap.
870 5774 949 5840 ix:
992 5757 1238 5840 .‘lamque
1278 5763 1455 5817 anima
1500 5776 1689 5819 aniens
1732 5778 1828 5831 par
1872 5765 1998 5819 milli
2030 5778 2275 5837 repntata
2343 5768 2551 5823 fuisset.
2604 5772 2769 5823 Porro
2832 5768 3070 5823 animam
3102 5783 3293 5840 reapse
3322 5766 3371 5821 in
3398 5764 3551 5820 Chri-
