3996 6472
530 411 665 465 “55

1552 392 1610 447 S.
1654 386 1930 446 CYRILLI
1974 382 2443 436 ALEXADURINI
2498 379 2817 432 AliCllle.

3650 368 3778 423 N56

525 524 715 576 idonea
744 529 844 584 est,
875 527 926 573 et
952 530 1070 587 qua:
1096 511 1353 584 paulatim
1383 518 1493 566 tum
1521 508 1754 564 humana
1783 502 1961 568 discit,
1991 509 2100 553 tum

2211 494 2506 559 δασκαλίας
2528 494 2807 565 δεομένου,
2839 493 2930 545 καὶ
2975 476 3177 562 τέχνης
3211 488 3306 541 καὶ
3350 485 3661 553 ἐπιστήμης
3696 480 3775 534 δε-

524 612 722 667 divina.

527 806 790 864 XXLEx
822 806 1061 875 Epistola
1093 805 1162 859 ad
1196 803 1461 875 Hebraei
1475 801 1865 875 demonstratur
1886 801 2101 846 natura-

877 867 992 932 rum
1023 874 1314 953 distinctio,
1344 883 1391 925 et
1420 869 1573 924 Verbi
1606 867 1753 920 unio.

596 1058 834 1120 Clarius,
866 1052 1077 1121 Opinor,
1110 1064 1174 1101 ex
1208 1045 1442 1115 Epistola
1478 1044 1543 1098 ad
1578 1041 1833 1097 llebrieos
1864 1038 2100 1093 divinam

527 1151 685 1207 simul
710 1156 763 1203 et
791 1148 1077 1201 humanam
1108 1150 1360 1194 naturam
1389 1148 1715 1205 cognoscere
1744 1132 1892 1198 licet,
1911 1143 2103 1199 opera-

530 1244 762 1299 tionibus
796 1237 1009 1307 quidem
1046 1233 1362 1296 distinctas,
1399 1240 1625 1299 persona
1662 1234 1839 1278 tamen
1873 1220 2102 1289 conjun-

529 1345 661 1397 ctas,
694 1341 854 1399 atque
888 1327 1101 1381 unicum
1138 1324 1572 1377 demonstrantes
1599 1313 1815 1369 Filium.
1850 1308 2102 1381 Epistolas

529 1418 1136 1496 apprimeprommium
1181 1416 1322 1469 hanc
1366 1410 1604 1466 continet
1647 1406 1967 1461 doctrinam.
2012 1403 2103 1457 Ait

525 1494 667 1570 enim
698 1515 849 1567 divus
879 1507 1077 1563 Paulus
1112 1524 1128 1563 :
1162 1523 1179 1555 ι
1218 1503 1317 1571 Qui
1349 1517 1471 1557 cum
1502 1499 1572 1553 sit
1601 1497 1857 1567 splendor
1883 1494 2097 1564 gloriae,

526 1617 579 1661 et
619 1607 787 1675 ligura
825 1599 1144 1657 substantiae
1177 1596 1325 1666 ejus,
1358 1602 1691 1663 portansque
1723 1586 1902 1641 omnia
1931 1583 2100 1638 verbo

526 1698 743 1753 virtutis
772 1710 879 1749 sua:
894 1694 961 1747 ⁸⁸.
998 1712 1018 1745 ι
1052 1689 1299 1758 Cumque
1329 1686 1761 1741 demonstrasset
1794 1678 1940 1732 illum
1974 1686 2100 1730 ante

526 1804 685 1844 omne
717 1797 925 1855 tempus
952 1798 1013 1838 ac
1038 1778 1231 1837 saecula
1259 1791 1379 1833 esse
1404 1777 1524 1847 (per
1548 1774 1722 1843 ipsum
1748 1770 1944 1839 quippe
1971 1768 2099 1821 fecit

525 1838 851 1947 agema):
872 1873 1078 1929 addidit
1105 1888 1118 1925 ε
1150 1888 1168 1920 ι
1204 1868 1359 1923 Sedit
1390 1838 1457 1921 ad
1487 1838 1777 1918 deiteram’
1800 1857 2100 1927 maiestatis
2133 1838 2173 1893 Β

525 1971 578 2025 lu
624 1967 853 2023 excelsis
893 1984 905 2019 :
951 1972 1099 2017 tanto
1144 1958 1336 2013 melior
1370 1955 1579 2027 angelis
1617 1953 1861 2014 ell'ectus,
1900 1957 2101 2019 quanto

530 2060 865 2119 diﬁcrentius
892 2070 1002 2128 prae
1030 2053 1133 2107 illis
1163 2064 1357 2105 nomen
1382 2044 1725 2101 haereditavit
1743 2043 1808 2095 ".
1841 2060 1860 2093 ι
1889 2040 1982 2094 Est
2008 2055 2104 2093 au-

531 2159 635 2203 tem
692 2146 912 2199 verbum
955 2143 1081 2213 e/ﬁci
1121 2137 1453 2195 contrarium
1494 2134 1658 2188 verbo
1703 2148 1836 2187 esse.
1884 2129 2015 2184 Nam
2060 2129 2106 2183 is

526 2242 614 2310 qui
662 2247 744 2293 est
783 2237 1036 2305 splendor
1071 2231 1273 2300 gloriae,
1313 2238 1367 2281 et
1410 2228 1577 2296 ligura
1621 2223 1957 2285 substantiae,
1997 2236 2105 2275 non

525 2330 752 2387 cllicitur
789 2325 979 2381 melior
1014 2322 1241 2392 angelis,
1274 2318 1371 2373 sed
1406 2327 1487 2372 est
1520 2314 1730 2385 angelis
1766 2328 1872 2369 non
1913 2312 2106 2367 melior

526 2417 919 2479 tantummodo,
954 2428 1143 2467 verum
1179 2410 1342 2465 etiam
1380 2408 1620 2475 ipsorum
1657 2412 1873 2459 creator
1903 2416 1967 2457 ac
2004 2403 2100 2457 do-

527 2513 726 2565 minus.
768 2506 885 2562 Jam
928 2505 973 2559 si
1016 2502 1182 2556 verbo
1223 2515 1331 2554 esse
1374 2498 1708 2553 contrarium
1752 2502 1835 2548 est
1875 2492 2102 2546 verbum

525 2600 675 2672 caici,
712 2612 805 2667 per
834 2596 961 2650 illud
996 2592 1211 2662 quidem
1268 2585 1723 2658 sempiternaliter
1750 2584 2101 2637 essistentem

526 2690 909 2759 intelligemus,
935 2700 1028 2755 per
1050 2685 1149 2738 boc
1203 2689 1381 2735 autem
1415 2692 1537 2731 eum
1563 2677 1652 2745 qui
1683 2675 1748 2729 de
1777 2673 1931 2729 nobis
1957 2687 2106 2727 sum-

525 2789 646 2851 ptus
672 2779 792 2841 fuit,
815 2786 868 2831 et
889 2774 1093 2846 angelis
1118 2771 1308 2827 melior
1325 2778 1411 2824 est
1435 2765 1678 2832 ell'ectus,
1707 2773 1925 2835 prepter
1948 2778 2103 2817 suam

526 2887 647 2926 cum
678 2876 984 2925 assumeute
1014 2864 1413 2919 adunationem.
1448 2856 1511 2913 Et
1542 2857 1702 2927 paulo
1754 2865 1874 2925 post
1920 2854 1984 2908 ad
2016 2854 2104 2907 Fi-

527 2959 655 3011 lium
687 2957 902 3026 quidem
935 2955 1065 3007 dicit
1097 2972 1111 3007 :
1149 2970 1167 3003 ι
1201 2950 1451 3004 Tbronus
1482 2958 1622 3012 tuus,
1659 2949 1817 3012 Deus,
1851 2946 1903 2998 in
1936 2960 2105 2999 saecu-

528 3048 637 3101 lum
676 3046 890 3109 saeculi;
929 3044 1077 3111 virga
1120 3040 1410 3111 aequitatis,
1453 3041 1603 3107 virga
1648 3038 1797 3105 regni
1845 3036 1919 3088 tui
1963 3053 1977 3088 :
2024 3035 2105 3089 di-

527 3137 702 3191 lexisti
742 3136 1030 3203 justitiam,
1076 3143 1131 3187 et
1170 3132 1331 3187 odisti
1376 3130 1714 3199 iniquitatem
1758 3145 1771 3181 :
1818 3135 2099 3197 prapterea
2128 3174 2171 3232 Β

528 3229 683 3283 unxit
725 3238 777 3283 te
819 3227 986 3289 Deus,
1032 3225 1174 3279 Deus
1217 3232 1371 3287 tuus,
1415 3222 1535 3276 oleo
1573 3220 1952 3274 exsultationis
1992 3232 2102 3287 pra:

528 3318 883 3389 participibus
928 3315 1122 3371 tuis“.
1177 3332 1197 3366 ι
1244 3313 1361 3367 Jam
1405 3326 1531 3367 vero
1575 3312 1745 3375 Deus,
1788 3320 1841 3365 et
1884 3311 2101 3381 quidem

529 3412 717 3468 Graeco
744 3410 970 3465 articulo
996 3407 1285 3479 prmposito
1312 3406 1529 3477 preprie
1554 3406 1731 3460 dictus
1756 3403 1918 3470 Deus,
1949 3405 2101 3458 tliro-

530 3518 765 3573 numque
803 3512 991 3556 tenens
1026 3502 1077 3552 in
1118 3498 1373 3551 saeculum
1414 3496 1617 3560 saculi,
1652 3496 1741 3565 qui
1782 3494 1895 3550 ﬁeri
1933 3506 2108 3564 potest

530 3606 587 3652 ot
627 3613 656 3650 a
702 3596 810 3650 Deo
851 3591 1115 3663 ungatur?
1151 3590 1427 3656 Quomodo
1466 3588 1535 3643 ab
1575 3587 1839 3642 electione
1882 3603 2106 3657 regnum

530 3689 813 3751 sortietur,
848 3687 936 3753 qui
966 3684 1089 3751 jure
1124 3680 1353 3735 naturali
1386 3695 1607 3749 regnum
1640 3678 1842 3733 liabet?
1874 3697 1893 3730 ι
1934 3678 2107 3732 Thro—

530 3796 635 3837 nus
659 3782 799 3833 enim
836 3790 978 3841 tuus,
1001 3775 1215 3846 832m
1243 3772 1435 3842 inquit,
1460 3772 1623 3836 Deus,
1649 3772 1699 3823 in
1722 3770 1976 3827 saeculum
2001 3786 2104 3826 sa:-

531 3871 661 3925 culi.
704 3887 727 3922 s
766 3870 902 3923 Esse
937 3868 1118 3935 itaque
1156 3878 1361 3934 regem,
1396 3863 1728 3917 contrarium
1765 3872 1848 3917 est
1884 3863 2105 3917 dictioni

532 3963 659 4033 ungi
691 3963 743 4015 in
777 3975 979 4030 regem.
1001 3957 1139 4023 Quia
1172 3955 1405 4011 dilexisti
1426 3954 1695 4021 justitiam
1725 3964 1779 4007 et
1809 3954 1973 4008 odisti
2003 3952 2109 4007 ini-

533 4057 817 4124 quitatem.
844 4051 977 4105 Nam
1010 4051 1253 4104 laborum
1289 4047 1564 4117 praemium
1596 4054 1679 4100 est
1715 4045 1821 4100 tale
1856 4062 2101 4117 regnum.

533 4147 741 4201 Rursus
782 4146 962 4213 itaque
1010 4142 1175 4197 Deum
1204 4140 1356 4209 cujus
1388 4141 1615 4199 thronus
1643 4140 1695 4192 in
1724 4140 1979 4193 saeculum
2005 4154 2108 4193 sa:-

532 4239 661 4305 euli,
686 4234 1145 4305 sempiternaliter
1166 4232 1313 4286 illum
1341 4232 1690 4287 exsistentem
1717 4229 2104 4301 intelligemus.

532 4330 668 4387 Eum
711 4341 891 4384 autem
933 4327 1021 4396 qui
1066 4335 1255 4396 postea
1298 4334 1489 4379 unctus
1532 4322 1651 4388 fuit,
1694 4327 1915 4391 propter
1949 4337 2104 4376 suum

531 4422 739 4493 peccati
772 4420 977 4479 odium,
1008 4426 1063 4471 et
1088 4415 1314 4484 iustitia:
1346 4426 1610 4477 amorem,
1640 4411 1788 4465 illum
1822 4411 2108 4466 credemus

2205 586 2429 652 κτικοΰ,
2476 586 2568 640 καλ⁵
2606 583 2745 639 κατὰ
2797 584 2970 655 βραχὺ
3006 584 3075 637 τά
3118 598 3175 635 τε
3217 576 3534 649 ἀνθρώπινα
3588 574 3681 627 καὶ
3717 572 3777 624 τὰ

2205 680 2322 734 θεῖα
2353 678 2713 749 γνωρίζοντος
2735 675 2784 745 (l
2797 678 2834 741 ).

2203 794 2334 846 KA'.
2374 790 2699 855 Ἀπόδειξις
2734 790 2802 844 ἐκ
2825 788 2933 857 τῆς
2966 786 3119 857 πρὸς
3163 783 3780 857 Ἐϐραίους-Ἐξίστος

2270 862 2388 929 λῆς
2421 860 2529 929 τῆς
2560 847 2689 913 τώγ’
2710 847 2956 929 φύσεων
2986 847 3370 925 διακρίσεως,
3402 847 3500 908 καί
3536 851 3647 921 τῆς
3678 847 3775 905 τοῦ

2277 933 2475 1001 Λόγου
2508 929 2797 997 ἐνώσεως.

2272 1044 2611 1115 Σαφέστερον
2632 1044 2675 1096 δ’
2709 1043 2773 1095 ἀν
2809 1060 2889 1104 τις
2920 1043 2983 1093 ὲκ
3012 1039 3113 1110 τῆς
3135 1040 3275 1109 πρὸς
3313 1037 3598 1109 Ἐϐραίους
3640 1034 3780 1088 Ἐπι-

2205 1138 2394 1206 στολῆς
2429 1134 2525 1207 τὴν
2548 1132 2696 1189 θείαν
2720 1133 2880 1203 φύσιν
2927 1133 3022 1185 καί⁵
3049 1131 3150 1201 τὴν
3181 1130 3530 1200 ἀνθρωπείαν
3555 1125 3783 1188 κατίδοι,

2200 1232 2317 1291 ταῖς
2338 1227 2641 1297 ἐνεργείαις
2665 1225 2763 1296 μὲν
2789 1225 2948 1295 διῃρη
2960 1224 3150 1292 μένας,
3177 1220 3257 1291 τῷ
3288 1223 3569 1290 προσώπῳ
3592 1220 3651 1273 δὲ
3674 1235 3785 1272 συν-

2203 1319 2473 1390 ημμένας,
2499 1319 2592 1372 καί
2618 1318 2709 1370 τὸν
2725 1317 2822 1369 ἕνα
2852 1312 3243 1376 ὑποδεικνύσας
3280 1312 3427 1365 Υὲόν.
3450 1312 3563 1381 Οὐχ
3587 1313 3785 1381 ἥκιστα

2202 1411 2258 1464 δὲ
2283 1410 2372 1462 καὶ
2401 1410 2498 1479 τῆς
2542 1406 2863 1476 Ἐπιστολῆς
2890 1406 2949 1458 τὸ
2976 1404 3291 1475 προοίμιον,
3326 1402 3533 1472 ταύτην
3557 1401 3674 1471 ἔχει
3691 1402 3785 1469 τὴν

2201 1500 2569 1554 διδασκαλίαν.
2597 1495 2731 1552 Eine
2762 1497 2868 1567 γάρ
2890 1498 2919 1549 6
2940 1496 3231 1558 θεσπέσιος
3256 1494 3469 1558 Παῦλος
3492 1512 3505 1524 ·
3539 1512 3557 1544 ι
3594 1496 3694 1554 ’ος
3714 1493 3786 1545 ὢν

2202 1590 2542 1659 ἀπαύγασμα
2588 1590 2686 1660 τῆς
2728 1588 2905 1658 δόξης,
2946 1588 3041 1640 καὶ
3096 1585 3385 1656 χαρακτὴρ
3416 1585 3516 1654 τῆς
3551 1583 3789 1637 ὑποστά-

2203 1700 2340 1746 σεως
2370 1680 2559 1745 αὑτοῦ,
2592 1682 2775 1751 φέρων
2810 1697 2869 1732 τε
2896 1680 2963 1732 τά
3004 1679 3187 1732 πάντα
3216 1677 3295 1747 τῷ
3327 1679 3535 1748 ῥήματι
3568 1679 3674 1746 τῆς
3704 1675 3789 1728 δν·

2202 1775 2421 1843 νάμεως
2451 1773 2637 1827 αὑτοῦ.
2678 1791 2695 1823 ι
2733 1771 2843 1824 Καὶ
2886 1770 3066 1837 δείξας
3120 1770 3286 1823 αὑτὸν
3315 1770 3659 1839 ὑπέρχρονον
3699 1766 3791 1821 καὶ

2204 1860 2534 1932 προαιώνιον
2572 1860 2672 1931 (δι’
2701 1858 2867 1913 αὐτοῦ
2912 1859 3042 1927 γὰρ,
3078 1858 3265 1929 φησιν,
3312 1856 3406 1911 καὶ
3437 1858 3563 1919 τοὺς
3584 1856 3791 1920 αἰῶνας

2204 1950 2507 2021 εποίησεν),
2536 1950 2836 2019 ὲπήγαγεψ
2867 1968 2885 1998 ι
2909 1946 3195 2000 Ἐκάθισεν
3228 1948 3289 2000 ὲν
3319 1946 3467 2018 δεξιᾷ
3485 1946 3584 2016 τῆς
3617 1963 3791 2018 μεγα-

2204 2042 2451 2111 λωσύνης
2500 2043 2556 2095 ὲν
2602 2040 2849 2111 ὑψηλοῖς,
2890 2040 3133 2110 τοσούτῳ
3184 2038 3454 2108 κρείττων
3497 2037 3794 2109 γενόμενος

2204 2130 2313 2184 τῶν
2338 2130 2609 2199 ἀγγέλων,
2638 2130 2748 2201 ὅσῳ
2781 2129 3185 2201 διαφορώτερον
3219 2130 3351 2197 παρ’
3376 2128 3561 2191 αὐτοῖς
3587 2128 3793 2197 κεκληο

2208 2223 2512 2293 ρονόμηκεν
2553 2220 2749 2291 ὄνομα.
2781 2239 2800 2273 ›
2853 2221 3127 2275 Ἐναντίον
3160 2220 3217 2273 δὲ
3260 2219 3357 2274 τοῦ
3404 2218 3703 2288 γενέσθαι,
3737 2218 3793 2272 τὸ

2204 2309 2343 2366 εἶναι
2362 2330 2375 2342 ·
2405 2315 2433 2365 6
2455 2312 2566 2383 γὰρ
2586 2311 2661 2365 ὣν
2685 2314 3028 2383 ἀπαύγασμα
3052 2313 3153 2381 τῆς
3185 2312 3365 2383 δόξης,
3387 2312 3481 2365 καὶ
3504 2311 3793 2383 χαρακτὴρ

2202 2404 2302 2473 τῆς
2332 2404 2707 2468 ὑποστάσεως,
2738 2403 2800 2456 οὐ
2830 2404 3036 2471 γίνεται
3068 2403 3337 2473 κρείττων
3370 2403 3643 2471 ἀγγέλων,
3680 2404 3793 2456 ἀλλ’

2203 2494 2348 2548 ἐστιν
2372 2494 2620 2563 ἀγγέλων
2641 2495 2700 2549 οὐ
2728 2495 2992 2567 κρείττων
3019 2493 3202 2564 μόνον,
3231 2493 3369 2548 ἀλλά
3400 2494 3496 2548 καὶ⁵
3523 2494 3789 2567 Ποιητὴς,

2205 2586 2298 2639 καὶ
2333 2586 2613 2657 Δεσπότης
2635 2601 2651 2618 ·
2679 2588 2726 2638 εἰ
2761 2586 2817 2639 δὲ
2847 2584 3088 2637 ἐναντίον
3116 2584 3209 2637 τοῦ
3244 2579 3385 2637 εἶναι
3414 2583 3475 2637 τὸ
3510 2584 3792 2652 γενέσθαι,

2203 2678 2269 2731 δι’
2304 2678 2514 2731 ἐκείνου
2545 2678 2645 2748 μὲν
2674 2677 2764 2731 τὸν
2794 2679 2880 2731 ἀεὶ
2910 2676 3038 2729 ὄντα
3074 2681 3366 2747 νοήσομεν,
3391 2676 3480 2729 διὰ
3514 2676 3711 2730 τούτου
3740 2676 3794 2729 δὲ

2204 2769 2263 2823 τὸ
2286 2771 2344 2836 ἐξ
2370 2767 2530 2840 ἡμῶν
2556 2770 2891 2839 ἀναληφθὲν,
2915 2769 3010 2822 καὶ
3030 2772 3277 2839 κρεῖττον
3299 2769 3407 2822 τῶν
3434 2770 3692 2837 ἀγγέλων
3707 2786 3794 2838 γε·-

2204 2878 2336 2932 γενη
2345 2862 2523 2930 μένον,
2537 2861 2628 2914 διά
2644 2862 2741 2931 τὴν
2756 2861 2893 2932 πρὸς
2910 2860 3001 2914 τὸν
3024 2861 3359 2931 ἀνειληφότα
3380 2861 3578 2914 ἕνωσιν
3595 2876 3608 2890 ·
3632 2859 3793 2914 πάλιν

2209 2954 2325 3024 μετ’
2341 2953 2523 3021 ὀλίγα,
2566 2954 2706 3025 πρὸς
2730 2955 2828 3024 μὲν
2854 2954 2944 3008 τὸν
2968 2953 3095 3006 Υίόν
3116 2970 3282 3025 φησιν
3298 2969 3309 2982 ·
3334 2973 3352 3004 ι
3376 2955 3433 3006 'O
3466 2952 3657 3023 θρόνος
3679 2970 3792 3015 σου,

2203 3048 2232 3099 6
2259 3046 2410 3109 Θεὸς,
2443 3047 2523 3108 είς
2545 3045 2635 3098 τὸν
2664 3045 2837 3101 αίῶνα
2857 3044 2950 3098 τοῦ
2987 3044 3180 3108 αίῶνος
3206 3060 3219 3073 ·
3251 3044 3447 3114 ῥάϐδος
3476 3044 3791 3114 εὐθύτητος.

2205 3139 2237 3208 ἡ
2271 3137 2468 3207 ῥάϐδος
2495 3140 2597 3209 τῆς
2628 3137 2906 3208 βασιλείας
2937 3155 3029 3191 σου
3055 3155 3068 3169 ο
3092 3138 3391 3207 ἠγάπησας
3418 3137 3791 3208 δικαιοσύνην,

2205 3230 2298 3283 καὶ
2325 3230 2593 3301 ἐμίσησας
2631 3229 2861 3300 ἀνομίαν
2882 3244 2895 3257 ’
2923 3228 3011 3282 διὰ
3034 3228 3196 3282 τοῦτο
3228 3228 3414 3299 ἔχρισέ
3446 3247 3505 3281 σε
3536 3231 3564 3281 6
3585 3230 3739 3294 Θεὸς,
3767 3233 3794 3283 6

2204 3322 2339 3385 Θεός
2368 3339 2483 3386 σου,
2536 3321 2714 3375 ἔλαιον
2762 3320 3139 3389 ἀγαλλιάσεως
3178 3322 3332 3390 παρά
3364 3321 3491 3385 τοὺς
3531 3321 3793 3394 μετόχους

2208 3432 2321 3493 σου.
2354 3433 2371 3464 ι
2414 3416 2473 3466 '0
2500 3415 2556 3467 δὲ
2584 3415 2741 3478 Θεὸς,
2775 3414 2870 3466 καὶ
2902 3411 3040 3483 μετὰ
3060 3410 3155 3481 τοῦ
3187 3412 3393 3483 ἄρθρου
3422 3431 3795 3487 προσαγορευ-

2207 3504 2319 3568 θεὶς
2343 3505 2497 3570 Θεὸς,
2518 3505 2614 3559 καὶ
2635 3504 2727 3557 τὸν
2748 3503 2935 3575 θρόνον
2958 3502 3096 3573 ἔχων
3120 3505 3201 3564 είς
3229 3502 3321 3556 τὸν
3348 3504 3523 3557 αἰῶνα
3550 3504 3644 3558 τοῦ
3666 3504 3791 3558 altil-

2208 3613 2318 3661 νος,
2352 3596 2469 3659 πῶς
2498 3595 2563 3649 ἂν
2596 3595 2699 3649 ὑπὸ
2737 3594 2829 3648 τοῦ
2859 3593 2990 3648 Θεοῦ
3025 3594 3274 3666 χρισθείη
3302 3612 3314 3657 ;
3346 3596 3474 3658 Πῶς
3519 3596 3588 3649 ἂν
3614 3615 3794 3669 ,χειρο-

2206 3688 2436 3759 τονητὴν
2482 3688 2638 3741 λάϐοι
2675 3686 2973 3758 βασιλείαν,
3023 3688 3261 3756 φυσικὴν
3300 3686 3440 3756 ἔχων
3477 3686 3789 3757 βασιλείαν;

2215 3799 2232 3830 ι
2262 3781 2320 3833 Ὀ
2339 3779 2527 3851 θρόνος
2552 3797 2647 3833 σου
2677 3780 2809 3851 γὰρ,
2838 3780 3021 3849 φησιν,
3048 3780 3075 3830 6
3101 3778 3257 3840 Θεὸς,
3287 3781 3366 3841 εἰς
3384 3778 3474 3831 τὸν
3507 3780 3679 3834 αίῶνα
3702 3780 3791 3833 τοῦ

2208 3873 2420 3934 αἰῶνος.
2451 3891 2468 3922 ι
2508 3870 2719 3924 Οὐκοῦν
2752 3872 2993 3925 ἐναντίον
3032 3871 3092 3924 τὸ
3139 3865 3283 3922 εἶναι
3319 3869 3549 3938 βασιλέα
3586 3872 3679 3925 τοῦ
3716 3874 3792 3936 είς

2211 3960 2433 4032 βασιλέα
2489 3962 2803 4032 χρισθῆναι,
2853 3962 2941 4014 διὰ
2983 3960 3044 4013 τὸ
3094 3961 3380 4032 ἀγαπῆσαι
3422 3961 3788 4033 δικαιοσύνην,

2210 4054 2304 4107 καὶ
2337 4054 2567 4124 μισῆσαι
2614 4054 2863 4123 ἀνομίαν.
2904 4054 3087 4106 Πόνων
3128 4055 3236 4123 γὰρ
3294 4050 3457 4108 ἆθλον
3500 4057 3534 4125 ἡ
3569 4056 3789 4126 τοιαύτη

2211 4145 2478 4215 βασιλεία.
2501 4144 2712 4199 Οὐκοῦν
2743 4144 2902 4199 πάλιν
2924 4146 3015 4198 τὸν
3047 4145 3145 4216 μὲν
3172 4146 3325 4209 Θεὸν,
3347 4138 3409 4198 οὗ
3432 4148 3460 4200 6
3494 4147 3683 4218 θρόνος
3716 4149 3791 4209 εις

2208 4236 2379 4288 αἰῶνα
2409 4234 2626 4299 αἰῶνος,
2668 4235 2759 4287 τὸν
2784 4236 2871 4289 ἀεὶ
2892 4235 3021 4289 ὅντα
3043 4238 3307 4306 νοήσομεν
3326 4252 3339 4265 ·
3370 4236 3464 4289 τὸν
3486 4236 3544 4289 δὲ
3575 4238 3791 4309 ὕστερόν

2208 4343 2340 4380 ποτε
2370 4325 2665 4397 χρισθέντα
2688 4327 2777 4397 διὰ
2807 4326 2866 4379 τὸ
2894 4328 3023 4397 περὶ
3049 4326 3148 4399 τὴν
3179 4329 3459 4398 ἁμαρτίαν
3495 4333 3672 4400 μῖσος,
3702 4330 3790 4383 καὶ

2208 4420 2306 4489 τὴν
2339 4418 2717 4489 ἀγαπηθεῑσαν
2749 4420 2839 4472 ὑπ’
2868 4420 3033 4471 αὑτοῦ
3067 4419 3439 4490 δικαιοσύνην,
3462 4422 3524 4473 τὸ
3556 4423 3616 4489 ἐξ
3641 4422 3790 4493 ἡμῶν

531 4515 597 4568 de
626 4510 782 4567 nobis
813 4518 1116 4577 sumptum,
1151 4518 1203 4560 et
1235 4520 1300 4561 ex
1343 4503 1539 4559 Davide
1576 4515 1735 4573 atque
1765 4504 2106 4571 Abrahamo,

2211 4510 2434 4583 ληφθὲν,
2466 4512 2527 4563 τὸ
2566 4513 2631 4564 ὲκ
2673 4512 2859 4577 Δαϐὶδ,
2905 4514 2964 4568 τὸ
3006 4512 3065 4577 ἐξ
3114 4511 3389 4583 Ἀϐραὰμ,
3436 4514 3499 4566 τὸ
3537 4516 3791 4585 μετόχους

529 4615 586 4660 et
623 4602 714 4673 qui
756 4601 892 4655 alios
933 4599 1225 4669 participes
1265 4596 1348 4650 sui
1388 4596 1572 4661 habet,
1610 4609 1745 4664 quos
1787 4595 1929 4648 inter
1966 4594 2110 4648 ebri-

531 4705 704 4749 smate
741 4692 988 4755 excellit,
1028 4694 1231 4761 quique
1271 4691 1451 4743 omnia
1510 4687 1833 4744 sanctissimi
1877 4686 2111 4757 Spiritus

530 4788 861 4844 charismata
905 4787 956 4839 in
998 4799 1055 4839 se
1096 4784 1317 4852 recepit.
1358 4784 1608 4851 attamen
1648 4784 1700 4835 in
1744 4790 1973 4849 utraque
2012 4796 2109 4834 na-

532 4892 651 4935 tura
683 4895 845 4933 unum
878 4876 1070 4931 Filium
1101 4874 1467 4929 adorabiinus.

604 4970 802 5025 lterum
844 4973 1032 5024 beatus
1071 4966 1270 5023 Paulus
1310 4965 1566 5019 Davidem
1604 4974 1802 5019 testem
1846 4964 2105 5019 invocans

532 5064 625 5136 qui
659 5066 735 5118 ait
769 5081 781 5118 :
820 5082 838 5113 ι
877 5062 1120 5125 Domine,
1156 5061 1282 5129 quid
1318 5066 1399 5113 esi
1424 5060 1607 5122 Immo,
1637 5060 1780 5127 quod
1813 5072 2019 5113 memor
2047 5072 2107 5112 es

531 5158 671 5226 ejus,
708 5163 800 5209 aut
838 5154 976 5208 ﬁlius
1014 5153 1245 5207 hominis
1288 5152 1541 5218 quoniam
1582 5151 1770 5203 visitas
1806 5149 1969 5204 eum?
2004 5148 2101 5203 Mi-

534 5250 698 5303 nuisti
729 5263 849 5302 eum
873 5247 1027 5316 paulo
1055 5247 1230 5299 minus
1259 5247 1321 5299 ab
1349 5243 1580 5313 angelis;
1611 5244 1781 5313 gloria
1813 5252 1867 5298 et
1898 5245 2103 5299 honore

535 5341 805 5394 coronasti
836 5356 957 5393 eum
990 5340 1068 5404 ⁶¹;
1104 5357 1121 5390 ι
1151 5338 1354 5391 addidit
1380 5354 1401 5389 τι
1425 5356 1441 5387 ι
1476 5337 1609 5390 Eum
1646 5346 1824 5392 autem
1858 5338 1948 5405 qui
1984 5352 2098 5391 mo-

604 5518 650 5553 "
685 5517 847 5573 Hebr.
877 5534 917 5583 t,
953 5520 1003 5571 5.
1081 5518 1125 5548 ⁵⁸
1161 5518 1287 5572 ibid.
1326 5517 1378 5571 4.
1458 5515 1501 5546 ⁶⁰
1534 5515 1661 5570 ibid.
1688 5516 1739 5583 8,
1770 5515 1821 5570 9.

605 5674 678 5743 (1)
720 5676 797 5727 Ad
823 5676 962 5727 hunc
989 5674 1139 5727 Luca:
1164 5673 1340 5725 locum
1368 5673 1507 5739 quod
1537 5672 1725 5725 attinet
1751 5672 1957 5742 legatur
1989 5674 2105 5739 pul-

529 5742 656 5814 chra
694 5744 881 5814 Cyrilli
914 5747 1083 5797 uestri
1117 5744 1390 5814 enarratio
1420 5743 1576 5814 etiam
1621 5744 1673 5795 in
1706 5745 2107 5814 connu_1e_n_t_a_r_iis

528 5812 644 5877 ejus
665 5809 795 5877 quos
824 5830 919 5872 nos
947 5815 1231 5871 edidimus.
1259 5810 1515 5881 (Hujusce
1538 5812 1741 5868 Pittrol.
1771 5825 1808 5869 t.
1842 5809 2104 5883 LXXII.)

2210 4600 2354 4672 ἔχον,
2401 4595 2481 4665 οἷς
2514 4602 2831 4655 πλεονεκτεῖ
2867 4603 2944 4673 τῷ
2981 4604 3264 4675 χρίσματι,
3314 4606 3372 4657 ὲν
3428 4605 3609 4675 ἑαυτῷ
3646 4604 3792 4669 δεξα-

2213 4712 2370 4765 μενον
2402 4695 2579 4748 πάντα
2612 4695 2681 4748 τὰ
2726 4695 3046 4767 χαρίσματα
3076 4695 3170 4749 τοῦ
3221 4697 3497 4764 παναγίου
3542 4698 3789 4768 Πνεύμα-

2206 4804 2297 4851 τος
2317 4804 2328 4815 ’
2362 4790 2418 4840 ὲν
2446 4787 2686 4859 ἑκατέρα
2713 4788 2771 4843 δὲ
2795 4788 2953 4858 φύσει
2982 4787 3058 4859 (2)
3089 4788 3179 4841 τὸν
3205 4787 3301 4843 ἕνα
3330 4789 3459 4843 Υίὸν
3482 4791 3790 4861 προσκυνή-

2211 4897 2416 4950 σωμεν,

2282 4974 2391 5027 Καὶ
2422 4968 2575 5035 αὖθις
2609 4967 2664 5026 δὲ
2687 4975 2715 5027 6
2752 4973 3021 5046 μακάριος
3065 4972 3274 5036 Παῦλος
3308 4974 3401 5027 τὸν
3435 4974 3603 5028 Δαϐιδ
3640 4974 3792 5027 καλέ‹

2213 5082 2311 5129 σας
2351 5068 2431 5129 είς
2477 5066 2784 5138 μαρτυρίαν
2822 5068 3048 5135 λέγοντα
3074 5084 3086 5097 ·
3122 5086 3139 5118 ι
3168 5067 3362 5137 Κύριε,
3407 5067 3457 5119 τί
3504 5069 3655 5120 ἐστιν
3700 5069 3790 5121 ἀντ

2210 5155 2425 5226 θρωπος
2461 5158 2543 5209 ὅτι
2587 5160 2873 5232 μιμνήσκῃ
2912 5159 3112 5225 αὐτοῦ,
3153 5159 3183 5229 ἢ
3220 5158 3335 5223 υἱὸς
3389 5160 3680 5231 ἀνθρώπου
3712 5161 3790 5212 ὅτι

2209 5247 2518 5321 ἐπισκέπτῃ
2550 5251 2750 5317 αὐτόν;
2788 5253 3137 5315 Ἦλάττωσας
3174 5253 3335 5306 αὑτὸν
3374 5253 3552 5324 βραχύ
3583 5272 3633 5306 τι
3664 5254 3788 5321 παρ’

2209 5341 2493 5409 ἀγγέλους,
2533 5342 2659 5415 δόξῃ
2689 5346 2784 5397 καὶ
2813 5349 2947 5416 τιμῇ
2984 5346 3365 5413 ἐστεφάνωσας
3401 5346 3568 5399 αὐτόν
3593 5363 3605 5375 ·
3632 5366 3651 5396 ι
3690 5346 3787 5397 ἰπ-

1903 5519 1942 5548 ⁶¹
1982 5515 2144 5575 llebr.
2184 5535 2244 5583 ti,
2291 5522 2344 5586 6,
2374 5522 2429 5578 7.

2290 5678 2369 5749 t2)
2413 5678 2509 5731 Hic
2539 5695 2751 5751 quoque
2782 5683 2915 5734 duas
2943 5681 2993 5733 in
3020 5696 3130 5751 uno
3155 5680 3376 5733 Christo
3404 5692 3628 5733 naturas
3657 5681 3792 5751 apud

2217 5749 2472 5821 Cyrillum
2512 5749 2759 5822 legimus,
2794 5752 2975 5808 invitis
3010 5750 3207 5807 frustra
3246 5752 3582 5807 Severianus.
