3996 6456
223 454 363 508 1457

1405 464 1491 518 DE
1530 462 2046 520 INCARNATIONE
2087 460 2344 519 DOMINI.

3385 454 3525 511 H53

216 573 428 642 ήγαγε·
468 595 487 629 ι
518 578 623 633 Τὸν
662 580 721 635 δὲ
763 580 937 653 βραχύ
986 599 1037 635 τι
1083 582 1216 654 παρ’
1256 582 1523 653 ἀγγέλους
1569 587 1800 655 ﬂia-:10).

1924 587 2047 643 dico
2091 602 2255 657 quam
2300 586 2478 657 angeli
2525 584 2832 641 minoratus
2874 592 2979 645 est,
3020 580 3268 635 videmus
3306 576 3519 638 Iesum.

223 667 389 735 μένον
430 668 703 742 βλέπομεν
740 674 967 743 Ἰησοῦν,
1012 673 1102 729 διὰ
1139 674 1200 728 τὸ
1243 675 1476 747 πάθημα
1516 676 1613 732 τοῦ
1649 676 1816 730 θανά-

216 774 349 821 του.
395 760 524 834 δόξῃ
563 764 661 817 καὶ
710 768 843 837 τιμῇ
895 766 1371 838 ἐστεφανωμένον,
1432 770 1577 832 ὅπως
1633 770 1815 839 χάριτι

216 846 359 903 Θεοῦ
390 851 531 923 ύπὲρ
560 854 764 918 παντὸς
790 856 1055 928 γεύσηται
1086 858 1341 914 θανάτου.
1369 878 1386 909 ι
1424 859 1595 913 Τοῦτο
1624 860 1680 912 δὲ
1719 861 1817 929 μά-

219 937 383 993 λιστα
437 943 626 1011 σαφῶς
665 946 903 1005 δείκνυσι
933 949 1027 1003 τοῦ
1072 950 1474 1019 ἀναληφθέντος
1523 951 1813 1021 ἀνθρώπου

216 1031 281 1084 τὸ
316 1034 551 1089 τέλειον·
581 1039 676 1091 καὶ
707 1042 814 1112 γάρ
868 1058 1034 1113 φησι·
1072 1062 1091 1095 ι
1120 1043 1186 1096 Τί
1216 1044 1364 1097 ἐστιν
1392 1044 1700 1115 ἄνθρωπος,
1731 1046 1811 1097 ὅτι

222 1128 514 1200 μιμνήσκῃ
570 1133 772 1200 αὐτούς
812 1153 829 1186 ι
870 1135 1008 1189 ἀλλά
1054 1136 1106 1188 τί
1151 1136 1299 1191 ἐστιν
1347 1136 1668 1208 ἄνθρωπος,
1719 1138 1811 1189 καὶ

219 1222 406 1274 πᾶσαν
445 1224 578 1292 ὁμοῦ
611 1225 707 1298 τὴν
746 1228 909 1295 φύσιν
946 1228 1285 1299 περιλαϐών·
1320 1231 1415 1285 καὶ
1464 1231 1667 1301 Κύριον
1715 1230 1812 1300 μὲν

216 1317 708 1386 προσαγορεύσας,
756 1321 847 1373 τὸν
900 1323 1257 1393 ὲνοικήσαντα
1302 1322 1436 1376 Θεὸν
1478 1324 1673 1391 Λόγον,
1721 1323 1811 1377 τὸν

212 1405 320 1473 τῆς
358 1408 566 1470 οἰκείας
606 1411 811 1475 εἰκόνος
859 1414 1189 1482 μνησθέντα,
1234 1415 1327 1466 τὸν
1356 1416 1583 1485 ἀρρήτῳ
1623 1414 1811 1483 φιλαν-

216 1497 441 1570 θρωπίᾳ
499 1504 890 1573 χρησάμενονο
950 1505 1248 1577 άνθρωπον
1295 1506 1351 1560 δὲ
1396 1506 1487 1559 τὸν
1531 1506 1589 1572 ἐξ
1651 1505 1809 1577 ἡμῶν

214 1591 599 1663 ἀναληφθέντα
631 1595 776 1659 ναὸν,
808 1596 867 1649 δν
897 1600 963 1667 τῇ
1001 1598 1277 1671 παρουσίᾳ
1306 1598 1674 1667 ἐπεσκέψατο,
1712 1598 1808 1651 καὶ

213 1682 399 1753 ἑαυτῷ
432 1686 657 1756 συνῆψε,
689 1689 783 1741 καὶ
812 1690 876 1759 τῇ
914 1689 1103 1742 ἑνώσει
1144 1689 1244 1760 τὴν
1288 1690 1565 1759 σωτηρίαν
1620 1690 1810 1759 είργά-

213 1788 353 1826 σατο
372 1790 386 1805 ·
418 1776 511 1828 καὶ
542 1776 701 1829 τοῦτο
751 1778 1071 1849 ἑρμηνεύων
1102 1779 1204 1849 ἔφη
1226 1797 1241 1811 ο
1275 1797 1294 1830 ι
1324 1780 1428 1832 Τὸν
1446 1780 1504 1833 δὲ
1540 1780 1716 1851 βραχύ
1757 1799 1807 1834 τι

1921 689 2145 749 propter
2174 679 2481 749 passionem
2514 677 2729 741 mortis,
2759 675 2931 745 gloria
2965 683 3019 729 et
3051 675 3257 730 honore
3286 685 3522 727 corona-

1920 781 2065 836 tum,
2113 782 2172 825 ut
2217 770 2391 841 gratia
2442 768 2570 835 Dei,
2612 783 2712 840 pro
2754 765 3010 823 omnibus
3055 772 3287 819 mortem
3334 771 3520 831 gusta-

1918 872 2002 917 ret
2028 864 2095 917 ⁶².
2138 882 2155 914 ι
2188 864 2303 918 Hoc
2334 871 2517 917 autem
2550 859 3002 916 manifestissime
3032 856 3301 924 assumpti
3338 850 3518 907 homi-

1916 954 2003 1009 nis
2035 954 2428 1023 pert’ectionem
2461 953 2824 1009 demonstrat.
2855 950 2945 1004 Ait
2975 947 3119 1003 enim
3152 964 3166 1001 :
3207 964 3225 997 ι
3263 944 3404 1011 Quid
3433 954 3519 998 est

1916 1048 2099 1111 homo,
2134 1046 2279 1116 quod
2317 1059 2525 1099 memor
2555 1058 2616 1100 es
2651 1044 2807 1112 ejus?
2847 1061 2865 1094 ι
2908 1040 3014 1095 Sed
3052 1038 3181 1110 quid
3223 1044 3309 1093 est
3347 1036 3518 1091 homo

1914 1140 2040 1192 dum
2084 1141 2178 1203 ait,
2220 1138 2533 1192 universam
2574 1136 2733 1191 simul
2773 1144 3027 1188 naturam
3071 1128 3512 1201 comprehendit.

1912 1230 1977 1284 Et
2018 1230 2145 1284 dum
2191 1230 2477 1284 Dominum
2518 1227 2776 1297 appellat,
2818 1225 2985 1279 Deum
3016 1221 3256 1277 Verbum
3298 1218 3517 1274 inhabi-

1913 1332 2035 1377 tans
2068 1323 2216 1387 dicit,
2243 1322 2387 1391 quod
2420 1335 2533 1375 suae
2565 1319 2822 1387 imaginis
2853 1330 3063 1371 memor
3090 1311 3217 1377 luit,
3247 1311 3393 1382 quod
3432 1310 3517 1364 in-

1910 1414 2178 1469 effabilem
2202 1413 2547 1468 clementiam
2570 1410 2928 1481 exprompsit.
2955 1405 3243 1462 Hominem
3269 1402 3511 1473 denique

1910 1509 1982 1561 ait
2036 1506 2164 1560 illud
2191 1506 2335 1576 quod
2360 1506 2429 1561 de
2456 1504 2613 1559 nobis
2641 1512 2918 1571 sumptum
2946 1510 3030 1555 est
3058 1496 3339 1569 templum,
3365 1495 3510 1564 quod

1912 1597 2200 1668 prmaentia
2227 1612 2325 1652 sua
2351 1595 2621 1661 visitavit,
2647 1595 2867 1665 sibique
2890 1591 3190 1662 c0pulavit,
3213 1602 3390 1657 eaque
3417 1588 3512 1641 ad-

1910 1690 2169 1744 unatione
2193 1688 2421 1743 salutem
2449 1688 2678 1760 peregit.
2700 1684 2833 1755 Quae
2858 1686 2973 1756 ipse
3000 1684 3372 1754 interpretans
3395 1677 3505 1732 ait:

1913 1801 1934 1834 ι
1979 1780 2114 1837 Ειιιη
2156 1792 2335 1837 autem
2374 1782 2467 1851 qui
2510 1780 2729 1837 modico
2770 1794 2933 1849 quam
2980 1776 3159 1846 angeli
3202 1774 3508 1827 minoratus

213 1863 352 1933 παρ’
372 1864 638 1931 ἀγγέλους
665 1866 1051 1937 ἠλαττωμένον
1082 1868 1355 1939 βλέπομεν
1391 1869 1599 1939 Ἰησοῦν
1628 1870 1718 1923 διὰ
1744 1870 1800 1924 τὸ

1908 1884 2017 1941 est,
2056 1873 2304 1930 videmus
2343 1873 2563 1942 Jesum,
2603 1881 2826 1946 propter
2865 1871 3060 1926 mortis
3096 1868 3434 1941 passionem.
3482 1884 3503 1917 ι

212 1952 451 2025 πάθημα
488 1955 583 2010 τοῦ
618 1956 871 2013 θανάτου.
899 1978 917 2011 ι
967 1960 1233 2016 ’Δπέθανε
1264 1962 1320 2016 δὲ
1353 1963 1450 2035 οὐχ
1481 1965 1508 2017 6
1538 1963 1800 2028 ἀθάνατος

1909 1940 2155 2020 Mortuus
2177 1973 2261 2022 est
2288 1966 2471 2036 itaque
2494 1940 2962 2021 non'im-mortalis
2991 1962 3155 2027 Deus,
3182 1959 3278 2015 sed
3309 1966 3507 2012 natura

209 2044 351 2109 Θεὸς
380 2046 572 2116 Λόγος,
606 2048 722 2102 ἀλλ’
756 2051 787 2119 ή
823 2050 993 2122 θνητὴ
1030 2050 1212 2122 φύσις.
1247 2054 1340 2106 Διὸ
1374 2056 1469 2107 καὶ
1504 2053 1808 2125 ἠλαττοῦτο

210 2133 393 2205 βραχύ
430 2152 482 2189 τι
544 2140 675 2208 παρ’
703 2136 1006 2206 ἀγγέλους,
1048 2138 1128 2210 τῷ
1169 2142 1294 2205 τοὺς
1362 2142 1461 2212 μὲν
1501 2142 1807 2207 ἀθανάτους

207 2223 379 2290 εἶναι,
411 2226 510 2300 τὴν
548 2229 605 2282 δὲ
636 2228 859 2301 θνητήν.
900 2230 961 2286 '0
990 2231 1047 2286 δὲ
1068 2231 1202 2295 Θεὸς
1231 2234 1405 2302 Λόγος
1427 2235 1527 2287 οὐκ
1565 2235 1804 2289 ἐλάττων

208 2318 485 2389 ἀγγέλων,
526 2322 661 2376 ἀλλά
689 2323 957 2394 δεσπότης
987 2324 1239 2394 ἀγγέλων
1260 2343 1275 2357 ·
1316 2346 1334 2377 ι
1375 2326 1463 2380 Ἐν
1494 2326 1646 2396 αὑτῷ
1694 2326 1805 2398 γὰρ

207 2412 441 2484 ἐκτίσθη
480 2414 550 2467 τὰ
590 2414 803 2480 πάντα,
836 2401 947 2491 εἴτε
993 2416 1200 2484 ὁρατὰ,
1246 2417 1358 2471 εἴτε
1403 2418 1649 2490 ἀόρατα,
1692 2419 1803 2472 εῐτε

204 2502 427 2573 Θρόνοι,
458 2506 568 2558 εἴτε
601 2507 957 2578 κυριότητες,
982 2509 1089 2561 εἴτε
1120 2510 1331 2580 Ἀρχαὶ,
1358 2509 1469 2563 εἴτε
1508 2509 1801 2578 Ἐξουσίαι,

207 2590 328 2647 εἴτε
356 2596 632 2664 Ἄγγελοι,
654 2598 764 2650 εἴτε
788 2599 1087 2671 Δυνάμεις·
1120 2603 1299 2657 πάντα
1324 2603 1381 2657 δὲ
1403 2604 1469 2658 δι’
1496 2606 1686 2670 αὐτοῦ,
1710 2608 1803 2660 καὶ

205 2688 293 2750 εἰς
326 2687 490 2742 αὺτὸν
522 2687 785 2745 ἔκτισται.
822 2712 839 2743 ι
894 2692 1004 2746 Kal
1046 2695 1186 2764 μετά
1217 2695 1388 2749 πολλὰ
1432 2698 1594 2750 πάλιν
1616 2716 1628 2728 ·
1662 2717 1679 2750 ι
1707 2702 1803 2763 Ὃς

203 2781 270 2834 ἐν
294 2784 417 2844 ταῖς
446 2782 701 2853 ἡμέραις,
731 2787 885 2854 φησι,
914 2786 1015 2855 τῆς
1050 2788 1251 2857 σαρκὸς
1282 2790 1445 2843 αὑτοῦ
1472 2792 1683 2862 δεήσεις
1709 2796 1803 2846 καὶ

206 2873 498 2942 ἱκετηρίας
529 2876 665 2945 πρὸς
707 2876 797 2927 τὸν
840 2877 1137 2947 δυνάμενον
1161 2880 1322 2934 αὑτὸν
1348 2883 1412 2935 ὲκ
1442 2882 1675 2937 θανάτου
1710 2886 1803 2954 ρύ-

205 2964 413 3017 σασθαι
461 2968 599 3034 μετά
651 2971 899 3039 κραυγῆς
942 2971 1167 3043 ἰσχυρᾶς
1212 2974 1305 3026 καὶ
1334 2975 1590 3046 δακρύων
1634 2994 1802 3048 προσο

202 3056 482 3125 ενεγκὼν,
529 3059 623 3112 καὶ
688 3062 1064 3127 εἰσακουσθεὶς
1118 3065 1227 3117 ἀπὸ
1278 3065 1376 3136 τῆς
1423 3068 1731 3133 εὐλαϐείας.
1774 3089 1792 3123 ι

203 3149 432 3221 Καίπερ
461 3149 536 3203 ὢν
571 3151 717 3215 Υἱὸς,
757 3153 960 3223 ἔμαθεν
993 3156 1052 3221 ἐξ
1100 3150 1176 3210 ὧν
1201 3156 1369 3211 ἔπαθε
1401 3158 1501 3229 τὴν
1532 3161 1796 3233 ὑπακοὴν,

202 3240 304 3292 καὶ
329 3240 634 3305 τελειωθεὶς
666 3243 887 3311 γέγονεν
916 3246 1087 3299 ἆπασι
1116 3248 1225 3310 τοῖς
1251 3248 1619 3305 ὑπακούουσιν
1648 3252 1797 3325 αύτῷ

199 3331 381 3394 αἴτιος
414 3333 685 3403 σωτηρίας
726 3338 969 3392 αἰωνίου.

275 3508 375 3572 Τίς
412 3509 589 3563 τοίνυν
616 3514 645 3565 6
675 3516 1142 3586 προσευχόμενος,
1185 3518 1279 3571 καὶ
1310 3520 1527 3592 δεήσεις
1556 3525 1650 3577 καὶ
1688 3526 1800 3578 ἱκε-

197 3600 403 3670 τηρίας
423 3601 561 3671 μετά
590 3604 840 3673 κραυγῆς
864 3607 1091 3677 ἰσχυρᾶς
1110 3610 1204 3664 καὶ
1224 3610 1478 3682 δακρύων
1501 3631 1771 3685 προσενεγ
1785 3646 1802 3659 ο

199 3692 350 3758 κών;
402 3694 497 3757 Τίς
541 3697 570 3747 6
599 3697 655 3748 ὲν
688 3697 943 3770 εὐλαϐείᾳ
982 3704 1255 3773 συζήσας,
1289 3706 1385 3758 καὶ
1413 3707 1502 3759 διὰ
1533 3708 1693 3764 τοῦτο
1740 3711 1799 3764 ὃν

198 3785 452 3838 ικέτευσε
508 3787 740 3854 πείσας;
775 3790 870 3853 Τίς
901 3793 929 3845 6
965 3793 1154 3861 μαθὼν
1201 3797 1294 3861 ἀφ’
1345 3791 1421 3851 ὦν
1473 3799 1644 3854 ἔπαθε
1698 3802 1798 3874 τὴν

195 3877 472 3948 ὑπακοὴν,
502 3880 593 3931 καὶ
620 3880 718 3949 τὴν
745 3885 942 3951 πεῖραν
970 3883 1151 3939 λαϐὼν
1175 3887 1517 3955 διδάσκαλον,
1548 3893 1644 3945 καὶ
1677 3896 1801 3948 ταύ-

192 3986 301 4039 την
330 3969 540 4036 ἀγνοῶν
564 3970 669 4041 πρὸ
695 3976 791 4043 τῆς
822 3975 1013 4045 πείρας
1037 3995 1049 4041 ;
1077 3979 1171 4042 Τίς
1199 3982 1225 4032 6
1249 3979 1429 4034 λαϐὼν
1456 3985 1598 4038 κατὰ
1631 3988 1799 4057 μέρος

194 4060 302 4130 τὴν
340 4058 689 4131 τελειότητα;
720 4066 835 4134 υύχ
877 4068 904 4117 6
944 4068 1075 4130 Θεὸς
1109 4070 1302 4137 Λόγος,
1334 4076 1362 4125 6
1396 4073 1621 4140 τέλειος,
1657 4078 1686 4129 6
1721 4082 1797 4131 είο

192 4152 306 4216 δὼς
345 4153 522 4206 πάντα
563 4155 694 4224 πρὶν
740 4160 1008 4223 γενέσεως
1041 4162 1241 4225 αὐτῶν,
1275 4164 1390 4216 ἀλλ’
1413 4168 1475 4220 ού
1516 4170 1581 4239 τῇ
1633 4172 1798 4245 πείρᾳ

200 4244 524 4317 μανθάνων·
552 4247 583 4300 ὁ
630 4248 838 4313 πάντας
872 4252 1011 4321 ἔχων
1056 4254 1516 4326 εὐλαϐουμένους,
1551 4261 1667 4315 ἀλλ’
1693 4265 1795 4318 οὐκ

194 4337 365 4401 αὐτὸς
395 4338 791 4408 εὐλαϐούμενος
816 4360 827 4371 ·
862 4344 889 4393 6
923 4344 1256 4415 ἀφελόμενος
1284 4351 1391 4402 πᾶν
1423 4351 1660 4423 δάκρυον
1688 4357 1795 4410 ἀπὸ

196 4430 405 4492 παντὸς
444 4429 760 4498 προσώπου,
790 4432 905 4484 ἀλλ’
932 4436 993 4487 ού
1024 4435 1283 4507 δακρύειν
1320 4440 1412 4493 ὑπ’
1438 4442 1630 4513 ὀδύνης
1665 4447 1794 4499 ἀνα-

193 4522 571 4591 γκαζόμενος’
608 4525 637 4575 6
666 4525 882 4593 ἀπαθὴς
925 4531 1018 4579 καὶ
1053 4529 1337 4595 ἀθάνατος,
1369 4534 1484 4586 ἀλλ’
1511 4537 1571 4589 οὺ
1606 4539 1792 4605 δεδιὼς

1911 2055 2180 2111 mortalis.
2227 2055 2352 2110 Ideo
2391 2063 2447 2113 et
2491 2056 2708 2111 modico
2750 2054 2892 2109 intra
2938 2051 3162 2122 angelos
3203 2048 3509 2105 minoratns

1906 2154 2013 2209 est,
2040 2146 2165 2213 quia
2193 2146 2247 2199 hi
2275 2155 2404 2201 sunt
2434 2145 2795 2209 immortales,
2824 2144 2915 2198 illa
2944 2157 3104 2197 secus
3135 2150 3330 2195 natura
3361 2152 3510 2192 mor-

1908 2237 2035 2292 talis
2060 2247 2163 2293 est.
2192 2236 2363 2295 Porro
2394 2237 2536 2293 Deus
2560 2236 2798 2293 Verbum
2826 2251 2932 2291 non
2962 2243 3048 2290 est
3076 2232 3217 2288 infra
3247 2230 3507 2301 angelos,

1905 2330 2002 2383 sed
2031 2328 2349 2396 angelorum
2375 2327 2597 2399 833m
2628 2327 2909 2381 Dominus.
2956 2344 2973 2376 ι
3007 2322 3276 2391 Quoniam
3303 2321 3357 2376 in
3391 2320 3509 2389 ipso

1906 2421 2127 2478 condita
2163 2430 2290 2475 sunt
2322 2421 2613 2481 universa,
2650 2419 2764 2474 sive
2801 2417 3070 2481 visibilia,
3109 2416 3225 2471 sive
3261 2413 3510 2467 invisibi-

1905 2511 2000 2578 lia,
2032 2512 2150 2568 sive
2178 2511 2410 2578 Throni,
2441 2510 2561 2567 sive
2597 2509 3034 2574 Dominationes,
3069 2509 3186 2561 sive
3224 2506 3509 2575 Principa-

1907 2614 2025 2670 tus,
2051 2603 2165 2659 sive
2194 2601 2530 2667 Potestates,
2557 2603 2673 2658 sive
2696 2600 2887 2671 Angeli
2908 2641 2923 2666 ,
2952 2599 3066 2655 sive
3085 2596 3360 2661 Virtutes;
3388 2610 3506 2651 om-

1905 2697 2007 2752 nia
2028 2705 2207 2753 autem
2240 2709 2336 2765 per
2364 2696 2563 2765 ipsum,
2590 2704 2647 2749 et
2675 2695 2729 2749 in
2765 2693 2886 2763 ipso
2916 2699 3102 2747 creata
3135 2688 3352 2744 sunt“.
3392 2705 3411 2738 ι
3442 2686 3508 2741 Et

1905 2788 2032 2844 alibi
2076 2788 2256 2844 denuo
2295 2806 2309 2842 :
2354 2806 2373 2841 ι
2418 2787 2522 2854 Qui
2566 2788 2621 2841 in
2666 2785 2884 2849 diebus,
2928 2785 3125 2852 inquit,
3164 2781 3349 2837 carnis
3393 2794 3506 2833 sua:

1903 2893 2096 2949 preces
2133 2878 2671 2948 supplicationesque
2707 2877 2773 2932 ad
2810 2892 2971 2941 eum,
3006 2875 3100 2946 qui
3141 2874 3311 2944 p05sit
3350 2871 3504 2926 illum

1903 2971 2111 3026 salvum
2148 2970 2330 3025 facere
2367 2986 2395 3025 a
2437 2980 2635 3037 morte,
2674 2985 2797 3025 cum
2833 2968 3071 3024 clamore
3107 2966 3284 3021 valido
3323 2974 3379 3019 et
3421 2964 3504 3018 la-

1903 3064 2105 3133 crymis
2148 3060 2414 3127 offerens,
2464 3062 2757 3117 exauditus
2808 3070 2893 3117 est
2944 3075 3043 3128 pro
3090 3073 3188 3113 sua
3240 3070 3505 3111 reveren-

1905 3158 1975 3209 tia
2003 3154 2068 3209 “.
2116 3174 2135 3207 ι
2175 3155 2239 3209 Ει
2270 3155 2493 3225 quidem
2535 3170 2658 3210 cum
2697 3164 2843 3210 esset
2881 3153 3078 3217 Filius,
3117 3151 3305 3207 didicit
3331 3164 3397 3204 ex
3436 3150 3503 3204 iis

1904 3263 2025 3317 quae
2062 3262 2257 3317 passus
2290 3258 2375 3302 est
2406 3246 2771 3303 obedientiam
2808 3265 2822 3302 :
2855 3258 2909 3302 et
2944 3253 3379 3308 consummatus,
3416 3242 3501 3296 fa-

1903 3348 2025 3394 ctus
2056 3347 2142 3395 est
2175 3338 2431 3394 omnibus
2462 3338 2971 3408 obtemperantibus
3002 3337 3125 3399 sibi,
3158 3350 3321 3392 causa
3356 3334 3500 3389 salu-

1903 3432 1971 3485 tis
2001 3441 2241 3488 aternte.

1972 3521 2106 3588 Quis
2135 3536 2267 3591 ergo
2302 3530 2389 3577 est
2419 3536 2609 3586 orans,
2641 3531 2695 3577 et
2730 3536 2925 3593 preces
2959 3520 3500 3590 supplicationesque

1901 3625 2024 3665 cum
2056 3613 2296 3667 clamore
2323 3613 2502 3667 valido
2532 3621 2587 3667 et
2616 3611 2873 3683 lacrymis
2903 3609 3177 3667 offerens?
3207 3612 3342 3678 Quis
3375 3626 3498 3665 cum

1902 3704 2153 3774 religiosa
2187 3706 2485 3759 reverentia
2516 3705 2724 3769 vivens,
2757 3705 2987 3773 ideoque
3016 3704 3084 3759 ab
3115 3719 3181 3758 eo
3213 3718 3374 3773 quem
3410 3718 3500 3758 ro-

1898 3797 2044 3867 gavit
2076 3796 2409 3867 impetrans?
2435 3797 2569 3861 Quis
2598 3798 2819 3853 discens
2844 3812 2911 3853 ex
2941 3798 3006 3851 iis
3035 3812 3158 3867 quae
3188 3811 3384 3866 passus
3413 3805 3502 3851 est

1897 3889 2286 3955 obedientiam,
2315 3899 2370 3945 et
2402 3890 2648 3957 magistri
2682 3889 2803 3944 loco
2831 3889 3229 3958 experientiam
3263 3890 3499 3953 habens,

1900 3984 2123 4053 ignarus
2152 3984 2271 4051 ejus
2300 3983 2376 4036 rei
2409 3992 2708 4052 antequam
2738 3982 3121 4051 experiretur?
3169 3982 3306 4049 Quis
3335 3982 3501 4051 pede-

1900 4078 2089 4132 tentim
2127 4077 2360 4148 adeptus
2397 4086 2482 4132 est
2520 4074 2950 4146 perlectionem?
2989 4074 3141 4131 Haud
3181 4090 3315 4130 sane
3357 4076 3499 4131 Deus

1898 4169 2158 4236 Verbum,
2196 4171 2497 4239 perlectum
2535 4169 2685 4232 illud,
2712 4178 2768 4224 et
2802 4171 2946 4239 quod
2982 4170 3167 4224 omnia
3204 4178 3496 4237 antequam

1898 4266 2029 4317 tiant
2058 4264 2230 4328 novit,
2262 4263 2488 4317 minime
2517 4279 2645 4317 vero
2673 4262 3011 4331 experientia
3048 4262 3267 4317 discens
3303 4280 3316 4315 :
3351 4263 3498 4331 quod

1894 4370 2085 4410 omnes
2110 4356 2276 4409 habet
2296 4356 2380 4409 sui
2406 4355 2664 4418 cultores,
2688 4354 2817 4408 dum
2844 4354 2913 4407 ab
2934 4353 3052 4421 ipso
3076 4353 3275 4408 colitur
3296 4367 3495 4419 nemo;

1894 4446 2149 4503 auferens
2184 4446 2252 4500 ab
2278 4447 2425 4500 omni
2463 4447 2603 4502 l'aeie
2635 4447 2956 4515 lacrymam,
2986 4445 3162 4515 ipsum
3190 4460 3320 4500 vero
3352 4444 3498 4499 nullo

1894 4543 2081 4596 dolore
2118 4541 2408 4611 Iaerymari
2445 4540 2785 4609 compulsum
2821 4557 2836 4605 ;
2874 4539 3238 4609 impassibile,
3277 4540 3497 4592 immor-

193 4614 290 4667 τὸν
325 4613 572 4678 θάνατον,
607 4614 699 4666 καὶ
753 4617 891 4683 μετά
941 4620 1191 4690 κραυγῆς
1238 4624 1497 4679 ἱκετεύων
1543 4628 1790 4684 ἀπαλλα-

1904 4636 2029 4699 tale,
2068 4650 2172 4688 non
2216 4644 2398 4687 autem
2445 4643 2673 4686 mortem
2725 4632 2944 4696 timens,
2994 4646 3172 4700 neque
3216 4640 3275 4684 ut
3318 4632 3387 4685 ab
3430 4647 3493 4684 ea

195 4706 365 4775 γῆναι
397 4704 650 4759 θανάτου.
685 4708 898 4761 Οὐκοῦν
928 4709 1033 4763 ἴδια
1060 4712 1233 4767 ταῦτα
1258 4718 1357 4785 τῆς
1390 4718 1793 4793 ἀναληφθείσης

193 4796 657 4868 ἀνθρωπότητος,
695 4801 726 4868 ἦ
765 4801 857 4853 καὶ
902 4802 990 4855 τὸν
1026 4803 1256 4859 θάνατον
1305 4808 1520 4875 ἐδεδίει,
1572 4814 1668 4866 καὶ
1711 4815 1789 4867 δι-

192 4888 374 4941 ετέλει
414 4892 865 4961 προσευχομένη,
913 4894 1009 4963 τῆς
1063 4898 1381 4972 ἐνοικούσης
1428 4903 1693 4976 Θεότητος
1718 4908 1794 4977 τῷ

192 4982 350 5053 φόϐῳ
390 4984 861 5054 παραγν-υρούσης,
902 4987 989 5039 ἵνα
1022 4988 1109 5041 διὰ
1142 4991 1251 5045 τῶν
1288 4995 1631 5063 παθημάτων
1680 5000 1791 5053 δει-

192 5074 301 5147 χθῇ
349 5072 441 5127 τοῦ
476 5076 773 5145 ληφθέντος
819 5081 849 5149 ἡ
888 5080 1069 5148 φύσις.
1120 5085 1230 5137 Καὶ
1283 5087 1475 5141 πάλινο
1516 5111 1533 5141 ι
1566 5094 1641 5145 Οὐ
1684 5094 1793 5166 γὰρ

190 5169 370 5239 δήπου
434 5169 685 5237 ἀγγέλων
748 5171 1216 5243 ἐπιλαμϐάνεται,
1279 5178 1414 5232 ἀλλὰ
1476 5183 1793 5255 σπέρματος

207 5260 458 5330 Ἀϐραὰμ
511 5262 979 5331 ἐπιλαμϐάνεται’
1018 5267 1140 5320 ὅθεν
1185 5269 1384 5337 ὡφειλε
1438 5276 1577 5331 κατὰ
1613 5279 1792 5333 πάντα

189 5354 308 5415 τοῖς
356 5352 603 5421 ἀδελφοῖς
639 5356 1007 5427 ὁμοιωθῆναι,
1058 5363 1137 5423 εἰς
1183 5362 1243 5414 τὸ
1303 5364 1622 5423 ἱλάσκεσθαι
1667 5376 1787 5437 ταῖς

192 5444 497 5514 ἁμαρτίαις
538 5446 631 5498 τοῦ
679 5448 828 5503 λαοῦ.
863 5470 880 5503 ι
933 5453 1019 5505 Ἐν
1064 5446 1107 5518 ᾧ
1148 5456 1257 5526 γὰρ
1309 5460 1575 5515 πέπονθεν
1631 5466 1791 5529 αύτὸς

197 5538 544 5606 ττειρασθεὶς,
594 5540 818 5595 δύναται
868 5549 980 5609 τοῖς
1042 5551 1460 5619 πειραζομένοις
1501 5554 1787 5626 βοηθῆσαι.

196 5632 305 5682 Καὶ
343 5635 459 5699 μετ’
502 5633 691 5701 ὀλίγα·
732 5656 746 5684 ι
780 5638 850 5688 Οὐ
887 5640 995 5709 γὰρ
1037 5642 1234 5712 ἔχομεν
1280 5647 1543 5717 ἀρχιερέα
1590 5650 1664 5719 μὴ
1699 5651 1790 5703 δυ-

194 5722 427 5787 νάμενον
478 5724 833 5793 συμπαθῆσαι
871 5731 988 5789 ταῖς
1019 5731 1326 5798 ἀσθενείαις
1374 5737 1553 5803 ἡμῶν,
1600 5755 1791 5791 πεπειο

266 5896 308 5923 ’ί
340 5897 382 5949 ιι
424 5896 499 5952 ιη.
534 5913 591 5969 ςι,
636 5902 686 5959 υ,

767 5906 810 5930 εμπ
846 5905 1051 5963 ..ξυιῌδδι
1085 5927 1117 5975 ι’
1165 5910 1241 5965 μὶ,
1326 5916 1364 5939 ’λ
1407 5911 1564 5968 Ηι;1ι[.
1602 5934 1645 5982 \,
1689 5921 1711 5969 7

1895 4729 2159 4782 liberetur
2192 4742 2316 4780 cum
2363 4724 2600 4778 clamore
2641 4724 2980 4792 supplicans.
3020 4722 3286 4787 Superest
3328 4722 3495 4789 igitur

1897 4828 1954 4873 ut
1989 4820 2103 4873 haec
2138 4817 2497 4871 humanitatis
2534 4827 2825 4884 assumpta:
2862 4815 2973 4869 sint
3008 4814 3251 4883 propria,
3288 4828 3408 4880 qua:
3441 4822 3495 4867 et

1899 4921 2128 4965 mortem
2159 4910 2455 4971 metuebat,
2482 4918 2537 4962 et
2565 4909 2617 4961 iu
2648 4908 2899 4962 oratione
2929 4905 3339 4975 perseverabat,
3366 4918 3494 4973 qua-

1899 5016 2058 5058 tenus
2095 5002 2407 5057 inhabitans
2443 5002 2623 5056 Deitas
2653 5002 2833 5055 timori
2873 5000 3048 5053 locum
3085 5014 3209 5053 esse
3241 4998 3493 5062 sinebat;

1894 5108 1948 5151 ut
1987 5113 2055 5153 ex
2097 5097 2440 5165 passionibus
2482 5095 2744 5162 assumpti
2791 5093 3025 5146 hominis
3066 5101 3257 5146 natura
3300 5090 3495 5159 digno-

1892 5196 2159 5241 sceretur.
2196 5186 2260 5240 Et
2298 5201 2486 5240 rursus
2524 5207 2535 5240 :
2581 5204 2598 5237 ι
2644 5184 2920 5255 Nusquam
2960 5185 3103 5237 enim
3143 5183 3364 5251 angelos
3399 5198 3495 5251 ap-

1893 5280 2215 5349 prehendit,
2252 5281 2347 5332 sed
2393 5294 2576 5333 semen
2621 5280 2861 5333 Abrahae
2905 5277 3262 5346 apprehendit
3299 5292 3314 5329 :
3353 5279 3495 5331 unde

1897 5372 2083 5427 debuit
2121 5386 2216 5439 per
2250 5373 2434 5425 omnia
2473 5370 2733 5426 fratribus
2768 5370 3027 5435 similari,
3068 5379 3126 5423 ut
3161 5370 3356 5424 delicta
3393 5385 3493 5439 pu-

1892 5466 2001 5535 puli
2036 5466 2509 5535 repr0pitiaret”.
2546 5485 2563 5517 ι
2597 5465 2652 5519 ln
2681 5480 2747 5519 eo
2778 5466 2922 5520 enim
2956 5466 3012 5520 in
3045 5480 3153 5535 quo
3186 5479 3381 5533 passus
3412 5474 3494 5518 est

1892 5556 2005 5622 ipse
2045 5566 2099 5609 et
2144 5566 2415 5620 tentatus,
2461 5566 2655 5625 potens
2697 5567 2780 5612 est
2822 5566 2878 5611 et
2922 5558 3002 5612 eis
3048 5557 3139 5627 qui
3189 5565 3494 5618 tentantur,

1890 5648 2162 5701 auxiliari.
2202 5650 2267 5703 Et
2310 5650 2450 5704 haud
2496 5650 2680 5705 multis
2723 5650 3029 5720 interjcctis
3066 5667 3077 5701 :
3122 5670 3139 5698 ι
3186 5647 3302 5701 Non
3346 5646 3492 5701 enim

1893 5741 2154 5796 habemus
2193 5743 2539 5810 pontiﬁcem,
2580 5745 2669 5813 qui
2713 5759 2818 5800 non
2858 5745 3027 5813 possit
3066 5742 3303 5810 compati
3342 5739 3495 5794 inﬁr-

1898 5919 2059 5975 "kbl.
2100 5916 2161 5987 ιιζ
2206 5924 2279 5976 It}.
