3996 6462
517 424 648 479 HS!)

1501 416 1555 471 S.
1600 417 1877 471 (ZYIHILI
1903 417 2375 472 ALEXANDRINI
2412 417 2733 475 AIICHIEI‘.

3622 418 3744 477 1460

514 540 787 595 mitatihus
811 537 1037 598 nostris,
1065 541 1321 588 tentatum
1342 541 1515 588 autem
1540 534 1755 606 834m
1784 550 1875 605 per
1905 536 2071 589 omnia

2185 536 2420 607 ραμὲνον
2452 536 2505 589 δὲ
2532 536 2672 589 κατά
2707 536 2879 589 πάντα
2917 535 3036 588 καθ’
3057 536 3351 605 ὁμοιότητα
3387 535 3553 607 χωρὶς
3585 537 3748 605 ἀμαρ-

508 649 607 700 pro
630 628 980 683 similitudine
1005 626 1205 693 absque
1231 633 1450 694 peccatu
1469 624 1532 677 “.
1562 645 1579 675 ι
1603 624 1695 679 Est
1722 628 1881 695 igitur
1904 627 2070 680 Abra-

514 723 655 776 hami
700 734 879 774 semen
925 720 1134 772 diversa
1183 732 1265 771 res
1303 718 1371 770 ab
1410 717 1497 770 illo
1535 717 1625 785 qui
1669 719 1719 770 id
1761 716 2065 784 assumpsit.

514 812 706 865 Semen
746 824 873 863 vero
914 807 1203 861 Abrahami
1244 806 1451 860 sciebat
1492 806 1678 860 beatus
1714 805 1912 859 Paulus
1950 818 2069 857 esse

512 905 852 958 Servatorem
888 900 1158 954 Christum
1193 902 1484 952 secundum
1501 912 1771 951 carnem.r
1802 896 1915 950 Non
1936 896 2070 948 dixit

509 1004 563 1047 et
602 992 897 1047 seminibus
939 989 1075 1052 tuis,
1118 988 1272 1057 quasi
1315 988 1379 1042 de
1421 987 1634 1051 multis;
1676 988 1769 1039 sed
1809 984 1961 1054 quasi
2004 985 2070 1038 de

512 1100 615 1137 uno
644 1101 655 1135 :
690 1102 706 1134 ι
732 1080 796 1134 Ει
824 1079 1014 1134 semini
1050 1089 1162 1143 tuo,
1190 1082 1277 1147 qui
1308 1087 1389 1132 est
1416 1076 1666 1130 Christus
1685 1076 1749 1130 ⁸⁷.
1784 1094 1800 1127 ι
1836 1076 2070 1144 Denique

508 1174 667 1228 etiam
700 1170 889 1223 tentari
925 1169 989 1223 ad
1023 1168 1423 1223 similitudinem
1453 1166 1654 1234 absque
1687 1174 1932 1235 peccato,
1962 1179 2069 1218 non

508 1272 590 1315 est
617 1260 708 1317 Dei
737 1258 915 1321 Verbi,
941 1258 1033 1312 sed
1064 1257 1324 1324 assumpti
1356 1256 1581 1309 seminis
1610 1256 1908 1324 proprium.

508 1368 669 1423 XXII.
709 1369 861 1434 Quod
891 1367 1044 1421 Jesus
1076 1375 1125 1420 et
1156 1366 1293 1419 Deus
1343 1364 1556 1417 Verbum
1588 1374 1634 1417 et
1673 1366 1825 1416 homo
1852 1364 2065 1416 dicitur.

541 1550 619 1604 Ita
640 1544 1078 1619 prmclarissimus
1107 1539 1302 1595 Paulus
1328 1552 1421 1608 per
1452 1547 1613 1592 totam
1642 1536 1929 1606 Epistolam
1956 1545 2067 1589 tum

507 1653 713 1695 natura).
746 1637 1123 1707 proprietates,
1162 1642 1271 1684 tum
1319 1641 1561 1698 persona
1610 1628 1863 1696 praedicat
1893 1628 2070 1680 unita-

506 1741 611 1784 tem
647 1746 661 1782 :
691 1729 916 1795 ideoque
940 1722 1121 1778 Jesum
1144 1720 1421 1775 Christum
1449 1728 1501 1772 et
1527 1717 1799 1771 hominem
1836 1718 2070 1786 appellat

503 1829 555 1872 et
599 1818 786 1872 Deum.
840 1832 857 1865 ι
887 1812 1055 1875 Unus,
1094 1810 1287 1878 inquit,
1331 1808 1587 1863 Dominus
1618 1805 1774 1862 Jesus
1801 1806 2064 1870 Christus,

503 1924 597 1978 per
615 1921 771 1975 quem
800 1903 979 1959 omnia
1003 1902 1068 1954 “.
1100 1921 1119 1953 ι
1142 1901 1456 1967 Rursusque
1480 1898 1764 1953 Timotheo
1790 1897 2065 1952 scribens:
2104 1881 2144 1937 Β

510 2019 528 2050 ι
565 1996 718 2053 Unus
754 1995 1035 2055 mediator,
1082 1994 1279 2058 inquit,
1331 1990 1424 2044 Dei
1472 2000 1527 2044 et
1578 1989 1874 2052 hominum,
1911 1988 2070 2039 homo

504 2088 751 2142 Christus
788 2064 945 2138 Iesus
989 2083 1053 2135 “.
1090 2100 1107 2131 ι
1148 2079 1212 2133 Ει
1252 2081 1304 2131 in
1332 2080 1517 2133 eadem
1545 2079 1609 2130 ad
1662 2077 1913 2130 Hebraeos
1941 2073 2055 2141 Epi-

503 2181 637 2235 stola
682 2198 695 2233 :
748 2197 765 2229 ι
802 2175 961 2230 Jesus
992 2174 1238 2228 Christus
1278 2171 1392 2224 heri
1438 2180 1491 2223 et
1527 2168 1703 2233 hodie,
1751 2168 1863 2237 ipse
1912 2176 1965 2221 et
2016 2166 2068 2219 in

502 2268 694 2325 saecula
744 2267 817 2320 ".
851 2284 868 2317 ι
903 2264 1020 2319 Alia
1074 2275 1309 2331 quoque,
1359 2259 1404 2314 si
1451 2259 1571 2328 quis
1622 2257 1786 2321 volet,
1834 2257 2070 2311 inveniet

501 2367 753 2414 sexcenta
800 2354 1105 2411 testimonia
1155 2352 1205 2405 in
1246 2349 1421 2405 divina
1468 2346 1747 2415 Scriptura
1792 2360 1909 2412 quas
1942 2359 2059 2413 per-

504 2448 699 2503 fectum
759 2446 1026 2500 hominem
1087 2440 1401 2511 praedicant,
1473 2448 1634 2507 atque
1693 2436 2066 2491 haereticorum

500 2547 794 2606 coarguunt
816 2535 1104 2590 insaniam.
1137 2532 1302 2586 Nobis
1329 2543 1507 2585 tamen
1532 2529 1697 2583 otium
1733 2529 1784 2580 in
1819 2527 2066 2595 praesenti

500 2645 604 2686 non
632 2638 713 2683 est
743 2642 805 2682 ea
827 2624 1129 2693 colligendi.
1156 2621 1424 2676 Studiosis
1456 2620 1633 2688 itaque
1658 2617 1895 2671 laborem
1928 2616 2070 2669 bime

500 2723 855 2783 dimittentes,
910 2732 1008 2773 nos
1040 2715 1253 2785 quidem
1308 2713 1637 2782 propositum
1690 2716 2069 2778 argumentum

499 2825 905 2884 prosequamur.

737 2923 923 2979 XXIII.
966 2922 1040 2977 De
1083 2920 1337 2989 ineffabili
1378 2917 1603 2987 Virginis
1640 2925 1816 2984 partu.

568 3041 733 3110 Igitur
754 3038 1026 3108 propriam
1066 3033 1353 3103 imaginem
1400 3029 1540 3085 bello
1581 3028 1921 3082 fatiscentem
1965 3024 2067 3077 mi-

499 3141 711 3188 seratus
742 3129 991 3192 Creator,
1021 3135 1073 3181 et
1100 3124 1257 3179 morti
1287 3122 1559 3184 traditam,
1594 3118 1872 3173 inclinavit
1900 3117 2068 3171 caelos

2176 626 2314 691 τίας.
2348 628 2575 697 Ἕτερον
2618 628 2796 681 τοίνυν
2827 626 2889 680 τὸ
2919 627 3010 681 τοῦ
3058 626 3307 698 Ἀϐραὰμ
3356 628 3574 696 σπέρμα
3608 629 3747 696 παρὰ

2174 716 2265 768 τὸν
2307 717 2805 788 ἐπιλαμϐανόμενον
2845 717 3055 773 τούτου.
3085 738 3101 770 ι
3141 717 3374 789 Σπέρμα
3408 719 3465 770 δὲ
3506 718 3747 787 Ἀϐραὰμ

2174 801 2315 860 οῐδεν
2340 808 2369 859 6
2406 810 2671 878 μακάριος
2702 809 2911 872 Παῦλος
2950 810 3041 862 τὸν
3076 809 3305 879 Σωτῆρα
3347 809 3583 879 Χριστὸν
3615 808 3748 861 κατὰ

2177 897 2373 966 σάρκα·
2416 917 2433 948 ι
2458 899 2528 951 Οὐ
2556 899 2664 969 γὰρ
2684 897 2825 962 εἷπε,
2856 901 3006 968 φησὶ,
3031 900 3141 952 Καὶ
3172 903 3288 962 τοῖς
3326 898 3605 969 σπέρμασί
3639 914 3745 960 σου,

2175 987 2247 1050 ὡς
2275 988 2368 1040 ἐπὶ
2398 988 2623 1052 πολλῶν,
2652 991 2763 1043 ἀλλ’
2786 990 2860 1053 ὡς
2892 991 2975 1059 ἐφ’
3000 991 3137 1055 ἐνὸς,
3188 991 3301 1044 Καὶ
3366 989 3443 1059 τῷ
3476 990 3745 1060 σπέρματί

2178 1093 2290 1139 σου,
2321 1078 2377 1140 ὃς
2412 1080 2525 1131 ἐστι
2562 1081 2813 1151 Χριστός.
2845 1099 2863 1131 ι
2916 1081 3024 1132 Καὶ
3069 1080 3126 1132 τὸ
3173 1080 3502 1150 πειραθῆναι
3543 1080 3599 1133 δὲ
3632 1080 3745 1133 καθ’

2174 1169 2464 1237 ὁμοιότητα
2499 1170 2665 1240 χωρὶς
2697 1170 2989 1241 ἁμαρτίας,
3020 1170 3080 1223 οὐ
3105 1169 3199 1222 τοῦ
3228 1170 3367 1223 Θεοῦ
3392 1172 3567 1237 Λόγου
3598 1172 3744 1236 [διον.

2174 1258 2308 1311 ἀλλὰ
2341 1260 2434 1312 τοῦ
2461 1260 2857 1330 ἀναληφθέντος
2885 1261 3216 1331 σπέρματος.

2175 1372 2300 1425 KB’.
2337 1373 2456 1426 Ὅτι
2492 1373 2720 1440 Ἰησοῦς
2758 1374 3043 1496 uagam
3073 1374 3262 1442 Λόγος
3312 1374 3411 1427 καὶ
3441 1375 3751 1442 ἅνθρωπος

2904 1459 3084 1496 γεται.

2904 1459 3084 1510 γεται.

2248 1548 2432 1613 Οὕτως
2458 1553 2485 1604 6
2502 1549 2771 1614 θειότατος
2791 1551 3018 1616 Παῦλος,
3050 1552 3137 1605 διὰ
3172 1553 3355 1623 πάσης
3377 1554 3478 1621 τῆς
3505 1554 3751 1608 Ἑπιστο·

2175 1641 2295 1711 λῆς,
2316 1642 2413 1704 τάς
2439 1658 2497 1695 τε
2523 1642 2630 1695 τῶν
2657 1642 2872 1710 φύσεων
2901 1643 3185 1712 ἰδιότητας,
3210 1644 3306 1695 καὶ
3334 1643 3429 1697 τοῦ
3456 1645 3749 1715 προσώπου

2174 1732 2432 1801 κηρύττει
2482 1732 2579 1802 τὴν
2624 1733 2847 1786 ἕνωσιν·
2884 1731 2965 1785 διὸ
2996 1732 3203 1803 Ἰησοῦν
3236 1734 3473 1803 Χριστὸν
3519 1736 3615 1788 καὶ
3656 1736 3750 1789 ἄν·

2176 1821 2393 1892 θρωπον
2445 1823 2538 1876 καὶ
2583 1823 2713 1875 Θεὸν
2749 1824 3175 1894 προσαγορεύει·
3218 1844 3237 1876 ι
3273 1821 3369 1889 Εἷς
3414 1825 3542 1895 γὰρ,
3582 1829 3749 1898 φησὶ,

2174 1913 2375 1984 Κύριος
2406 1914 2610 1985 Ἰησοῦς
2636 1916 2891 1987 Χριστὸς,
2915 1916 2981 1968 δι’
3003 1910 3062 1970 οῦ
3085 1917 3154 1969 τὰ
3175 1916 3377 1971 πάντα.
3401 1935 3419 1968 ι
3450 1919 3560 1972 Καὶ
3588 1920 3753 1973 πάλιν

2173 2003 2421 2073 Τιμοθέῳ
2480 2004 2744 2075 γράφων
2783 2023 2800 2055 ι
2831 1998 2925 2067 Εἷς
2962 2006 3220 2075 μεσίτης,
3270 2008 3435 2075 φησὶ,
3471 2004 3607 2057 Θεοῦ
3657 2007 3752 2058 καὶ

2174 2093 2494 2165 ἀνθρώπων,
2512 2094 2793 2165 ἄνθρωπος
2816 2095 3048 2165 Χριστὸς
3078 2094 3287 2165 Ἰησοῦς
3308 2110 3319 2121 ·
3348 2114 3365 2145 ι
3399 2097 3490 2148 καὶ
3519 2097 3576 2148 ὲν
3611 2097 3750 2165 αὐτῇ

2170 2183 2226 2235 δὲ
2268 2185 2333 2253 τῇ
2383 2184 2521 2253 πρὸς
2555 2184 2872 2257 Ἐϐραίους·
2912 2204 2928 2236 ι
2972 2184 3179 2255 Ἰησοῦς
3213 2185 3452 2257 Χριστὸς
3490 2185 3621 2255 χθὲς
3657 2188 3752 2239 καὶ

2174 2276 2413 2346 σήμερον
2439 2277 2466 2327 6
2495 2276 2675 2338 αὐτὸς,
2702 2277 2795 2330 καὶ
2817 2279 2898 2340 είς
2928 2278 3052 2340 τοὺς
3074 2277 3281 2340 αἰῶνας
3300 2294 3314 2309 ’
3342 2296 3361 2328 ι
3396 2279 3487 2330 καὶ
3512 2278 3679 2339 ἄλλας
3708 2278 3751 2329 δ’

2172 2364 2236 2417 ἄν
2258 2381 2339 2427 τις
2364 2363 2621 2435 ἐθελήσας
2646 2364 2796 2432 εῦροι
2829 2365 3025 2435 μυρίας
3056 2364 3364 2435 μαρτυρίας
3391 2367 3456 2418 ὲκ
3477 2366 3575 2436 τῆς
3597 2365 3752 2429 θείας

2171 2452 2393 2522 Γραφῆς
2422 2453 2517 2505 τὸν
2554 2453 2759 2506 τέλειον
2780 2452 3062 2524 ἄνθρωπον
3094 2453 3494 2524 κηρυττούσας.
3523 2456 3617 2507 καὶ
3642 2456 3751 2507 τῶν

2171 2542 2461 2611 αἱρετικῶν
2485 2541 2809 2611 ἐλεγχούσας
2829 2540 2927 2610 τὴν
2950 2540 3157 2595 ἄνοιαν.
3185 2542 3326 2593 Ἀλλ’
3350 2544 3479 2611 ἡμῖν
3501 2544 3561 2595 ού
3584 2545 3749 2613 σχολὴ

2169 2631 2341 2685 ταῦτα
2372 2631 2650 2697 συλλέγειν
2686 2632 2777 2684 ἐπὶ
2806 2630 2898 2684 τοῦ
2942 2630 3228 2701 παρόντος.
3270 2632 3398 2695 Τοῖς
3445 2632 3751 2700 φιλοπόνοις

2172 2720 2348 2772 τοίνυν
2372 2719 2461 2772 τὸν
2492 2720 2649 2773 πόνον
2674 2719 2858 2772 τοῦτον
2882 2720 3289 2785 καταλιπόντες,
3311 2723 3474 2790 ἡμεῖς
3500 2725 3597 2791 τῆς
3624 2738 3749 2792 προ-

2172 2809 2429 2879 κειμένης
2463 2812 2843 2881 πραγματείας
2870 2809 3141 2881 ἐχώμεθα.

2172 2920 2296 2973 ΚΓ’.
2331 2921 2467 2989 Περὶ
2494 2920 2603 2988 τῆς
2624 2922 2883 2991 ἁρῤήτου
2908 2921 3019 2991 τῆς
3042 2922 3353 2990 Παρθένου
3379 2922 3747 2993 γεννήσεως.

2241 3030 2538 3100 Τοιγαροῦν
2582 3032 2678 3103 τὴν
2727 3032 2931 3086 οἰκείαν
2981 3036 3165 3088 εἰκόνα
3219 3033 3637 3104 πολεμουμένην
3668 3036 3748 3089 ol-

2172 3122 2392 3190 κτείρας
2438 3122 2467 3173 6
2501 3119 2757 3190 Ποιητής,
2802 3122 2898 3174 καὶ
2950 3120 3166 3193 θανάτῳ
3208 3124 3748 3193 παραπεμπομένην,

501 3231 552 3276 et
573 3218 849 3276 descendit
869 3219 935 3281 ",
970 3214 1111 3271 haud
1137 3227 1269 3268 sane
1298 3212 1474 3265 locum
1502 3218 1738 3273 mutans,
1765 3221 1937 3274 neque
1961 3205 2066 3259 alio

2178 3211 2377 3264 ἔκλινεν
2430 3212 2711 3282 οὐρανοὺς,
2742 3213 2836 3264 καὶ
2860 3213 3088 3281 κατέϐη,
3144 3215 3206 3266 οὐ
3250 3214 3343 3266 τὸν
3381 3215 3545 3267 τόπον
3590 3216 3747 3284 ἀμεί-

502 3323 561 3364 se
590 3307 957 3371 transferens;
987 3303 1187 3359 etenim
1214 3300 1396 3355 omnia
1427 3298 1639 3369 implet;
1689 3301 1796 3352 hno
1826 3295 2067 3350 infinitus

2178 3302 2295 3370 ἶνας,
2320 3303 2427 3354 οὐδ’
2449 3302 2682 3372 ἑτέρωσε
2714 3303 2968 3372 μεταϐὰς·
2989 3303 3188 3374 πληροῖ
3212 3302 3321 3373 γὰρ
3347 3305 3413 3357 τὰ
3438 3302 3745 3373 σύμπαντα,

502 3408 607 3464 est,
656 3399 802 3452 nullo
861 3396 1092 3451 termino
1141 3394 1587 3462 comprehensus,
1639 3398 1939 3453 cuncta,ut
1996 3387 2069 3440 ait

500 3491 783 3561 propheta,
820 3502 978 3541 manu
1033 3486 1317 3540 continens
1360 3500 1373 3536 :
1410 3500 1429 3533 ι
1466 3481 1596 3549 Quis
1654 3482 1821 3544 enim,
1875 3480 2067 3547 inquit,

505 3594 723 3635 mensus
754 3588 837 3633 est
867 3592 1025 3631 manu
1072 3591 1168 3631 sua
1220 3588 1409 3642 aquas,
1455 3581 1509 3626 et
1542 3570 1734 3626 coelum
1786 3570 1982 3639 palmo,
2017 3579 2071 3623 et

502 3672 810 3725 universam
837 3680 1031 3724 terram
1056 3665 1313 3736 pugillo"
1338 3664 1360 3717 ?
1384 3683 1403 3715 ι
1427 3662 1662 3730 Itemque
1680 3661 1870 3714 David:
1892 3677 1909 3710 ι
1934 3658 2067 3724 Quia

502 3764 557 3818 in
593 3776 752 3815 manu
800 3759 917 3828 ejus
946 3771 1075 3813 sunt
1119 3771 1307 3812 omnes
1354 3754 1487 3809 lines
1514 3752 1759 3808 terrae".
1794 3770 1812 3803 ›
1850 3751 1915 3805 Ει
1958 3751 2071 3817 ipse

505 3852 644 3907 Deus
671 3867 766 3921 per
812 3852 1126 3919 prophetam
1173 3866 1188 3901 :
1235 3866 1253 3898 ι
1284 3845 1488 3901 Οωιιιιη
1538 3844 1696 3898 sedes
1750 3856 1890 3904 mea,
1931 3851 2071 3895 terra

503 3955 680 3999 autem
709 3943 999 3999 scabellum
1028 3941 1219 4009 pedum
1261 3952 1502 3994 meorum
1535 3936 1600 3989 “.
1642 3936 1818 4004 :Ergo
1853 3935 2072 4005 835m

505 4039 821 4093 descensum
887 4032 1399 4088 condescensionem
1463 4030 1641 4097 potius
1680 4030 2067 4082 existimemus.

507 4127 785 4181 lnclinavit
810 4127 989 4191 itaque
1016 4122 1183 4177 caelos
1210 4129 1265 4173 et
1294 4121 1592 4179 descendit,
1622 4129 1674 4172 et
1702 4118 1944 4187 virgineo
1977 4117 2071 4170 de-

507 4220 647 4272 lecto
675 4226 828 4271 utero
870 4229 1072 4268 sanctae
1110 4213 1299 4283 puellae
1344 4222 1503 4280 atque
1547 4212 1598 4264 in
1639 4222 1782 4265 recta
1817 4209 2074 4279 religione

506 4309 739 4371 nutritae,
770 4307 1012 4374 angelica
1040 4320 1172 4359 voce
1199 4312 1408 4373 partum
1436 4302 1844 4370 praenuntiante,
1870 4309 1922 4354 et
1945 4314 2071 4355 eon-

506 4400 767 4469 ceptionis
802 4398 1065 4452 rationem
1114 4405 1268 4450 antea
1303 4394 1626 4461 explicante,
1664 4393 2074 4459 virgineumque

2174 3395 2373 3462 μᾶλλον
2407 3393 2462 3446 δὲ
2489 3394 2713 3463 ἄπειρός
2755 3396 2903 3457 ἐστι,
2943 3394 3037 3446 καὶ
3079 3392 3385 3463 ἀχώρητος.
3432 3395 3528 3447 καὶ
3573 3395 3747 3448 πάντα

2171 3482 2474 3552 έχων,κατὰ
2494 3482 2583 3536 τὸν
2601 3484 2901 3552 προφήτην,
2920 3484 2977 3535 ὲν
2996 3486 3062 3554 τῇ
3082 3483 3385 3553 χειρί.ιΤίς
3406 3483 3539 3554 γὰρ,
3562 3485 3745 3553 φησὶν.

2169 3575 2440 3644 ὲμέτρησε
2469 3574 2536 3643 τῇ
2570 3574 2713 3643 χειρὶ
2756 3573 2920 3627 αὐτοῦ
2964 3573 3025 3626 τὸ
3069 3574 3233 3644 ὕδωρ,
3264 3572 3361 3626 καὶ
3391 3574 3486 3625 τὸν
3520 3572 3748 3643 οὐρανὸν

2172 3665 2451 3737 σπιθαμῇ,
2495 3668 2589 3719 καὶ
2624 3667 2804 3718 πᾶσαν
2832 3666 2929 3735 τὴν
2971 3666 3073 3734 γῆν
3102 3663 3299 3740 δρακί;
3326 3683 3345 3714 ι
3384 3664 3497 3715 Καὶ
3534 3664 3694 3716 πάλιν
3721 3665 3748 3716 6

2172 3758 2331 3810 Δαϐίδ
2351 3775 2363 3788 ·
2396 3776 2414 3808 ι
2442 3758 2562 3810 Ὅτι
2592 3759 2649 3809 ὲν
2673 3759 2740 3827 τῇ
2768 3757 2909 3827 χειρὶ
2928 3755 3092 3809 αὐτοῦ
3118 3755 3188 3808 τὰ
3217 3756 3430 3827 πέρατα
3455 3756 3557 3825 τῆς
3587 3756 3740 3825 γῆς.ι

2174 3848 2282 3901 Καὶ
2306 3849 2467 3911 αὐτὸς
2494 3848 2550 3900 δὲ
2579 3851 2605 3901 6
2637 3848 2768 3912 Θεὸς
2794 3848 2880 3901 διὰ
2909 3848 3002 3901 τοῦ
3030 3849 3309 3918 προφήτου
3331 3863 3345 3875 ⁸
3386 3866 3404 3897 ι
3433 3847 3494 3899 '0
3520 3846 3747 3917 οὐρανός

2176 3957 2275 4010 μου
2316 3940 2531 4010 θρόνος,
2572 3943 2605 4009 ὴ
2656 3940 2712 3993 δὲ
2757 3942 2827 4011 γῆ
2866 3941 3153 3994 ὑποπόδιον
3199 3940 3309 3993 τῶν
3343 3940 3519 3992 ποδῶν
3572 3957 3692 4009 μου.
3722 3959 3741 3991 ο

2175 4031 2380 4084 Οὐκοῦν
2394 4032 2489 4101 τὴν
2512 4031 2810 4085 κατάϐασιν
2827 4033 3108 4101 νοήσωμεν
3124 4030 3553 4099 συγκαταϐασιν·
3575 4030 3746 4084 ἔκλινε

2173 4123 2351 4176 τοίνυν
2380 4124 2660 4193 οὐρανοὺς,
2700 4124 2795 4176 καὶ
2842 4124 3066 4192 κατέϐη,
3098 4125 3192 4176 καὶ
3226 4123 3563 4193 παρθενικὴν
3596 4123 3747 4175 ὲκλε-

2176 4214 2405 4284 ξὰμενος
2439 4214 2596 4284 νηδὺν
2622 4214 2787 4284 κόρης
2825 4215 2984 4281 ἁγίας
3013 4215 3105 4267 καὶ
3138 4214 3389 4284 εὐσεϐείᾳ
3414 4214 3747 4284 συντεθραμ-

2180 4307 2369 4377 μένης,
2399 4305 2466 4358 δι’
2492 4305 2788 4373 ἀγγελικῆς
2819 4306 3000 4373 φωνῆς
3043 4304 3134 4357 τὸν
3182 4305 3343 4357 τόκον
3392 4298 3747 4373 προμηνυσά-

2180 4414 2296 4467 σης,
2329 4397 2549 4464 καὶτῆς
2578 4396 2889 4466 συλλήψεως
2930 4397 3024 4449 τὸν
3052 4396 3252 4467 τρόπον
3297 4396 3747 4465 προερμηνευσά-

505 4505 760 4560 pavorem
802 4504 862 4542 ea
911 4488 1275 4541 declaratione
1319 4486 1591 4546 solvente,
1641 4486 1915 4551 proprium
1970 4482 2070 4536 sibi

2181 4503 2299 4555 σης,
2338 4487 2431 4539 καὶ
2474 4488 2570 4555 τῆς
2604 4487 2896 4557 παρθενίας
2926 4488 3016 4539 τὸν
3061 4486 3223 4554 φόϐον
3251 4490 3320 4556 τῇ
3355 4488 3624 4557 ἑρμηνεία
3659 4488 3746 4538 λυ-

509 4582 638 4635 facit
667 4587 1050 4647 comparatque
1077 4577 1355 4643 templum,
1399 4586 1451 4629 et
1490 4591 1662 4642 neque
1694 4587 1865 4628 satam
1901 4588 2071 4643 neque

2180 4579 2372 4649 σάσης,
2395 4578 2744 4641 είσοικίζεταί
2763 4595 2841 4642 τε,
2868 4582 2961 4631 καὶ
2982 4578 3105 4631 ναὸν
3128 4577 3306 4646 ἑαυτῷ
3327 4576 3746 4642 κατασκευάζει,

510 4673 617 4726 ullo
652 4671 797 4725 cultu
829 4670 1143 4737 dispositam
1174 4668 1276 4721 sibi
1312 4666 1508 4720 format
1541 4666 1826 4719 stationem
1867 4683 1879 4717 :
1919 4664 2075 4718 sicuti

509 4761 597 4813 ille
631 4762 720 4828 qui
771 4758 976 4826 primus
1009 4756 1197 4810 Serviit
1242 4764 1485 4823 peccato,
1528 4754 1643 4808 sine
1686 4762 1838 4822 patre
1878 4752 2075 4818 fuerat,

510 4865 779 4917 unamque
806 4847 1036 4901 habebat
1065 4856 1262 4900 terram
1290 4857 1536 4899 matrem.
1585 4862 1602 4895 ι
1645 4842 1886 4912 Sumpsit
1910 4843 2075 4908 enim,

511 4941 708 5008 inquit,
751 4940 892 4993 Deus
939 4937 1208 5007 pulverem
1240 4938 1306 4991 de
1344 4948 1508 5003 terra,
1549 4938 1932 5005 hominemque
1963 4936 2076 4991 for-

510 5032 771 5087 movit/7".
812 5049 830 5083 ι
871 5028 1225 5095 Quamobrem
1257 5030 1447 5084 beatus
1476 5044 1687 5098 quoque
1728 5028 1923 5082 Paulus
1954 5028 2030 5082 ait
2058 5043 2071 5081 :

516 5140 534 5173 ι
573 5123 787 5176 Primus
816 5122 975 5174 homo
1006 5124 1067 5173 de
1103 5132 1243 5174 terra
1295 5130 1575 5185 terrenus;
1614 5121 1879 5175 secundus
1914 5121 2075 5174 homo

514 5216 768 5268 Dominus
794 5214 857 5266 de
892 5213 1029 5267 caelo
1056 5212 1120 5266 ".
1161 5231 1179 5262 ι
1223 5211 1393 5281 Hujus
1424 5214 1497 5265 rei
1534 5215 1704 5281 gratia
1737 5212 2073 5281 unigenitum

516 5304 607 5359 Dei
642 5302 875 5357 Verbum
902 5318 968 5356 ex
1013 5303 1123 5356 sola
1158 5303 1377 5371 Virgine
1409 5304 1684 5357 materiam
1735 5302 1949 5357 fabricae
1981 5318 2074 5357 su-

514 5407 688 5457 mens,
718 5401 877 5462 atque
910 5395 979 5447 ita
1008 5392 1346 5446 illaboratum
1380 5393 1617 5446 formans
1649 5394 1922 5463 templum,
1951 5393 2082 5447 sibi-

514 5496 617 5549 que
658 5484 871 5545 uniens,
918 5484 1091 5552 prodit
1136 5498 1198 5536 ex
1256 5480 1490 5551 Virgine,
1532 5483 1672 5537 haud
1722 5483 1973 5551 equidem
2029 5483 2080 5536 in

517 5584 771 5641 conceptu
830 5574 1042 5629 solvens
1090 5576 1386 5643 virgineam
1445 5591 1657 5641 Ztm'dtlt,
1719 5589 1893 5647 neque
1946 5576 2081 5630 hanc

2176 4670 2272 4721 καὶ
2298 4672 2396 4739 τὴν
2426 4672 2726 4738 ἅσπαρτον,
2756 4670 2849 4721 καί
2874 4670 3135 4738 ἁνήροτον
3164 4669 3369 4737 σκηνὴν
3399 4668 3745 4721 διαπλάττει·

2178 4760 2365 4829 ἐπειδὴ
2409 4762 2437 4811 6
2476 4760 2703 4829 πρώτως
2746 4759 3036 4823 δουλεύσας
3079 4761 3145 4830 τῇ
3198 4758 3474 4828 ἁμαρτίᾳ,
3523 4760 3749 4829 ἀπάτωρ

2175 4849 2456 4919 ἐτύγχανε,
2497 4850 2707 4918 μητέρα
2734 4849 2790 4901 δὲ
2837 4849 3005 4919 μόνην
3040 4842 3152 4917 εἶχε
3176 4850 3278 4918 τὴν
3322 4852 3427 4917 γῆν
3451 4866 3464 4877 ι
3518 4848 3750 4901 «Ἐλαϐε

2179 4939 2307 5009 γὰρ,
2329 4938 2513 5007 φησὶν,
2535 4940 2561 4990 6
2585 4938 2714 5001 Θεὸς
2735 4938 2864 5007 χοῦν
2896 4939 3003 4992 ἀπὸ
3025 4939 3121 5008 τῆς
3148 4938 3282 5008 γῆς,
3309 4939 3403 4991 καὶ
3440 4938 3643 4993 ἔπλασε
3665 4939 3752 4991 τὸν

2180 5028 2273 5083 ἄνθ
2286 5045 2485 5099 ρωπον.
2506 5048 2522 5079 ι
2559 5029 2648 5081 Διὸ
2678 5030 2771 5080 καὶ
2794 5030 2822 5082 6
2868 5030 3133 5099 μακάριος
3179 5027 3389 5090 Παῦλός
3420 5046 3585 5097 φησιν
3605 5046 3618 5058 ·
3655 5046 3673 5079 ι
3694 5028 3752 5080 '0

2181 5122 2395 5191 πρῶτος
2426 5120 2707 5191 ἄνθρωπος
2743 5124 2806 5173 ὲκ
2846 5122 2946 5191 γῆς
2976 5122 3179 5192 χοῖκὸς,
3209 5122 3237 5173 6
3264 5120 3515 5189 δεύτερος
3549 5120 3753 5191 ἅνθρω-

2185 5229 2283 5274 πος
2309 5214 2337 5265 6
2370 5211 2572 5281 Κύριος
2607 5212 2664 5276 ὲξ
2694 5212 2941 5282 οὐρανοῦ.
2970 5231 2988 5264 ι
3024 5211 3228 5264 Τούτου
3262 5211 3424 5282 χάριν
3457 5212 3485 5262 ὁ
3532 5227 3750 5280 μονογε-

2182 5302 2278 5371 νὴς
2316 5300 2413 5354 τοῦ
2444 5302 2575 5355 Θεοῦ
2606 5304 2776 5370 Λόγος
2820 5304 2883 5355 ὲκ
2916 5302 3082 5372 μόνης
3123 5301 3401 5369 Παρθένου
3448 5301 3545 5363 τὰς
3585 5304 3751 5371 ἀφορο

2182 5391 2286 5461 μὰς
2312 5391 2491 5444 λαϐὼν
2519 5393 2613 5461 τῆς
2641 5391 3003 5455 διαπλάσεως,
3026 5392 3121 5445 καὶ
3149 5392 3324 5460 τούτῳ
3349 5390 3425 5460 τῷ
3450 5393 3635 5460 τρόπῳ
3663 5393 3753 5444 τὸν

2179 5482 2529 5554 ἀγεώργητον
2554 5483 2964 5553 δημιουργήσας
2986 5484 3131 5546 ναὸν,
3160 5484 3257 5537 καὶ
3285 5482 3463 5551 ἐαυτῷ
3490 5483 3748 5551 συνάψας,

2182 5577 2426 5647 πρόεισιν
2452 5577 2514 5628 ὲκ
2544 5577 2639 5646 τῆς
2664 5576 2961 5647 Παρθένου,
2987 5578 3045 5630 οὐ
3072 5576 3237 5638 λύσας
3269 5580 3333 5646 τῇ
3371 5575 3626 5643 συλλήψει
3655 5576 3751 5644 τὴν

583 5727 628 5800 f‘
660 5724 820 5780 llebr.
856 5743 929 5800 tv.
955 5728 1037 5783 I5.
1091 5730 1157 5800 *ε’
1183 5729 1354 5782 Calat.
1383 5747 1461 5791 Ill,
1485 5732 1561 5785 I6.
1642 5734 1683 5763 ⁶⁹
1713 5731 1991 5794 ΙΕειι.γιιι,
2020 5731 2070 5785 6.

2178 5729 2503 5789 ⁹1Τζιιι.ιι,
2532 5731 2580 5783 5.
2641 5730 2685 5759 ⁷ο
2716 5727 2878 5783 Hebr.
2913 5746 3025 5790 xm.
3049 5732 3098 5784 8.
3180 5733 3218 5762 “
3252 5732 3290 5785 Il
3320 5731 3449 5800 Reg.
3488 5747 3619 5791 nit,
3663 5728 3744 5782 10.

515 5795 559 5824 τ’
588 5792 693 5850 Isa.
724 5809 814 5863 χι,
850 5798 930 5851 li.
1011 5797 1226 5854 7’1‘sal.
1266 5816 1405 5867 χειν,
1440 5802 1490 5855 ιι.
1567 5805 1609 5832 τι
1641 5803 1737 5856 l:a.
1776 5818 1917 5863 un,
1948 5817 1981 5854 t.

2059 5803 2102 5832 ⁷⁵
2132 5801 2261 5857 Cen.
2293 5818 2347 5864 ιι,
2383 5804 2431 5855 7.

2509 5802 2553 5829 7"
2583 5802 2595 5852 I
2624 5800 2748 5853 Cur.
2780 5816 2864 5863 av,
2896 5800 2980 5853 67.
