3996 6458
286 401 314 451 ί
342 406 424 461 161

1466 421 1554 477 DE
1598 420 2120 481 lNCARNATIONE
2160 425 2415 484 DOMINI.

3465 438 3491 492 f
3509 437 3607 494 162

286 523 636 622 παρθενικὴν
667 528 867 622 ζώνην,
901 535 960 586 ού
997 536 1062 606 τῇ
1100 539 1351 608 γεννήσει
1396 540 1730 612 διαρρήξας,
1767 542 1871 595 ἀλλ

1992 546 2280 602 nativitate
2312 546 2656 617 dirumpens,
2703 549 2798 602 sed
2835 546 3177 622 ‘incplumem
3222 548 3605 622 intactamque

284 616 570 704 ἀκήρατον
620 620 717 674 καὶ
759 623 1041 695 ἀνέπαφον
1097 628 1453 697 διαφυλάξας,
1498 634 1593 686 καὶ
1632 634 1695 687 τὸ
1742 634 1888 704 μέγα

282 703 456 758 τοῦτο
506 708 601 763 καὶ
652 710 893 783 ἄρρητον
948 715 1132 786 θαῦμα
1173 718 1706 793 θαυματουργήσας·
1745 703 1887 794 μέγα

282 795 403 868 γὰρ
430 797 510 871 τῷ
539 799 655 854 δντι
685 804 777 857 καὶ
821 806 1249 877 ἀνερμήνευτον,
1294 814 1393 866 καὶ
1441 814 1603 883 λόγου
1652 815 1887 885 δύναμιν

284 889 641 961 ὑπερσαῖνον,
674 896 869 971 βότρυν
897 900 1024 955 ἰδεῖν
1051 902 1117 955 ἐκ
1148 905 1251 974 γῆς
1276 906 1405 959 ἄνευ
1433 908 1731 978 κλημάτων
1760 908 1887 980 βλα-

290 983 615 1053 στήσαντα,
666 991 810 1042 σῖτον
860 992 991 1046 ἄνευ
1032 997 1368 1065 σπερμάτων
1422 999 1629 1068 φύντα,
1679 1001 1885 1071 χιτῶνα

282 1077 465 1147 χωρὶς
516 1080 774 1151 νημάτων
820 1084 912 1136 καὶ
956 1085 1157 1155 χειρῶν
1192 1088 1505 1158 ύφαντικῶν
1546 1093 1881 1164 ὑφασμένον,

282 1167 457 1240 ἄρτον
500 1172 559 1225 ού
600 1165 742 1247 μύλῃ
773 1175 864 1228 καὶ
897 1178 1053 1247 χερσὶ
1080 1180 1175 1232 καὶ
1209 1182 1345 1252 πυρὶ
1385 1183 1879 1255 δημιουργηθέντα,

281 1257 407 1313 ἀλλ’
432 1261 685 1333 ἀρρήτως
713 1266 778 1317 ἐκ
813 1265 1161 1336 παρθενικῶν
1204 1271 1454 1344 ἀλεύρων
1489 1274 1881 1345 γεγενημένον,

284 1350 387 1402 καὶ
432 1350 534 1421 τὴν
589 1354 918 1428 οῖκουμένην
968 1358 1320 1427 καλύψαντα·
1356 1363 1495 1433 πρὸς
1537 1364 1596 1418 δέ
1645 1366 1880 1430 τούτοις,

282 1439 569 1512 Παρθένον
615 1444 802 1517 οἰκείῳ
837 1445 1027 1518 βρέφει
1068 1449 1240 1522 θηλὴν
1284 1452 1609 1525 ὀρέγουσαν,
1647 1457 1743 1511 καὶ
1775 1458 1882 1526 γά-

277 1530 484 1599 λακτος
526 1536 871 1607 χορηγοῦσαν
917 1540 1132 1612 πηγὰς,
1177 1546 1271 1599 καὶ
1318 1548 1531 1619 μητέρα
1580 1549 1883 1621 γενομένην

277 1624 385 1694 τὴν
419 1626 600 1697 γάμου
646 1627 814 1700 νόμον
854 1631 917 1685 ού
957 1632 1285 1706 δεξαμένην,
1328 1638 1542 1710 μητέρα
1579 1640 1882 1712 γενομένην

274 1717 383 1787 τὴν
421 1719 540 1785 πῶς
576 1721 786 1790 γίνεται
836 1726 1021 1797 μήτηρ
1065 1729 1166 1782 οὐκ
1211 1731 1608 1804 ἐπισταμένην,
1665 1733 1881 1806 μητέρα

275 1812 588 1884 γενομένην
614 1816 714 1887 τὴν
750 1820 986 1885 γυναῖκα
1019 1819 1285 1891 πρότερον
1314 1823 1376 1876 ού
1413 1825 1731 1896 γενομένην,
1760 1826 1878 1879 ἀλλ’

277 1903 343 1956 ἐν
376 1904 648 1979 παρθενίᾳ
694 1910 787 1962 καὶ
819 1910 911 1965 τὸν
956 1911 1121 1981 ὄγκον
1155 1914 1253 1984 τῆς
1299 1916 1536 1986 γαστρὸς
1574 1918 1883 1972 ἐπιδεικνῦ-
1914 1897 1957 1952 Β

277 2008 407 2059 σαν,
439 1996 533 2051 καὶ
575 1999 669 2051 τὸν
718 2002 929 2072 καρπὸν
970 2004 1030 2057 ἐν
1077 2008 1199 2069 ταῖς
1246 2010 1403 2078 χερσὶ
1453 2011 1879 2083 περιφέρουσαν,

272 2087 379 2139 καὶ
420 2087 490 2141 τὰ
522 2090 727 2162 μητρὸς
756 2093 1154 2166 ἐργαζομένην,
1192 2097 1508 2171 σωζομένης
1536 2101 1638 2172 τῆς
1668 2104 1877 2173 παρθε-

273 2178 426 2241 νίας.
455 2181 549 2233 καὶ
590 2182 859 2254 παρθένον
904 2187 1119 2259 μητέρα
1160 2189 1525 2263 καλουμένην,
1556 2194 1649 2247 καὶ
1677 2197 1876 2250 τάνανο

270 2281 371 2413 Zta
420 2268 664 2342 ὀνόματά
707 2290 765 2327 τε
812 2277 910 2328 καὶ⁹
958 2280 1261 2351 πράγματα
1310 2283 1452 2337 κατὰ
1496 2286 1696 2341 ταύτὸν
1748 2306 1874 2343 συν-

320 2377 551 2413 γουσαν.

320 2377 419 2428 γου
428 2377 551 2416 σαν.

272 2474 404 2527 KA'.
441 2474 539 2529 Ἐν
566 2481 876 2561 κεφαλαίῳ
898 2481 1183 2563 διήγησις
1201 2485 1307 2563 τῆς
1332 2490 1481 2563 μετὰ
1511 2490 1627 2560 τὴν
1656 2495 1875 2563 γέννη-

632 2564 739 2601 σιν
767 2552 874 2605 τοῦ
897 2552 1158 2619 Χριστοῦ
1188 2552 1519 2626 πολιτείας.

349 2660 538 2728 Οὕτως
569 2665 784 2736 τεχθεὶς
804 2670 835 2722 ό
858 2671 1138 2743 Δεσπότης
1163 2674 1399 2744 Χριστὸς
1430 2677 1516 2748 (ού
1545 2677 1654 2751 γὰρ
1673 2681 1872 2751 εὐαγὲς

276 2755 422 2826 μετὰ
463 2756 557 2812 τὸν
599 2759 756 2813 τόκον
806 2761 839 2832 ἢ
880 2761 1013 2817 Θεὸν
1062 2765 1236 2835 Λόγον
1286 2768 1446 2839 μόνον
1480 2771 1644 2825 αύτὸν
1699 2790 1870 2844 προσ-

269 2848 563 2919 αγορεύειν
586 2889 604 2915 ,
659 2851 694 2922 ἢ
746 2852 1035 2925 ἄνθρωπον
1084 2861 1517 2930 γεγυμνωμένον
1590 2862 1868 2935 θεότητος,

268 2938 413 2993 ἀλλὰ
458 2941 716 3012 Χριστὸν,
756 2942 786 2995 δ
830 2945 1100 3017 ἑκατέραν
1144 2948 1308 3018 φύσιν
1345 2953 1445 3024 τήν
1482 2970 1545 3006 τε
1587 2954 1870 3010 λαϐοῦσαν

269 3034 368 3086 καὶ
395 3033 494 3104 τὴν
520 3033 817 3105 ληφθεῖσαν
836 3036 990 3107 δηλοῖ
1013 3040 1056 3108 ),
1092 3039 1315 3106 πάντως
1347 3044 1415 3097 τὰ
1442 3044 1691 3117 ἡμέτερα
1729 3046 1870 3116 πλὴν

266 3122 377 3191 τῆς
430 3124 711 3197 ἁμαρτίας
766 3128 1129 3199 καταδέχεται
1192 3132 1382 3204 πάθη,
1453 3139 1868 3208 σπαργανοῦται

1992 652 2362 702 conservans,
2405 646 2573 706 atque
2601 639 2674 693 ita
2708 639 2961 710 maguum
3001 641 3104 695 hoc
3136 651 3190 695 et
3231 643 3602 699 inenarrabile

1992 738 2217 798 patrans
2258 729 2590 800 prodigium.
2622 729 2838 786 Etenim
2870 746 3127 803 magnum
3174 748 3367 803 reapse
3399 745 3507 801 est,
3547 744 3605 790 et

1992 822 2391 891 inexplicabile,
2433 832 2490 877 et
2519 823 2788 878 orationis
2833 824 2941 877 vim
2976 826 3276 893 excedens,
3319 842 3598 883 racemum

1988 928 2216 969 cernere
2254 915 2321 969 de
2347 922 2490 969 terra
2521 916 2639 969 sine
2669 914 2986 985 palmitibus
3025 917 3449 987 germinantem,
3486 918 3600 971 τιυ-

1989 1011 2227 1056 mentum
2251 1003 2369 1057 sine
2391 1003 2694 1057 seminibus
2717 1012 2923 1069 ortum,
2948 1006 3192 1059 tunicam
3216 1008 3336 1062 sine
3356 1007 3598 1064 stamine

1988 1104 2042 1149 et
2068 1095 2189 1150 sine
2221 1102 2438 1149 texente
2470 1109 2632 1149 manu
2662 1103 3015 1164 contextam;
3050 1112 3248 1168 panem
3286 1097 3406 1152 sine
3451 1098 3598 1153 mola

1987 1200 2052 1241 ac
2082 1187 2334 1241 manibus
2381 1196 2436 1242 et
2477 1188 2602 1258 igne
2632 1186 2987 1255 fabricatum,
3032 1191 3128 1247 sed
3159 1206 3363 1247 arcane
3388 1206 3455 1246 ex
3487 1191 3599 1245 vir-

1986 1276 2150 1345 ginali
2205 1278 2379 1333 farina
2432 1279 2776 1345 confectum,
2845 1288 2901 1336 et
2954 1282 3271 1338 universum
3332 1282 3594 1339 mundum

1987 1367 2384 1439 complentem;
2417 1381 2690 1441 praeterea
2729 1370 3013 1443 Virginem
3057 1375 3281 1445 proprio
3323 1373 3597 1430 iufantulo

1988 1474 2279 1515 mammam
2312 1464 2702 1533 porrigentem,
2726 1464 2997 1536 lactisque
3026 1465 3209 1523 fontes
3233 1467 3590 1537 praebentem,

1987 1560 2216 1607 matrem
2255 1552 2502 1609 effectam
2547 1570 2671 1626 qum
2714 1559 3033 1626 nuptiarum
3075 1558 3251 1629 legem
3279 1573 3385 1613 non
3416 1559 3594 1614 admi-

1985 1654 2157 1711 serat,
2186 1656 2443 1711 matrem,
2464 1648 2709 1717 inquam,
2744 1648 2994 1717 effectam
3028 1665 3149 1720 qua:
3172 1652 3450 1719 quomodo
3497 1650 3593 1706 flat

1986 1748 2162 1793 mater
2211 1739 2535 1809 ignorabat,
2583 1751 2814 1796 matrem
2866 1742 3115 1812 denique
3165 1741 3415 1797 effectam
3469 1758 3593 1813 qua:

1986 1840 2229 1887 matrona
2254 1841 2415 1888 antea
2439 1848 2543 1889 non
2570 1832 2771 1901 fuerat,
2790 1834 2883 1890 sed
2906 1833 2959 1889 in
2980 1835 3297 1905 virginitate
3317 1844 3589 1891 tumorem

1984 1923 2189 1978 ventris
2221 1923 2624 1990 ostendentem,
2651 1925 2882 1995 ejusque
2922 1926 3161 1981 fructum
3191 1927 3446 1982 manibus
3476 1926 3589 1983 cir-

1984 2013 2398 2081 cumferentem,
2434 2024 2490 2070 et
2516 2014 2691 2071 ofﬁcia
2723 2017 2915 2073 matris
2956 2016 3108 2073 salva
3138 2017 3456 2088 virginitate
3494 2032 3591 2072 ex-

1981 2116 2321 2176 sequentem,
2345 2115 2402 2163 et
2434 2122 2559 2164 cum
2591 2110 2784 2165 matris
2804 2110 3025 2164 nomine
3051 2110 3348 2177 virginem,
3375 2118 3585 2180 postre-

1983 2214 2070 2254 mo
2096 2199 2371 2254 contraria
2422 2199 2642 2255 nomina
2681 2208 2736 2256 et
2778 2201 3096 2257 contrarias
3126 2216 3215 2256 res
3242 2200 3405 2257 simul
3434 2214 3587 2257 com-

1979 2288 2426 2359 prebendentem.

1975 2493 2197 2566 836m
2246 2492 2437 2548 XXIV.
2491 2494 2591 2549 Res
2643 2504 2760 2577 post
2793 2495 2992 2551 Christi
3020 2497 3375 2577 nativitatem
3417 2513 3578 2566 θεων

2454 2576 2761 2619 autumnum
2803 2576 3120 2619 narrantur.

2046 2677 2140 2733 Sic
2168 2688 2330 2734 natus
2358 2678 2613 2735 Christus
2649 2678 2916 2734 Dominus
2948 2684 3079 2746 (non
3112 2681 3260 2735 enim
3295 2681 3445 2751 pium
3486 2683 3580 2742 sit,

1974 2779 2095 2838 post
2136 2780 2351 2838 partum
2394 2770 2480 2825 vel
2529 2769 2700 2826 Deum
2737 2769 2976 2826 Verbum
3020 2772 3400 2829 tantummodo
3434 2772 3585 2827 illum

1973 2861 2268 2933 appellare,
2286 2862 2371 2918 vel
2392 2863 2691 2931 hominem,
2710 2863 2999 2920 divinitate
3019 2865 3307 2930 nudatum,
3323 2865 3419 2920 sed
3435 2865 3589 2921 Chri.

1974 2962 2091 3009 stus
2136 2962 2223 3008 est
2275 2953 2664 3024 appellandus,
2714 2958 2859 3025 quod
2911 2957 3239 3013 vocabulum
3294 2967 3589 3028 utramque

1975 3056 2249 3115 naturam,
2270 3056 2325 3104 et
2345 3059 2653 3103 sumentem
2681 3049 2896 3106 scilicet
2921 3060 2977 3106 et
3001 3060 3300 3121 sumptam,
3326 3051 3585 3121 denotat)

1972 3140 2158 3199 omnia
2203 3148 2391 3195 nostra
2424 3150 2656 3208 excepto
2691 3150 2923 3210 peccato
2953 3143 3174 3213 recipit,
3212 3142 3396 3199 fasciis
3432 3158 3587 3199 more

270 3216 675 3312 παραπλησίως
720 3223 837 3312 τοῖς
882 3220 1132 3293 βρέφεσι,
1175 3228 1271 3280 καὶ
1314 3228 1550 3297 γάλακτι
1588 3234 1867 3304 τρέφεται,

1977 3230 2267 3286 infantium
2316 3232 2631 3297 involvitur,
2674 3232 2817 3289 lacte
2861 3234 3031 3290 alitur
3083 3245 3249 3306 atque
3294 3234 3584 3301 educatur,

269 3306 370 3359 καὶ
394 3306 718 3379 τιθηνεῖται,
753 3311 849 3365 καὶ
894 3315 1053 3383 χερσὶ
1083 3319 1464 3390 περιφέρεται,
1505 3323 1601 3375 καὶ
1646 3324 1868 3390 κόλποις

267 3396 563 3463 ἐντίθεται,
596 3399 689 3452 καὶ
722 3400 864 3455 κατὰ
894 3403 1059 3473 νόμον
1083 3407 1494 3478 περιτέμνεται,
1521 3412 1618 3466 καὶ
1652 3414 1865 3489 καθαρ-

269 3486 412 3550 σίοις
452 3487 672 3554 θυσίαις
730 3491 1077 3563 καθαίρεται,
1126 3499 1159 3565 ἡ
1207 3500 1367 3570 καινὴ
1434 3503 1530 3555 καὶ
1583 3506 1721 3576 μόνη
1766 3486 1868 3578 της

266 3578 602 3649 οἰκουμένης
634 3580 816 3648 θυσία,
847 3584 876 3636 ό
904 3583 1001 3637 τοῦ
1038 3586 1247 3658 κόσμου
1282 3591 1382 3661 τὴν
1414 3592 1696 3665 ἁμαρτίαν
1728 3598 1869 3669 ἄρας

284 3670 485 3763 Ἀμ-νός
506 3687 520 3700 ·
548 3672 653 3763 ύπὸ
688 3672 785 3726 τοῦ
818 3675 1050 3745 Συμεὼν
1078 3684 1492 3749 προσκυνεῖται,
1542 3686 1639 3739 καὶ
1678 3689 1869 3763 Σωτὴρ

267 3759 408 3829 ὁμοῦ
474 3762 570 3815 καὶ
623 3764 902 3836 Δεσπότης
956 3772 1455 3842 προσαγορεύεταιο
1528 3777 1721 3847 φεύγει

283 3848 555 3943 Ἡρῴδην,
598 3855 738 3923 μετά
786 3856 888 3927 τῆς
947 3860 1154 3932 μητρὸς
1223 3865 1318 3917 καὶ
1370 3866 1465 3920 τοῦ
1525 3871 1863 3943 κηδεμόνος,

268 3940 685 4012 καταλαμϐάνει
741 3946 838 4017 τὴν
888 3950 1200 4021 Αἴγυπτον,
1252 3940 1618 4030 ἐπανέρχεται
1667 3940 1864 4032 πάλιν,

265 4034 505 4130 ἀγωνιᾷ,
534 4037 636 4130 εἰςΔ
682 4037 784 4109 τὴν
814 4040 1074 4115 Ναζαρὲτ
1112 4049 1502 4119 παραγίνεται,
1546 4056 1733 4130 ἡλικίᾳ
1772 4062 1868 4114 καὶ

268 4124 436 4222 σοφίᾳ
466 4126 789 4222 προκόπτει,
821 4134 934 4196 τοῖς
976 4136 1228 4203 γονεῦσιν
1255 4124 1644 4213 ὑποτάσσεται,
1682 4124 1867 4222 πάσης

267 4216 440 4313 τιμῆς
467 4217 609 4283 ἀξιοῖ
632 4220 695 4273 οὐ
729 4222 890 4292 μόνον
924 4226 1024 4297 τὴν
1053 4230 1288 4300 μητέρα,
1320 4233 1459 4288 ἀλλὰ
1494 4237 1587 4291 καὶ
1631 4240 1722 4294 τὸν
1766 4216 1865 4313 τῆς

269 4310 482 4405 μητρὸς
511 4312 695 4405 ,πάλαι
743 4316 842 4386 μὲν
870 4321 1179 4393 μνηστῆρα,
1231 4326 1369 4395 μετὰ
1408 4328 1583 4383 ταῦτα
1614 4332 1671 4386 δὲ
1706 4310 1866 4405 κηδεα

269 4401 413 4499 μόνα
436 4404 532 4456 καὶ
566 4405 808 4499 φύλακα,
839 4410 937 4473 τὰς
966 4412 1231 4483 ἐννόμους
1257 4416 1452 4489 ἑορτὰς
1490 4401 1865 4499 ἐορτάζει,τῷ

268 4493 405 4588 ῖερῷ
438 4496 817 4588 προσεδρεύει,
841 4502 944 4573 τὴν
981 4504 1281 4578 Ἰουδαῖκὴν
1306 4509 1519 4583 ἐλέγχει
1550 4493 1861 4588 παχύτητα·

1974 3325 2228 3380 manibus
2278 3325 2688 3393 circumfertur,
2741 3325 2868 3381 sinu
2903 3326 3197 3395 excipitur,
3260 3326 3421 3397 legali
3476 3327 3584 3382 ritu

1973 3416 2410 3485 circumciditur,
2438 3417 2762 3488 expiatoriis
2786 3416 3076 3475 sacrificiis
3098 3417 3423 3489 purificatur
3440 3433 3581 3474 nova

1974 3521 2030 3566 et
2062 3511 2223 3566 unica
2263 3509 2453 3565 mundi
2486 3510 2691 3575 hostia,
2713 3510 2902 3579 Agnus
2934 3510 3121 3565 mundi
3152 3518 3441 3581 peccatum
3483 3511 3587 3567 tol-

1971 3603 2109 3671 lens;
2135 3618 2165 3657 a
2187 3602 2443 3659 Simeone
2462 3605 2804 3667 adoratur,et
2827 3602 3088 3659 Servator
3111 3604 3276 3659 simul
3296 3604 3586 3659 Dominus-

1970 3713 2077 3769 que
2099 3695 2429 3768 appellatur.
2460 3694 2623 3762 Fugit
2653 3710 2779 3750 cum
2818 3703 2993 3750 matre
3025 3704 3081 3749 et
3122 3696 3346 3753 custode
3372 3696 3442 3751 ab
3472 3694 3583 3753 lle-

1973 3792 2136 3857 rode,
2191 3792 2339 3845 venit
2392 3789 2446 3843 in
2505 3787 2843 3861 Egyptum,
2910 3791 3227 3853 revertitur,
3278 3788 3584 3860 periculum

1973 3891 2153 3951 pavet,
2189 3880 2561 3937 Nazarethum
2594 3880 2836 3945 accedit,
2870 3889 3033 3936 aetate
3060 3890 3114 3934 et
3146 3882 3417 3952 sapientia
3452 3894 3585 3951 pro-

1974 3975 2106 4042 ficit,
2155 3974 2473 4045 parentibus
2519 3973 2886 4043 obtemperat,
2934 3973 3080 4028 omni
3131 3974 3344 4031 honore
3390 3988 3578 4044 prose-

1970 4065 2155 4134 quitur
2180 4078 2289 4119 non
2324 4073 2555 4119 matrem
2587 4062 2990 4129 tantummodo,
3028 4078 3217 4118 verum
3254 4064 3424 4120 etiam
3463 4080 3580 4120 ma-

1971 4158 2071 4212 tris
2100 4157 2229 4212 olim
2256 4155 2476 4227 quidem
2506 4170 2792 4224 sponsum,
2827 4156 3083 4225 posthinc
3109 4171 3240 4213 vero
3270 4166 3583 4213 curatorem

1968 4258 2133 4319 atque
2164 4248 2467 4313 custodem,
2512 4247 2709 4316 legalia
2742 4246 2881 4303 festa
2926 4247 3192 4313 celebrat,
3230 4249 3286 4304 in
3318 4252 3581 4322 templqu

1968 4340 2227 4409 frequens
2255 4340 2432 4405 venit,
2466 4336 2819 4394 Judaicorum
2868 4339 3213 4408 ingeniorum
3263 4343 3578 4398 tarditatem

1967 4432 2252 4502 coarguit;
2286 4431 2450 4500 idque
2477 4429 2589 4500 agit
2620 4430 2708 4484 vix
2757 4430 3128 4486 duodeeennis
3157 4442 3284 4501 post
3317 4435 3577 4489 nativita-

1968 4533 2101 4577 tem.
2142 4520 2419 4588 Quzeritur
2452 4536 2483 4576 a
2517 4522 2792 4592 cognatis,
2825 4521 3118 4577 derelictus
3154 4528 3579 4595 reprehenditur

267 4587 366 4640 καὶ
390 4586 554 4641 τοῦτο
578 4594 724 4644 ποιεῖ
749 4591 842 4645 δύο
872 4596 965 4647 καὶ
984 4596 1115 4651 δέκα
1146 4601 1387 4669 γεγονὼς
1417 4606 1578 4675 μόνον
1601 4607 1695 4679 ἐτη
1723 4586 1862 4676 τέως

1977 4631 1997 4668 a
2031 4586 2233 4677 matre,
2266 4612 2472 4669 factum
2506 4586 2783 4677 defendit,
2802 4621 2859 4669 et
2898 4612 3134 4672 latenter
3172 4586 3578 4686 quodammodo

267 4676 548 4773 patd‘cbv
582 4682 778 4737 τόκον·
815 4685 1160 4758 ἐπιζητεῖται
1206 4696 1360 4765 παρὰ
1405 4697 1516 4751 τῶν
1556 4676 1868 4773 προσηκόν-

264 4769 505 4866 τωνμ),
535 4772 891 4845 ἀπολειφθεὶς
926 4781 1246 4847 ἐγκαλεῖται
1278 4788 1431 4859 παρὰ
1479 4791 1579 4860 τῆς
1604 4769 1864 4866 μητρὸς,

266 4861 641 4931 ἀπολογεῖται,
694 4868 788 4920 καὶ
817 4868 1007 4940 ἡρέμα
1035 4890 1153 4937 πως
1199 4885 1555 4951 παραγυμνοῖ
1605 4861 1703 4956 τὴν
1743 4861 1867 4939 θεός

263 4969 428 5020 τητα.
468 4973 486 5006 «ι
518 4957 631 5010 Ούκ
676 4960 853 5013 οἴδατε
897 4962 1030 5036 γὰρ,
1078 4970 1265 5039 φησὶν,
1297 4970 1379 5025 ὅτι
1404 4975 1459 5027 ἐν
1488 4979 1604 5039 τοῖς
1646 4980 1870 5044 οἰκείοις

262 5044 373 5141 ’τοῦΔ
392 5046 619 5141 Πατρός,
641 5067 744 5121 μου
775 5053 855 5108 δεῖ
881 5050 1022 5110 εἶναί
1046 5076 1151 5129 με;
1195 5080 1213 5112 ι
1250 5066 1475 5129 Δεικνὺς
1510 5067 1585 5131 ὡς
1610 5070 1671 5122 ού
1701 5071 1862 5141 μόνον

264 5138 386 5191 ἐστὶ
430 5138 491 5237 rb
520 5140 820 5213 ὁρώμενον,
870 5147 1008 5203 ἀλλὰ
1058 5152 1155 5206 καὶ
1204 5153 1338 5218 Θεὸς
1384 5159 1442 5211 ἐν
1478 5160 1559 5230 τῷ
1599 5138 1862 5237 ὁρωμένῳ

263 5229 677 5301 κρυπτόμενος,
739 5238 1077 5311 ὑπέρχρονος
1125 5244 1220 5298 καὶ
1264 5229 1591 5318 προαιώνιος
1634 5229 1726 5307 ἐκ.
1765 5229 1862 5310 toi}

264 5321 483 5421 Il‘a‘tpb;
511 5325 821 5395 προελθών·
869 5334 966 5387 καὶ⁵
1012 5335 1099 5389 ἵνα
1136 5341 1419 5411 συντόμως
1469 5345 1634 5414 εἴπω,
1680 5366 1859 5421 παρα-

263 5414 476 5482 γίνεται
510 5418 647 5516 πρὸς
685 5421 937 5498 Ἰωάννην
974 5430 1328 5516 βαπτίζοντα,
1368 5438 1549 5493 πείθει
1596 5414 1858 5511 βαπτίσαι

265 5508 734 5579 παραιτούμενον.
786 5527 1055 5588 προτυποῖ
1099 5508 1159 5580 τὸ
1196 5530 1462 5598 ἡμέτερον
1513 5535 1569 5587 ὲν
1610 5535 1686 5603 τῷ
1730 5537 1859 5606 Ἰορ-

338 5684 383 5717 ”
417 5686 552 5746 Luc.
598 5708 652 5755 ιι,
696 5693 783 5748 49.

1968 4704 2309 4760 divinitatem
2370 4719 2527 4759 suam
2595 4706 2808 4760 revelat
2856 4718 2872 4759 :
2925 4724 2943 4758 ι
2978 4704 3340 4776 Nesciebatis,
3373 4709 3575 4780 inquit,

1968 4796 2228 4867 quoniam
2276 4797 2333 4851 in
2382 4796 2450 4851 iis
2489 4810 2611 4866 quae
2664 4794 2844 4852 Patris
2880 4798 2987 4851 mei
3020 4806 3171 4865 sunt,
3222 4810 3439 4868 oportet
3487 4817 3575 4858 me

1969 4905 2088 4946 esse
2111 4889 2202 4943 7'?
2237 4908 2254 4941 ι
2284 4888 2613 4960 Significans
2642 4904 2702 4944 se
2727 4904 2837 4944 non
2875 4904 2999 4945 eum
3039 4905 3161 4947 esse
3193 4898 3575 4950 tantummodo

1968 4983 2061 5052 qui
2109 4982 2457 5048 cernebatur,
2512 4983 2607 5037 sed
2660 4982 2825 5036 Deum
2878 4997 3098 5053 quoque
3146 4998 3272 5040 esse
3329 4988 3430 5041 sub
3481 4985 3573 5042 illo

1970 5086 2193 5145 aspectu
2254 5074 2513 5140 celatum,
2553 5083 2680 5129 ante
2712 5089 2876 5132 omne
2920 5086 3133 5147 tempus
3162 5088 3219 5131 et
3252 5078 3471 5145 sarcula,
3504 5094 3572 5134 ex

1969 5167 2129 5224 Patre
2160 5168 2591 5239 provenientem.
2621 5166 2822 5237 Atque,
2850 5178 2906 5224 ut
2929 5170 3241 5226 summatim
3255 5170 3453 5238 dicam,
3480 5188 3570 5228 ve.

1963 5263 2042 5317 nit.
2068 5262 2135 5317 ad
2169 5263 2432 5318 Joannem
2466 5263 2856 5332 haptizantem,
2890 5266 3187 5335 persuadet
3215 5266 3265 5319 ei
3292 5268 3569 5322 recusanti

1962 5364 2019 5409 ut
2063 5369 2122 5409 se
2167 5354 2431 5423 baptizet,
2483 5355 2795 5426 praeﬁgurat
2847 5354 2901 5409 in
2951 5352 3189 5411 Jordane
3236 5356 3568 5425 baptismum

1963 5453 2232 5509 nostrum,
2256 5442 2419 5500 linem
2439 5443 2543 5515 legi
2578 5446 2831 5514 imponit,
2856 5447 3047 5516 gratia:
3074 5446 3301 5516 jauuam
3338 5460 3567 5513 reserat,

1958 5552 1987 5589 ιι
2020 5533 2180 5589 Patre
2231 5534 2449 5591 coalitus
2496 5535 2822 5607 publicator,
2860 5533 3098 5607 Spiritus
3134 5539 3423 5606 praesentia
3475 5540 3570 5594 de-

339 5842 415 5911 (1)
458 5844 538 5902 Au
589 5848 873 5906 dicendum
904 5856 974 5926 ἐν
1022 5858 1128 5918 τοῖς
1179 5860 1469 5928 συγγενέσι
1518 5863 1606 5916 καὶ
1655 5867 1707 5919 ἐν
1754 5872 1860 5931 τοῖς

1977 5874 2185 5939 ξυστοῖς,
2220 5872 2357 5929 inter
2420 5884 2668 5945 cognatos
2702 5886 2746 5931 ct
2783 5890 2955 5947 notos,
2988 5888 3044 5936 ut
3076 5880 3203 5937 Luc.
3236 5896 3295 5949 ll,
3333 5880 3440 5937 442
