3996 6470
470 419 606 474 1465

1460 407 1516 462 S.
1560 403 1830 462 CYRILLI
1868 399 2333 458 ALEXANDRINI
2373 401 2696 458 AllCHlEP.

3589 400 3716 459 “(id

468 541 820 594 monstratur,
851 528 1065 584 ducitur
1097 529 1153 594 in
1192 528 1465 584 desertum
1502 529 1646 582 velut
1679 527 1743 580 ad
1790 525 2025 580 idoncan

2149 521 2280 593 δάνῃ
2309 523 2621 594 βάπτισμα,
2647 524 2827 577 δίδωσι
2863 523 3014 588 τέλος
3045 525 3122 596 τῷ
3152 527 3324 597 νόμῳ,
3360 525 3453 580 καὶ
3488 522 3588 596 τὴν
3624 522 3715 578 θύ-

467 625 752 692 quamdam
801 621 1142 692 palastram,
1197 631 1249 675 et
1294 620 1499 688 jejunat
1539 619 1755 690 837m
1799 618 2037 686 quidem,

469 732 575 769 non
605 726 781 768 tamen
814 714 950 767 ultra
977 721 1180 766 natura:
1205 723 1546 774 mensuram;
1575 719 1628 762 et
1656 710 1796 764 vesci
1822 707 2036 779 quidem

465 807 636 873 cupit,
678 804 1027 858 nihilominus
1069 800 1361 872 appetitum
1405 802 1641 863 cohibet,
1673 813 1846 868 neque
1882 798 2035 853 volu-

467 895 704 963 ptatibus
733 895 920 948 servit.
957 892 1021 946 Et
1054 892 1208 946 famis
1237 891 1453 960 quidem
1495 903 1656 944 causa
1682 890 1916 944 concitat
1943 889 2040 942 ad-

469 982 766 1036 versarium
794 984 857 1036 ad
887 982 1106 1046 luctam,
1140 995 1298 1050 quem
1324 989 1500 1035 tamen
1532 979 1766 1033 humana
1800 979 2036 1047 philoso-

466 1073 592 1143 phia
641 1082 880 1143 superat,
924 1088 1032 1127 non
1086 1071 1385 1126 divinitatis
1425 1079 1725 1140 potestate;
1780 1070 2034 1135 luctatur,

466 1175 701 1232 superat,
727 1164 917 1227 vincit,
947 1163 1215 1234 proﬂigat,
1243 1162 1578 1234 tyrannidem
1595 1161 1861 1224 dissolvit,
1887 1161 2038 1214 infir-

466 1255 706 1309 mitatem
741 1255 884 1309 illius
932 1257 1285 1318 demonstrat,
1317 1253 1630 1322 clademque
1656 1252 1978 1322 deprtcdicat
2019 1266 2033 1304 :

469 1365 489 1398 ι
513 1347 796 1410 Conlidite,
822 1347 1012 1416 inquit,
1044 1362 1142 1417 ego
1162 1346 1262 1401 vici
1285 1345 1544 1400 mundum
1568 1345 1647 1396 7’:
1675 1363 1692 1395 ι
1727 1354 1954 1398 cunctos
1971 1343 2034 1396 ad
2089 1424 2091 1426 η

464 1440 713 1493 virtutem
744 1439 1005 1500 hortatur,
1027 1438 1326 1492 divinorum
1351 1439 1657 1505 dogmatum
1679 1435 1886 1490 tabulas
1903 1450 2034 1491 con-

462 1530 561 1594 dit,
597 1530 902 1584 nuntiatum
935 1545 1030 1583 ore
1065 1531 1341 1600 prophetae
1387 1527 1792 1584 Testamentum
1837 1543 2030 1581 novum

464 1621 628 1673 tradit
653 1621 721 1685 ’⁸,
745 1620 1002 1674 cmlorum
1033 1635 1257 1689 regnum
1281 1619 1566 1690 promittit,
1604 1617 1761 1673 oliicii
1789 1630 2032 1672 contem-

463 1712 706 1781 ptoribus
732 1713 990 1781 gehennae
1032 1713 1205 1782 ignem
1243 1711 1621 1767 comminatur.

2152 633 2249 686 ραν
2281 616 2561 684 ὑπανοίγει
2586 617 2686 687 τῆς
2714 618 2953 688 χάριτος,
2981 619 3086 671 ὑπὸ
3120 619 3214 672 τοῦ
3245 619 3460 688 [ἰατρὸς
3495 617 3717 689 οὐρανό-

2147 706 2238 758 θεν
2295 707 2749 778 ἀνακηρύττεται,
2803 711 2869 780 τῇ
2921 710 3193 780 παρουσίᾳ
3249 710 3344 762 τοῦ
3407 710 3719 778 Πνεύματος

2143 799 2443 861 δείκνυται,
2478 802 2739 868 ἀνάγεται
2771 804 2848 864 είς
2871 803 2968 874 τὴν
3001 803 3098 873 ἐρη
3110 820 3210 874 μον
3238 803 3313 867 ὡς
3342 805 3423 865 εἰς
3454 802 3718 873 ἀρμοδίαν

2137 889 2258 944 τινά
2295 891 2635 962 παλαίστραν
2678 893 2781 946 ὑπὸ
2830 893 2923 946 τοῦ
2964 894 3306 965 Πνεύματος,
3343 895 3436 947 καὶ
3471 893 3720 964 νηστεύει

2139 983 2279 1054 μὲν,
2331 985 2393 1036 οὗ
2454 985 2597 1056 πέρα
2654 985 2711 1038 δὲ
2760 985 2866 1038 τῶν
2920 986 3133 1057 μέτρων
3185 987 3288 1056 τῆς
3337 989 3576 1054 φύσεως.
3625 985 3718 1038 καὶ

2134 1076 2335 1146 τροφῆς
2371 1076 2470 1146 μὲν
2502 1076 2740 1146 ἐφίεται,
2789 1077 2923 1131 ἀλλά
2970 1080 3164 1149 κρατεῖ
3206 1079 3307 1147 τῆς
3353 1078 3588 1146 ὀρέξεως
3614 1119 3630 1143 ,
3658 1076 3716 1129 οὐ

2134 1167 2373 1221 δουλεύει
2418 1171 2536 1232 ταῖς
2579 1169 2820 1239 ἡδοναῖς·
2873 1171 2967 1224 καὶ
3011 1170 3169 1223 καλεί
3217 1170 3318 1240 μὲν
3345 1175 3409 1241 τῇ
3440 1172 3601 1240 πείνῃ
3632 1170 3717 1224 τὸν

2134 1257 2427 1312 ἀντίπαλον
2482 1261 2560 1322 είς
2610 1261 2708 1331 τὴν
2769 1261 2984 1332 πάλην,
3053 1262 3394 1332 περιγίνεται
3440 1262 3499 1314 δὲ
3553 1261 3716 1314 αὑτοῦ

2137 1347 2452 1420 ἀνθρωπίνῃ
2502 1350 2827 1423 φιλοσοφίᾳ,
2879 1353 2993 1406 ἀλλ’
3041 1354 3141 1406 οὐκ
3183 1352 3406 1424 ἐξουσίᾳ
3444 1354 3713 1424 θεότητος,

2137 1437 2508 1505 ἀγωνίζεται,
2555 1443 3021 1509 καταγωνίζεται,
3065 1446 3192 1514 νικᾷ
3217 1483 3231 1506 ,
3267 1444 3545 1511 ἐξελαύνει
3571 1485 3584 1504 .
3619 1445 3714 1515 τὴν

2137 1530 2425 1597 τυραννίδα
2457 1532 2715 1586 καταλύει
2734 1573 2751 1594 ,
2797 1535 2858 1588 τὸ
2880 1535 3105 1600 ἀσθενὲς
3131 1535 3343 1606 ἐλέγχει
3368 1578 3383 1600 ,
3420 1537 3520 1607 τὴν
3551 1531 3714 1606 ἧτταν

2139 1618 2401 1686 κηρύττει
2422 1636 2454 1687 ·,
2477 1638 2495 1671 t
2526 1621 2791 1690 Θαρσεῖτε
2815 1622 2945 1694 γὰρ,
2979 1626 3163 1695 φησὶν,
3201 1623 3315 1693 ἐγὼ
3341 1625 3602 1696 νενίκηκα
3626 1625 3713 1676 τὸν

2140 1711 2344 1781 κόσμον
2385 1729 2399 1742 ο
2459 1730 2478 1764 ι
2526 1716 2830 1786 προτρέπει
2894 1717 3100 1781 πάντας
3163 1719 3244 1781 είς
3309 1718 3545 1790 ἀρετὴν,
3617 1718 3712 1788 τὴν

465 1800 781 1872 νομοθεσίαν
811 1803 916 1858 τῶν
952 1803 1112 1856 θείων
1158 1802 1442 1873 δογμάτων
1480 1803 1643 1865 ποιεῖ,
1685 1801 1784 1874 τὴν
1842 1801 1932 1856 διά
1967 1802 2062 1855 τοῦ
2109 1805 2392 1874 προφήτου
2443 1806 2864 1880 ἐπηγγελμένην
2910 1809 3105 1881 καινὴν
3132 1809 3412 1883 Διαθῆκην
3475 1811 3708 1872 δίδωσιν.

463 1893 704 1966 οὐρανῶν
772 1894 1050 1965 βασιλείαν
1106 1896 1467 1966 ὑπισχνεῖται,
1521 1899 1631 1960 τοῖς
1662 1895 1951 1966 ἀμελοῦσιν
1991 1896 2204 1950 ἀπειλεῖ
2230 1897 2328 1967 τῆς
2349 1899 2574 1971 γεέννης
2605 1900 2705 1970 τὴν
2730 1899 2921 1970 φλόγα.

522 2005 690 2061 XXV.
730 2006 1133 2077 Compendiaria
1163 2009 1559 2090 ﬂaminicarum
1589 2009 1970 2064 miraculorum

2140 2011 2268 2065 κεν.
2322 2013 2627 2084 Σύντομος
2667 2015 2785 2070 τῶν
2820 2016 3202 2090 ᾼεσποτικῶν
3252 2020 3572 2090 θαυμάτων
3627 2020 3709 2074 δι·

1118 2079 1375 2132 narratio.

533 2193 696 2248 Dictis
726 2192 886 2248 ﬁdem
926 2191 1060 2247 facit
1084 2193 1272 2264 grandi
1305 2203 1515 2263 patrato
1543 2194 1823 2259 miraculo,
1852 2194 2034 2248 vinum

461 2299 652 2352 nempe
684 2283 824 2338 nulla
848 2282 1055 2337 cultura
1084 2283 1408 2353 acquisitum
1441 2284 1640 2354 nuptiis
1663 2286 2031 2355 suppeditans,

457 2371 642 2423 vinum
680 2369 797 2424 sine
834 2370 1144 2439 palmitibus
1191 2387 1259 2426 cx
1305 2387 1445 2442 aqua
1498 2375 1816 2438 conficiens,
1847 2376 2031 2430 vinum

461 2458 665 2528 absque
706 2473 806 2511 uva
850 2459 1160 2530 nuptiarum
1190 2461 1434 2517 convivis
1467 2461 1722 2532 largiens,
1755 2465 1808 2518 in
1850 2466 2031 2520 vinum

461 2557 676 2600 mutans
708 2562 967 2616 aquarum
1008 2560 1278 2615 naturam,
1319 2552 1466 2606 nulla
1507 2553 1900 2612 interveniente
1928 2557 2035 2613 vite

461 2639 739 2694 humorem
781 2651 939 2694 terra:
969 2641 1310 2711 depraedaus,
1355 2653 1517 2713 atque
1566 2645 1639 2700 ita
1674 2649 1886 2716 nuptias
1929 2663 2032 2703 non

457 2728 742 2795 praesentia
767 2731 1159 2796 tantummodo,
1196 2748 1380 2788 verum
1399 2737 1560 2790 etiam
1590 2739 1834 2806 prodigio
1864 2739 2034 2793 hono-

460 2832 607 2872 rans.
643 2816 775 2872 Nam
813 2820 936 2890 quia
965 2822 1076 2891 ipse
1099 2823 1163 2878 de
1192 2822 1426 2892 virginea
1461 2827 1616 2880 vulva
1651 2829 1944 2896 prodierat,
1976 2839 2030 2884 et

457 2909 822 2977 virginitatem
859 2927 953 2965 usu
996 2913 1213 2981 proprio
1246 2923 1300 2968 et
1333 2915 1514 2970 verbis
1541 2917 1853 2984 extollebat,
1887 2921 2032 2976 επιιί-

456 2999 747 3068 batumque
771 3015 932 3070 opere
973 3018 1034 3058 ac
1076 3005 1420 3060 sermonibus
1457 3007 1780 3075 honorabat,
1817 3027 1882 3066 ne
1913 3015 2031 3082 quis

459 3091 599 3145 forte
652 3093 960 3161 coniugium
1000 3095 1432 3164 intemperantiae
1482 3098 1598 3152 loco
1641 3101 1883 3168 haberet,
1928 3118 2030 3156 nu-

456 3181 705 3250 ptiasque
753 3197 848 3236 ceu
904 3183 1118 3239 illicitas
1165 3186 1492 3254 traduceret,
1540 3190 1752 3256 nuptias
1780 3191 2026 3247 honestat

455 3274 738 3340 praesentia
801 3289 933 3339 sua,
996 3275 1255 3331 honorem
1327 3279 1522 3348 insigni
1571 3297 1796 3337 munere
1845 3295 2024 3353 auget,

455 3375 712 3429 sponsum
747 3365 1019 3418 anxietate
1043 3368 1280 3435 expedit,
1318 3370 1573 3425 convivas
1606 3371 1734 3426 facit
1775 3376 2030 3429 attonitos

454 3465 606 3505 nova:
653 3453 727 3506 rei
785 3453 1105 3523 fragrantia,
1165 3471 1224 3511 se
1262 3459 1434 3525 ipsum
1492 3461 1592 3516 hoc
1620 3461 1761 3516 dono
1817 3464 2029 3532 publice

453 3542 785 3598 manifestat.
839 3543 972 3598 Nam
1022 3548 1115 3614 qui
1164 3549 1486 3611 naturaliter
1538 3552 1852 3608 illaboratus
1889 3566 2024 3622 erat,

452 3631 792 3686 illaboratum
849 3635 1028 3687 viuum
1068 3638 1448 3706 suppeditavit.
1494 3638 1751 3696 PoSIhinc
1795 3653 2027 3712 aegrotos

451 3732 627 3787 sanat,
667 3739 916 3778 sermone
963 3727 1178 3781 morbos
1219 3728 1457 3797 resolvit,
1494 3743 1624 3785 nutu
1667 3732 1858 3788 liberat
1899 3751 2023 3804 pas-

451 3815 694 3868 sionibus
729 3814 1058 3880 laborantes,
1107 3817 1465 3874 daemoniacos
1499 3821 1646 3889 rabie
1689 3823 1901 3892 liberat,
1943 3827 2025 3881 fu-

451 3915 631 3959 rentes
672 3906 734 3958 ad
765 3907 1003 3974 quietam
1036 3919 1268 3961 mentem
1314 3922 1548 3974 revocat,
1586 3915 1909 3986 paralyticos
1939 3932 2024 3971 so—

449 3997 600 4059 lidat,
630 3999 937 4051 claudorum
971 3999 1131 4066 pedes
1154 4000 1498 4069 redintegrat,
1534 4006 1700 4058 solem
1721 4009 1834 4061 visu
1853 4011 2023 4064 cassis

447 4085 664 4156 838m
708 4087 960 4150 ostendit,
999 4087 1142 4143 fores
1189 4091 1439 4146 nimirum
1479 4097 1724 4164 corporis
1772 4101 2021 4168 aperiens

450 4190 546 4244 per
563 4191 699 4244 quas
729 4176 920 4229 animm
943 4179 1163 4232 visualis
1190 4179 1420 4236 facultas
1446 4192 1598 4238 extra
1624 4187 1824 4253 prodit;
1862 4189 2020 4259 idque

447 4267 608 4319 modo
646 4266 759 4320 solo
788 4281 1039 4323 sermone
1066 4270 1257 4336 efficit,
1291 4274 1447 4326 modo
1491 4285 1647 4343 sputo
1678 4293 1742 4332 ac
1787 4280 1899 4336 luto
1928 4283 2018 4338 de-

449 4356 714 4411 ticientem
744 4368 947 4425 partem
991 4363 1220 4429 supplet,
1258 4362 1492 4434 facitque
1532 4367 1722 4433 lutum,
1747 4373 1889 4440 quod
1923 4390 2017 4443 per

447 4463 506 4502 se
533 4449 702 4503 oculis
738 4459 819 4503 est
851 4449 1125 4517 infestum,
1155 4454 1430 4510 oculorum
1467 4460 1753 4528 medicum,
1799 4475 1851 4518 et
1889 4482 2015 4522 con-

449 4539 613 4593 trario
644 4540 936 4609 pbarmaco
963 4543 1151 4608 utitur,
1199 4557 1252 4598 et
1293 4560 1402 4600 rem
1434 4551 1646 4604 noxiam
1686 4557 1898 4610 exhibet
1929 4574 2008 4612 sa-

445 4629 691 4685 lutarem.
722 4631 955 4686 Auribus
983 4635 1051 4686 ab
1081 4635 1345 4690 audiendo
1373 4639 1554 4703 dictis,
1581 4643 1672 4696 sed
1704 4654 1877 4700 tamen
1916 4663 2009 4700 au-
2043 4665 2083 4718 ι)

443 4719 555 4773 ditu
600 4722 930 4789 carentibus,
979 4728 1276 4781 naturalem
1315 4729 1550 4798 impertit
1584 4750 1757 4791 usum.
1818 4739 2009 4798 Paucis

441 4810 672 4878 panibus
699 4813 750 4865 in
793 4815 1006 4870 deserto
1039 4818 1201 4871 multa
1238 4820 1515 4877 hominum
1565 4827 1726 4880 millia
1771 4831 2005 4899 satiavit,

442 4904 680 4969 quinque
721 4905 924 4959 scilicet
957 4922 1144 4975 panes,
1181 4919 1434 4981 tanquam
1479 4915 1530 4967 in
1569 4933 1752 4972 arvum
1799 4936 2006 4990 semen,

439 4993 688 5047 manibus
728 4998 964 5060 tradens,
1008 5009 1060 5053 et
1098 5000 1290 5072 linguae
1323 5005 1746 5064 benedictionem
1787 5028 1883 5068 ceu
1931 5017 2004 5069 ri-

440 5095 601 5147 guum
629 5084 867 5138 nimbum
893 5089 1186 5154 adducens,
1211 5091 1428 5147 densam
1455 5095 1724 5166 altamque
1751 5114 2005 5172 segetem,

439 5179 492 5224 et
520 5172 733 5238 plenam
766 5191 944 5230 aream
970 5182 1333 5248 apostolorum
1363 5202 1553 5241 manus
1573 5189 1748 5246 effecit
1781 5211 1790 5244 :
1827 5209 2006 5250 aream

440 5276 539 5314 nec
572 5265 870 5320 ventilabro
915 5284 1014 5322 nec
1050 5275 1361 5340 purgatorio
1409 5289 1673 5346 egentem,
1719 5298 1821 5336 non
1871 5288 2005 5340 mola

438 5368 537 5408 nec
567 5367 768 5412 mactra
810 5375 908 5415 nec
939 5362 1059 5431 igne
1087 5374 1177 5417 aut
1224 5365 1458 5435 clibano,
1502 5371 1595 5426 sed
1636 5372 1778 5440 ipsos
1808 5391 1902 5444 per
1948 5396 2007 5436 se

507 5513 550 5544 "
572 5514 723 5568 Joan.
752 5532 862 5579 xvi,
891 5518 980 5572 35.
1056 5521 1098 5550 "
1124 5518 1322 5576 Jcrem.
1349 5539 1498 5587 xxxi,
1520 5527 1606 5581 51.

505 5668 580 5735 (-l)
620 5670 874 5723 Eamdem
915 5674 1234 5725 sententiam
1275 5677 1438 5732 habes
1476 5681 1526 5733 in
1568 5696 1705 5737 novo
1743 5685 1902 5740 etiam
1940 5699 1992 5741 et

435 5741 671 5814 apprime
711 5741 941 5814 genuino
982 5743 1151 5795 sancti
1193 5746 1467 5814 Augustini
1511 5767 1755 5807 sermone
1798 5758 1861 5810 de
1903 5775 1993 5810 nu-

434 5811 558 5874 ptiis
588 5810 724 5879 apud
758 5811 975 5875 (Lanam,
1009 5826 1165 5881 quem
1203 5810 1301 5871 nos
1331 5831 1394 5870 ex
1431 5821 1565 5875 miro
1602 5824 1782 5879 codice
1811 5829 1990 5884 saeculi

2803 2088 3040 2157 ήγησις.

2207 2196 2500 2251 Πιστοΰται
2540 2198 2607 2253 τά
2635 2199 2901 2270 λεγόμενα
2925 2204 2992 2272 τῇ
3020 2203 3231 2276 μεγάλῃ
3272 2204 3702 2277 θαυματουργία,

2135 2285 2275 2343 οἶνον
2308 2293 2659 2364 ἀγεώργητον
2688 2295 2767 2365 τῷ
2795 2296 2958 2367 γάμῳ
2979 2296 3343 2368 δωρούμενος,
3377 2294 3519 2351 οἶνον
3541 2300 3706 2371 χωρὶς

2136 2381 2428 2453 κλημάτων
2461 2383 2519 2449 ἐξ
2558 2384 2746 2450 ὓδατος
2782 2386 3166 2458 ἐργαζόμενος,
3215 2384 3358 2442 οἶνον
3401 2391 3706 2458 ἀστάφυλον

2133 2475 2245 2535 τοῖς
2291 2472 2386 2526 τοῦ
2437 2474 2614 2544 γάμου
2656 2475 2940 2547 δαιτυμόσι
2997 2477 3380 2550 χαριζόμενος,
3435 2482 3515 2542 είς
3568 2476 3706 2533 οἶνον

2139 2563 2459 2634 μεταϐαλὼν
2492 2565 2600 2620 τῶν
2623 2567 2828 2622 ὑδάτων
2855 2569 2954 2639 τὴν
2982 2570 3166 2639 φύσιν.
3205 2572 3278 2644 μὴ
3317 2573 3707 2642 μεσιτευούσης

2135 2655 2381 2723 ἀμπέλου
2408 2696 2422 2720 ,
2454 2657 2549 2709 καὶ
2593 2659 2692 2728 τῆς
2732 2658 2837 2728 γῆς
2870 2659 2967 2730 τὴν
3017 2662 3196 2714 νοτίδα
3239 2663 3498 2734 συλήσας,
3537 2665 3706 2734 τιμῶν

2133 2747 2223 2798 τὸν
2254 2747 2430 2816 γάμον
2463 2749 2523 2800 ού
2550 2751 2615 2818 τῇ
2668 2750 2940 2821 παρουσία
2970 2751 3151 2821 μόνον,
3182 2752 3315 2806 ἀλλά
3348 2755 3443 2807 καὶ
3483 2758 3548 2824 τῇ
3583 2755 3709 2808 θαυ-

2137 2838 2480 2908 ματουργία·
2530 2840 2715 2910 ἐπειδὴ
2763 2840 2872 2912 γάρ
2913 2843 2977 2894 ὲκ
3019 2843 3358 2914 παρθενικῆς
3407 2844 3706 2913 ἐϐλάστησε

2136 2930 2344 2998 μήτρας
2369 2969 2384 2992 ο

2133 3019 2317 3089 ἐξῆρε,
2345 3021 2440 3073 καὶ
2478 3022 2578 3092 τὴν
2609 3021 2840 3090 ἀζυγίαν
2882 3024 3062 3095 ἔργοις
3089 3028 3185 3079 καὶ
3212 3027 3390 3096 λόγοις
3426 3029 3705 3099 ἐτίμησεν,

2133 3113 2218 3165 ἵνα
2270 3115 2344 3186 μή
2393 3131 2477 3177 τις
2524 3116 2818 3169 ἀκολασίαν
2857 3114 2997 3172 εἶναι
3028 3119 3222 3191 νομίζῃ
3269 3122 3368 3191 τὴν
3417 3123 3705 3191 συζυγίαν,

2131 3205 2224 3256 καὶ
2254 3205 2329 3268 ὡς
2361 3208 2680 3276 παρανόμου
2710 3209 2804 3262 τοῦ
2836 3209 3016 3279 γάμου
3060 3212 3423 3282 κατηγοροίη,
3456 3218 3590 3285 τιμᾷ
3615 3216 3708 3268 τὸν

2131 3296 2306 3362 γάμον
2337 3299 2402 3366 τῇ
2445 3299 2716 3368 παρουσία
2749 3299 2856 3369 (Ι),
2883 3299 3034 3365 αὔξει
3059 3303 3156 3370 τὴν
3195 3304 3360 3374 τιμὴν
3385 3307 3452 3374 τῇ
3479 3305 3574 3358 τοῦ
3601 3306 3705 3359 δώ-

2135 3398 2226 3450 ρου
2262 3383 2559 3455 φιλοτιμίᾳ,
2611 3386 2728 3440 λύει
2780 3389 2875 3441 τοῦ
2907 3391 3138 3459 νυμφίου
3178 3394 3276 3463 τὴν
3320 3396 3578 3466 ἀπορίαν,
3614 3399 3706 3451 ἑκο

2131 3475 2355 3545 πλήττει
2417 3477 2544 3541 τοὺς
2580 3479 2858 3548 συμπότας
2895 3484 2960 3552 τῇ
3009 3481 3103 3535 τοῦ
3149 3485 3335 3538 καινοῦ
3382 3489 3704 3556 πράγματος

2128 3565 2378 3636 εὐοσμίᾳ,
2415 3569 2606 3621 ἑαυτὸν
2641 3569 2726 3622 διὰ
2769 3571 2860 3624 τοῦ
2891 3573 3061 3643 δώρου
3109 3575 3389 3645 κηρύττει.
3461 3578 3701 3649 Ἀγεώρ-

2126 3675 2289 3726 γητος
2315 3659 2422 3730 γάρ
2457 3659 2554 3722 ὢν,
2583 3661 2672 3714 τὸν
2697 3662 3048 3733 ἀγεώργητον
3073 3661 3214 3720 οἶνον
3237 3668 3490 3722 δέδωκεν.
3533 3670 3700 3724 Ἐκεῖ-

2128 3749 2218 3803 θεν
2244 3751 2370 3813 τοὺς
2393 3750 2712 3823 ἀρρώστους
2743 3755 3017 3820 ίάται,καὶ
3041 3757 3184 3828 λόγῳ
3217 3757 3334 3811 λύει
3356 3761 3456 3822 τὰς
3488 3761 3694 3827 νόσους,

2125 3843 2217 3894 καὶ
2242 3841 2470 3912 νεύματι
2499 3845 2609 3897 τῶν
2642 3845 2832 3899 παθῶν
2853 3848 3181 3902 ἀπαλλάττει
3213 3851 3338 3914 τοὺς
3367 3852 3693 3921 κάμνοντας,

2125 3935 2249 3996 τοὺς
2303 3934 2675 4004 δαιμονῶντας
2725 3939 2825 4007 τῆς
2874 3940 3072 4010 λύττης
3115 3942 3408 4013 ἐλευθεροῖ,
3457 3945 3693 3999 δείκνυσι

2122 4023 2248 4085 τοὺς
2285 4026 2593 4094 μεμηνότας
2641 4028 3062 4099 καθεστηκότας,
3111 4035 3329 4102 σφίγγει
3377 4036 3504 4100 τοὺς
3552 4055 3690 4108 παρ·

2123 4115 2389 4184 ειμένους,
2423 4117 2715 4188 ἀρτίποδας
2747 4123 2873 4184 τοὺς
2901 4123 3107 4191 χωλοὺς
3153 4126 3554 4194 ἀπεργάζεται,
3585 4130 3688 4181 δεί-

2121 4222 2273 4258 κνυσι
2299 4207 2388 4258 τὸν
2422 4208 2570 4277 ἥλιον
2593 4213 2703 4273 τοῖς
2730 4211 2791 4264 τὸ
2822 4212 3037 4282 βλέπειν
3065 4217 3457 4287 ἀφῃρημένοις,
3488 4221 3688 4287 ἀνοίγει

2120 4295 2216 4356 τὰς
2247 4296 2415 4366 Θύρας
2470 4299 2562 4350 τοῦ
2594 4301 2845 4372 σώματος
2889 4305 2956 4356 δι’
2983 4300 3057 4358 ὧν
3088 4308 3176 4359 ἐπὶ
3201 4309 3266 4360 τά
3295 4308 3399 4372 ἔξω
3425 4311 3687 4380 διαχεῖται

2117 4387 2176 4438 τὸ
2207 4388 2303 4456 τῆς
2330 4387 2508 4458 ψυχῆς
2541 4393 2784 4457 ὀπτικὸν,
2820 4397 2914 4449 καί
2943 4397 3035 4449 νῦν
3067 4399 3163 4467 μὲν
3197 4399 3338 4471 λόγῳ
3365 4404 3510 4472 μόνῳ
3533 4406 3687 4459 τοῦτο

2118 4483 2277 4541 ποιεῖ,
2306 4481 2397 4532 τὸν
2434 4483 2600 4552 πηλὸν
2625 4487 2715 4538 τὸν
2744 4489 2851 4539 τῶν
2885 4489 3148 4559 ὀμμάτων
3195 4493 3478 4547 ἐπίϐουλον
3505 4498 3684 4569 ὀμμάο

2117 4587 2220 4620 των
2255 4570 2611 4644 θεραπευτὴν,
2639 4577 2831 4647 καὶτῷ
2879 4580 3120 4650 πολεμίῳ
3168 4585 3443 4656 φαρμάκῳ
3482 4590 3682 4659 κέχρηο

2113 4676 2218 4722 ται,
2247 4662 2339 4713 καὶ
2379 4662 2439 4714 τὸ
2481 4663 2808 4737 δηλητήριον
2859 4670 3212 4743 ἀλεξητήριον
3253 4675 3526 4731 δείκνυσι·
3561 4664 3682 4743 ’ταῖς

2114 4751 2303 4814 ἀκοαῖς
2333 4753 2712 4824 καλουμέναις,
2736 4759 2795 4812 τὸ
2823 4760 2878 4813 δὲ
2906 4763 3124 4816 ἀκούειν
3149 4767 3555 4838 ἀφῃρημέναις,
3588 4771 3681 4842 τὴν

2114 4843 2318 4896 οἰκείαν
2342 4845 2619 4915 ἐνέργειαν
2642 4851 3162 4924 ὲπιδίδωσι.”Αρτοις
3181 4857 3381 4924 ὀλίγοις
3405 4861 3462 4910 ἐν
3494 4862 3679 4932 ἐρήμῳ

2114 4935 2313 4997 πολλὰς
2361 4939 2582 5009 ὲκόρεσε
2611 4942 2874 5010 χιλιάδας,
2908 4947 3033 5009 τοὺς
3063 4949 3221 5000 πέντε
3247 4952 3466 5018 ἀρτους,
3492 4953 3638 5006 ὥσπε
3649 4971 3676 5023 ρ

2114 5024 2191 5086 εἰς
2219 5025 2455 5097 ἄρουραν
2493 5033 2714 5102 σπέρμα
2734 5076 2748 5100 ,
2777 5039 2894 5098 ταῖς
2933 5041 3120 5108 χερσὶν
3149 5040 3423 5110 ἐμϐαλὼν,
3457 5044 3550 5094 καὶ
3582 5045 3673 5112 τῆς

2107 5114 2350 5184 γλώττης
2377 5121 2472 5190 τὴν
2497 5123 2748 5191 εὐλογίαν
2778 5122 2887 5181 οἶόν
2918 5147 2969 5180 τι
2998 5131 3156 5196 νέφος
3191 5134 3509 5201 ἐπαγαγὼν,
3543 5136 3671 5187 δασὺ

2106 5205 2198 5256 καὶ
2241 5206 2374 5274 βαθὺ
2407 5209 2554 5280 λήϊον
2603 5217 2695 5266 καὶ
2726 5216 2838 5270 ἆλω
2869 5218 3048 5289 πλήρη
3077 5221 3174 5284 τὰς
3214 5224 3320 5276 τῶν
3363 5226 3669 5279 ἀποστόλων

2105 5297 2292 5365 χεῖρας
2336 5299 2646 5370 ἀπέφηνεν,
2678 5303 2790 5360 ἆλω
2821 5309 2881 5360 οὐ
2915 5311 3082 5362 πτύου
3123 5313 3384 5384 δεομένην
3428 5318 3522 5368 καὶ
3566 5318 3670 5369 δια-

2105 5389 2357 5457 κρίσεως,
2390 5396 2448 5446 ού
2484 5398 2649 5464 μύτου
2678 5403 2770 5454 καὶ
2817 5404 3063 5474 μάκτρας
3095 5408 3185 5458 καὶ
3220 5409 3389 5476 πυρὸς
3429 5410 3520 5462 καὶ
3558 5410 3665 5462 κλι-

2430 2934 2524 2982 καὶ
2556 2932 2852 3002 παρθενίαν
2881 2933 3088 3003 ἠσκησέ
3132 2952 3190 2987 τε
3233 2936 3329 2989 καὶ
3370 2940 3481 2998 τοῖς
3532 2937 3709 3006 λόγοις

2101 5698 2311 5818 ῗιιριίηιὶ
2357 5703 2616 5762 cdidLmtts
2655 5710 2704 5763 in
2738 5711 3015 5786 δρᾶ-ἐΐσῃ.)
3058 5718 3231 5786 Rom,
3288 5737 3320 5779 ι.
3363 5726 3486 5792 Vill,
3529 5731 3660 5786 cina

2121 5782 2278 5818 mem.

2121 5782 2278 5821 tncm.
