3996 6512
816 58 1487 70 ___7——_—___

168 474 187 528 ι
206 472 313 528 tus

1337 464 1425 522 DE
1466 462 1987 523 INCARNATIONE
2028 460 2287 520 DOMINI.

3324 454 3467 513 ιιεσ

166 589 368 651 θάνω,
416 584 532 640 ἀλλ’
576 583 775 646 αὐτοὺς
824 582 948 645 τοὺς
1000 581 1199 650 ἄρτους
1251 581 1522 651 βρύουσάν
1561 601 1620 636 τε
1662 583 1758 635 καὶ

1882 594 2031 634 tones
2083 577 2485 650 germinantem
2538 580 2701 645 atque
2757 580 3121 629 eructantem.
3179 570 3359 642 Atque
3405 584 3469 629 ut

170 676 566 748 ηγάζαοσαν·
617 673 709 726 καὶ
753 673 840 727 ἵνα
887 675 946 725 έν
985 671 1268 741 κεφαλαίῳ
1317 673 1478 735 εἴπω,
1521 673 1755 743 αἵματος

171 770 404 839 ιστησεν
447 766 673 836 ὀχετοὺς
701 763 800 835 τὴν
848 765 992 818 ἴασιν
1023 763 1203 816 ἑκοντὶ
1243 763 1529 834 συληθείς·
1583 763 1755 834 κόρην

175 861 354 930 ἄωρον
379 859 724 929 ἁρπαγεῖσαν
753 856 856 908 ὑπὸ
879 854 1108 908 θανάτου
1133 855 1228 907 καὶ
1258 853 1630 925 πενθουμένην
1651 854 1758 907 ὑπὸ

175 953 286 1006 τῶν
317 951 535 1005 οἰκείων
572 948 930 1018 ἀνθαρπάσας
953 949 1066 1010 τοῖς
1096 948 1333 1017 φύσασιν
1371 947 1716 1000 ἀποδέδωκεν
1739 959 1755 978 ο

172 1044 366 1114 ἓτερον
413 1041 631 1094 νεανίαν
677 1042 757 1102 είς
803 1039 896 1092 τδν
941 1041 1110 1107 τάφον
1150 1037 1637 1110 προπεμπόμενον,
1679 1039 1759 1099 είς

176 1118 327 1203 ζωὴν
352 1133 691 1202 ἐπανήγαγε,
725 1131 818 1184 καὶ
850 1132 932 1193 εἰς
954 1130 1130 1201 χαρὰν
1158 1131 1218 1182 τὺ
1244 1129 1438 1193 πένθος
1470 1129 1757 1199 μετέόαλε,

175 1225 275 1279 καὶ
300 1224 391 1277 τὸν
423 1223 708 1292 ἐπιτάφιον
737 1221 936 1293 θρῆνον
965 1223 1046 1284 είς
1068 1219 1252 1291 ὕμνων
1287 1221 1444 1293 λόγον
1474 1220 1761 1292 γαμηλίων

174 1317 374 1388 ιτρεψε
394 1331 407 1345 ο
438 1315 533 1368 καὶ
560 1314 650 1366 τὸν
680 1311 890 1382 δυσώδη
921 1313 1118 1383 νεκρὸν
1168 1313 1306 1382 μετά
1355 1313 1625 1384 τετάρτην
1663 1316 1762 1384 τῆς

173 1408 437 1476 τελευτῆς
474 1408 540 1459 ὲκ
567 1406 667 1474 τῆς
700 1405 876 1476 θήκης
907 1404 1166 1474 ἐξήγαγε,
1197 1406 1291 1456 καὶ
1321 1404 1411 1458 τὸν
1446 1403 1760 1474 πεπεδημέ-

176 1518 272 1554 νον
300 1497 536 1570 βαδίζειν
567 1496 873 1558 ἐκέλευσεν,
899 1495 994 1548 καὶ
1020 1494 1366 1566 παραχρῆμα
1391 1494 1423 1574 ό
1451 1511 1510 1548 τε
1528 1494 1764 1556 θάνατος

177 1592 600 1664 ἐδραπέτευσεν,
651 1591 744 1643 καὶ⁸
790 1592 820 1642 ό
852 1588 1044 1659 νεκρὸς
1083 1587 1285 1658 έδραμε
1330 1590 1433 1657 τῆς
1465 1586 1766 1656 σηπεδόνος

176 1683 552 1751 ἀπαλλαγεὶς,
606 1682 700 1734 καὶ
746 1681 846 1750 τὴν
904 1679 1003 1749 τῆς
1068 1679 1363 1748 σηπεδόνος
1423 1677 1766 1747 ἀποθέμενος

174 1775 470 1837 δυσωδζαν,
513 1775 606 1828 καὶ⁸
631 1772 728 1836 τάς
756 1771 851 1825 τοῦ
882 1771 1114 1825 θανάτου
1142 1769 1314 1834 πύλας
1344 1767 1645 1839 διαφυγὼν,
1670 1769 1768 1822 καὶ

179 1866 292 1919 ὑπὸ
333 1864 442 1918 τῶν
469 1864 686 1935 δεσμῶν
719 1865 934 1934 τρέχειν
959 1863 1020 1916 ού
1052 1864 1416 1934 κωλυόμενος,
1445 1864 1540 1917 καὶ
1563 1861 1641 1934 τῷ
1667 1864 1767 1933 μὲν

175 1957 277 2012 τοῦ
310 1954 605 2027 προσώπου
652 1954 971 2024 καλύμματι
1017 1954 1079 2006 τὸ
1126 1953 1345 2024 βλέπειν
1388 1953 1765 2025 ἀφῃρημένος,

177 2047 480 2110 ἀκωλύτως
512 2047 569 2100 δὲ
593 2047 804 2118 τρέχων
837 2047 977 2116 πρὸς
1014 2047 1107 2099 τὸν
1153 2046 1482 2111 καλέσαντα,
1535 2047 1633 2099 καὶ
1670 2044 1770 2116 τὴν

177 2140 524 2210 Δεσποτικὴν
554 2136 936 2206 ἐπιγινώσκων
964 2139 1170 2210 φωνήν.

184 2257 333 2324 κεῖν.
353 2257 475 2309 Ὅτι
495 2255 792 2321 ἑκουσίως
805 2256 888 2309 τὰ
911 2253 1176 2324 σωτήρια
1197 2254 1359 2314 πάθη
1380 2239 1768 2316 κατεδέξατο.

256 2434 357 2489 Διά
387 2433 592 2486 τούτων
625 2433 718 2487 καὶ
742 2431 918 2487 ἄλλων
958 2428 1105 2502 [cod.
1144 2428 1255 2481 τῶν
1285 2443 1382 2498 pro
1407 2425 1608 2498 ἀλλων]
1636 2425 1770 2479 θαυ-

185 2529 401 2600 μάτων,
428 2525 536 2579 τῶν
581 2522 922 2593 ἐπαγγελιῶν
955 2521 1281 2593 ὲμπεδώσας
1305 2519 1363 2572 τὸ
1398 2518 1648 2589 μέγεθος,
1680 2517 1772 2572 καὶ

180 2617 280 2670 τὸν
312 2615 472 2686 χορὸν
495 2613 605 2665 τῶν
632 2611 947 2665 ἀποστόλων
975 2614 1054 2674 είς
1086 2608 1289 2680 ἀρετὴν
1320 2606 1768 2678 παιδπριὸήσας,

181 2705 520 2776 προστρέχει
579 2705 694 2766 τοῖς
749 2700 1121 2772 ἀναγράπτοις
1172 2699 1400 2753 πάθεσιν
1454 2697 1771 2769 ἐθελοντής*

180 2796 454 2860 πολλάκις
508 2796 610 2865 μὲν
651 2792 826 2847 ταῦτα
865 2795 981 2856 τοῖς
1037 2795 1320 2862 φοιτηταῖς
1373 2788 1770 2861 προμηνύσας,

179 2889 525 2958 ἐπιτιμήσας
559 2886 616 2940 δὲ
639 2884 716 2955 τῷ
742 2885 956 2954 Πέτρῳ,
982 2883 1101 2953 μεθ’
1128 2881 1322 2954 ἡδονῆς
1351 2883 1427 2952 μὴ
1463 2879 1771 2944 καταδεξα-

183 2981 339 3052 μένῳ
387 2979 454 3032 τά
483 2978 591 3032 τῶν
635 2975 822 3030 παθῶν
855 2975 1172 3044 εὐαγγέλια,
1220 2975 1316 3026 καὶ
1361 2973 1540 3038 δείξας
1573 2971 1648 3033 ὼς
1685 2970 1776 3024 διὰ

176 3075 394 3127 τούτων
423 3069 780 3142 κατορθοῦται
815 3069 916 3137 τῆς
953 3066 1282 3136 οἰκουμένης
1318 3067 1350 3136 ἡ
1384 3064 1630 3134 σωτηρία
1652 3079 1664 3091 ·
1692 3062 1774 3115 διδ

179 3167 283 3219 καὶ
308 3169 417 3227 τοῖς
447 3161 764 3216 ἐπελθοῦσιν
803 3159 994 3213 ἑαυτὸν
1028 3158 1311 3222 ὑπέδειξεν
1345 3158 1549 3225 λέγων·
1590 3177 1607 3208 ι
1632 3154 1776 3224 Ἐγώ

1856 655 2021 728 γεἰυδιι
2053 670 2123 726 ad
2166 667 2555 737 compendium
2584 667 2890 730 conferam,
2936 664 3222 736 sanguinis
3255 663 3465 719 fluxum

1857 765 2122 828 cohibuit,
2153 764 2388 818 sanitate
2438 761 2508 816 ab
2532 774 2598 816 eo
2634 769 2829 829 sponte
2878 757 3123 830 quidem,
3161 757 3256 813 sed
3307 759 3468 827 quasi

1861 857 2072 919 furtim,
2106 856 2424 924 impetrata.
2452 851 2696 906 Puellam
2731 851 3072 919 impuberem
3108 859 3284 904 morte
3308 850 3472 903 abre-

1859 959 2006 1018 ptam
2034 986 2050 1011 ,
2082 955 2138 1002 et
2165 962 2193 999 a
2224 947 2340 1002 suis
2373 945 2648 1010 deﬂetam,
2677 943 2920 998 vicissim
2965 941 3229 1010 eripiens,
3275 955 3473 1010 paren-

1864 1045 2008 1098 tibus
2053 1040 2310 1095 reddidit.
2350 1038 2532 1093 Alium
2577 1036 2977 1091 adolescentem
3017 1035 3085 1088 ad
3129 1031 3468 1097 sepulturam

1861 1136 2088 1198 elatum,
2121 1133 2243 1186 vitae
2278 1130 2540 1192 restituit,
2588 1128 2730 1184 etin
2782 1127 3040 1197 gaudium
3092 1125 3295 1179 luctum
3340 1138 3473 1178 con-

1862 1225 2048 1287 vertit,
2079 1232 2135 1278 et
2161 1221 2443 1276 funebrem
2479 1218 2931 1274 lamentationem
2964 1215 3019 1270 in
3056 1213 3331 1282 nuptiales
3370 1215 3471 1285 by-

1865 1330 2021 1370 mnus
2061 1311 2466 1366 transmutavit.
2524 1309 2794 1364 Praeterea
2863 1306 3040 1361 fetens
3101 1314 3221 1376 post
3255 1305 3473 1375 quatri-

1865 1407 2032 1461 duum
2079 1407 2148 1460 ab
2181 1404 2330 1458 obitu
2360 1403 2597 1457 cadaver
2642 1415 2710 1456 ex
2750 1415 2876 1455 arca
2911 1400 3121 1463 eduxit,
3166 1407 3219 1451 et
3264 1396 3476 1452 institis

1866 1501 2130 1570 illigatum
2181 1497 2462 1553 ambulare
2496 1496 2696 1567 iussit;
2758 1510 2929 1566 reque
2983 1509 3112 1548 vera
3155 1491 3476 1562 diffugiente

1868 1603 2062 1659 morte,
2096 1600 2346 1646 mortuus
2373 1589 2656 1655 discurrit,
2700 1587 2992 1658 putredine
3036 1585 3194 1652 liber,
3223 1585 3478 1655 putredi-

1869 1685 2064 1754 nisque
2117 1681 2294 1738 fetore
2345 1681 2594 1751 deposito
2617 1718 2633 1745 ,
2662 1694 2716 1735 ,ιε
2761 1679 2955 1734 mortis
3007 1677 3195 1746 januis
3226 1667 3428 1731 evasit
3458 1693 3472 1729 :

1871 1785 2037 1846 atque
2070 1775 2145 1829 ita
2175 1773 2319 1828 haud
2347 1772 2462 1842 jam
2495 1770 2744 1840 ligaturis
2773 1787 2803 1825 a
2835 1785 2997 1826 cursu
3048 1769 3379 1840 prohibitus,
3418 1781 3478 1824 et

1872 1880 1902 1919 a
1947 1865 2172 1920 funereo
2203 1863 2363 1920 faciei
2406 1863 2525 1920 velo
2575 1863 2720 1918 haud
2773 1862 2974 1917 diutius
3016 1864 3138 1917 visu
3186 1862 3473 1932 spoliatus,

1872 1960 1991 2014 sine
2030 1957 2139 2012 ullo
2171 1957 2584 2028 impedimento,
2631 1955 2700 2012 ad
2749 1966 3062 2021 vocantem,
3109 1955 3302 2028 agnita.
3342 1968 3477 2011 voce

1876 2049 2178 2125 Dominica,
2204 2051 2464 2105 accurrit.

1873 2248 2066 2307 XXVI.
2110 2251 2271 2316 Quod
2311 2258 2498 2318 sponte
2548 2246 2790 2331 (Iesus)!
2828 2247 3121 2302 salutarem
3175 2248 3504 2314 passionem-

2531 2329 2817 2388 exceperit.

1946 2430 2042 2486 llis
2066 2430 2298 2500 aliisque
2327 2429 2608 2484 miraculis
2638 2428 3062 2498 promissionum
3105 2443 3330 2484 suarum
3364 2444 3481 2483 ma-

1874 2523 2159 2595 gnitudine
2196 2521 2544 2587 confirmata,
2577 2530 2632 2576 et
2663 2521 3038 2592 apostolorum
3074 2522 3247 2577 choro
3278 2521 3348 2576 ad
3369 2522 3482 2577 vir-

1877 2622 2045 2668 tutem
2090 2614 2327 2678 erudito,
2380 2621 2575 2681 sponte
2620 2613 2868 2668 accurrit
2906 2613 2974 2667 ad
3018 2627 3112 2667 eas
3144 2628 3266 2684 qn:e
3308 2613 3376 2667 de
3413 2628 3482 2669 eo

1876 2707 2093 2774 scriptae
2140 2703 2354 2780 fuerant
2397 2703 2618 2775 839m
2670 2706 2984 2772 passiones;
3028 2719 3163 2771 quas
3205 2717 3348 2773 saepe
3393 2705 3479 2758 di-

1875 2797 2100 2864 scipulis
2127 2797 2242 2850 suis
2275 2798 2759 2865 przenuntiaveral,
2803 2793 2969 2849 Petro
3002 2795 3167 2850 etiam
3213 2795 3483 2864 increpito

1876 2889 1967 2957 qui
2016 2889 2158 2942 haud
2206 2887 2440 2942 libenter
2483 2886 2798 2956 passionum
2833 2889 3082 2942 nuntium
3131 2881 3480 2959 excipiebat;

1878 2979 2257 3033 demonstrans
2298 2979 2534 3048 denique
2581 2979 2816 3034 salutem
2866 2980 3054 3034 mundi
3086 2994 3183 3048 per
3227 2981 3324 3034 has
3350 2996 3484 3035 con-

1880 3071 2018 3124 fleri.
2068 3069 2360 3138 Propterea
2418 3078 2472 3123 et
2520 3071 2937 3124 advenientibus
2999 3079 3171 3126 semet
3224 3070 3479 3124 exhibuit

1881 3161 2067 3216 dicens
2101 3179 2115 3214 :
2157 3180 2175 3212 ι
2212 3161 2322 3231 Ego
2349 3177 2466 3215 sum
2496 3177 2658 3230 quem
2687 3163 2934 3230 quaeritis
2957 3163 3025 3217 ".
3053 3182 3071 3214 ι
3104 3163 3165 3216 Ει
3193 3171 3483 3218 accusatus

178 3261 306 3327 εἰμι
332 3256 391 3308 ὃν
419 3253 653 3324 ζητεῖτε.
687 3272 705 3303 ι
729 3253 838 3305 Καὶ⁵
861 3250 1336 3322 κατηγορούμενος
1365 3250 1464 3302 ούκ
1498 3250 1772 3312 ἀντεῖπεν,

1882 3267 1985 3306 ιιοιι
2015 3254 2313 3320 respondit,
2350 3263 2405 3306 et
2432 3269 2552 3307 cum
2589 3267 2775 3322 posset
2806 3254 2997 3322 latere,
3036 3253 3246 3322 noluit;
3301 3271 3480 3323 qum-

180 3350 284 3403 καὶ
327 3345 624 3415 δυνάμενος
672 3342 881 3400 λαθεῖν.
925 3342 1085 3394 τοῦτο
1135 3345 1306 3393 ποιεῖν
1343 3342 1444 3393 οὐκ
1485 3341 1776 3410 ἠνέσχετοο

181 3442 283 3495 καὶ
316 3438 491 3492 ταῦτα
535 3435 791 3498 πολλάκις
815 3434 979 3504 ἡνίκα
1005 3433 1282 3503 ἠϐουλήθη
1311 3431 1592 3500 διαφυγών
1609 3448 1622 3460 ·
1643 3432 1782 3486 ἀλλά

181 3534 285 3587 καὶ
319 3531 495 3584 κλαίει
527 3514 628 3599 μὲν
656 3526 756 3598 τὴν
789 3524 1168 3598 Ἰερουσαλὴμ,
1201 3525 1276 3587 ὡς
1302 3525 1365 3595 δὴ
1394 3525 1492 3595 τῆς
1523 3524 1782 3588 ἀπιστίας

181 3621 586 3690 ἐπισπωμένης
633 3616 729 3670 τὸν
760 3615 1002 3686 ὄλεθρον,
1052 3614 1493 3684 καταψηφίζεται
1543 3613 1601 3666 δὲ
1640 3631 1780 3666 παν-

183 3714 470 3784 ωλεθρίως
514 3711 610 3764 τοῦ
646 3710 1085 3781 πολυθρυλλήτου
1131 3708 1301 3762 πάλαι
1340 3706 1476 3759 νεώ·
1526 3708 1780 3777 ἀνέχεται

186 3806 288 3859 καὶ
322 3804 416 3856 ἐπὶ
442 3805 618 3872 κάρης
647 3799 805 3872 [cod.
835 3800 1005 3870 κόρης
1031 3796 1052 3869 ]
1091 3797 1407 3868 παιόμενος,
1447 3796 1553 3850 ὑπὸ
1582 3796 1779 3866 διπλῆν

184 3895 439 3951 δουλείαν
469 3892 810 3955 δουλεύοντος
839 3890 985 3962 (cod.
1018 3888 1386 3961 δουλεύοντες]
1416 3887 1780 3958 κολαφιζόμε-

185 4006 318 4056 voc,
386 3986 794 4054 ὲμπτυόμενος,
843 3981 1262 4052 ὀνειδιζόμενος,
1325 3980 1778 4050 στρεὸλούμενος,

191 4077 666 4152 μαστιγούμενος,
720 4077 811 4128 καὶ
862 4075 925 4128 τὸ
974 4076 1285 4128 τελευταῖον
1351 4073 1775 4144 σταυρούμενος,

189 4176 290 4229 καὶ
323 4173 618 4242 λαμϐάνων
655 4169 859 4240 λῃστὰς
901 4169 1000 4239 τῆς
1033 4167 1304 4239 τιμωρίας
1331 4168 1620 4229 κοινωνοὺς
1653 4168 1781 4220 ἐκα-

187 4264 460 4337 τέρωθεν,
488 4263 580 4315 καὶ
608 4260 953 4331 ἀνδροφόνοις
995 4261 1088 4313 καὶ
1118 4260 1452 4329 κακούργοις
1485 4258 1779 4312 συνταττό-

194 4373 384 4429 μενος,
417 4356 510 4408 κα¹ι
535 4353 654 4418 ὄξος
688 4354 781 4406 καὶ
821 4351 982 4422 χολὴν
1013 4352 1161 4422 παρὰ
1185 4351 1279 4404 τοῦ
1316 4351 1487 4404 κακοῦ
1520 4351 1780 4420 ἀμπελῶ-

190 4467 285 4512 νος
313 4446 719 4518 καρπούμενος,
763 4446 854 4497 καὶ
888 4443 1150 4507 ἀκάνθαις
1198 4444 1318 4496 ἀντὶ
1350 4444 1645 4512 κλημάτων
1684 4441 1778 4494 καὶ

194 4540 440 4611 βοτρύων
508 4536 854 4603 στεφόμενος,
905 4536 998 4587 καὶ
1049 4532 1339 4604 πορφυρίδι
1383 4531 1802 4602 χλευαζόμενος,

191 4633 578 4706 ὀρυττόμενος,
606 4631 698 4684 καὶ
722 4630 872 4693 τέλος
902 4630 1059 4697 τάφῳ
1091 4625 1621 4697 παραπεμπόμενος.

1879 3359 2041 3413 quam
2088 3343 2195 3398 alio
2243 3359 2349 3398 non
2405 3345 2576 3398 semel
2607 3356 2868 3415 tempore
2919 3347 3193 3416 appetitus
3243 3345 3482 3410 insidiis,

1881 3434 2274 3489 declinaverat.
2325 3433 2551 3504 Insuper
2599 3444 2652 3490 et
2698 3436 3005 3492 Jerusalem
3058 3438 3324 3505 deplorat,
3363 3453 3486 3508 quae

1881 3525 2264 3582 incredulitate
2305 3543 2402 3581 sua
2447 3528 2674 3583 exitium
2715 3529 2819 3584 sibi
2865 3531 3242 3599 comparabat,
3292 3538 3348 3583 et
3390 3545 3487 3584 su-

1881 3633 2085 3688 premae
2132 3621 2302 3673 ruina:
2333 3620 2536 3675 addicit
2587 3619 2846 3690 templum
2896 3622 3026 3676 olim
3077 3621 3481 3690 famigeratum.

1883 3706 2161 3762 Patienter
2183 3725 2398 3780 quoque
2430 3725 2489 3766 se
2517 3712 2568 3764 in
2594 3712 2779 3781 capite
2803 3727 3121 3780 percussum
3156 3712 3262 3766 fert
3284 3713 3352 3768 ab
3387 3712 3490 3767 ho-

1885 3801 2029 3855 mine
2063 3801 2355 3871 dupliciter
2402 3804 2609 3858 servili.
2655 3803 3011 3873 Exalapatus,
3049 3815 3367 3872 consputus,
3403 3805 3487 3859 vi-

1887 3900 2189 3962 tuperatus,
2226 3897 2591 3960 excruciatus,
2643 3895 2967 3964 ﬂagellatus,
3010 3906 3065 3952 et
3109 3906 3385 3967 postremo
3429 3897 3483 3952 in

1885 4001 2101 4041 crucem
2132 3996 2308 4053 actus,
2333 3998 2388 4041 et
2418 3988 2595 4044 socios
2617 3989 3186 4058 supplicii-admittens
3208 3989 3486 4058 utrimque

1889 4076 2146 4140 latrones.
2193 4091 2248 4135 et
2294 4096 2416 4135 cum
2468 4081 2756 4136 bomicidis
2787 4092 2952 4153 atque
2980 4083 3225 4139 scelestis
3264 4096 3490 4152 compu-

1891 4178 2057 4232 tatns,
2091 4181 2415 4242 acetumque
2462 4182 2514 4227 et
2570 4171 2641 4228 fel
2694 4189 2759 4229 ex
2813 4175 2951 4228 mala
3005 4176 3115 4229 vite
3160 4174 3486 4245 percipiens,

1889 4261 2167 4331 spinisque
2204 4277 2303 4332 pro
2337 4264 2654 4334 palmitibus
2685 4276 2848 4336 atque
2890 4269 3128 4322 racemis
3170 4276 3488 4330 coronatus,

1887 4362 1943 4406 et
1991 4368 2229 4422 purpura
2283 4357 2498 4421 illusus,
2556 4359 2876 4427 calamoque
2931 4376 3241 4427 percussus,
3302 4359 3490 4415 lancea

1887 4446 2030 4498 latus
2063 4445 2367 4514 perfossus,
2397 4457 2450 4501 et
2484 4448 2721 4518 denique
2749 4451 3001 4519 sepulcro
3031 4451 3237 4505 illatus.

1884 4537 1977 4588 καὶ
2028 4535 2263 4608 καλάμῳ
2321 4539 2659 4609 παιόμενος,
2711 4542 2805 4594 καὶ
2870 4543 3045 4614 λόγχῃ
3095 4542 3197 4612 τὴν
3247 4541 3494 4612 πλευρὰν

236 4755 360 4811 ΚΖ’.
404 4755 498 4820 Τίς
527 4752 648 4807 τῶν
678 4750 1068 4806 Δεσποτικῶν
1098 4749 1462 4818 παθημάτων
1495 4751 1533 4818 ἡ
1567 4751 1746 4803 αἰτία.

1890 4746 2105 4801 XXVII.
2150 4747 2408 4813 Quantam
2453 4747 2746 4800 Dominicn:
2785 4746 3048 4814 passionis
3095 4763 3259 4800 causa
3305 4746 3491 4815 fuerit.

282 4863 572 4934 ’Υπέμεινε
621 4862 677 4914 δὲ
708 4861 900 4924 ταῦτα,
936 4860 1034 4930 τὴν
1070 4861 1345 4930 ἡμετέραν
1393 4858 1785 4930 μηχανώμενος

199 4956 478 5028 σωτηρίαν
501 4970 514 4984 ·
547 4955 735 5023 ἐπειδὴ
769 4955 878 5022 γὰρ
908 4954 957 5004 οἱ
987 4954 1053 5022 τῇ
1105 4951 1352 5021 ἁμαρτίᾳ
1393 4951 1787 5015 δουλεύσαντες

197 5050 312 5109 τοῖς
346 5045 642 5115 ἐπιτιμίοις
677 5042 968 5096 ὑπεύθυνοι
1017 5043 1114 5111 τῆς
1161 5041 1435 5111 ἁμαρτίας
1465 5042 1783 5111 ἐτύγχανον,

200 5137 365 5198 αὐτὸς
389 5135 666 5207 ἁμαρτίας
700 5133 1141 5205 ἀπηλλαγμένος,
1183 5133 1278 5184 καὶ
1303 5132 1391 5184 διὰ
1419 5133 1597 5204 πάσης
1640 5132 1789 5185 ὁδεύε-

204 5248 306 5294 σας
357 5228 723 5296 δικαιοσύνης,
765 5227 863 5296 τὴν
915 5225 1023 5277 τῶν
1075 5223 1418 5294 ἁμαρτωλῶν
1469 5224 1790 5286 κατεδέξατο

201 5323 498 5393 τιμωρίαν,
533 5319 620 5373 διά
654 5320 751 5388 μὲν
794 5317 890 5370 τοῦ
940 5315 1194 5385 σταυροῦ,
1227 5317 1326 5384 τῆς
1374 5314 1610 5376 παλαιᾶς
1658 5331 1792 5366 κατ-

205 5416 346 5484 άρας
400 5411 499 5478 τὴν
546 5411 817 5480 ἀπόφασιν
858 5408 1002 5460 λύων
1048 5426 1064 5457 ι
1101 5406 1373 5478 (Χριστὸς
1421 5407 1551 5476 γὰρ,
1604 5408 1788 5476 φησὶν,

205 5503 541 5575 ἐξηγόρασεν
567 5504 712 5573 ἡμᾶς
742 5503 806 5554 ὲκ
844 5501 943 5570 τῆς
988 5500 1233 5569 κατάρας
1275 5498 1371 5550 τοῦ
1417 5501 1605 5568 νόμον,
1640 5501 1793 5567 γενό-

209 5613 369 5668 μενος
433 5596 574 5666 ὑπὲρ
608 5595 763 5666 ἡμῶν
803 5594 1046 5662 κατάρα·
1105 5592 1418 5660 γέγραπται
1471 5593 1598 5663 γάρ·
1642 5595 1793 5646 Ἐπι-

209 5687 523 5758 κατὰρατος
557 5689 662 5749 πᾶς
685 5687 712 5738 ό
734 5686 1080 5756 κρεμάμενος
1115 5686 1169 5735 ἐν
1212 5683 1356 5752 ξύλῳ
1385 5683 1450 5752 ι),
1475 5685 1561 5736 διὰ
1588 5685 1642 5738 δὲ
1685 5687 1790 5738 τῶν

281 5866 326 5898 ⁸⁸
356 5861 491 5919 qun
549 5879 700 5926 xvttl,
736 5864 787 5918 6.
861 5865 898 5893 “
930 5864 1103 5919 Galat.
1140 5879 1220 5926 ιιι,
1264 5865 1341 5927 lii,
1381 5865 1461 5916 Il.

1969 4859 2093 4915 llaec
2125 4873 2304 4915 autem
2340 4875 2631 4931 perpessus
2666 4867 2774 4922 est.
2807 4861 2932 4913 dam
2973 4859 3135 4914 saluti
3174 4867 3373 4914 nostra:
3402 4863 3495 4914 dat

1894 4967 2137 5022 operam.
2175 4952 2304 5006 Nam
2327 4953 2454 5021 quia
2491 4953 2525 5006 ii
2555 4952 2648 5022 qui
2679 4960 2903 5021 peccato
2926 4952 3254 5017 servierant,
3283 4951 3493 5022 peccati

1895 5045 2068 5115 poenis
2102 5045 2225 5099 facti
2259 5054 2415 5098 erant
2437 5045 2681 5108 obnoxii,
2716 5043 2832 5112 ipse
2861 5043 3009 5096 omni
3044 5053 3268 5110 peccato
3296 5043 3496 5096 immuc

1897 5138 2002 5202 nis,
2042 5148 2094 5191 et
2124 5139 2214 5206 qui
2254 5136 2431 5190 omnis
2471 5135 2696 5202 justitim
2740 5151 2956 5190 cursum
3005 5134 3334 5200 confecerat,
3373 5149 3499 5198 pec-

1899 5230 2140 5283 cautium
2168 5229 2493 5299 supplicium
2534 5228 2724 5293 subiit,
2764 5227 3274 5282 veteris'maledicti
3303 5227 3495 5281 decre-

1903 5328 2011 5371 tum
2043 5334 2206 5373 cruce
2231 5335 2325 5372 sua
2359 5319 2566 5373 dolens.
2600 5318 2894 5373 «Christus
2921 5318 3089 5381 enim,
3120 5319 3297 5386 inquit
3332 5318 3497 5386 (Pan-

1902 5411 2038 5480 lus),
2076 5426 2172 5466 nos
2204 5412 2434 5465 redemit
2466 5412 2530 5466 de
2563 5411 2850 5465 maledicto
2884 5411 3040 5480 legis,
3069 5410 3244 5464 factus
3277 5426 3374 5478 pro
3397 5427 3497 5465 n0-

1903 5504 1986 5557 bis
2034 5502 2434 5557 maledietmn:
2485 5504 2612 5571 quia
2670 5507 2932 5572 scriptum
2982 5514 3065 5556 est
3112 5521 3126 5558 ι
3178 5502 3498 5558 Maledictus

1901 5595 2082 5649 oumis
2112 5595 2204 5663 qui
2244 5595 2437 5665 pendet
2467 5596 2519 5647 in
2557 5595 2704 5665 ligno
2733 5596 2811 5661 3‘;
2855 5614 2872 5647 ι
2906 5595 3091 5665 spinea
3127 5610 3253 5648 vero
3299 5611 3496 5647 corona

1903 5687 2061 5746 linem
2090 5688 2281 5742 Adami
2309 5687 2589 5758 suppliciis
2617 5691 2920 5758 imponens.
2964 5687 3182 5743 Etenim
3219 5697 3338 5757 post
3373 5703 3497 5755 pce.
