3996 6450
526 372 661 426 ιιστ

1544 382 1600 439 S.
1643 382 1919 444 CYRILLI
1948 384 2413 445 ALEXANDRINI
2451 387 2769 446 ABCHlEP.

3621 372 3751 430 1468

528 495 707 539 catum
740 486 827 543 Ille
858 488 1102 546 audierat
1136 513 1149 548 :
1189 511 1209 545 t
1238 493 1518 552 Maledicta
1559 507 1701 553 terra
1751 500 1806 553 in
1838 500 2090 571 operibus

2215 502 2466 567 ικανθῶν,
2491 502 2645 565 τέλος
2682 498 2855 562 διδοὺς
2895 498 3013 558 ταῖς
3048 492 3222 564 ’Δδάμ
3254 486 3544 563 τιμωρίαις
3583 486 3752 557 (μιτά

532 575 641 630 tuis
673 593 688 631 :
720 579 906 647 spinas
960 590 1012 635 et
1055 583 1279 640 tribulos
1323 588 1644 657 geminabit
1676 587 1772 645 tibi
1799 590 1867 645 “.
1900 609 1920 642 ι
1955 590 2099 647 Felle

534 668 947 726 amaritudinem
990 687 1054 729 ac
1090 676 1390 732 molestiam
1435 680 1680 736 mortalis
1721 681 2099 754 passibilisque

533 755 810 811 hominum
858 760 977 814 vita:
1012 761 1065 815 in
1113 778 1173 819 se
1219 766 1437 832 recepit.
1490 766 1658 821 Aceto
1707 767 1986 823 hominum
2043 769 2096 824 in

536 846 685 915 pejus
718 851 1069 905 mutationem
1101 852 1209 920 ipse
1240 854 1340 907 sibi
1375 853 1675 923 imputavit,
1702 864 1757 910 et
1785 855 1851 909 ad
1879 854 2096 910 meliora

536 938 768 993 reditum
813 941 1035 1010 largitus
1061 950 1161 997 est.
1200 943 1441 1014 Purpura
1488 960 1710 1016 regnum
1757 946 2097 1017 signiﬁcavit,

535 1025 777 1100 mm
822 1032 1027 1089 calamo
1074 1033 1438 1090 infirmitatem
1485 1034 1939 1107 l‘ragilitatemque
2003 1051 2102 1109 po-

538 1120 720 1171 tentiae
746 1120 942 1174 diaboli
980 1121 1176 1187 innuit,
1221 1124 1377 1193 alapa
1425 1136 1666 1181 nostram
1704 1127 1996 1197 publicavit
2038 1127 2104 1182 li-

540 1208 821 1276 bertatem,
852 1211 1004 1267 nobis
1033 1214 1241 1270 debitas
1274 1216 1510 1273 tolerans
1540 1217 1653 1289 ipse
1699 1218 1943 1286 injurias,
1984 1234 2104 1274 cor-

540 1302 805 1357 rectiones
830 1314 991 1374 atque
1009 1306 1209 1374 plagas.
1231 1306 1416 1375 Latus,
1432 1324 1588 1380 aeque
1613 1325 1679 1365 ac
1702 1310 1964 1379 Adamus,
1981 1326 2105 1381 per-

540 1389 735 1460 fossus,
780 1408 887 1450 non
921 1406 1097 1453 tamen
1148 1396 1400 1454 feminam
1454 1401 1578 1455 inde
1607 1412 1970 1473 emergentem
2012 1418 2107 1458 ex-

540 1481 748 1550 hibens,
780 1500 898 1554 qua:
951 1499 1177 1545 mortem
1226 1506 1325 1546 suo
1372 1506 1558 1548 errore
1586 1494 1791 1563 genuit,
1840 1496 1935 1550 sed
1985 1495 2107 1550 vita

2198 593 2307 666 γάρ
2336 594 2434 663 τήν
2469 590 2747 665 ἁμαρτίαν
2778 587 2921 661 lead.
2946 580 3265 656 τιμωρίαν].
3283 583 3511 653 ήκουσεν
3536 580 3758 639 ἐκεῖνος·

2204 702 2222 736 ι
2272 684 2701 753 Ἐπικατάρατος
2734 682 2767 752 ή
2797 678 2868 749 γῆ
2902 678 2958 731 έν
2985 678 3100 740 τοῖς
3130 675 3314 747 ἔργοις
3368 688 3485 737 σου,
3527 668 3759 728 ἀκάνθας

2198 774 2293 829 καὶ
2337 775 2617 845 τριϐόλους
2664 770 2914 827 ἀνατελεῐ
2942 785 3024 822 σοι
3058 769 3133 839 ι),
3163 767 3251 820 διὰ
3282 766 3340 820 δὲ
3382 765 3481 835 τῆς
3507 761 3671 831 χολῆς
3705 759 3762 811 τὸ

2201 865 2394 935 πικρὸν
2424 868 2517 919 καὶ
2543 865 2801 919 ἐπίπονον
2830 862 2931 932 τῆς
2970 859 3172 931 θνητῆς
3210 858 3304 912 καί⁵
3336 853 3586 925 παθητῆς
3625 850 3764 919 ζωῆς

2200 956 2310 1009 τῶν
2343 956 2646 1027 ἀνθρώπων
2676 958 2757 1019 είς
2786 954 2974 1007 έαυτδν
2999 951 3399 1020 ἀναλαμϐάνων
3419 964 3434 978 ·
3472 946 3562 1000 διά
3590 945 3648 999 δὲ
3675 941 3764 1031 τοῦ

2201 1042 2355 1107 ϐξους
2400 1043 2500 1112 τὴν
2545 1044 2638 1097 ἐπὶ
2665 1043 2725 1096 τὸ
2753 1044 2931 1113 χεῖρον
2978 1042 3088 1095 τῶν
3131 1038 3433 1109 ἀνθρώπιον
3468 1033 3769 1106 μεταϐολήν

2202 1131 2361 1193 αὐτὸς
2403 1132 2715 1202 δεχόμενος,
2755 1132 2850 1185 καλ⁹
2879 1131 2978 1202 τὴν
3008 1132 3088 1195 είς
3121 1130 3181 1184 τὸ
3213 1129 3463 1199 κρεῖττον
3515 1124 3772 1177 έπάνοδον

2202 1222 2592 1294 χαριζόμενος·
2661 1225 2729 1293 τῇ
2778 1222 3070 1293 πορφυρίδι
3122 1220 3409 1291 σημαίνων
3466 1216 3569 1286 τὴν
3618 1214 3772 1285 βασι-

2203 1314 2382 1379 λείαν,
2429 1313 2507 1384 τῷ
2538 1313 2767 1383 καλάμῳ
2809 1313 2870 1367 τὸ
2907 1312 3130 1375 ἀσθενὲς
3171 1311 3267 1365 καὶ
3317 1299 3514 1380 σῖιθρδν
3546 1308 3644 1377 τῆς
3680 1303 3775 1358 τοῦ

2204 1405 2452 1461 διαϐόλου
2491 1406 2772 1475 δυνάμεως
2796 1404 3164 1475 αἰνιττόμενος
3184 1441 3200 1467 ,
3228 1400 3307 1472 τῷ
3342 1399 3646 1473 ραπίσματι
3677 1393 3776 1467 τὴν

2204 1497 2477 1570 ήμετέραν
2503 1496 2789 1568 κηρύττων
2836 1494 3169 1566 ἐλευθερίαν,
3212 1494 3312 1557 τάς
3342 1489 3617 1562 ἡμετέρας
3648 1489 3780 1540 ὑπο-

539 1573 740 1631 iontem
763 1580 853 1646 qui
881 1579 1077 1649 duplici
1112 1582 1280 1637 rivulo
1303 1586 1558 1639 mundum
1580 1585 1853 1653 vivilleat;
1878 1601 2105 1655 quorum

2215 1588 2386 1659 μένων
2430 1587 2617 1660 ὕϐρεις
2645 1627 2661 1651 ,
2711 1588 2806 1642 καὶ
2843 1586 3124 1649 παιδείας,
3173 1586 3269 1639 καὶ
3320 1584 3609 1654 μάστιγας.
3667 1577 3780 1646 Τὴν

538 1663 675 1720 alter
706 1668 757 1721 in
790 1669 1107 1738 baptisterio
1144 1687 1243 1727 nos
1289 1682 1514 1728 renovat
1543 1682 1600 1729 et
1645 1674 1934 1730 immortali
1968 1676 2105 1731 stola

2215 1677 2449 1749 πλευρὰν
2493 1677 2574 1749 τῷ
2618 1679 2791 1750 Ἀδὰμ
2837 1678 3218 1749 παραπλήσιον
3265 1673 3623 1743 νυττόμενος,
3665 1667 3780 1722 ἀλλ’

536 1759 720 1822 vestit,
764 1758 899 1813 alter
929 1760 1140 1831 genitos
1175 1762 1271 1817 alit
1304 1766 1356 1819 in
1404 1765 1585 1821 divina
1629 1780 1838 1833 mensa,
1878 1782 1975 1823 cett
2028 1768 2109 1823 lac

2215 1770 2270 1823 οὐ
2307 1771 2543 1839 γυναῖκα
2585 1768 2878 1836 προϊοῦσαν
2919 1767 3126 1823 ἐκεῖθεν
3159 1766 3395 1829 δεικνὺς,
3423 1764 3514 1817 τὸν
3552 1760 3783 1816 θάνατον

539 1850 811 1918 Ρθτνυίοίο
2144 1846 2186 1902 Β
2213 1860 2301 1914 διὰ
2341 1860 2440 1931 τῆς
2478 1860 2694 1931 ἀπάτης
2731 1862 3090 1932 γεννήσασαν,
3124 1858 3263 1912 ἀλλά
3290 1856 3475 1926 πηγήν
3518 1853 3664 1921 ζωῆς
3704 1848 3787 1919 τῷ

538 1941 711 2012 διπλῷ
743 1946 945 2015 νάματι
977 1945 1075 2017 τὴν
1105 1948 1432 2019 οίκουμένην
1477 1950 1884 2020 ζοιογονοῦσαν·
1929 1943 2007 2007 ὧν
2044 1950 2105 2005 τὸ
2145 1952 2244 2022 μὲν
2274 1954 2421 2023 ἡμᾶς
2454 1955 2512 2007 έν
2579 1950 2935 2024 κολυμϐήθρᾳ
2996 1952 3249 2015 νεοποιεῐ,
3298 1948 3391 2001 καὶ
3419 1948 3487 2016 τῇ
3531 1940 3787 2012 ἀθανάτῳ

542 2037 858 2107 περιϐάλλει
889 2040 1086 2113 στολῇ·
1122 2042 1182 2095 τι
1222 2042 1279 2096 δι
1324 2043 1515 2114 τρέφει
1544 2046 1904 2118 γεννηθέντας
1942 2048 2002 2101 έν
2036 2048 2105 2118 τῇ
2143 2046 2389 2120 τραπέζῃ
2414 2050 2481 2120 τῇ
2510 2047 2651 2119 θείᾳ,
2684 2047 2939 2117 καθάπερ
2964 2044 3036 2099 τὰ
3068 2044 3245 2116 βρέφη
3272 2042 3332 2096 τὸ
3364 2042 3526 2111 γάλα·

539 2170 770 2230 XXVIII.
831 2172 983 2238 Quod
1016 2190 1082 2228 ea:
1105 2171 1303 2229 Christi
1355 2176 1673 2234 cruciatibus
1733 2178 1879 2233 salus
1922 2185 2106 2232 nostra

2215 2177 2348 2231 Kﬂ'.
2382 2177 2513 2230 Ὅτι
2536 2173 2635 2229 διὰ
2656 2173 2775 2229 τῶν
2811 2172 2917 2229 τοῦ
2948 2172 3203 2242 Χριστοῦ
3229 2170 3434 2227 παθῶν
3462 2170 3501 2238 ἡ
3532 2170 3790 2241 ἡμετέρα

1211 2253 1328 2298 orta
1353 2246 1443 2299 sit.

607 2373 907 2431 Pbarmaca
947 2377 1131 2446 itaque
1162 2386 1347 2432 nostra
1390 2387 1517 2435 sunt
1568 2380 1878 2439 Servatoris
1941 2386 2114 2441 nostri

541 2470 831 2523 cruciatus.
861 2468 1012 2535 Quod
1040 2470 1296 2540 propheta
1315 2472 1517 2526 docens
1550 2473 1628 2527 ait
1655 2491 1670 2528 :
1702 2470 1863 2544 (ipse
1892 2487 2113 2546 peccata

541 2568 722 2614 nostra
761 2558 981 2626 perfert,
1020 2569 1073 2613 et
1105 2574 1201 2628 pro
1226 2560 1378 2616 nobis
1408 2562 1552 2617 dolet
1587 2581 1601 2617 :
1634 2579 1731 2620 nos
1758 2576 1933 2621 autem
1954 2582 2114 2637 repu-

543 2650 773 2703 tavintus
810 2664 932 2704 eum
989 2651 1041 2703 itt
1098 2650 1285 2705 labore
1322 2660 1377 2705 et
1412 2652 1565 2723 plaga
1613 2662 1776 2725 atque
1830 2656 2117 2712 aﬂlictioue

542 2741 768 2795 versari.
804 2738 922 2810 Ipse
959 2742 1271 2797 vulneratus
1300 2752 1383 2797 est
1410 2754 1631 2814 propter
1655 2756 1875 2817 peccata
1910 2761 2115 2814 nostra,

543 2831 761 2886 attritus
788 2840 873 2887 est
912 2841 1129 2902 propter
1163 2833 1367 2887 scelera
1396 2843 1578 2888 nostra
1617 2850 1631 2893 :
1662 2835 1945 2906 disciplina
1968 2839 2120 2908 pacis

546 2932 745 2977 nostra:
771 2937 931 2992 super
964 2938 1085 2978 eum
1116 2942 1129 2977 :
1168 2922 1335 2978 livore
1361 2925 1478 2993 ejus
1536 2940 1633 2979 nos
1688 2927 1863 2981 sanati
1909 2942 2116 2985 sumus.

545 3016 747 3069 Omnes
784 3017 939 3084 quasi
969 3030 1099 3070 oves
1134 3014 1438 3071 erravimus
1470 3032 1485 3083 ;
1529 3018 1648 3072 ideo
1703 3027 1954 3087 tanquam
2002 3020 2121 3076 ovis

546 3108 612 3163 ad
634 3107 958 3161 occisionem
994 3107 1186 3161 ductus
1204 3116 1306 3172 est,
1335 3116 1389 3161 et
1418 3108 1561 3162 sicut
1586 3121 1757 3175 agnus
1788 3123 1970 3163 coram
2003 3120 2119 3165 ton-

547 3199 707 3254 dente
750 3213 810 3254 se
852 3199 1122 3253 obmutuit
1148 3197 1216 3254 ⁸³.
1257 3216 1277 3249 ι
1329 3197 1396 3252 Et
1437 3198 1578 3253 sicut
1613 3210 1798 3270 pastor
1849 3199 2121 3269 dispersas

546 3305 677 3348 oves
700 3305 949 3355 cernens,
991 3305 1149 3345 unam
1177 3305 1243 3346 ex
1275 3290 1467 3345 ovibus
1520 3305 1679 3344 mamt
1737 3301 1945 3355 tenens,
1977 3302 2031 3346 et
2053 3294 2119 3348 ad

2728 2242 2936 2313 rem
2982 2243 3266 2310 σωτηρία.

2280 2377 2551 2449 Φάρμακα
2576 2377 2755 2433 τοίνυν
2809 2374 2958 2429 ἐστὶν
3004 2374 3247 2446 ἡμέτερα
3297 2371 3367 2426 τά
3401 2370 3498 2426 τοῦ
3540 2370 3795 2442 Σωτῆρος

2213 2470 2369 2541 ήμῶν
2399 2470 2737 2541 παθήματα·
2787 2468 2883 2522 καὶ
2928 2467 3086 2522 τοῦτο
3127 2466 3393 2521 διδάσκων
3431 2466 3461 2518 ὁ
3502 2465 3795 2536 προφήτης

2217 2561 2315 2633 βοᾷ
2337 2580 2350 2593 ·
2394 2582 2413 2616 ι
2441 2562 2613 2626 Αὐτὸς
2661 2561 2761 2625 τὰς
2811 2560 3083 2633 ἁμαρτίας
3115 2560 3275 2632 ήμῶν
3306 2560 3483 2633 φέρει,
3518 2560 3613 2613 καὶ
3653 2559 3796 2630 ὑπὲρ

2215 2654 2371 2724 ήμῶν
2396 2654 2647 2708 δδυνᾶται
2667 2666 2681 2681 ·
2712 2655 2874 2724 ἡμεῖς
2897 2652 2955 2706 δὲ
2980 2653 3349 2725 έλογισάμεθα
3373 2653 3539 2706 αὑτὸν
3564 2649 3705 2706 εἷναι
3730 2655 3792 2705 ὲν

2216 2745 2383 2815 πόνῳ,
2422 2744 2514 2797 καὶ
2560 2744 2619 2799 ὲν
2669 2744 2879 2815 πληγῇ.
2937 2744 3031 2797 καὶ
3081 2747 3140 2797 ὲν
3181 2742 3460 2798 κακώσει*
3520 2742 3686 2806 αὐτὸς
3738 2742 3796 2796 δε

2216 2837 2624 2912 έτραυματίσθη
2652 2837 2741 2891 διὰ
2766 2837 2868 2902 τάς
2900 2838 3176 2910 ἁμαρτίας
3204 2838 3385 2909 ήμῶν,
3421 2838 3518 2891 καὶ
3548 2836 3797 2908 μεμαλά-

2215 2945 2400 2981 κισται
2430 2928 2518 2981 διὰ
2546 2929 2645 2992 τάς
2667 2928 2897 2999 ἀνομίας
2922 2928 3080 3000 ήμῶν
3104 2946 3117 2958 ·
3150 2926 3367 2981 παιδεία
3390 2928 3617 2999 εἰρήνης
3642 2927 3799 2996 ήμῶν

2220 3020 2308 3077 έπῖ
2330 3019 2479 3089 αὐτῷ
2504 3037 2517 3049 ο
2552 3019 2629 3089 τῷ
2660 3019 2887 3089 μώλωπι
2916 3019 3079 3073 αὑτοῦ
3109 3022 3273 3090 ἡμεῖς
3295 3019 3526 3087 ίάθημεν
3550 3036 3565 3050 ·
3599 3018 3799 3081 πάντες

2216 3108 2291 3173 ὼς
2322 3110 2574 3178 πρόϐατα
2601 3110 2877 3181 ἐπλανήθη
2887 3128 3006 3181 μεν,
3030 3109 3112 3163 διὸ
3134 3111 3210 3173 ὡς
3239 3108 3513 3180 πρόϐατον
3538 3107 3633 3160 ἐπὶ
3665 3124 3800 3175 σφα-

2216 3200 2319 3269 γὴν
2370 3200 2534 3271 ήχθη,
2588 3201 2683 3256 καὶ
2724 3201 2801 3265 ὡς
2859 3202 3031 3271 ἀμνὸς
3078 3200 3320 3253 ἐναντίον
3370 3199 3467 3253 τοῦ
3518 3200 3799 3271 κείραντος

2218 3289 2380 3342 αὑτὸν
2411 3288 2645 3358 ἄφωνος.
2679 3308 2697 3341 ι
2749 3291 2859 3344 Καὶ
2906 3290 3155 3361 καθάπερ
3195 3291 3398 3361 ποιμὴν
3438 3291 3509 3344 τὰ
3558 3291 3803 3362 πρόϐατα

547 3382 803 3451 placitum
832 3381 932 3435 sibi
964 3396 1217 3450 pascuum
1246 3379 1474 3445 ducens,
1503 3381 1738 3451 reliquas
1767 3382 1930 3437 etiam
1956 3382 2113 3453 hujus

2221 3382 2655 3452 διεσκεδασμένα
2693 3382 2937 3453 θεωρῶν,
2971 3383 3031 3436 ἓν
3075 3384 3182 3437 τῶν
3212 3382 3499 3452 προϐάτων
3532 3384 3797 3453 κατέχων,

547 3471 796 3544 exemplo
842 3473 908 3527 ad
950 3486 1008 3527 se
1060 3470 1329 3540 pertrabit
1358 3486 1375 3537 ;
1403 3469 1482 3525 sic
1504 3468 1647 3525 Deus
1698 3468 1933 3526 Verbum
1991 3488 2112 3527 cum

548 3578 720 3634 genus
752 3564 1028 3618 hominum
1060 3562 1419 3616 errabundum
1466 3560 1710 3625 vidisset,
1753 3564 1895 3617 servi
1947 3562 2117 3617 forma

549 3663 850 3725 assumpta,
880 3668 1050 3722 eaque
1071 3652 1171 3708 sibi
1210 3650 1480 3721 copulata,
1521 3653 1588 3706 ad
1618 3668 1677 3708 se
1703 3668 1798 3723 per
1819 3654 1963 3709 illam
1989 3670 2119 3710 con-

549 3746 715 3799 vertit
767 3745 1073 3799 universam
1107 3744 1385 3798 bominum
1419 3752 1690 3807 naturam,
1722 3754 1886 3813 atque
1924 3745 1989 3799 ad
2034 3744 2119 3799 di-

549 3840 676 3895 vina
726 3853 923 3909 pascua
956 3838 1180 3891 deduxit
1232 3851 1327 3892 eos
1354 3836 1444 3905 qui
1488 3834 1626 3891 male
1659 3836 2021 3905 pascebantur
2067 3847 2122 3893 et

548 3928 691 3999 lupis
730 3932 886 3983 erant
915 3926 1136 3995 objecti.
1155 3927 1446 3995 Propterea
1466 3926 1723 3983 Servator
1749 3936 1935 3982 noster
1960 3937 2122 3984 natu-

550 4035 665 4073 rum
696 4028 937 4072 nostram
966 4017 1255 4087 assumpsit
1285 4035 1298 4071 :
1338 4027 1623 4086 propterea
1653 4015 1903 4072 Christus
1944 4017 2123 4073 Domi-

551 4127 651 4166 nus
684 4109 1017 4166 salutiferam
1042 4109 1258 4179 excepit
1296 4107 1624 4177 passinnem,
1662 4108 1932 4177 mortique
1970 4111 2122 4165 dedi-

550 4214 658 4269 tus,
700 4201 945 4271 sepulcro
992 4200 1240 4264 traditus,
1284 4199 1558 4269 antiquam
1595 4200 1739 4255 illam
1776 4203 2117 4272 tyrannidem

550 4294 775 4362 depulit,
807 4305 862 4350 et
908 4290 1212 4361 corruptela
1263 4293 1498 4347 detentis
1557 4293 2117 4363 incorruptibilitatem

550 4384 818 4456 promisit.
880 4380 1013 4436 Nam
1053 4380 1376 4436 dissolutum
1437 4381 1695 4451 templum
1726 4390 2039 4438 restaurans
2068 4390 2122 4436 et

550 4476 905 4539 resuscitans,
927 4475 1156 4529 mortuis
1181 4488 1394 4543 quoque
1417 4482 1580 4543 atque
1621 4472 1739 4541 ejus
1774 4474 2123 4529 resurrectio-

548 4583 674 4624 nem
711 4566 1153 4637 exspectantibus
1204 4581 1361 4621 veras
1400 4566 1691 4635 ﬁrmasque
1729 4565 1890 4639 841
1922 4584 1971 4620 m
2006 4584 2124 4638 pro-

544 4660 840 4717 missiones
900 4658 1154 4713 ostendit.
1209 4656 1345 4711 Nam
1394 4658 1870 4726 quemadmodum,
1922 4657 2118 4726 inquit,

2222 3472 2316 3523 καὶ
2340 3473 2426 3540 ἐφ’
2452 3472 2519 3543 ἢν
2548 3471 2799 3542 βούλεται
2836 3474 3007 3544 νομὴν
3049 3474 3221 3541 ἄγων,
3260 3474 3410 3527 ἕλκει
3439 3474 3510 3528 τά
3544 3475 3709 3529 λοιπά
3734 3475 3801 3528 δι’

2218 3561 2429 3616 ἐκείνου
2462 3563 2596 3634 πρὸς
2618 3564 2828 3618 ἑαυτόνο
2861 3565 3032 3629 οὕτως
3052 3568 3081 3618 ὁ
3102 3565 3236 3630 Θεὸς
3264 3566 3437 3634 Λόγος
3466 3567 3579 3620 τῶν
3602 3566 3801 3637 ἀνθρώ-

2221 3670 2340 3706 πων
2372 3652 2435 3707 τὸ
2463 3653 2625 3723 γένος
2661 3653 3083 3726 πεπλανημένον
3117 3655 3262 3720 ἰδὼν,
3297 3654 3391 3708 τοῦ
3414 3656 3606 3710 δούλου
3625 3654 3801 3711 λαϐὼν

2220 3742 2316 3816 τὴν
2349 3746 2585 3817 μορφήν,
2630 3745 2727 3799 καὶ
2758 3746 2965 3816 ταύτην
2996 3746 3243 3817 συνάψας
3276 3749 3477 3819 ἑαυτῷ,
3508 3751 3648 3821 πρὸς
3678 3752 3801 3804 ἑαυ-

2220 3834 2313 3887 τὸν
2340 3834 2407 3888 δι’
2439 3835 2658 3907 ἐκείνης
2691 3837 2990 3909 ἐπέστρεψε
3032 3839 3215 3894 πᾶσαν
3242 3840 3339 3910 τὴν
3363 3841 3471 3895 τῶν
3497 3842 3799 3915 ἀνθρώπων

2222 3923 2404 3993 φύσιν,
2445 3927 2539 3979 καὶ
2580 3929 2660 3991 είς
2704 3928 2806 3999 τὴν
2846 3928 2997 3983 θείαν
3044 3930 3215 4001 νομὴν
3267 3932 3442 4003 ήγαγε
3494 3934 3567 3989 τά
3620 3937 3802 4001 κακῶς

2222 4018 2516 4088 νεμόμενα,
2547 4020 2642 4074 καὶ
2670 4022 2782 4084 τοῖς
2813 4019 3000 4084 λύκοις
3031 4022 3391 4094 προκείμενα.
3435 4025 3537 4080 Διά
3578 4027 3754 4083 ταῦτα
3776 4031 3803 4082 ό

2222 4108 2413 4180 Σωτήρ
2465 4110 2495 4163 ὁ
2546 4110 2821 4182 ἡμέτερος
2877 4112 2976 4182 τὴν
3022 4113 3298 4185 ἡμετέραν
3340 4116 3504 4184 φύσιν
3552 4119 3799 4174 ἀνέλαϐε.

2220 4200 2321 4253 Διά
2334 4200 2505 4255 ταῦτα
2530 4202 2558 4254 ό
2572 4203 2850 4273 Δεσπότης
2874 4204 3108 4277 Χριστὸς
3121 4205 3191 4259 τά
3207 4210 3448 4280 σωτήρια
3478 4211 3801 4278 κατεδέξατο

2223 4292 2394 4365 πάθη,
2424 4292 2522 4345 καὶ
2543 4292 2761 4365 θανάτῳ
2791 4297 3241 4368 παραπεμφθεὶς,
3274 4302 3369 4355 καὶ
3394 4305 3540 4374 ταφῇ
3571 4304 3802 4374 παραδο·

2222 4384 2356 4448 θεὶς,
2386 4385 2448 4438 τὸ
2476 4385 2577 4456 μὲν
2618 4386 2850 4442 παλαιὸν
2880 4390 3055 4443 έκεῖνο
3084 4391 3179 4454 καὶ
3208 4391 3564 4463 πολυχρόνιον
3606 4397 3800 4465 κράτος

2222 4476 2397 4543 ἔλυσε,
2434 4482 2545 4544 τοῖς
2571 4479 2629 4533 δὲ
2655 4484 2721 4552 τῇ
2745 4481 2921 4553 φθορᾷ
2942 4484 3336 4553 πεπεδημένοις
3359 4486 3459 4557 τὴν
3492 4488 3801 4560 ἀφθαρσίαν

2223 4568 2513 4639 ὑπέσχετο.
2551 4570 2654 4623 Τὸν
2682 4571 2790 4641 γὰρ
2817 4571 3047 4625 λυθέντα
3079 4573 3202 4625 ναὸν
3228 4575 3679 4645 ἀνοικοδομήσας,
3713 4577 3804 4631 καὶ

2224 4660 2530 4733 ἀνεγείρας,
2591 4663 2685 4717 καὶ
2726 4666 2837 4728 τοῖς
2890 4665 3165 4735 κειμένοις
3215 4668 3309 4719 καὶ
3351 4668 3804 4739 προσδεχομένοις

545 4759 765 4819 sumpta
787 4765 853 4804 ex
879 4749 1033 4804 vobis
1062 4758 1275 4839 natgra,
1308 4748 1530 4803 deitatis
1554 4748 2113 4820 inhabitatloneatque

2224 4752 2389 4806 αὐτοῦ
2418 4753 2517 4824 τὴν
2550 4755 2849 4809 ἀνάστασιν
2879 4757 3100 4827 ἀληθεῖς
3128 4760 3221 4813 καὶ
3246 4759 3471 4830 βεϐαίας
3498 4762 3599 4827 τάς
3658 4763 3801 4815 ὑπο-

546 4840 899 4905 atlunatione,
919 4838 1371 4894 resurrectionem
1398 4838 1651 4905 obtinuit,
1676 4850 1728 4895 et
1758 4840 2113 4911 corruptibili-

2230 4843 2444 4913 σχέσεις
2464 4844 2758 4911 ὑπέδειξεν.
2788 4849 2886 4901 Ὃν
2904 4848 3105 4920 τρόπον
3135 4850 3263 4920 γὰρ,
3294 4850 3479 4921 φησὶν,
3504 4855 3538 4923 ἡ
3569 4852 3628 4917 ἐξ
3654 4853 3802 4924 ὑμῶν

546 4941 663 4987 tate
688 4932 1138 5002 passionibusque
1161 4930 1439 5002 depositis,
1467 4931 1533 4984 ad
1553 4931 2113 5002 incorruptibilitatem

2224 4934 2595 5005 ἀναληφθεῖσα
2622 4935 2784 5005 φύσις
2806 4940 2872 5009 τῇ
2902 4940 3003 5011 τῆς
3036 4939 3287 5011 θεότητος
3313 4942 3584 5014 ἐνοικήσει
3616 4960 3677 4997 τε
3708 4945 3802 4997 καὶ

546 5022 1121 5092 immortalitatemque
1148 5021 1417 5084 transivit,
1452 5022 1531 5076 sic
1561 5028 1615 5076 et
1642 5036 1735 5076 vos
1766 5022 1901 5077 dura
1929 5024 2113 5078 mortis

2227 5024 2436 5088 ὲνώσει,
2479 5029 2577 5098 τῆς
2605 5029 2955 5093 ἀναστάσεως
2984 5029 3165 5101 ἔτυχε,
3192 5033 3286 5085 καὶ
3320 5032 3382 5086 τὸ
3411 5032 3651 5104 φθαρτὸν
3675 5036 3801 5088 ἀνα-

547 5114 813 5169 servituto
846 5112 1217 5179 absolvetnini,
1247 5112 1565 5181 abjectaque
1610 5114 1960 5183 corruptione
1996 5128 2113 5167 cum

2225 5117 2486 5189 τιθεμένη
2532 5121 2629 5174 σὺν
2684 5124 2797 5187 τοῖς
2849 5123 3170 5193 παθήμασιν
3218 5124 3299 5186 είς
3346 5124 3660 5195 ἀφθαρσίαν
3708 5125 3801 5180 καὶ

549 5205 916 5275 passiouihus,
970 5204 1403 5274 impassibilitate
1446 5204 1772 5258 vestiemini.
1820 5201 2041 5259 idcirco'
2073 5216 2113 5260 el

2220 5209 2523 5265 ἀθανασίαν
2559 5214 2783 5288 μετέϐηυ
2823 5214 2965 5269 οὕτω
2995 5218 3091 5270 καὶ
3124 5216 3280 5286 ὑμεῖς
3308 5216 3408 5288 τῆς
3432 5217 3674 5289 χαλεπῆς
3706 5215 3799 5272 τοῦ

551 5295 807 5365 baptismi
867 5297 1065 5352 donum
1117 5296 1326 5351 cunctis
1370 5295 1679 5350 hominibus
1729 5310 1824 5364 per
1852 5296 2113 5365 apostolos

2222 5302 2454 5357 θανάτου
2500 5304 2748 5372 δουλείας
2786 5308 3264 5378 ἀπαλλαγήσεσθε,
3320 5311 3416 5363 καὶ
3453 5310 3553 5380 τὴν
3592 5309 3800 5382 φθοράν

551 5389 720 5442 misit.
758 5405 777 5439 t
812 5385 1011 5442 Euntes
1040 5389 1208 5453 enim,
1247 5387 1445 5457 inquit,
1475 5389 1661 5442 docete
1690 5402 1881 5443 omnes
1913 5399 2113 5457 gentes,

2220 5394 2624 5466 ἀπορρίψαντες
2651 5400 2748 5453 σὺν
2771 5402 2884 5465 τοῖς
2920 5399 3169 5464 πάθεσιν,
3193 5398 3486 5455 ἐνδύσασθε
3525 5399 3625 5473 τὴν
3660 5403 3799 5455 άπά-

554 5480 894 5550 baptizantes
921 5497 1014 5536 cas
1062 5483 1112 5536 in
1162 5482 1378 5539 nomine
1423 5480 1603 5535 Patris
1630 5488 1686 5535 et
1720 5478 1842 5534 Filii
1870 5489 1923 5536 et
1953 5479 2125 5551 Spiri-

555 5580 644 5625 tus
678 5573 849 5626 sancti
876 5572 942 5625 “.
988 5593 1005 5625 ι
1036 5571 1341 5643 Buptismus
1390 5570 1731 5627 adumbratio
1758 5571 2003 5639 quaedam
2039 5581 2124 5628 est

627 5748 675 5779 ⁸⁸
710 5748 843 5807 Gen.
878 5767 957 5818 ιιι,
984 5752 1067 5805 l7.
1144 5755 1186 5785 ⁸³
1218 5753 1315 5807 ιειι.
1348 5768 1458 5815 ιιιι,
1493 5752 1512 5805 l
1547 5768 1700 5823 seqq.

2221 5486 2392 5540 θειαν.
2435 5488 2525 5541 Διὸ
2556 5490 2649 5542 καὶ
2679 5491 2741 5544 τὸ
2785 5491 2955 5563 δῶρον
2982 5490 3078 5545 τοῦ
3111 5491 3484 5563 βαπτίσματος
3509 5494 3676 5546 πᾶσιν
3703 5492 3796 5547 ἀν-

2219 5576 2459 5648 θρώποις
2489 5578 2577 5632 διὰ
2601 5582 2709 5635 τῶν
2743 5581 3059 5637 ἀποστόλων
3105 5582 3397 5652 ἐξέπεμψε.
3457 5602 3475 5635 ι
3502 5582 3796 5656 Πορευθέν-

1776 5754 1821 5784 ³δ
1853 5752 2042 5810 Matth.
2076 5770 2271 5826 xxvm,
2300 5758 2383 5812 l9.
