3996 6450
284 430 311 484 1
327 430 429 486 169

1452 436 1540 493 DE
1582 436 2097 496 INCARNATIO‘NE
2138 436 2395 495 DOMINI.

3427 436 3566 490 Ηῗυ

280 562 381 610 τες
413 546 540 617 γὰρ,
572 547 729 617 φησί,
768 549 1144 619 μαθητεύσατε
1192 552 1369 605 πάντα
1397 552 1466 605 τὰ
1509 553 1660 623 ἔθνη,
1687 555 1847 624 βαπτξ

1979 567 2033 613 et
2069 566 2227 629 typus
2283 556 2476 611 mortis
2540 553 2853 609 Dominicat.
2888 572 2907 604 ι
2948 551 3081 607 Nam
3112 550 3155 605 si
3180 550 3556 618 complantati,

279 636 471 701 ζοντες
501 638 697 701 αὐτοὺς
726 640 806 704 εἰς
828 641 887 692 τὸ
909 641 1080 711 ὄνομα
1108 641 1199 694 τοῦ
1219 642 1332 694 Πατ
1343 642 1453 711 ρδς,
1475 645 1569 697 καὶ
1592 644 1684 697 τοῦ
1713 645 1861 707 Υἱοῦ,

277 727 382 781 καὶ
408 726 502 779 τοῦ
530 729 684 796 ἁγίου
715 730 1045 800 Πνεύματος.
1077 750 1095 781 ι
1116 732 1188 783 T6
1206 731 1489 803 βάπτισμα
1506 734 1597 786 τοῦ
1614 737 1865 788 Δεσποτι-

1972 648 2144 717 inquit
2213 647 2447 713 Paulus,
2518 646 2724 701 fuimus
2776 643 3117 701 similitudini
3181 643 3370 697 mortis
3435 640 3559 699 Filii

1971 736 2109 803 ejus,
2145 738 2350 791 erimus
2389 749 2443 790 et
2472 738 2890 793 resurrectionis
2917 737 2962 767 ⁸⁸
2997 754 3015 787 ι

277 818 380 871 κοῦ
413 818 637 873 Θανάτου
665 821 1004 890 σκιαγραφία
1050 839 1134 885 τις
1177 823 1412 894 ὑπάρχει
1481 826 1575 879 καὶ
1617 825 1808 889 τύπος.
1852 844 1872 878 ι
1922 828 1985 881 Εἰ
2030 829 2140 900 γάρ
2179 828 2474 897 σύμφυτοι,
2540 830 2704 899 φησιν
2756 830 2783 881 6
2832 826 3063 890 Παῦλος,
3127 826 3431 894 γεγόναμεν
3481 820 3559 891 τῷ

274 910 588 981 ὁμοιώματι
638 912 732 964 τοῦ
776 912 1003 966 θανάτου
1050 913 1144 967 τοῦ
1178 915 1309 969 Υἰοῦ
1340 917 1528 982 αὐτοῦ,
1562 918 1702 972 ἀλλά
1748 920 1841 973 καὶ
1882 922 1983 990 τῆς
2017 922 2371 986 ἀναστάσεως
2412 922 2669 992 ἐσόμεθα.
2702 939 2721 972 ι

276 1040 413 1093 ΚΘ.
482 1040 814 1120 ’ᾼποίδειεις
862 1043 936 1120 ἐκ
994 1043 1115 1120 τῶ]-
1162 1047 1561 1120 ΔἈποσινόλου
1626 1052 1847 1120 ῃοαφῶι

1972 1053 2166 1110 XXIX.
2188 1053 2273 1108 Εατ
2295 1054 2532 1117 Apostoli
2557 1053 2765 1118 scriptis
2786 1052 2845 1120 ﬁt
2871 1049 3249 1103 demonstratio
3274 1046 3557 1116 perfectam

390 1110 523 1176 περί
561 1110 672 1179 τῆς
711 1114 945 1179 τελείας
987 1113 1095 1167 τοῦ
1142 1116 1457 1185 ἀνθρώπου
1500 1110 1761 1188 φύσεί»)ςῖ

353 1218 513 1273 Οὕτω
553 1223 833 1290 γεννηθεὶς
875 1225 904 1276 6
948 1227 1231 1298 Δεσπότης
1268 1229 1525 1299 Χριστὸς.
1554 1231 1700 1286 οὕτω
1731 1251 1865 1302 τρα-

274 1308 427 1375 φεὶς,
485 1308 628 1363 οὕτω
689 1311 1199 1385 θαυματουργήσας,
1260 1317 1350 1373 διὰ
1411 1319 1586 1374 ταῦτα
1649 1322 1860 1388 παθὼν,

277 1399 637 1468 παυρωθείς,
676 1401 981 1470 ἀποθανὼν,
1030 1408 1279 1477 κήρυκας
1326 1410 1654 1475 ἀποστείλας
1697 1415 1863 1469 πᾶσιν

271 1487 588 1558 ἀνθρώποις
629 1490 755 1553 τοὺς
797 1494 975 1563 ἱεροὺς
1015 1496 1285 1567 μαθητάς,
1350 1500 1433 1562 εἰς
1488 1501 1580 1554 τὸν
1633 1502 1863 1572 οὐρανὸν

274 1576 593 1648 ἀνελήφθη·
652 1582 745 1634 καὶ
788 1583 959 1636 ταῦτα
1020 1587 1078 1638 ὲν
1132 1588 1414 1659 κεφαλαίῳ
1466 1592 1524 1643 ἐν
1568 1594 1683 1655 τοῖς
1726 1594 1864 1663 πρὸς

272 1667 544 1738 Τιμόθεον
564 1675 872 1741 γραφεῖσιν,
889 1678 917 1728 6
935 1677 1253 1742 Ἀπόστολος
1274 1682 1421 1751 ἡμᾶς
1443 1683 1647 1748 ἐδίδαξε
1668 1684 1862 1753 λέγων·

278 1779 299 1811 σ
326 1760 805 1833 Ὀμολογουμένως
832 1768 975 1836 μέγα
1004 1770 1120 1821 ἐστὶ
1144 1770 1204 1823 τὸ
1231 1771 1330 1843 τῆς
1352 1773 1631 1837 εὐσεϐείας
1656 1777 1864 1845 μυστή-

2241 1125 2405 1192 fuisu
2431 1126 2485 1177 in
2518 1121 2732 1178 Christo
2752 1122 2981 1174 hominis
3014 1129 3282 1172 naturam.

2045 1238 2139 1293 Sic
2170 1247 2333 1292 natus
2365 1238 2618 1292 Christus
2658 1233 2943 1297 Dominus,
3006 1232 3085 1286 sic
3140 1230 3434 1290 enutritus,
3477 1236 3556 1282 tot

1970 1330 2254 1384 miraculis
2290 1329 2476 1388 editis,
2504 1337 2672 1397 atque
2725 1327 2794 1381 ob
2857 1324 2973 1380 haec
3028 1322 3266 1393 passioni
3317 1320 3553 1383 deditus,

1968 1420 2285 1486 crucillxus,
2339 1427 2603 1485 mortuus,
2654 1414 3099 1487 praedicatoribus
3152 1413 3218 1466 ad
3274 1412 3556 1485 universos

1968 1510 2216 1565 homines
2240 1510 2419 1563 missis
2440 1510 2613 1564 sacris
2633 1507 2933 1576 discipulis,
2950 1505 3002 1560 in
3020 1503 3218 1561 caelum
3244 1511 3556 1571 assumptus

1967 1601 2091 1657 fuit.
2136 1600 2261 1656 Haec
2305 1600 2522 1671 quidem
2558 1597 2891 1662 summatim,
2930 1594 3057 1651 dum
3108 1595 3176 1649 ad
3208 1593 3554 1649 Timotheum

1970 1691 2261 1754 scriberet,
2332 1704 2432 1744 nos
2488 1688 2677 1743 docuit
2740 1685 3032 1755 Apostolus
3088 1683 3318 1739 dicens:
3365 1701 3384 1735 ι
3424 1681 3556 1739 Siue

1973 1780 2139 1835 dubio
2170 1794 2425 1851 maguum
2454 1787 2540 1833 est
2565 1776 2785 1847 pietatis
2820 1782 3245 1837 sacramentum,
3304 1772 3448 1826 Deus
3497 1768 3552 1825 in

273 1869 417 1923 ριον,
441 1852 574 1917 Θεὸς
611 1856 930 1930 ἐφανερώθη
968 1862 1026 1913 ὲν
1068 1863 1249 1932 σαρκὶ,
1286 1862 1576 1935 ἐδικαιώθη
1608 1868 1666 1919 ὲν
1695 1868 1847 1919 Πνεύ·

1968 1886 2133 1926 carne
2182 1872 2457 1941 apparuit,
2515 1868 2845 1937 justiﬁeatus
2889 1873 2974 1921 est
3017 1866 3070 1919 in
3124 1862 3358 1934 Spiritu.
3403 1864 3553 1917 visus

273 1960 433 2013 ματι,
480 1943 634 2017 ὤφθη
678 1949 952 2016 ἀγγέλοις,
996 1952 1273 2024 ἐκηρύχθη
1308 1954 1534 2021 ἔθνεσιν,
1580 1958 1859 2030 ὲπιστώθη

270 2037 337 2090 ιν
372 2037 582 2108 κόσμῳ,
610 2039 887 2111 ἀνελήφθη
914 2044 972 2095 ὲν
998 2043 1145 2115 δόξῃ.
1177 2063 1195 2097 ι
1228 2047 1337 2099 Καὶ
1370 2047 1468 2117 τὴν
1491 2050 1589 2118 μὲν
1616 2052 1863 2121 φανέρω-

273 2143 366 2181 ctu
395 2129 685 2195 συνέζευξε
720 2135 784 2202 τῇ
830 2136 1016 2203 σαρκὶ,
1059 2136 1158 2206 τὴν
1192 2137 1246 2189 δὲ
1278 2139 1561 2193 δικαίωσιν
1591 2144 1730 2195 κατά
1764 2144 1861 2213 τὴν

269 2221 385 2273 τῶν
410 2224 704 2292 αἰρετικῶν
735 2226 1097 2298 ἁϐελτηρίαν·
1144 2231 1440 2302 ἐδικαιώθη
1478 2234 1533 2286 δὲ
1569 2236 1635 2305 τῇ
1668 2251 1858 2306 συνερ-

268 2312 402 2382 γείᾳ
450 2314 545 2368 τοῦ
595 2316 931 2387 Πνεύματος.
981 2316 1129 2386 Ἆρα
1174 2323 1236 2375 τὸ
1281 2322 1581 2377 δικαιῶσαν
1605 2325 1853 2395 Πνεῦμα,

270 2408 525 2475 κρεῖττον
570 2409 662 2461 τοῦ
701 2410 1080 2477 δικαιωθέντος
1112 2414 1275 2478 Υἱοῦ;
1319 2415 1457 2469 Ἀλλ’
1474 2417 1659 2470 οὐκέτι
1685 2417 1858 2472 ταῦτα

268 2495 377 2546 οὐκ
417 2494 569 2547 ἔστι·
615 2498 675 2550 τὸ
717 2500 824 2569 γὰρ
878 2502 1147 2573 ἡμέτερον
1201 2504 1491 2576 ἐδικαιώθη
1529 2507 1617 2560 διά
1653 2507 1747 2561 τοῦ
1798 2525 1857 2563 εν

268 2585 424 2654 αὐτῷ
455 2589 860 2656 φανερωθέντος
893 2591 1047 2658 Θεοῦ,
1098 2594 1156 2657 ὃς
1194 2596 1514 2666 ἀχωρίστως
1547 2598 1697 2668 αὐτῷ
1731 2616 1856 2652 συν-

264 2676 536 2743 ημμένος,
563 2679 662 2746 τήν
686 2695 743 2730 τε
774 2680 948 2750 ἄκραν
996 2683 1317 2738 ἐπαίδευσεν
1339 2688 1562 2758 ἀρετὴν,
1598 2691 1694 2743 καὶ
1739 2690 1853 2745 τῶν

268 2764 443 2833 βελῶν
470 2769 568 2837 τῆς
590 2769 866 2838 ἁμαρτίας
927 2772 1191 2839 ἐφύλαξεν
1220 2776 1504 2843 ἄγευστον,
1548 2782 1639 2833 καὶ
1672 2782 1855 2854 ἀμύη-

264 2873 381 2918 τον,
424 2860 641 2929 καὶτῆς
678 2860 985 2931 διαϐολικῆς
1015 2865 1229 2937 ἀπάτης
1272 2869 1600 2942 ὑπέρτερον·
1631 2875 1723 2927 καὶ
1761 2875 1855 2928 θα-

264 2948 431 3001 νάτου
478 2950 613 3017 πρὸς
662 2951 835 3021 βραχύ
882 2955 1184 3020 γεύσασθαι
1230 2964 1615 3033 συγχωρήσας,
1643 2982 1856 3036 παραυ-

261 3036 395 3089 τίκα
411 3038 508 3107 τῆς
528 3039 737 3091 ἐκείνου
761 3042 1073 3111 τυραννίδος
1096 3045 1395 3116 ἀπήλλαξε,
1416 3051 1509 3102 καὶ
1526 3050 1627 3119 τῆς
1648 3052 1855 3115 οἰκείας

261 3127 415 3197 αὐτῷ
444 3128 589 3197 ζωῆς
633 3131 991 3198 μεταδέδωκε,
1034 3136 1128 3188 καὶ
1160 3139 1236 3200 εἰς
1279 3139 1541 3209 οὐρανοὺς
1586 3143 1850 3212 ἀνήγαγε,

262 3218 362 3270 καὶ
398 3219 461 3271 ὲκ
491 3219 680 3282 δεξιῶν
708 3222 805 3289 τῆς
829 3225 1218 3297 μεγαλωσύνης
1244 3230 1517 3295 ἐκάθισεν,
1553 3234 1648 3286 καί
1677 3234 1848 3303 ὄνομα
1880 3216 1924 3277 C

260 3308 415 3378 αὐτῷ
440 3311 733 3379 ἐχαρίσατο
749 3312 808 3365 τὸ
832 3314 972 3385 ὑπὲρ
1001 3319 1109 3397 πᾶν
1131 3317 1321 3389 ὄνομα,
1348 3322 1447 3390 τὴν
1473 3323 1678 3375 οἰκείαν
1700 3323 1848 3393 αὐτῷ

258 3399 420 3463 ἀξίαν
445 3401 829 3472 δωρησάμενος
847 3422 861 3435 ·
894 3407 987 3459 καὶ
1015 3407 1112 3478 τὴν
1134 3410 1234 3479 τῆς
1262 3409 1475 3478 φύσεως
1499 3413 1661 3466 αὐτοῦ
1681 3430 1848 3485 προσ-

258 3492 494 3561 ηγορὶαν
542 3493 741 3557 λαϐὼν,
773 3496 901 3561 Υἱὸς
948 3498 1237 3570 ἀνθρώπου
1290 3504 1319 3554 ὁ
1375 3506 1702 3575 προαιώνιος
1748 3506 1844 3560 τοῦ

256 3581 399 3635 Θεοῦ
437 3585 610 3652 Λόγος
641 3586 943 3658 ηὐδόκησεν
992 3592 1373 3662 ὀνομάζεσθαι.
1440 3614 1457 3644 ι
1483 3597 1673 3661 Οὐδεὶς
1713 3600 1842 3671 γάρ,

256 3672 448 3742 φησιν,
477 3676 815 3747 ἀναϐέϐηκεν
840 3682 918 3743 εἰς
952 3682 1043 3734 τὸν
1074 3684 1321 3753 οὐρανὸν,
1358 3688 1406 3738 εἰ
1435 3686 1508 3758 μὴ
1536 3689 1565 3740 6
1597 3690 1653 3754 ἐξ
1682 3690 1845 3760 οὐρα-

255 3762 353 3816 νοῦ
384 3764 630 3829 καταϐάς
658 3768 685 3818 6
724 3767 851 3831 Υἱὸς
874 3768 969 3822 τοῦ
1010 3761 1322 3838 ἀνθρώπου,
1350 3778 1377 3828 6
1403 3774 1476 3829 ὢν
1502 3779 1558 3829 ὲν
1580 3776 1658 3847 τῷ
1683 3780 1844 3849 οὐρα-

255 3851 356 3923 νῷ.
386 3871 406 3906 ι
440 3856 659 3927 Κατέϐη
690 3857 743 3911 δὲ
772 3859 871 3929 οὐχ
898 3862 926 3913 ό
963 3860 1028 3916 ὲκ
1070 3863 1384 3935 σπέρματος
1428 3868 1593 3921 Δαϐὶδ
1635 3870 1699 3922 ὲκ
1735 3870 1841 3924 τῶν

251 3944 525 4013 οὐρανῶν,
557 3946 674 3999 ἀλλ’
696 3948 723 4000 6
744 3948 852 4003 τῶν
891 3948 1207 4025 [οὐρανῶν]
1244 3956 1494 4027 ποιητὴς,
1524 3960 1553 4011 6
1575 3960 1842 4033 ὐπέρχρο-

252 4052 347 4093 νος
375 4036 511 4090 Θεοῦ
546 4038 739 4107 Λόγος,
767 4041 795 4092 6
818 4041 924 4112 πρὸ
949 4043 1058 4098 τῶν
1087 4045 1299 4100 αἰώνων
1327 4048 1618 4119 ὑπάρχων·
1662 4052 1752 4106 διά
1782 4054 1839 4107 δὲ

250 4126 357 4199 τὴν
384 4128 520 4199 πρὸς
546 4130 606 4183 τὸ
648 4131 986 4204 ἀνθρώπινον
1014 4135 1230 4203 ἕνωσιν,
1262 4138 1530 4210 λαμϐάνει
1574 4142 1665 4196 τοῦ
1704 4144 1837 4198 Υἱοῦ

252 4216 351 4270 τοῦ
381 4218 670 4287 ἀνθρώπου
704 4222 764 4274 τὸ
781 4223 950 4294 ὄνομα
975 4239 989 4255 ·
1011 4228 1107 4279 καὶ
1136 4228 1368 4300 ἑτέρωθι
1395 4230 1452 4284 δὲ
1476 4232 1638 4286 πάλιν
1665 4233 1837 4301 οῦτως

252 4304 419 4358 αὐτὸν
456 4310 881 4380 προσαγορεύει·
950 4333 967 4365 ι
991 4314 1115 4367 Ἐάν
1150 4315 1297 4387 ἴδητε
1326 4318 1418 4371 τὸν
1454 4319 1581 4374 Υίὺν
1618 4323 1712 4377 τοῦ
1744 4324 1837 4377 ἀν-

251 4395 477 4467 θρώπου
522 4400 883 4470 ἀνερχόμενον
925 4403 1060 4457 ὅπου
1101 4399 1168 4477 ἦν
1211 4407 1273 4460 τὸ
1328 4409 1592 4481 πρότερον
1615 4422 1633 4445 ‘°
1664 4434 1683 4467 ι
1739 4416 1835 4488 οὐχ

250 4488 424 4576 ήϋτοῦ
465 4489 651 4543 δούλου
701 4493 904 4563 μορφὴ,
932 4493 1047 4546 ἀλλ’
1088 4498 1121 4566 ἡ
1172 4496 1267 4550 τοῦ
1314 4499 1451 4554 Θεοῦ
1482 4508 1699 4576 μορφή·
1740 4510 1834 4562 καὶ

249 4574 431 4642 αὖθις·
468 4598 486 4630 ι
516 4582 638 4633 Ὅτι
679 4581 788 4645 υἱὸς
818 4582 1105 4654 ἀνθρώπου
1138 4587 1275 4651 ἐστὶ,
1308 4589 1462 4657 φησὶ,
1517 4594 1590 4663 μὴ
1620 4574 1832 4666 θαυμά-

248 4671 374 4734 ζετε
397 4670 575 4736 τοῦτο,
605 4672 686 4726 ὅτι
733 4673 947 4743 ἔρχεται
982 4677 1101 4746 ὥρα
1150 4679 1207 4730 ὲν
1320 4681 1644 4738 ἀκούσονται
1681 4688 1729 4740 οἰ
1773 4690 1830 4742 ὲν

246 4768 361 4828 τοῖς
397 4770 643 4835 μνήμασι
667 4767 765 4837 τῆς
796 4770 978 4840 φωνῆς
1013 4769 1201 4835 αὐτοῦ,
1250 4774 1344 4826 καὶ
1386 4774 1756 4842 ἐξελεύσονται
1779 4783 1828 4834 οἰ

246 4857 319 4911 τά
352 4857 534 4925 ἀγαθὰ
569 4860 914 4929 ποιήσαντες,
951 4862 1029 4924 εἰς
1060 4863 1358 4918 ἀνάστασιν
1388 4864 1560 4937 ζωῆς·
1592 4871 1642 4922 οἰ
1672 4871 1730 4924 δὲ
1761 4872 1831 4926 τά

248 4950 432 5019 φαῦλα
457 4950 785 5021 πράξαντες,
822 4954 898 5015 εἰς
932 4954 1231 5009 ἀνάστασιν
1275 4956 1531 5028 κρίσεως.
1560 4977 1578 5010 ι
1631 4962 1705 5015 Οὐ
1730 4961 1830 5034 τῆς

245 5040 667 5111 ἀνθρωπὸτητος
716 5043 771 5095 δὲ
813 5043 974 5114 ψιλῆς
1015 5047 1174 5100 τοῦτο
1221 5048 1283 5101 τὸ
1338 5048 1489 5117 ίδιον,
1547 5053 1685 5108 άλλά
1731 5056 1831 5127 τῆς

242 5131 577 5202 ἐνεργούσης
607 5132 880 5204 θεότητος,
924 5136 1136 5207 καὶτῆς
1161 5143 1495 5213 φαινομένης
1529 5143 1591 5216 δὴ
1620 5146 1830 5218 ἀνορω-

246 5223 481 5294 πότητος
508 5224 597 5279 διά
622 5225 719 5297 τὴν
745 5226 882 5299 πρὸς
909 5228 1008 5299 τὴν
1048 5228 1275 5301 θεότητα
1317 5235 1613 5304 συνάφειάν
1644 5254 1702 5291 τε
1734 5241 1826 5293 καὶ

241 5313 457 5367 ἕνωσιν.

242 5423 327 5475 Λν.
820 5426 961 5512 ,τοῦι
1014 5428 1240 5482 δούλου
1292 5432 1495 5512 μορφὴ
1547 5432 1644 5488 διὰ
1709 5438 1824 5506 τὴν

422 5504 760 5561 συνάφειαι·
800 5504 1083 5563 ὡσαύτως
1117 5504 1641 5575 προᾳαγορεύεται.

313 5602 502 5668 Οῦτως
536 5606 565 5657 6
614 5607 746 5671 Θεὸς
788 5609 956 5677 Λόγος
1005 5611 1298 5666 οἰκειοῦται
1350 5616 1450 5685 τῆς
1489 5617 1582 5671 τοῦ
1634 5618 1818 5674 δούλου

1964 1973 2048 2017 est
2085 1962 2313 2032 angelis,
2346 1960 2672 2029 praedicatus
2720 1968 2805 2012 est
2843 1958 2897 2011 in
2952 1956 3224 2024 gentibus,
3280 1955 3548 2009 creditum

1961 2062 2048 2107 est
2098 2053 2144 2106 ei
2196 2052 2247 2105 iu
2281 2051 2506 2114 mundo,
2553 2057 2867 2115 assumptus
2911 2046 3011 2100 fuit
3041 2045 3095 2099 in
3140 2044 3371 2114 gloriam
3412 2044 3480 2098 “.
3524 2057 3542 2090 ι

1964 2141 2550 2197 EtmanifeStationem
2586 2142 2806 2211 quidem
2857 2139 2945 2193 hic
2977 2139 3272 2192 connexuit
3327 2146 3553 2206 propter

1961 2249 2206 2296 carnem,
2234 2233 2675 2304 justiticationem
2706 2238 2887 2285 autem
2919 2241 3142 2299 propter
3160 2228 3547 2283 haereticorum

1959 2325 2646 2393 stultitiam:]ustilicatus
2673 2333 2755 2379 est
2795 2333 2976 2377 autem
3037 2330 3370 2391 cooperante
3424 2318 3549 2386 Spi-

1960 2419 2091 2473 ritu.
2124 2416 2261 2472 Num
2289 2431 2421 2489 ergo
2444 2416 2682 2486 Spiritus
2707 2416 3015 2486 justiﬂcans
3053 2416 3233 2486 potior
3258 2421 3343 2468 est
3379 2410 3547 2478 justi-

1959 2512 2123 2566 licato
2150 2511 2289 2565 Filio
2319 2510 2343 2564 ?
2393 2509 2541 2580 Nego
2568 2510 2852 2565 enimvero
2887 2527 2900 2564 :
2929 2524 3053 2564 nam
3122 2516 3307 2561 nostra
3368 2504 3547 2574 potius

1958 2612 2155 2658 natura
2181 2601 2481 2672 justiﬁcata
2520 2598 2643 2664 fuit,
2707 2608 2930 2670 propter
2984 2594 3458 2668 supervenientem
3492 2594 3543 2649 ei

1958 2692 2149 2757 Deum,
2182 2694 2275 2762 qui
2305 2691 2480 2747 eidem
2512 2688 2949 2760 inseparabiliter
2979 2686 3301 2754 coniunctus
3340 2692 3443 2747 est,
3489 2691 3547 2737 et

1957 2798 2223 2839 Summam
2256 2782 2739 2843 docuitvirtutem,
2784 2788 2837 2833 et
2864 2791 2893 2829 a
2922 2776 3131 2846 peccati
3186 2772 3309 2829 telis
3360 2780 3545 2827 custo-

1956 2874 2091 2928 divit
2174 2872 2437 2927 intactam
2494 2882 2661 2942 atque
2714 2870 3115 2933 intemeratam,
3167 2877 3223 2920 et
3272 2863 3541 2920 diabolica

1956 2963 2148 3019 fraude
2171 2963 2507 3033 superiorem
2541 2978 2556 3029 ;
2588 2976 2753 3031 quam
2779 2975 2902 3015 cum
2930 2958 3082 3014 brevi
3118 2968 3364 3026 tempore
3396 2969 3544 3009 mor-

1957 3064 2062 3108 tem
2094 3063 2312 3121 gustare
2369 3052 2731 3122 permisisset,
2779 3065 2903 3105 mox
2946 3048 3191 3121 ejusdem
3253 3046 3543 3117 tyrannide

1956 3144 2122 3217 8&2
2153 3162 2200 3197 ιιι
2233 3144 2455 3213 eripuit,
2488 3143 2647 3212 eique
2691 3142 2965 3213 propriam
3018 3141 3189 3195 vitam
3234 3137 3543 3207 impertitus

1955 3246 2060 3298 est,
2098 3236 2151 3288 in
2188 3232 2383 3287 coelum
2418 3233 2637 3297 extulit,
2662 3242 2718 3286 et
2747 3233 2801 3286 in
2841 3232 3064 3287 dextera
3098 3228 3401 3297 maiestatis
3429 3226 3543 3280 col-

1953 3326 2170 3387 locavit,
2201 3326 2362 3394 eique
2393 3338 2588 3379 nomen
2608 3323 2832 3377 donavit
2862 3321 3006 3392 quod
3034 3330 3121 3375 est
3163 3333 3331 3389 super
3377 3331 3541 3371 omne

1951 3434 2149 3474 nomen
2180 3417 2251 3485 ⁶⁷,
2283 3431 2435 3471 suam
2473 3430 2667 3486 nempe
2701 3415 3022 3482 dignitatem
3057 3412 3159 3482 ipsi
3208 3410 3535 3467 conferens:

1949 3526 2011 3564 ac
2030 3519 2235 3563 natura!
2259 3507 2679 3577 appellationem
2710 3506 2856 3560 illius
2877 3519 3123 3566 sumens,
3153 3504 3244 3573 qui
3262 3510 3382 3558 erat
3404 3510 3534 3555 ante

1947 3600 2144 3655 saecula
2175 3598 2269 3654 Dei
2295 3596 2558 3663 Verbum,
2588 3596 2759 3653 Filius
2789 3595 3027 3650 hominis
3054 3595 3321 3649 nominari
3366 3593 3539 3647 liben-

1949 3701 2030 3745 ter
2067 3691 2255 3745 voluit.
2297 3708 2316 3742 ι
2354 3687 2526 3744 Nemo
2548 3689 2717 3754 enim,
2752 3689 2931 3758 inquit
2953 3686 3220 3757 (Paulus),
3253 3685 3307 3740 in
3335 3684 3534 3741 cmlum

1944 3782 2215 3845 ascendit,
2239 3781 2343 3836 nisi
2367 3782 2458 3850 qui
2492 3781 2559 3836 dc
2585 3780 2728 3836 caelo
2761 3780 3040 3835 descendit
3071 3778 3237 3834 Filius
3274 3776 3534 3844 hominis,

1944 3879 2034 3947 qui
2071 3879 2123 3931 in
2160 3876 2315 3932 cmlis
2376 3888 2462 3932 est
2494 3876 2561 3931 ⁸⁸.
2606 3892 2630 3929 ι
2684 3874 2977 3932 Descendit
3038 3884 3221 3929 autem
3271 3874 3339 3927 de
3393 3872 3534 3928 caelo

1945 3984 2054 4024 non
2082 3970 2128 4025 is
2153 3969 2245 4039 qui
2287 3977 2407 4023 erat
2438 3968 2505 4022 de
2560 3966 2778 4022 Davidis
2826 3966 3057 4031 semine,
3106 3965 3204 4022 sed
3260 3964 3530 4020 «telorum

1941 4071 2182 4127 creator,
2217 4061 2312 4117 Dei
2338 4069 2466 4115 ante
2503 4075 2665 4115 omne
2729 4068 2945 4127 tempus
2999 4056 3238 4113 Verbum
3296 4064 3356 4120 et
3406 4066 3533 4113 ante

1941 4152 2164 4207 saecula.
2196 4150 2295 4207 llic
2327 4160 2548 4220 propter
2576 4164 2732 4204 suam
2776 4164 2899 4204 cum
2940 4149 3278 4204 humanitate
3321 4148 3531 4204 aduna-

1941 4246 2167 4313 tionem,
2202 4243 2328 4299 Filii
2358 4243 2595 4298 hominis
2627 4240 3055 4310 nomenaccipit.
3084 4238 3152 4293 Et
3178 4240 3287 4295 alio
3334 4254 3527 4295 rursus

1940 4334 2060 4389 loco
2086 4335 2232 4389 hunc
2268 4334 2341 4389 ita
2362 4332 2639 4401 appellat:
2675 4348 2695 4383 ι
2732 4330 2791 4386 Si
2816 4331 3064 4386 videritis
3101 4329 3300 4385 Filium
3349 4331 3526 4386 homi-

1940 4427 2024 4481 nis
2050 4426 2176 4480 illuc
2200 4425 2587 4481 ascendentem
2617 4420 2707 4476 ubi
2739 4422 2893 4491 prius
2914 4430 3036 4476 erat
3064 4420 3135 4487 ⁸⁵,
3190 4439 3211 4475 ι
3249 4435 3355 4476 non
3384 4421 3527 4476 servi

1942 4518 2140 4584 forma,
2188 4515 2283 4571 sed
2333 4516 2509 4570 forma
2556 4512 2675 4568 Dei.
2740 4511 2811 4567 Et
2854 4527 3083 4568 rursus:
3120 4530 3140 4564 ι
3169 4510 3325 4579 Quod
3386 4512 3528 4568 illius

1940 4608 2176 4665 hominis
2197 4607 2290 4673 sit,
2316 4605 2510 4675 inquit,
2539 4618 2607 4659 ne
2640 4602 2912 4657 miremini
2948 4619 2962 4669 ;
2998 4602 3148 4657 venit
3172 4603 3317 4657 enim
3365 4602 3524 4671 hora,

1937 4716 2045 4772 qua
2077 4701 2112 4755 ii
2135 4699 2229 4769 qui
2263 4697 2316 4751 iu
2342 4694 2709 4751 monumentis
2736 4693 3103 4749 suntaudient
3129 4708 3320 4749 vocem
3338 4692 3481 4749 illius
3506 4712 3521 4749 :

1937 4799 1991 4845 et
2024 4788 2319 4859 procedant
2349 4785 2443 4856 qui
2495 4785 2633 4840 bona
2691 4783 2944 4839 fecerunt
2970 4785 3022 4839 in
3064 4783 3523 4840 resurrectionem

1936 4880 2103 4943 vitaz;
2139 4878 2232 4949 qui
2274 4892 2404 4933 vero
2458 4876 2599 4931 mala
2653 4884 2903 4946 egerunt,
2956 4874 3009 4930 in
3068 4876 3524 4931 resurrecﬁonem

1933 4970 2119 5040 judicii
2151 4970 2220 5023 ’°.
2245 4988 2263 5021 ι
2288 4968 2404 5024 Non
2438 4978 2516 5024 est
2542 4968 2645 5022 hoc.
2666 4968 2824 5023 unius
2848 4967 3204 5022 humanitatis
3219 4968 3521 5038 proprium,

1927 5064 2023 5119 sed
2056 5062 2335 5131 operantis
2369 5060 2691 5124 divinitatis,
2726 5068 2782 5115 et
2806 5059 2965 5115 simul
2990 5060 3348 5114 humanitatis
3392 5076 3523 5114 con—

1926 5150 2128 5217 spicuae
2191 5159 2417 5219 propter
2471 5162 2625 5202 suam
2672 5162 2795 5202 cum
2839 5148 3127 5203 divinitate
3180 5148 3521 5219 coniunctio.

1925 5254 2048 5296 nem
2083 5251 2249 5311 atque
2289 5240 2695 5295 adunationem.

1936 5441 2105 5496 XXX.
2143 5441 2298 5507 Quod
2329 5441 2502 5513 [gnua
2527 5440 2762 5513 serviwob
2814 5442 3049 5495 eamdem
3093 5444 3514 5513 conjunctione":

2335 5510 2509 5565 Filius
2533 5511 2774 5566 similiter
2797 5512 3106 5580 appetlelur.

1999 5623 2070 5678 Ita
2131 5624 2271 5681 Deus
2320 5622 2557 5680 Verbum
2615 5624 2891 5696 propriam
2946 5627 3049 5681 sibi
3108 5624 3235 5680 facit
3300 5626 3515 5682 servilis

311 5784 355 5817 "
380 5783 614 5851 Romm,
642 5786 691 5842 5.
729 5789 771 5819 ⁸⁸
799 5789 815 5843 Ι
847 5788 1077 5847 Timoth.
1113 5808 1191 5859 ιιι,
1225 5792 1311 5853 i6.
1346 5796 1387 5825 ⁸⁷
1425 5794 1654 5869 Philipp.
1692 5814 1753 5865 ιι,
1783 5799 1833 5856 9.
1915 5801 1959 5833 "
1987 5802 2181 5873 Ephes.
2216 5820 2285 5871 ιν,
2332 5804 2414 5861 ll).
2458 5804 2680 5862 “Joan.
2719 5822 2789 5875 γι,
2821 5804 2911 5861 65.
2956 5803 3001 5837 "
3034 5802 3191 5860 Joan.
3231 5818 3285 5870 ν,
3311 5800 3510 5858 ‘27-29.
