3996 6478
276 412 413 469 ίιτδ

1445 413 1533 469 DE
1574 410 2090 471 lNCARNATIONE
2130 411 2389 471 DOMINI.

3411 412 3552 467 1474

272 527 691 601 συνεισφέρεται
715 542 728 559 ⁸
759 528 969 599 τροπῆς
1011 528 1068 582 δὲ
1102 528 1396 599 εἰσιούσης,
1434 529 1559 582 οὔτε
1605 529 1738 593 Θεὸς
1768 529 1859 582 ἐπὶ

1965 530 2258 585 comitatur
2291 549 2305 587 :
2346 530 2490 584 facta
2548 528 2781 599 denique
2815 530 3140 594 mutatione,
3186 543 3363 600 neque
3403 530 3550 586 Deus

268 622 371 691 τῆς
404 621 536 685 ἰδίας
565 619 714 689 μένοι
751 619 818 673 ἂν
855 620 1091 689 φύσεως.
1136 620 1259 673 οὔτε
1302 620 1586 693 ἄνθρωπος
1620 622 1715 674 ἐπὶ
1758 622 1857 692 τῆς

266 714 498 777 οἰκείας.
560 712 797 783 Ἀνάγκη
876 713 983 782 γὰρ
1036 711 1301 780 ἐκστῆναι
1345 714 1454 766 τῶν
1521 714 1620 782 τῆς
1668 712 1857 776 οὐσίας

264 804 417 876 ὅρων
445 805 728 875 ἑκάτερον,
758 804 852 856 καὶ
878 804 1013 873 μήτε
1040 801 1133 854 τὸν
1160 801 1293 854 Θεὸν
1320 801 1684 871 γνωρίζεσθαι
1701 801 1855 865 Θεὸν,

271 896 417 966 μήτε
459 896 552 949 τὸν
594 894 899 965 ἄνθρωπον,
944 893 1232 962 ἄνθρωπον
1269 891 1367 963 (1).
1412 893 1584 946 Τοῦτο
1631 893 1686 945 δὲ
1735 893 1858 946 οὐδὲ

268 987 365 1039 ἰπὶ
391 987 491 1055 τῆς
523 985 616 1038 τοῦ
642 986 933 1056 ἀνθρώπου
981 984 1328 1054 κατασκευῆς
1370 982 1526 1037 λάϐοι
1572 985 1636 1037 ἄν
1676 1001 1759 1046 τις
1796 978 1856 1037 εὖ

269 1078 509 1148 φρονῶν.
547 1078 620 1131 Οὐ
653 1077 762 1148 γὰρ
807 1076 886 1147 τῷ
922 1075 1135 1145 σώματι
1168 1076 1268 1145 τὴν
1314 1075 1492 1144 ψυχὴν
1530 1075 1856 1145 κεκρᾶσθαι,

265 1167 388 1221 ἀλλ’
416 1166 677 1238 ἡνῶσθαι,
711 1167 803 1219 καὶ
835 1165 1124 1236 συνῆφθαι,
1152 1166 1245 1217 καὶ
1269 1166 1460 1229 οἰκεῖν,
1490 1166 1586 1217 καὶ
1612 1168 1857 1235 ἐνεργεῖν

268 1276 475 1329 φαμεν.
513 1261 621 1312 Καὶ
650 1260 773 1312 οὒτε
818 1259 916 1327 τὴν
946 1257 1126 1328 ψυχὴν
1158 1256 1379 1327 θνητὴν,
1422 1255 1547 1309 οὔτε
1586 1258 1648 1311 τὸ
1699 1259 1858 1326 σῶμα

265 1353 417 1403 εἴποι
448 1368 531 1414 τις
562 1351 626 1403 ἂν
652 1351 941 1415 ἀθάνατον,
990 1350 1063 1419 μὴ
1101 1350 1295 1419 κομιδῇ
1329 1350 1683 1419 παραπαίων,
1723 1349 1859 1402 ἀλλὰ

267 1443 373 1511 τὴν
418 1441 517 1511 μὲν
562 1442 829 1511 ἑκατέραν
869 1439 1105 1512 [φύσιν]
1153 1439 1492 1511 διαιροῦμεν,
1543 1440 1601 1493 ἒν
1635 1440 1691 1493 δὲ
1721 1440 1859 1505 ζῶον

269 1534 615 1604 γνωρίζομεν
637 1534 697 1585 τὸ
718 1533 774 1599 ὲξ
797 1533 1018 1585 ἐκείνων
1040 1532 1188 1603 [cod.
1222 1532 1455 1603 ἐκείνου]
1480 1533 1855 1602 συγκείμενον·

272 1624 371 1675 καὶ
388 1623 653 1694 ἑκατέραν
688 1622 785 1693 μὲν
829 1622 991 1689 φύσιν
1042 1621 1394 1693 διῃρημένοις
1433 1623 1693 1691 ὀνόμασιν
1740 1622 1859 1673 ὀνο-

272 1712 544 1783 μάζομεν,
597 1714 694 1783 τὴν
730 1714 828 1783 μὲν
858 1713 1057 1782 ψυχὴν,
1088 1713 1148 1765 τὸ
1174 1714 1229 1765 δὲ
1266 1713 1445 1783 σῶμα,
1488 1714 1547 1766 τὸ
1586 1713 1641 1764 δὲ
1673 1712 1731 1777 ἐξ
1756 1716 1859 1783 ἀμ·

269 1806 520 1877 φοτέρων
556 1806 883 1874 συνεστηκὸς
915 1805 1054 1869 ζῶον
1097 1807 1268 1877 ἑτέρῳ
1298 1805 1573 1876 καλοῦμεν
1598 1806 1822 1877 ὀνόματι
1842 1822 1856 1836 ’

1964 624 2016 676 in
2073 624 2290 693 propria
2330 632 2521 676 natura
2568 622 2929 693 permanebit,
2986 639 3162 693 neque
3203 625 3330 679 item
3383 626 3551 682 homo

1961 716 2015 769 in
2046 730 2167 769 sua.
2214 714 2450 770 Necesse
2505 724 2592 770 est
2640 715 2785 768 enim
2834 725 2893 769 ut
2924 725 3151 786 uterque
3197 731 3265 770 ex
3316 718 3551 785 propria

1960 805 2274 860 substantiae
2333 804 2530 860 ﬁnibus
2587 805 2813 861 decedat
2867 822 2882 871 ;
2926 806 2997 859 ita
3060 817 3120 860 ut
3172 821 3351 876 neque
3404 805 3549 862 Deus

1959 897 2211 950 videatur
2244 895 2353 963 jam
2389 896 2550 960 Deus,
2590 911 2767 964 neque
2794 896 2954 951 homo
2987 898 3111 951 item
3162 900 3346 954 homo.
3381 898 3545 969 Atqui

1962 987 2063 1041 hoc
2101 1001 2166 1041 ne
2200 987 2253 1040 in
2288 986 2523 1041 hominis
2554 986 2773 1055 quidem
2802 996 3073 1042 structura
3104 990 3390 1058 quisquam
3420 1006 3551 1060 pru-

1960 1076 2091 1130 dens
2145 1077 2244 1130 sibi
2282 1078 2624 1145 persuadeat.
2673 1076 2789 1131 Non
2834 1077 2979 1132 enim
3042 1080 3258 1146 corpori
3303 1080 3547 1135 animam

1961 1176 2298 1233 concretam,
2327 1168 2418 1221 sed
2446 1167 2654 1221 unitam
2687 1168 3104 1237 copulatamque
3130 1169 3550 1225 inhabitantem-

1960 1273 2066 1328 que
2092 1269 2145 1313 et
2173 1258 2333 1313 simul
2363 1269 2676 1327 aperantem
2720 1259 2970 1313 dicimus.
3017 1258 3201 1328 Neque
3240 1259 3369 1313 item
3429 1261 3551 1315 ani-

1962 1365 2102 1403 mam
2135 1351 2439 1413 mortalem,
2477 1364 2653 1419 neque
2686 1364 2883 1419 corpus
2914 1350 3222 1405 immortale
3250 1352 3545 1420 quisquam

1967 1439 2112 1495 dicet
2143 1442 2245 1495 nisi
2289 1441 2445 1507 plane
2483 1441 2784 1510 desipiens;
2829 1441 2923 1496 sed
2966 1452 3254 1512 utramque
3295 1454 3546 1499 naturam

1959 1531 2343 1596 discernimus,
2399 1548 2566 1585 unum
2615 1541 2792 1587 tamen
2834 1533 3036 1587 animal
3087 1535 3435 1604 agnoscimus
3480 1551 3548 1590 ex

1961 1622 2067 1679 illis
2096 1626 2457 1692 compositum
2493 1643 2504 1677 :
2542 1633 2595 1679 et
2653 1634 2943 1691 utramque
2992 1633 3243 1679 naturam
3316 1626 3549 1681 diversis

1962 1716 2275 1771 nominibus
2308 1716 2633 1780 vocitamus,
2655 1720 2893 1770 animam
2921 1715 3131 1771 scilicet
3155 1728 3319 1787 atque
3346 1734 3548 1789 corpus

1961 1806 2192 1861 dicimus
2224 1823 2238 1871 ;
2271 1807 2411 1876 quod
2447 1822 2576 1860 vero
2603 1822 2667 1861 ex
2702 1817 2933 1875 utraque
2952 1824 3008 1862 re
3032 1810 3545 1875 conﬂaturanimal,

267 1898 561 1969 ἄνθρωπον
608 1900 716 1967 γὰρ
762 1898 1246 1968 προσαγορεύομεν
1291 1898 1388 1969 (2).
1442 1897 1624 1951 Ταῦτα
1676 1898 1856 1951 τοίνυν

1963 1895 2067 1949 alio
2086 1896 2304 1950 nomine
2327 1911 2607 1961 vocamus,
2631 1897 2905 1951 hominem
2938 1898 3149 1953 scilicet
3178 1900 3544 1955 nominamus.

268 1989 369 2043 καὶ
414 1991 507 2042 ἐπὶ
539 1992 638 2060 τῆς
673 1990 986 2059 οἰκονομίας
1040 1989 1136 2059 τὴν
1182 1990 1369 2044 εἰκόνα
1419 1980 1694 2055 λαϐόντες,
1754 1988 1857 2059 τῆς

270 2078 625 2151 βλασφημίας
647 2079 1050 2150 ἀπαλλαγῶμεν
1091 2081 1324 2152 ἐκείνης,
1373 2080 1467 2133 καὶ
1525 2081 1623 2150 τὴν
1660 2082 1858 2149 κρᾶσιν

268 2172 668 2236 καταλιπόντες
699 2172 891 2244 (5),τῷ
918 2174 1016 2243 τῆς
1045 2172 1291 2236 ἐνώσεως
1308 2174 1400 2226 καὶ
1436 2173 1732 2241 συναφείας
1763 2173 1857 2225 καὶ

268 2266 560 2329 κοινωνίας
605 2264 827 2335 ὀνόματι
868 2265 1139 2337 χρώμενοι
1168 2265 1565 2335 διατελέσωμεν
1595 2280 1608 2293 ’
1643 2264 1857 2332 φύσεων

273 2355 377 2426 μὲν
427 2354 589 2427 food.
629 2356 867 2427 φύσεως]
897 2357 1187 2427 διάκρισιν,
1224 2356 1519 2427 προσώπου
1562 2356 1619 2409 δὲ
1660 2355 1856 2410 ἕνωσιν

268 2446 719 2517 δογματίζοντες.
780 2446 940 2500 Οὖτω
988 2448 1088 2516 τὴν
1152 2447 1363 2516 Ἀρείου
1425 2447 1520 2499 καὶ
1588 2448 1857 2515 Εὑνομίου

273 2538 626 2609 βλασφημίαν
673 2539 1059 2609 ὲλέγξομεν,τὰ
1120 2541 1220 2609 μὲν
1271 2539 1544 2601 ταπεινῶς
1592 2540 1861 2611 εἰρημένα

272 2632 371 2684 καὶ
420 2631 782 2701 πεπραγμένα
810 2629 887 2700 τῷ
919 2630 1129 2700 Σωτῆρι
1163 2630 1403 2700 Χριστῷ,
1450 2631 1860 2700 προσάπτοντες

270 2724 340 2793 τῇ
371 2721 464 2774 τοῦ
493 2722 678 2775 δούλου
710 2725 912 2793 μορφῇ’
938 2721 1006 2773 τὰ
1032 2722 1088 2775 δὲ
1119 2720 1297 2791 ὑψηλά
1328 2722 1421 2774 καὶ
1456 2721 1734 2791 θεοπρεπῆ
1765 2722 1860 2774 καὶ

274 2812 525 2883 μεγάλα,
590 2814 656 2881 τῇ
699 2811 875 2881 ὑψηλῇ
945 2811 1041 2863 καὶ
1101 2810 1310 2880 μεγάλη
1360 2810 1456 2863 καὶ
1505 2810 1685 2863 πάντα
1733 2808 1860 2863 νοῦν

274 2899 682 2972 ὑπερϐαινούσῃ
730 2900 1075 2960 ἀνατιθέντες
1100 2899 1336 2967 θεότητι.

274 2992 398 3047 Al".
440 2994 569 3046 "Ott
606 2992 714 3059 τῆς
745 2990 1033 3060 ἡμετέρας
1062 2991 1301 3058 φύσεως
1332 2988 1370 3056 ἠ
1421 2991 1511 3055 εἰς
1556 2988 1859 3060 οὐρανοὺς

348 3058 671 3132 ἀνάληψις-ν
718 3058 825 3127 τὰς
875 3061 980 3114 τοῦ
1039 3062 1387 3128 Πνεύματος
1438 3060 1661 3128 δωρεὰς
1714 3058 1862 3128 ἡμῖν

350 3134 762 3200 προεξένισεν.

1958 1985 2083 2042 Haec
2120 1988 2289 2057 igitur
2322 1989 2486 2042 etiam
2526 1991 2578 2042 iu
2619 1990 2683 2043 iis
2732 2004 2856 2058 qute
2892 1990 3128 2044 attinent
3175 1991 3241 2045 ad
3294 1992 3549 2050 incarna-
3589 2035 3595 2041 .

1959 2081 2161 2135 tionem
2191 2080 2421 2149 exempli
2457 2082 2632 2135 instar
2661 2088 2959 2143 sumentes,
3004 2096 3033 2135 a
3084 2080 3421 2151 blasphemia
3459 2083 3547 2136 illa

1958 2172 2271 2227 cavebimus
2297 2189 2312 2237 ;
2347 2183 2399 2227 et
2418 2172 2621 2227 omissa
2648 2171 3019 2236 concretione,
3041 2173 3321 2228 vocabulis
3342 2173 3551 2228 aduna-

1962 2264 2144 2330 tionis,
2204 2265 2626 2335 coniunctionis,
2672 2275 2729 2318 et
2785 2265 3187 2321 communionis
3235 2277 3551 2323 constanter

1960 2365 2178 2410 utemur
2219 2373 2234 2421 ;
2268 2366 2592 2409 naturarum
2652 2355 3084 2419 distinctionem,
3134 2371 3383 2426 persona:
3418 2371 3551 2412 vero

1959 2443 2222 2498 unitatem
2293 2443 2751 2511 dogmatizantes.
2824 2442 2916 2499 Sic
2982 2445 3097 2498 Arii
3171 2453 3228 2499 et
3298 2444 3548 2500 Eunomii

1961 2534 2354 2602 blasphemiam
2390 2534 2788 2599 refutabimus;
2817 2535 3101 2590 humiliter
3142 2536 3360 2605 quidem
3393 2536 3550 2593 'dicta

1959 2634 2014 2679 et
2035 2622 2177 2679 facta
2210 2640 2239 2679 a
2268 2624 2562 2681 Servatore
2598 2627 2819 2682 Christo
2882 2629 3024 2682 servi
3056 2626 3247 2683 forma:
3281 2630 3554 2699 applican-

1961 2727 2043 2774 tes
2075 2736 2091 2786 ;
2120 2718 2372 2773 sublimia
2432 2732 2611 2773 autem
2649 2730 2702 2774 et
2736 2721 2844 2774 Deo
2898 2722 3058 2790 digna
3096 2735 3160 2777 ac
3191 2737 3390 2793 magna
3447 2739 3545 2778 su-

1960 2808 2111 2864 blimi
2163 2823 2217 2864 et
2262 2826 2469 2879 magna:
2517 2822 2573 2866 et
2610 2813 2789 2866 omnia
2844 2814 3130 2869 excedenti
3187 2815 3553 2871 attribuentcs

1962 2900 2253 2954 divinitati.

1963 2990 2129 3062 845
2164 3010 2211 3045 m
2250 2991 2485 3051 XXXIII.
2543 2994 2696 3059 Quod
2758 3009 2949 3051 nostra:
3003 3008 3208 3052 natura:
3258 2999 3312 3051 in
3366 3000 3552 3054 caelum

1962 3065 2272 3131 assumptio,
2304 3063 2533 3134 Spiritus
2562 3067 2732 3119 sancti
2761 3068 2901 3120 dona
2947 3068 3094 3122 nobis
3139 3074 3550 3139 comparaverit.

360 3224 521 3278 Ἀλλά
576 3222 766 3293 καιρὸς
827 3222 1159 3293 ἀναδραμεῖν
1220 3223 1314 3275 ἐπὶ
1361 3223 1423 3275 τὸ
1473 3222 1855 3293 προκείμενον.

2033 3218 2137 3273 Sed
2169 3218 2281 3287 jam
2318 3230 2529 3291 tempus
2585 3232 2668 3278 est
2708 3225 3020 3280 revertendi
3070 3226 3137 3280 ad
3185 3228 3551 3296 pr0positum.

289 3315 650 3385 ’Δναληφθεὶς
683 3316 864 3367 τοίνυν
904 3316 983 3371 εἰς
1027 3314 1289 3385 οὐρανοὺς
1332 3316 1360 3367 ὁ
1400 3314 1678 3384 Δεσπότης
1727 3315 1861 3384 Χρι-

276 3408 423 3473 στὸς,
456 3408 552 3461 καὶ
602 3407 794 3459 ἑαυτὸν
830 3405 1016 3476 ὥσπερ
1056 3405 1314 3482 ἐχέγγυον
1348 3404 1449 3475 τῆς
1493 3404 1602 3458 τῶν
1648 3404 1864 3477 ἀνθρὼ-

277 3516 397 3554 πων
445 3500 668 3570 εἰρήνης
722 3498 1102 3570 προσενεγκὼν
1136 3497 1213 3567 τῴ
1252 3499 1447 3567 Πατρί,
1495 3499 1703 3568 πέμπει
1750 3499 1863 3563 τοῖς

275 3591 586 3663 ἀνθρώποις
634 3592 734 3663 τὴν
784 3592 944 3663 χάριν
989 3589 1082 3643 τοῦ
1128 3592 1466 3660 Πνεύματος,
1502 3590 1689 3661 ὥσπερ
1741 3588 1866 3645 τινὰ

274 3684 389 3738 τῶν
435 3684 862 3754 ἐπηγγελμένων
914 3684 1136 3752 ἀγαθῶν
1221 3683 1537 3754 ἀρραϐῶνα,
1586 3685 1866 3757 παιδοτρι-

278 3778 419 3849 ϐην,
463 3777 558 3830 καὶ
612 3776 954 3847 γυμναστὴν,
1015 3774 1128 3828 τῶν
1190 3779 1289 3845 τῆς
1331 3775 1613 3839 εὐσεϐείας
1662 3778 1864 3845 ἀγωνι-

278 3866 431 3939 στὴν,
476 3865 694 3935 φύλακα
724 3865 833 3917 τῶν
866 3866 1228 3919 πιστευόντων
1258 3866 1577 3935 ἀκοίμητον,
1613 3868 1728 3936 φῶς
1753 3867 1864 3923 τῶν

277 3960 616 4031 προσιόντων
647 3956 907 4011 ἀσϐεστόν
931 3975 991 4009 τε
1021 3958 1115 4010 καὶ
1140 3958 1461 4030 ἀνέσπερον.
1489 3958 1595 4011 τῶν
1615 3958 1865 4028 ψυχικῶν

274 4050 609 4123 τραυμάτων
646 4048 1010 4120 θεραπευτὴν,
1059 4049 1241 4120 ἰατρὸν
1266 4051 1375 4103 τῶν
1410 4050 1515 4103 ὑπὸ
1551 4051 1649 4121 τῆς
1680 4051 1864 4120 ἀμαρ-

272 4144 398 4206 τίας
445 4142 746 4212 γινομένων
798 4142 1148 4212 τραυμάτων,
1192 4142 1498 4212 στρατηγὸν
1558 4142 1864 4214 ἀριστεύειν

273 4236 419 4291 κατά
449 4234 542 4288 τοῦ
582 4232 831 4286 διαϐόλου
864 4233 1206 4297 διδάσκοντα,
1243 4233 1583 4304 ὑποπτέρους
1611 4234 1736 4297 τοὺς
1764 4252 1865 4304 χα-

278 4328 569 4398 μαιπετεῖς
600 4322 988 4394 ἐργαζόμενον,
1024 4324 1148 4386 τοὺς
1181 4324 1404 4394 γηῖνους
1444 4325 1542 4394 τὴν
1570 4323 1677 4378 τῶν
1699 4325 1864 4397 οὐρα-

273 4416 382 4472 νῶν
418 4415 692 4469 πολιτείαν
722 4415 1063 4478 παιδεύοντα,
1096 4420 1454 4488 καταφρονεῖν
1486 4417 1707 4488 σαρκὸς,
1739 4420 1853 4471 ἑπι-

277 4509 560 4583 μιλεϊσθαι
592 4507 791 4578 ψυχῆς,
847 4507 1130 4562 διαπτύειν
1180 4509 1248 4561 τὰ
1305 4508 1572 4579 παρόντα,
1612 4509 1862 4579 ἐφίεσθαι

273 4602 385 4657 τῶν
418 4601 742 4673 μελλόντων,
772 4602 907 4672 όρᾷν
930 4602 999 4654 τὰ
1020 4600 1444 4673 προσδοκώμενα
1482 4601 1570 4654 διὰ
1604 4601 1859 4665 πίστεως,

278 4695 445 4767 μηδὲν
470 4693 724 4764 ἡγεῖσθαι
753 4692 859 4746 τῶν
885 4696 941 4745 ὲν
975 4693 1053 4763 τῷ
1087 4693 1185 4763 βίῳ
1210 4692 1479 4763 λαμπρὸν,
1505 4693 1663 4763 δόξης
1692 4711 1862 4747 κατα-

274 4787 463 4858 γελᾷν,
496 4786 605 4839 τῶν
642 4784 737 4839 τοῦ
788 4786 1016 4839 πλούτου
1053 4785 1339 4856 ῥευμάτων
1382 4785 1676 4856 ὑπερορᾷν,
1710 4786 1860 4857 ὥραν

277 4880 533 4950 σώματος
580 4877 654 4940 ὼς
694 4878 851 4940 ἄνθος
901 4880 1034 4948 ὀρᾷν
1085 4878 1504 4947 μαραινόμενον,
1553 4876 1628 4948 μὴ
1674 4876 1865 4947 ἀλγεῖν

277 4971 630 5042 πενομένους,
675 4970 748 5039 μὴ
783 4970 1037 5023 ἀνιᾶσθαι
1068 4970 1374 5034 νοσοῦντας,
1407 4970 1616 5043 χαίρειν
1644 4970 1863 5025 ἀδικου-

280 5066 499 5137 μένους,
530 5062 992 5132 λεηλατουμένους
1024 5063 1432 5131 εὐφραίνεσθαι,
1463 5063 1648 5135 φέρειν
1674 5080 1864 5133 καρτε-

280 5157 450 5229 ρικῶς
496 5157 564 5210 τὰ
608 5156 779 5215 δεινὰ,
831 5154 1229 5227 ὑπερεύχεσθαι
1262 5156 1369 5209 τῶν
1415 5155 1854 5221 ἀντιδικούντων,

353 5315 427 5389 (ι)
468 5315 790 5389 Perspicua,
828 5313 974 5389 mira
1011 5329 1112 5389 acm
1140 5315 1498 5389 peremptor-ia
1542 5314 1726 5389 Cyrilli
1746 5316 1857 5389 _tlo-

277 5381 453 5443 ctrina
496 5386 563 5439 de
602 5381 918 5437 naturarum
963 5386 1015 5437 in
1054 5381 1274 5438 Christo
1315 5381 1691 5440 distinctione!
1746 5386 1854 5456 Ego

280 5472 411 5513 vero
455 5456 685 5512 lectores
730 5470 876 5509 meos
922 5468 1247 5522 magnopere
1293 5456 1497 5520 hortor,
1544 5467 1600 5511 ut
1643 5457 1849 5510 editam

279 5528 421 5595 apud
454 5542 551 5581 nos
568 5524 763 5591 Script.
795 5523 932 5587 Vet.,
959 5534 995 5578 t.
1026 5522 1322 5595 Yl,novatn
1350 5523 1641 5579 Theoriani
1672 5526 1847 5594 ϐττιςεὶ

278 5594 401 5651 cum
436 5597 684 5666 Armenis
720 5594 978 5666 Syrisque
1010 5594 1267 5648 Jacobitis
1286 5597 1639 5665 theologicam
1676 5598 1852 5666 dispu-

282 5668 540 5721 tationem
584 5664 811 5733 adeant,
857 5664 944 5718 ubi
992 5680 1077 5719 res
1122 5668 1236 5721 haec
1274 5664 1697 5721 luculentissime
1742 5664 1859 5723 illu-

279 5747 508 5793 stratur.

355 5807 432 5877 β)
477 5806 551 5862 En
582 5808 774 5861 animae
803 5817 853 5861 et
885 5806 1125 5876 corporis
1155 5807 1207 5861 in
1239 5807 1394 5863 unico
1423 5807 1641 5863 homine
1671 5823 1860 5879 propo-

1963 3310 2288 3380 Assumptus
2336 3313 2518 3381 itaque
2571 3315 2622 3367 in
2673 3314 2870 3369 caelum
2940 3315 3194 3372 Christus
3265 3319 3550 3385 Dominus,

1962 3417 2130 3472 seque
2167 3402 2334 3457 veluti
2367 3406 2619 3459 humana:
2648 3406 2800 3474 pacis
2836 3421 3154 3476 sponsorem
3194 3408 3345 3464 Patri
3393 3413 3552 3466 exhi-

1962 3494 2117 3559 bens,
2174 3496 2338 3549 mittit
2388 3499 2454 3550 ad
2500 3497 2748 3552 homines
2783 3499 3023 3566 Spiritus
3062 3502 3236 3557 sancti
3292 3507 3550 3574 gratiam,

1961 3599 2059 3641 ceu
2082 3588 2371 3655 quamdam
2399 3590 2796 3657 promissorum
2833 3590 3097 3647 bonorum
3144 3596 3387 3661 arrham,
3438 3613 3554 3653 ma-

1962 3678 2213 3747 gistrum,
2247 3691 2608 3749 gymnastam,
2646 3682 2857 3750 piorum
2891 3687 3297 3753 agonothetam,
3334 3688 3551 3759 vigilem

1963 3768 2304 3823 credentium
2333 3772 2636 3835 custodem,
2674 3773 2851 3827 lumen
2887 3774 3260 3831 accedentium
3298 3779 3365 3832 ad
3390 3780 3551 3835 fidem

1965 3858 2406 3929 inexstiuguibile
2459 3872 2514 3915 et
2572 3864 2795 3918 minime
2846 3865 3159 3933 occiduum,
3219 3869 3551 3937 spiritalium

1972 3954 2259 4007 vulnerum
2295 3966 2628 4020 curatorem,
2668 3956 3044 4027 impositarum
3076 3973 3107 4012 a
3145 3962 3386 4027 peccatis
3430 3963 3545 4027 pla-

1968 4060 2158 4114 garum
2193 4047 2463 4101 medicum
2497 4062 2511 4111 ;
2542 4047 2733 4101 ducem
2764 4049 2855 4117 qui
2907 4048 3138 4105 feliciter
3166 4066 3291 4106 cum
3340 4054 3555 4111 diabolo

1966 4152 2210 4207 pugnare
2236 4138 2417 4203 docet,
2449 4148 2503 4193 et
2552 4138 2897 4195 altivolantes
2934 4141 3222 4197 facientem
3266 4147 3357 4215 qui
3403 4147 3551 4203 humi

1966 4227 2254 4293 reptabant
2279 4244 2294 4289 ;
2330 4228 2419 4296 qui
2442 4238 2688 4283 terrenos
2716 4230 2781 4282 ad
2805 4230 3081 4285 caelestem
3106 4226 3269 4287 vitam
3296 4236 3550 4302 instituit,

1968 4328 2132 4387 atque
2157 4327 2216 4372 ut
2238 4333 2458 4373 carnem
2492 4330 2863 4397 contemnant,
2895 4322 3089 4377 animae
3117 4339 3302 4380 curam
3335 4341 3550 4396 gerant,

1968 4407 2253 4477 praesentia
2273 4411 2561 4478 despuant,
2587 4408 2783 4465 futuris
2804 4411 3031 4477 inhient,
3053 4428 3112 4467 ea
3138 4430 3256 4483 quae
3277 4432 3372 4485 per
3385 4417 3551 4473 iidem

1967 4510 2355 4566 exspectantur
2397 4514 2506 4568 prae
2548 4500 2725 4554 oculis
2760 4500 3016 4567 habeant,
3062 4503 3197 4557 nihil
3249 4505 3303 4559 in
3351 4509 3554 4565 mundo

1970 4591 2307 4659 splendidum
2361 4601 2573 4661 putent,
2629 4594 2859 4664 gloriam
2915 4596 3200 4663 irrideant,
3237 4599 3551 4656 divitiarum

1972 4689 2245 4738 torrentes
2300 4683 2627 4753 despiciant,
2673 4686 2919 4755 corporis
2959 4686 3416 4754 pulchritudinem
3454 4707 3551 4746 ceu

1966 4773 2152 4827 florem
2211 4775 2479 4829 caducum
2536 4785 2806 4845 spectent,
2855 4792 2919 4831 ne
2961 4779 3146 4847 inopes
3202 4780 3441 4850 doleant,
3486 4799 3555 4837 ne

1967 4862 2153 4929 egroti
2176 4877 2319 4932 αλδινε
2344 4864 2542 4929 ferant,
2580 4875 2638 4919 ut
2670 4865 2782 4921 lassi
2814 4869 3108 4937 gaudeant,
3133 4870 3347 4938 spoliati
3375 4870 3559 4926 laten-

1969 4962 2078 5017 tur,
2110 4952 2326 5008 fortiter
2348 4971 2617 5011 aarumnas
2644 4958 2895 5025 tolerent,
2928 4972 3085 5015 orent
3123 4977 3221 5030 pro
3252 4964 3553 5019 adversan-

1967 5046 2139 5109 tibus,
2179 5046 2506 5101 benedicant
2566 5050 3038 5117 maledicentibus,
3082 5065 3244 5123 atque
3282 5056 3555 5111 omnimo-

1974 5138 2118 5203 dam,
2149 5148 2207 5192 ut
2230 5140 2398 5195 semel
2426 5141 2625 5208 dicam,
2661 5144 3057 5214 philosOphiam
3090 5158 3390 5202 sectentur.
3428 5146 3555 5205 Haec

1963 5318 2126 5394 situm
2166 5329 2323 5394 recte
2364 5321 2698 5393 exemplum,
2743 5337 2849 5393 quo
2891 5339 3147 5394 perverse
3190 5327 3555 5384 abutebantur

1967 5388 2379 5463 Monophysitae.

2033 5462 2109 5531 (5)
2153 5461 2439 5534 Sapienter
2480 5461 2621 5534 hanc
2662 5464 2928 5519 cautelam
2972 5476 3095 5534 post
3136 5476 3291 5522 natos
3333 5483 3552 5523 errores

1959 5533 2209 5607 exposcit
2239 5532 2501 5607 Cyr-illus:
2527 5533 2739 5607 Etenim
2760 5537 2931 5607 paulo
2964 5532 3090 5591 ante
3122 5536 3419 5607 Gregorius
3453 5538 3551 5592 Nu-

1960 5602 2273 5675 _zianzcnns,
2303 5611 2442 5657 orat.
2472 5604 2563 5668 ⁸58,
2593 5606 2679 5669 13,
2710 5602 2797 5661 ειΙ.
2828 5608 3055 5673 noviss.,
3090 5618 3126 5661 t.
3158 5608 3197 5671 l,
3230 5602 3279 5675 β.
3309 5609 3435 5675 (571,
3462 5611 3554 5663 ad-

1959 5672 2063 5750 huc
2091 5675 2366 5750 scribebat
2392 5678 2457 5727 de
2487 5677 3072 5750 operejncarnatiouis
3097 5696 3109 5733 :
3137 5680 3199 5731 Ὢ
3226 5672 3323 5749 τῆς
3352 5672 3549 5750 καινῆς

1962 5741 2161 5812 μίξεως
2188 5746 2200 5797 ἰ
2232 5742 2277 5797 ὣ
2307 5745 2405 5816 τῆς
2436 5741 2740 5817 παραδόξου
2774 5748 3062 5819 κράσεωςί
