3996 6464
455 411 593 467 Ηῖΰ

1490 394 1547 449 S.
1574 387 1853 447 CYRILLI
1894 377 2365 439 ALEXANDIHNI
2408 374 2731 434 ARCHIEP.

3574 361 3707 417 H76

452 530 635 583 docuit
695 525 929 595 Spiritus
973 520 1173 592 gratia,
1219 518 1333 572 hac
1376 524 1580 568 terram
1612 524 1676 563 sc
1720 520 1868 561 mare
1902 518 2029 559 eru-

2168 497 2378 566 ὑλογεϊν
2408 496 2533 559 τοὺς
2561 488 3009 563 καταρωμένους.
3045 486 3140 540 καὶ
3173 485 3352 539 πᾶσαν
3379 478 3710 545 ἁπαξαπλῶς

2200 590 2213 595 -
2375 589 2386 595 -
2632 584 2709 595 -.
2902 580 2945 595 ...
2988 578 3015 591 ..
3120 577 3223 595 ..η
3268 577 3351 595 μέν.
3383 577 3409 595 ι
3442 570 3708 595 μι-.---π

452 624 688 683 dierunt,
728 620 841 672 haec
879 616 1041 670 etiam
1073 608 1291 667 barbari
1316 614 1442 678 post
1467 603 1548 659 sui
1596 597 1902 656 Servatoris
1934 595 2028 648 ad-

458 723 675 767 ventum
712 706 1179 777 philosophantur,
1212 700 1328 753 haec
1386 706 1544 749 terra:
1576 687 1905 747 continentis
1950 685 2032 739 in—

460 804 612 866 colae,
645 803 759 856 haec
789 799 1008 862 milites,
1042 796 1158 850 hzcc
1212 791 1307 862 qui
1353 797 1629 846 extremos
1658 780 1843 838 mundi
1898 778 2034 833 lines

463 895 724 949 habitant.

471 1187 711 1245 XXXIV.
729 1187 1041 1242 Adhortatio
1055 1184 1122 1237 ad
1141 1183 1367 1251 agendas
1392 1178 1613 1247 gratias,
1632 1184 1681 1229 et
1710 1190 1741 1227 a
1770 1172 2036 1241 superﬂua

917 1250 1223 1311 curiositate
1262 1250 1574 1304 dehortatio.

535 1373 883 1430 Celebremus
912 1370 1096 1438 itaque
1122 1362 1594 1420 innumerabilium
1651 1358 1915 1412 bonorum
1943 1354 2039 1408 da-

468 1474 665 1530 torem,
696 1462 787 1534 qui
817 1462 885 1517 sb
908 1471 1152 1515 extrema
1192 1469 1403 1511 morum
1440 1450 1779 1507 absurditate
1807 1446 1873 1501 ad
1928 1445 2040 1514 pri-

469 1556 756 1627 migeniam
780 1569 878 1610 nos
911 1562 1162 1608 naturam
1186 1547 1479 1613 revocavit,
1501 1560 1647 1610 eum,
1681 1544 1921 1611 inquam,
1950 1539 2039 1609 qui

469 1659 691 1719 propter
719 1660 816 1702 nos
864 1657 1069 1714 pauper
1116 1650 1200 1696 est
1231 1638 1428 1701 factus,
1465 1646 1523 1690 ut
1578 1648 1675 1689 nos
1724 1640 2043 1703 paupertate

473 1739 642 1808 ipsius
658 1738 975 1791 ditaremur.
996 1732 1278 1800 Simulque
1310 1729 1587 1783 laudemus
1613 1740 1797 1779 verum
1812 1722 1979 1793 856
1994 1738 2042 1775 m

2138 589 2454 661 φιλοσοφίαν
2488 584 2863 659 μεταδιώκειν.
2902 578 3089 635 Ταῦτα
3117 577 3353 642 ἐδίδαξεν
3382 577 3415 645 ὴ
3442 572 3601 643 χάρις
3621 570 3709 624 τοῦ

2139 682 2474 751 Πνεύματος,
2522 676 2693 731 ταῦτα
2732 674 2833 745 γῆν
2881 671 3026 744 [cod.
3087 670 3144 723 δὲ
3190 684 3291 739 pro
3323 664 3451 738 γῆν]
3496 664 3591 718 καὶ
3622 662 3712 715 8&-

2139 773 2337 826 λατταν
2377 770 2776 835 ἐξεπαίδευσεν,
2811 765 2983 820 ταῦτα
3013 764 3108 817 καὶ
3144 761 3411 832 βάρϐαροι
3453 755 3591 828 μετά
3619 753 3712 823 τὴν

2140 863 2233 917 τοῦ
2265 863 2517 933 Σωτῆρος
2550 859 2731 913 αὐτῶν
2766 854 3150 927 φιλοσοφοῦσιν
3198 850 3512 921 ἐπιδημίαν,
3548 846 3711 900 ταῦτα

2142 952 2482 1023 ἠπειρῶται,
2531 950 2706 1003 ταῦτα
2765 950 2811 1002 oi
2871 944 3221 1019 στρατιῶται,
3278 942 3453 995 ταῦτα
3508 942 3557 994 οἱ
3619 938 3712 998 τὰς

2143 1044 2399 1116 ἐσχατιὰς
2436 1043 2532 1112 τῆς
2572 1039 2896 1111 οἰκουμένης
2933 1035 3225 1098 οἰκοῦντες.

2144 1178 2263 1234 ΛΔ’.
2306 1175 2617 1247 Προτροπὴ
2657 1174 3062 1256 εὐχαριστίας,
3106 1169 3204 1222 καί
3252 1166 3565 1234 ἀποτροπὴ
3615 1181 3712 1218 πε-

2820 1257 3119 1311 ριουσιας.

2229 1362 2651 1431 Ἀνυμνήσωμεν
2691 1358 2869 1409 τοίνυν
2902 1354 2992 1409 τὸν
3033 1352 3141 1405 τῶν
3175 1338 3466 1421 ἀμυθήτων
3505 1348 3719 1417 ἀγαθῶν

2147 1452 2403 1526 χορηγὸν,
2432 1452 2523 1507 τὸν
2550 1454 2615 1504 ἐκ
2641 1450 2738 1519 τῆς
2767 1448 3001 1517 ἐσχάτης
3032 1444 3253 1513 ἀλογίας
3288 1444 3365 1505 είς
3402 1444 3499 1512 τὴν
3535 1440 3723 1512 προτέρ

2152 1565 2247 1617 ραν
2291 1545 2435 1615 ἡμᾶς
2481 1544 2641 1611 φύσιν
2691 1538 3129 1607 ἐπαναγαγόντα,
3175 1536 3266 1588 τὸν
3302 1535 3368 1587 δι’
3404 1535 3551 1603 ἡμᾶς
3592 1548 3725 1585 πτω-

2150 1636 2438 1708 χεύσαντα,
2480 1635 2567 1687 ἶνα
2594 1635 2753 1704 ἡμεῖς
2801 1634 2867 1701 τῇ
2894 1630 3105 1683 ἐκείνου
3140 1626 3385 1695 πτωχεία
3416 1625 3731 1708 πλουτήσωτ

2152 1699 2253 1799 μεν
2274 1744 2286 1758 '
2316 1699 2431 1781 και
2466 1727 2564 1779 σὺν
2613 1699 2761 1794 αὐτῷ
2926 1722 3147 1790 γνήσιον
3180 1717 3345 1772 αὑτοῦ
3386 1715 3628 1785 Πατέρα,
3672 1699 3735 1775 ὃξ

475 1829 644 1895 ipsius
696 1826 933 1889 Patrem,
976 1824 1066 1893 qui
1105 1830 1385 1891 tantopere
1426 1816 1685 1872 mundum
1746 1814 1935 1869 dilexit
1985 1821 2039 1866 ut

2168 1820 2321 1884 ιῦτως
2355 1820 2610 1890 ἠγάπησε
2653 1816 2745 1871 τὸν
2793 1815 3016 1885 κόσμον,
3072 1812 3148 1875 ὡς
3194 1810 3379 1863 δοῦναι
3426 1809 3520 1861 τὸν
3576 1824 3733 1877 μονοο

475 1918 666 1972 Filium
690 1932 844 1971 suum
882 1914 1219 1985 unigenitum
1258 1926 1357 1980 pro
1400 1923 1466 1963 eo
1513 1906 1746 1965 dederit,
1778 1916 1835 1959 ut
1868 1903 2046 1958 omnis

474 2014 565 2079 qui
608 2009 785 2064 credit
814 2009 867 2062 in
919 2007 1117 2076 ipsum,
1146 2018 1252 2057 non
1282 2009 1487 2070 pereat,
1522 1999 1616 2053 sed
1644 1996 1842 2053 habeat
1881 1996 2046 2047 vitam

476 2109 731 2153 mlcruam
762 2098 806 2131 ’τ
843 2114 859 2164 ;
894 2111 1123 2165 cumque
1144 2094 1305 2148 Patre
1337 2106 1401 2146 ac
1440 2090 1578 2144 Filio
1609 2098 1853 2145 sanctum
1885 2086 2052 2154 Spiri-

480 2201 591 2244 tum
628 2204 784 2258 a-que
844 2188 1145 2248 laudemus,
1194 2186 1245 2239 in
1301 2183 1453 2251 cujus
1505 2183 1721 2235 nomine
1769 2178 2049 2247 baptizati,

448 2280 601 2335 'doui
629 2280 844 2332 arrham
877 2277 1176 2346 accipimus
1209 2291 1222 2338 ;
1258 2288 1287 2327 a
1320 2287 1427 2342 quo
1452 2281 1649 2326 nostrze
1701 2272 1898 2323 animae
1931 2268 2052 2322 illu-

478 2372 773 2434 minautur,
823 2384 851 2422 a
905 2383 1011 2436 quo
1062 2365 1457 2419 incarnationis
1496 2379 1631 2431 opus
1680 2361 1961 2419 docemur.
1998 2368 2054 2414 et

480 2461 531 2516 in
568 2460 833 2527 theologia
879 2457 1239 2518 instituimur,
1306 2470 1400 2524 per
1444 2469 1602 2524 quem
1638 2468 1665 2505 a
1702 2467 1911 2505 morum
1947 2452 2051 2504 im-

479 2552 809 2620 portunitate
835 2564 1104 2610 arcemur,
1140 2563 1235 2616 per
1260 2561 1417 2615 quem
1444 2546 1679 2613 denique
1703 2558 1889 2598 errore
1917 2542 2051 2597 libe-

483 2644 583 2697 rati
652 2643 940 2695 veritatem
972 2640 1310 2708 agnovimus.
1371 2637 1453 2691 Ab
1518 2635 1815 2705 indaganda
1872 2643 2052 2688 autem

482 2733 703 2803 iugeniti
744 2742 936 2785 natura
996 2744 1296 2795 cessemus,
1326 2737 1507 2781 utrum
1540 2728 1655 2795 ipse
1693 2727 1765 2780 sit
1793 2726 1963 2779 bonus
1990 2739 2056 2779 ac

480 2826 676 2895 iustus,
711 2832 765 2877 et
792 2830 972 2877 utrum
1014 2821 1127 2875 lleri
1189 2820 1360 2889 possit
1412 2828 1471 2871 ut
1524 2820 1646 2886 quis
1701 2832 1807 2871 non
1844 2816 2056 2886 genitus

483 2932 584 2971 nec
635 2914 810 2969 lactus
857 2915 1104 2969 exsistat.
1162 2913 1455 2967 Cessemus
1507 2911 1635 2963 item
1684 2923 1714 2962 a
1764 2907 2055 2962 scrutanda

485 3002 759 3071 Unigeniti
803 3003 1159 3073 generatione
1202 3000 1427 3069 ejusque
1461 3000 1669 3053 ratione
1702 2997 2055 3067 exquirenda,

487 3113 586 3151 nec
617 3098 682 3150 de
721 3096 961 3164 ingenito
1012 3094 1300 3162 genitoque
1349 3092 1725 3160 dijudicemus,
1776 3100 1869 3143 aut
1914 3090 2057 3159 quod

2156 1913 2287 1984 γενῆ
2335 1909 2495 1965 αὑτοῦ
2542 1910 2669 1963 Υίὸν
2727 1908 2867 1976 ὑπὲρ
2892 1902 3079 1967 αὑτοῦ,
3110 1903 3197 1955 ἵνα
3239 1904 3345 1965 πᾶς
3382 1903 3411 1954 ὁ
3462 1898 3733 1953 πιστεύων

2166 2007 2247 2068 εἰς
2293 2004 2453 2055 αὑτὸν
2501 2000 2575 2071 μὴ
2621 2000 2910 2069 ἀπόληται,
2972 1995 3089 2048 ἀλλ’
3130 1995 3230 2065 ἔχῃ
3284 1994 3426 2064 ζωὴν
3481 1991 3729 2045 αἰώνιον

2159 2098 2258 2150 καὶ
2306 2096 2402 2149 σὺν
2456 2094 2633 2163 Ila-cpi.
2683 2091 2779 2145 καὶ
2824 2089 2937 2159 Υίῷ
2993 2089 3053 2142 τὸ
3092 2086 3316 2155 Πνεῦμα
3356 2086 3416 2137 τὸ
3458 2086 3634 2152 ἅγιον,
3676 2086 3735 2136 ἐν

2160 2180 2205 2254 ᾧ
2256 2184 2639 2256 βαπτιζόμενοι
2682 2182 2769 2236 τὸν
2830 2183 2927 2249 τῆς
2974 2179 3182 2248 δωρεᾶς
3233 2176 3528 2247 ἀρραϐῶνα
3593 2175 3734 2244 λαμ-

2161 2280 2429 2348 ϐάνομεν·
2466 2276 2532 2329 δι’
2581 2268 2641 2327 οῦ
2690 2275 2787 2337 τὰς
2822 2272 3000 2342 ψυχὰς
3042 2270 3402 2340 φωτιζόμεθα,
3438 2269 3504 2321 δι’
3544 2262 3605 2321 οὗ
3638 2267 3735 2337 τὴν

2158 2366 2473 2435 οἰκονομίαν
2506 2362 2895 2431 διδασκόμεθα,
2930 2361 2995 2414 δι’
3031 2354 3093 2412 οὗ
3137 2361 3231 2429 τὴν
3286 2360 3558 2426 θεολογίαν
3605 2376 3735 2411 παι-

2159 2457 2444 2526 δευόμεθα,
2478 2455 2542 2508 δι’
2583 2447 2641 2506 οὗ
2674 2453 2775 2522 τῆς
2812 2452 3036 2521 ἀλογίας
3066 2451 3539 2520 ἀπαλλαττόμεθα,
3574 2449 3640 2502 δι’
3674 2444 3735 2502 οὗ

2162 2552 2259 2622 τῆς
2284 2549 2491 2617 πλάνης
2516 2544 2991 2615 ⁴ὴλευθερώθημεν,
3026 2546 3117 2596 καὶ
3158 2544 3255 2613 τὴν
3290 2543 3544 2614 ἀλήθειαυ
3572 2543 3739 2609 ἐγνω-

2164 2660 2283 2713 μεν.
2321 2643 2429 2695 Καὶ
2463 2638 2798 2708 παυσώμεθα
2828 2637 2927 2705 τὴν
2957 2636 3118 2705 φύσιν
3157 2636 3738 2705 πολυπραγμονοῦντες

2160 2734 2254 2789 τοῦ
2284 2734 2599 2802 ἀγεννήτου,
2634 2732 2682 2783 εί
2716 2731 2809 2782 xa‘t
2842 2728 3004 2791 αὐτὸς
3032 2729 3233 2795 ἀγαθὸς
3272 2730 3365 2780 καὶ
3396 2729 3620 2791 δίκαιος,
3646 2729 3737 2780 καὶ¹

2163 2829 2211 2879 εί
2250 2821 2359 2878 οἷόν
2394 2842 2451 2876 τε
2496 2820 2633 2875 εἷναί
2668 2840 2789 2874 τινα
2832 2822 2907 2891 μὴ
2951 2820 3275 2891 γεννηθέντα
3328 2822 3360 2889 ἢ
3414 2822 3734 2889 γενόμενον·

2166 2914 2505 2986 παυσώμεθα
2533 2915 2630 2982 τὴν
2666 2913 2919 2981 γέννησιν
2947 2910 3402 2983 περιεργάζεσθαι
3435 2910 3530 2963 τοῦ
3573 2913 3739 2963 Μονο-

2165 3008 2376 3078 γενοῦς,
2412 3008 2507 3060 καὶ
2536 3006 2626 3059 τὸν
2665 3004 2855 3075 τρόπον
2896 3002 3298 3072 ἐπιζητοῦντες,
3337 3004 3429 3055 καὶ
3465 3004 3740 3073 ἀγεννήτῳ

2168 3101 2263 3153 καὶ
2306 3097 2551 3168 γεννητῷ
2596 3096 2927 3160 διαιτῶντες,
2984 3094 3077 3147 καὶ
3118 3093 3442 3164 μετροῦντες
3488 3095 3555 3147 τὰ
3604 3095 3743 3163 ἁμές

488 3184 929 3241 immensurabile
980 3194 1063 3237 est
1122 3183 1495 3236 dimetiamur.
1552 3180 1839 3235 Cessemus
1874 3195 1903 3234 a
1941 3196 2059 3235 ma-

2168 3204 2360 3259 τρητα·
2423 3184 2759 3255 παυσώμεθα
2823 3183 3008 3245 κακῶς
3060 3182 3431 3251 ἁνιχνεύοντες
3492 3184 3587 3253 τὴν
3651 3182 3741 3236 τοῦ

488 3278 664 3332 litiose
710 3273 1030 3344 vestiganda
1091 3272 1330 3341 Spiritus
1382 3272 1751 3340 processione,
1788 3286 1964 3343 neque
1996 3286 2059 3326 ea

490 3370 695 3423 discere
728 3365 1063 3425 studeamus,
1092 3378 1211 3432 qua:
1233 3361 1330 3416 soli
1360 3362 1509 3415 Patri
1535 3372 1588 3416 et
1606 3363 1741 3417 Filio
1779 3372 1833 3418 et
1872 3375 2062 3419 sancto

492 3458 716 3526 Spiritui
750 3464 873 3509 nota
926 3462 1071 3508 sunt.
1103 3454 1156 3506 In
1198 3452 1286 3518 iis,
1317 3466 1452 3521 quos
1511 3452 1833 3522 recepimus,
1865 3454 2064 3509 ﬁnibus

494 3561 806 3601 maneamus
837 3564 850 3599 ι
881 3559 949 3598 ne
981 3544 1257 3607 terminos,
1283 3558 1418 3610 quos
1452 3551 1632 3612 patres
1660 3545 1832 3598 nostri
1870 3559 2065 3613 posue-

497 3651 640 3701 runt,
666 3640 1082 3693 transferamus.
1109 3635 1329 3690 Tradita
1360 3635 1515 3689 nobis
1536 3649 1563 3687 a
1593 3635 1795 3705 Spiritu
1819 3636 2065 3692 doctrina

496 3731 735 3785 contenti
760 3731 949 3783 simus.
986 3727 1063 3781 Ne
1090 3728 1315 3782 velimus
1357 3725 1506 3780 Pauli
1560 3727 1843 3781 scientiam
1900 3744 2065 3799 supe-

498 3838 643 3886 rare,
671 3822 763 3891 qui
792 3836 857 3875 ex
882 3830 1034 3891 parte
1066 3820 1243 3873 aiebat
1283 3832 1340 3872 se
1362 3832 1715 3886 cognoscere,
1744 3830 1799 3874 et
1825 3837 1889 3875 ex
1915 3834 2067 3892 parte

500 3914 845 3982 prophetare,
886 3920 943 3966 et
989 3911 1045 3964 in
1097 3911 1320 3980 specqu
1360 3920 1413 3964 et
1443 3913 1727 3981 auiigmate
1784 3914 2064 3969 veritatem

498 4005 681 4057 videre
716 4002 783 4056 ’⁸.
817 4002 1203 4071 Exspectemus
1248 4012 1581 4070 speratarum
1630 4006 1891 4059 bonorum
1943 4021 2069 4075 pos-

499 4110 729 4150 sessum.
792 4093 942 4147 Tunc
993 4094 1232 4162 perfecte
1270 4108 1680 4164 cognoscemus,
1729 4111 1851 4152 cum
1896 4112 2071 4169 neque

496 4182 754 4250 iactantia
779 4183 934 4238 nobis
962 4183 1203 4249 nocebit,
1229 4196 1401 4251 neque
1431 4184 1683 4252 superbia
1734 4200 1833 4241 nos
1879 4191 2071 4257 praeci-

504 4278 643 4345 pites
703 4284 846 4344 aget,
906 4274 1000 4330 sed
1048 4274 1303 4344 passione
1341 4274 1486 4328 omni
1536 4286 1788 4345 expertes
1844 4280 2067 4335 erimus.

504 4368 642 4438 Ergo
674 4367 922 4434 praesenti
958 4376 1197 4434 tempore
1222 4367 1275 4421 in
1306 4367 1567 4422 doctrinis
1600 4367 1831 4440 “7m
1858 4382 2071 4442 patrum

474 4512 475 4515 η
507 4471 812 4531 perstemus
844 4476 858 4516 :
899 4474 963 4513 ne
1002 4458 1205 4525 majora
1234 4457 1373 4513 forte
1409 4474 1737 4528 quaerentes,
1776 4465 2074 4525 minoribus

566 4638 609 4671 ’⁷
636 4636 793 4692 Joan.
826 4650 908 4699 ιιι,
944 4634 1032 4689 i6.
1109 4636 1152 4667 ’⁸
1175 4634 1194 4689 ι
1218 4636 1344 4693 Cor.
1378 4651 1496 4702 xm,
1529 4638 1588 4694 9.

2170 3280 2487 3349 Πνεύματος
2530 3276 2777 3347 πρόοδον,
2824 3276 2920 3328 καὶ
2960 3274 3250 3345 ζητοῦντες
3300 3277 3492 3346 μαθεῖν
3525 3276 3559 3329 ἃ
3600 3278 3771 3347 μόνῳ-

2170 3373 2345 3443 Πατρὶ
2376 3372 2472 3424 καὶ
2503 3369 2617 3439 Υίῷ
2651 3370 2754 3422 καὶ
2780 3370 2918 3439 ἀγίῳ
2940 3368 3218 3439 Πνεύματι
3235 3369 3485 3439 γνώριμα
3517 3371 3593 3436 (1)
3616 3388 3629 3401 ο
3656 3372 3746 3440 ὲμο

2175 3464 2445 3534 μείνωμεν
2473 3454 2554 3522 οἷς
2583 3458 2849 3529 ἐλάϐομεν
2878 3460 3023 3528 ὅροις
3042 3476 3057 3489 ·
3081 3458 3154 3529 μὴ
3186 3460 3307 3529 ὅρια
3335 3460 3744 3529 μετενέγκωμεν

2172 3554 2207 3608 ἃ
2233 3553 2419 3607 ἔθεντο
2457 3554 2504 3605 οἱ
2538 3550 2783 3620 Πατέρες
2816 3548 2975 3620 ἡμῶν
3001 3566 3014 3581 ·
3048 3549 3406 3621 ἀρκεσθῶμεν
3433 3554 3497 3621 τῇ
3533 3552 3744 3622 δοθείσῃ

2172 3642 2488 3712 διδασκαλία
2541 3639 2691 3709 παρὰ
2725 3636 2818 3690 τοῦ
2863 3637 3198 3708 Πνεύματος.
3247 3638 3337 3706 Μὴ
3396 3638 3742 3707 βουληθῶμεν

2176 3734 2475 3805 ὑπερϐῆναι
2506 3732 2719 3785 Παύλου
2750 3730 2849 3800 τὴν
2873 3729 3095 3797 γνῶσιν,
3124 3729 3183 3793 ὃς
3211 3730 3274 3782 ἐκ
3308 3730 3506 3800 μέρους
3540 3730 3639 3799 ἔφη
3668 3746 3745 3797 γι-

2173 3826 2422 3887 νώσκειν,
2448 3824 2542 3877 καὶ
2570 3824 2634 3875 ἐκ
2662 3821 2857 3891 μέρους
2885 3820 3269 3891 προφητεύειν,
3300 3822 3394 3873 καὶ
3419 3823 3477 3873 ἐν
3500 3822 3743 3892 ἐσόπτρῳ

2178 3917 2392 3987 βλέπειν
2416 3913 2508 3966 καὶ¹
2540 3915 2597 3964 ἐν
2620 3911 2900 3981 αἰνίγματι
2928 3910 3023 3980 τὴν
3040 3909 3296 3980 ἀλήθειαν
3317 3910 3389 3980 (2)
3409 3929 3425 3944 ο
3446 3910 3741 3977 ἀναμείνωο

2182 4026 2278 4080 μεν
2298 4008 2404 4060 τῶν
2430 4004 2797 4074 ἐλπιζομένων
2814 4000 3033 4070 ἀγαθῶν
3059 4002 3153 4069 τὴν
3179 4001 3498 4055 ἀπόλαυσιν.
3523 4003 3652 4055 Τότε
3680 4002 3742 4055 τά

2178 4102 2356 4155 τέλεια
2405 4093 2779 4169 μαθησόμεθα,
2813 4094 2900 4146 ὅτε
2936 4093 3002 4145 δι’
3046 4091 3361 4157 ἀλαζονείας
3402 4092 3463 4145 οὑ
3500 4092 3742 4162 βλαὸησό-

2183 4192 2342 4264 μεθα,
2393 4191 2479 4243 ὅτε
2530 4189 2597 4241 δι’
2637 4187 3011 4259 ὑπερηφανίας
3062 4186 3122 4238 οὐ
3172 4186 3507 4255 πεσούμεθα,
3558 4188 3645 4239 ὅτε
3689 4188 3741 4239 ἐν

2179 4282 2417 4355 ἀπαθείᾳ
2449 4280 2773 4352 βιωσόμεθα.
2807 4279 3016 4334 Οὐκοῦν
3042 4280 3099 4333 ἐν
3127 4278 3205 4350 τῷ
3231 4280 3457 4349 παρόντι
3496 4283 3615 4344 ταῖς
3642 4279 3742 4333 τῶν

2181 4380 2430 4449 πατέρων
2482 4375 2850 4439 διδασκαλίαις
2896 4374 3273 4447 ἐμμείνωμεν,
3321 4373 3409 4427 ἵνα
3453 4372 3530 4443 μὴ
3584 4372 3741 4442 μείζω

2185 4469 2491 4541 ζητοῦντες,
2525 4467 2618 4521 καὶ
2643 4467 2752 4521 τῶν
2780 4465 3075 4521 ἐλαττόνων
3099 4464 3419 4534 ἐκπέσωμεν
3438 4480 3452 4495 ’
3485 4463 3514 4516 ὃ
3544 4462 3741 4517 πέπον-

578 4797 651 4867 (l)
698 4799 911 4855 Nicetss
942 4797 1325 4871 Aquileiensis,
1359 4797 1530 4865 quinti
1571 4797 1751 4852 saeculi
1796 4799 1980 4871 homo,
2014 4796 2069 4851 in
2104 4804 2148 4859 ι)
2177 4799 2398 4856 clesiam
2447 4799 2728 4855 invehunt.
2772 4800 2950 4867 Quid?
2988 4798 3177 4856 Nonne
3217 4802 3316 4871 ipsi
3359 4802 3461 4857 hoc
3504 4802 3747 4857 instituto

509 4872 744 4939 pretioso
790 4887 887 4924 suo
932 4868 1022 4939 De
1048 4869 1243 4939 Spiritu
1290 4877 1468 4939 sancto
1514 4877 1746 4939 tractatu
1790 4870 1929 4939 apud
1974 4882 2072 4922 nos

510 4934 682 5006 Scrip.
703 4951 821 5005 ret.,
840 4953 877 4995 ι.
904 4937 1013 5002 VII,
1040 4934 1095 5009 p.
1120 4937 1385 5009 519,7pari
1413 4938 1803 5009 sententiaait:
1828 4934 2072 5002 Utinam,

509 5021 564 5063 ut
593 5010 761 5073 fuerat
790 5006 1061 5075 traditum,
1089 5024 1207 5062 cum
1240 5008 1396 5060 Patre
1422 5015 1470 5059 et
1500 5006 1641 5060 Filio
1672 5006 1927 5071 Spiritum
1957 5024 2075 5059 san-

509 5091 649 5134 ctum
676 5081 979 5145 simpliciter
994 5079 1331 5133 credidissent
1353 5079 1453 5136 illi,
1474 5080 1562 5146 qui
1588 5079 1919 5146 postmodum
1938 5092 2077 5146 quie-

510 5152 725 5203 stionem
766 5150 829 5201 de
869 5150 1075 5218 Spiritu
1115 5145 1594 5209 induxerunHut,
1637 5160 1794 5215 puta,
1839 5145 2079 5218 Macedo-

512 5223 685 5282 niani,
717 5220 792 5272 vel
832 5216 1008 5273 eorum
1045 5221 1097 5271 in
1134 5219 1229 5271 huc
1268 5219 1570 5271 curiositate
1608 5219 1906 5284 participes.
1940 5216 2077 5269 Dum

512 5291 646 5343 enim
688 5302 925 5358 quierunt
968 5299 1014 5341 et
1060 5291 1178 5350 isti,
1220 5290 1389 5356 qualis
1436 5299 1509 5356 est
1554 5289 1780 5358 Spiritus
1824 5288 2078 5358 sanctus?

514 5364 649 5413 unde
682 5356 791 5413 est?
814 5369 1041 5425 quantus
1077 5360 1187 5411 est?
1218 5371 1370 5411 natus
1407 5361 1517 5413 est?
1550 5375 1616 5410 an
1654 5356 1823 5425 factus
1862 5356 1975 5410 est?
2003 5358 2079 5409 sic

514 5433 700 5483 iterum
725 5426 991 5483 sciderunt
1014 5429 1284 5498 populum,
1308 5438 1354 5481 et
1381 5444 1511 5492 vere,
1538 5433 1821 5498 secundum
1845 5426 2078 5498 Apostoli

515 5504 731 5565 dictum,
762 5496 1194 5553 interminabilem
1222 5501 1557 5566 qumstionem
1588 5496 1837 5550 Ecclesiis
1868 5497 2082 5549 induxe-

517 5581 659 5632 runt,
688 5582 792 5625 etc.

586 5642 662 5708 (ἓ)
700 5640 931 5708 Audiam
967 5640 1080 5694 haec
1116 5639 1413 5694 immodicae
1448 5648 1502 5692 et
1541 5639 1693 5707 quasi
1730 5650 1959 5708 meracae
1994 5636 2085 5708 (ut

520 5705 649 5764 cum
697 5707 871 5764 Tullio
923 5708 1359 5778 Tertullianoque
1419 5705 1642 5777 loquar)
1701 5705 2083 5778 rationalitatis

522 5791 811 5843 amatores,
839 5779 931 5849 qui
963 5788 1160 5834 tantam
1190 5773 1348 5835 actate
1377 5773 1555 5833 nostra
1584 5773 1876 5848 perniciem
1907 5776 1958 5829 iu
1988 5773 2079 5828 Eco

2179 4886 2275 4925 suo
2308 4871 2490 4935 iidem,
2521 4874 2681 4927 totius
2713 4872 2988 4939 religionis
3019 4872 3450 4936 fundamentum,
3476 4889 3503 4926 a
3535 4873 3749 4929 Christo

2181 4940 2545 5010 apostolisque
2578 4943 2913 5010 praajactum,
2950 4942 3192 4997 funditus
3228 4943 3534 4997 subruunt?
3568 4942 3751 4997 Nouus

2184 5013 2430 5065 incautos
2457 5012 2691 5067 asseclas
2717 5015 2784 5067 ad
2812 5011 3169 5081 gentilitatem
3197 5014 3277 5066 vel
3310 5014 3488 5081 potius
3516 5015 3580 5067 ad
3611 5018 3750 5067 athe.

2189 5084 2381 5153 ismum
2410 5081 2459 5134 vi
2492 5083 2848 5153 pertrahunt?
2876 5080 3018 5153 Nihil
3047 5096 3176 5152 ergo
3208 5080 3402 5137 divina:
3434 5084 3750 5153 Scriptum.

2188 5152 2321 5204 nihil
2351 5160 2664 5207 sanctorum
2696 5152 2917 5207 Patrum
2949 5152 3157 5207 inliuita
3189 5154 3479 5217 volumina,
3517 5152 3648 5207 nihil
3682 5158 3754 5207 tot

2188 5221 2617 5301 pro‘Christiana
2647 5224 2907 5292 religione
2932 5223 3190 5301 apologire
3213 5223 3659 5301 eﬂ'ecerunttsed
3690 5224 3750 5275 ad

2189 5292 2497 5346 barbariem
2536 5308 2724 5348 rursus
2760 5310 2822 5349 ac
2863 5296 3113 5347 tenebras
3151 5296 3202 5349 in
3243 5304 3409 5359 tanta,
3450 5307 3501 5347 nt
3545 5296 3631 5349 isti
3669 5309 3756 5363 pug

2190 5363 2559 5435 t_ant,_sa3culi
2604 5363 2773 5419 nostri
2818 5364 3077 5417 civilitate
3118 5380 3181 5417 ac
3228 5364 3344 5419 luce
3384 5361 3755 5435 regredimuri

2192 5433 2451 5503 Equidem
2481 5433 2677 5488 divinis
2709 5436 3084 5503 perpetuitatis
3117 5435 3396 5503 promissis
3429 5433 3658 5490 lirmiter
3686 5434 3757 5488 ui-

2194 5504 2397 5584 tiipur:
2425 5502 2491 5557 de
2518 5503 2604 5557 illa
2632 5502 2808 5559 tanien
2841 5504 3097 5559 Ecclesia:
3120 5502 3601 5584 tranquillitateac
3632 5520 3755 5576 pace

2192 5573 2564 5637 sollicitamur,
2602 5590 2721 5644 qua:
2756 5584 2961 5641 poterat
2999 5589 3123 5630 esse
3158 5573 3413 5631 continua
3435 5617 3449 5641 ,
3484 5578 3527 5629 si
3564 5573 3643 5632 tot
3677 5590 3755 5643 pe-

2192 5644 2491 5765 stileptium
2521 5645 2777 5700 librorum
2811 5645 3135 5701 turbulentis
3163 5658 3217 5702 et
3247 5648 3653 5717 importunitate
3677 5662 3753 5702 ca-

2194 5728 2311 5765 rcre
2344 5752 2355 5763 .

2194 5728 2355 5768 I‘CI‘CI.

3902 321 3903 389 ι

3902 450 3905 513 l

3906 592 3907 647 ι

3910 874 3911 927 l
