3996 6464
221 436 363 490 14⁸77

225 638 491 707 γενέσθαι
532 636 701 702 Θεὸς,
738 636 832 689 καὶ
871 634 932 687 τὸ
976 629 1113 687 εἶναι
1167 630 1330 684 εἰκὼν
1375 628 1511 682 Θεοῦ
1568 644 1816 699 προσαπ-

220 727 426 783 ὡλεσε.

218 840 352 895 AE'.
401 842 533 892 ’Ὁτι
568 839 687 910 χρὴ
728 838 1022 893 Θεοτόκον
1068 834 1167 888 καὶ
1217 833 1673 902 ἀνθρωποτόκον
1719 830 1820 886 λέ-

958 923 1103 976 rear.

300 1020 495 1073 Τοίνυν
531 1019 661 1089 περὶ
704 1019 803 1090 τὴν
857 1018 1137 1086 θεολογίαν
1188 1017 1379 1088 μηδεὶς
1428 1016 1688 1070 ἀπιστίαν
1731 1033 1818 1070 νο-

225 1111 414 1178 σείτω,
465 1112 652 1182 μηδεὶς
705 1112 829 1182 περὶ
858 1112 958 1180 τὴν
984 1110 1298 1180 οἰκονομίαν
1337 1109 1646 1179 χωλευέτω,
1683 1109 1820 1163 ἀλλὰ

220 1205 319 1255 τὸν
352 1205 415 1256 ὲκ
446 1203 724 1273 Παρθένου
752 1202 1078 1271 γεννηθέντα
1112 1204 1368 1274 Χριστὸν,
1398 1202 1531 1255 Θεὸν
1558 1202 1694 1272 ὁμοῦ
1727 1203 1820 1257 καὶ

222 1295 520 1365 ἄνθρωπον
554 1294 882 1365 ὁμολογεῖ-ιω
922 1295 1045 1347 καθ’
1078 1296 1341 1364 ἑκάτερον
1364 1312 1376 1325 ·
1404 1294 1492 1347 διὰ
1524 1294 1684 1348 τοῦτο
1710 1295 1819 1365 γὰρ

225 1386 326 1438 καὶ
353 1386 617 1449 Θεοτόκος
648 1386 742 1439 καὶ
773 1386 1184 1455 ἀνθρωποτόκος
1212 1387 1287 1456 (1)
1316 1389 1347 1456 ή
1384 1387 1512 1453 ἁγία
1545 1386 1820 1457 Παρθένος

223 1480 335 1532 ὑπὸ
367 1479 474 1531 τῶν
503 1483 600 1549 τῆς
642 1478 923 1540 εὐσεϐείας
953 1477 1288 1530 διδασκάλων
1317 1479 1815 1549 προσαγορεύεται·

218 1570 386 1625 τοῦτο
418 1572 517 1641 μὲν
546 1572 622 1633 ὠς
666 1572 825 1639 φύσει
857 1569 947 1621 τὸν
972 1568 1185 1639 [δούλῳ]
1222 1570 1437 1623 ἐοικότα
1472 1571 1781 1641 γεννήσασα
1801 1587 1815 1600 ο

219 1666 407 1717 ἐκεῖνο
434 1662 513 1727 δὲ,
548 1662 623 1724 ὡς
642 1663 742 1732 τῆς
770 1660 863 1714 τοῦ
894 1662 1082 1714 δούλου
1131 1663 1368 1732 μορφῆς,
1417 1665 1509 1716 καὶ
1540 1662 1676 1715 Θεοῦ
1721 1662 1819 1732 τὴν

221 1752 443 1823 μορφὴν
482 1754 767 1823 ἡνωμένην
798 1752 1027 1822 ἐχούσης
1106 1753 1250 1807 οὕτω
1284 1755 1373 1808 διὰ
1399 1755 1675 1823 θεολογίας
1725 1757 1819 1809 καὶ

214 1845 538 1914 οἰκονομίας
576 1844 666 1897 τὸν
697 1845 757 1897 τὸ
800 1846 1099 1915 μυστήριον
1139 1847 1270 1915 ἡμῖν
1304 1846 1365 1898 τὸ
1394 1848 1817 1919 ἀποκεκρυμμέ-

216 1954 312 1990 νον
343 1936 690 2007 γνωρίσαντα
728 1938 1149 2007 ἀνυμνήσωμεν,
1181 1940 1275 1991 καὶ
1316 1938 1403 1993 διὰ
1443 1939 1543 2009 τῆς
1572 1939 1666 1992 τοῦ
1700 1942 1814 2010 βίου

217 2025 599 2095 καθαρότητος
626 2025 789 2089 ναοὺς
836 2027 1062 2089 ἑαυτοὺς
1090 2027 1168 2097 τῷ
1206 2027 1325 2097 Θεῷ
1369 2031 1810 2084 κατασκευάσαν-

215 2134 313 2179 τες
363 2118 462 2185 (ἓ),
514 2118 718 2171 ἔνοικον
763 2117 923 2170 αὑτὸν
959 2118 1250 2189 λάϐωμεν·
1290 2120 1384 2174 καὶ
1432 2123 1554 2183 ταῖς
1600 2123 1817 2175 ἀκτῖσιν

215 2207 389 2261 αὑτοῦ
425 2208 805 2277 φωτιζόμενοι,
850 2208 925 2271 ὡς
971 2210 1027 2260 ὲν
1059 2209 1240 2280 ἡμέρα
1268 2210 1623 2283 εὐσχημόνως
1657 2230 1817 2282 περι-

208 2300 576 2368 πατήσωμεν,
636 2298 1057 2368 προσδεχόμενοι
1126 2300 1225 2370 τὴν
1276 2303 1557 2372 μακαρίαν
1623 2302 1815 2357 ἐλπίδα

214 2390 315 2443 καί
340 2390 663 2457 ἐπιφάνειαν
691 2389 792 2458 τῆς
817 2391 977 2459 δόξης
1015 2390 1109 2442 τοῦ
1154 2392 1389 2460 μεγάλου
1418 2392 1552 2445 Θεοῦ
1585 2394 1678 2445 καὶ
1710 2395 1816 2446 Σω-

211 2481 388 2552 τῆρος
434 2481 591 2551 ἡμῶν
647 2480 822 2549 Ἰησοῦ
853 2482 1110 2553 Χριστοῦ,
1146 2484 1263 2552 μεθ’
1308 2480 1370 2538 οὗ
1400 2484 1477 2554 τῷ
1508 2487 1681 2556 Πατρί
1717 2486 1814 2539 σὺν

211 2574 295 2643 τῷ
344 2574 483 2641 ἁγίῳ
516 2573 796 2644 Πνεύματι
823 2574 948 2639 δόξα
982 2577 1075 2629 καὶ
1120 2577 1317 2647 κράτος
1348 2577 1427 2639 εἰς
1456 2577 1582 2639 τοὺς
1609 2576 1814 2639 αἰῶνας

212 2668 327 2720 τῶν
353 2665 586 2719 αἰώνων.
638 2667 829 2737 Ἀμήν.

288 2848 335 2879 ”
364 2847 521 2903 Rom.
552 2862 672 2916 xm,
697 2851 783 2905 15.
863 2852 878 2884 ¹
917 2852 1067 2907 Tit."
1106 2852 1236 2914 ,15.

290 3028 367 3098 (1)
410 3026 600 3090 Recte,
622 3026 682 3099 si
720 3035 1012 3099 utrumque
1048 3024 1213 3099 simul
1246 3026 1527 3099 epitheton
1565 3044 1802 3099 pronun-

211 3095 410 3162 tietur;
452 3097 658 3168 peperit
694 3098 835 3151 enim
877 3096 1040 3168 Maria
1086 3095 1363 3150 Christum
1413 3095 1578 3152 Deum
1615 3110 1669 3153 et
1711 3100 1802 3153 ho-

211 3167 653 3223 rnincm.'Secus
693 3177 903 3230 autem,
939 3167 983 3220 si
1025 3168 1227 3220 emis-Su
1260 3168 1557 3233 Θεοτόκος,
1594 3172 1805 3223 dicatur

213 3238 591 3292 tantummodo
612 3235 1048 3308 ἁνθρωποτόκος,
1071 3237 1125 3291 in
1151 3236 1530 3293 Nestorianam
1557 3240 1804 3309 blasphe-

211 3311 381 3365 miam
412 3309 650 3363 incidere
690 3321 910 3362 necesse.
938 3318 1041 3361 est.

1412 424 1498 475 Illi
1542 414 2064 474 IMJAHNA'I'IONE
2106 420 2362 473 υΟΜΙΝΙ.

215 547 319 601 θεν
349 554 376 602 ὀ
406 543 703 617 προπάτωρ
752 541 950 612 Ἀδάμ·
982 540 1074 595 καὶ
1104 538 1211 611 γὰρ
1248 536 1453 599 ἐκεῖνος
1481 535 1814 606 ἐπιθυμήσας

1932 549 2150 606 quoque
2226 534 2548 590 excidemus
2601 552 2615 589 :

3384 422 3527 482 “78

2669 538 2813 605 quod
2897 541 3215 607 progenitor
3281 541 3528 597 Adamus

1924 644 2124 697 passus
2153 637 2257 693 est,
2284 629 2374 697 qui
2407 631 2535 683 dum
2566 628 2711 684 Deus
2738 628 2853 684 ﬁeri
2895 631 3071 699 cupit,
3098 641 3155 683 ut
3184 630 3363 700 imago
3389 647 3527 702 quo-

1922 732 2029 789 que
2065 719 2156 774 Dei
2185 728 2331 774 esset
2366 719 2571 774 amisit.

1921 833 2141 889 XXXV.
2180 834 2336 901 Quod
2376 844 2577 901 oportet
2615 834 2715 889 Dei
2744 843 2789 888 et
2828 836 3058 890 hominis
3089 846 3313 893 matrem
3346 837 3528 893 dicere

2400 910 2673 977 (sanctam
2716 904 3036 978 Virginem.)

1995 1019 2140 1090 Ergo
2189 1018 2243 1073 iu
2295 1017 2569 1088 theologia
2622 1032 2785 1073 nemo
2836 1016 3230 1075 incredulitate
3287 1020 3521 1089 laboret,

1923 1124 2085 1164 nemo
2116 1109 2262 1164 circa
2288 1108 2685 1163 incarnationis
2717 1109 3043 1181 mysterium
3089 1110 3381 1180 claudicet,
3428 1116 3524 1170 sed

1923 1219 1985 1258 ex
2026 1202 2249 1272 Virgine
2278 1198 2466 1257 natum
2498 1202 2802 1267 Christum,
2834 1204 3002 1258 Deum
3044 1204 3209 1259 simul
3252 1214 3307 1261 et
3343 1208 3526 1263 horni-

1924 1312 2048 1351 nem
2103 1296 2447 1351 conﬁteatur.
2503 1296 2799 1365 Propterea
2831 1296 2977 1351 enim
3021 1307 3197 1353 mater
3239 1310 3295 1355 et
3346 1298 3441 1356 Dei
3468 1312 3527 1357 et

1925 1388 2167 1443 hominis
2226 1397 2414 1441 sancta
2454 1385 2618 1457 Virgo
2669 1404 2697 1441 a
2731 1399 2897 1442 recta:
2929 1388 3209 1459 religionis
3246 1393 3527 1460 magistris

1923 1479 2231 1547 appellatur
2262 1496 2274 1542 ;
2310 1478 2412 1531 hoc
2447 1476 2693 1547 quidem,
2746 1479 2876 1547 quia
2930 1480 3256 1535 naturaliter
3278 1498 3401 1536 eum
3428 1484 3523 1553 qui

1924 1573 1976 1626 in
2008 1574 2178 1625 forma
2218 1570 2364 1643 seryi
2400 1580 2517 1623 erat
2552 1570 2771 1639 genuit;
2805 1571 2936 1625 illud
2976 1582 3184 1637 autem,
3223 1575 3348 1642 quia
3378 1578 3525 1631 servi

1924 1662 2094 1717 forma
2156 1661 2390 1715 formam
2445 1663 2539 1716 Dei
2573 1664 2783 1716 uuitam
2838 1663 3023 1719 habet.
3058 1665 3237 1734 Atque
3287 1668 3358 1720 ita
3395 1683 3522 1723 eum

1925 1754 2233 1821 laudemus,
2276 1756 2368 1823 qui
2432 1769 2527 1822 per
2582 1755 2907 1825 theologiam
2951 1766 3005 1810 et
3056 1758 3522 1827 dispensationem

1925 1848 2249 1920 mysterium
2289 1848 2446 1903 nobis
2479 1847 2857 1903 absconditum
2896 1850 3175 1906 revelavit.
3222 1851 3360 1907 Tum
3392 1870 3523 1910 vero

1921 1944 2044 1995 vitae
2090 1942 2327 2010 puritate
2359 1942 2557 2011 templa
2614 1952 2829 1997 nosmet
2862 1943 2955 1998 Dei
2995 1944 3327 2010 efﬁcientes.
3361 1949 3524 2003 lialii-

1921 2043 2154 2088 tatorem
2200 2035 2449 2089 eumdem
2514 2037 2902 2091 nanciscamur
2933 2055 2946 2091 :
2978 2037 3207 2108 ejusdue
3258 2041 3521 2111 splendo-

1917 2129 2068 2183 ribus
2134 2128 2447 2196 illuminati,
2514 2131 2657 2185 sicut
2713 2133 2768 2187 in
2836 2132 2925 2188 die
2980 2135 3212 2190 honeste
3276 2138 3525 2191 ambule-

1918 2222 2134 2285 mus",
2197 2232 2588 2290 exspectantes
2646 2224 2866 2278 beatam
2914 2241 3064 2295 spem
3118 2238 3172 2281 et
3225 2230 3521 2283 adventum

1922 2312 2106 2379 gloriae
2158 2315 2335 2381 magni
2402 2314 2497 2367 Dei
2535 2324 2591 2369 et
2614 2315 2918 2372 Salvatoris
2947 2319 3121 2374 nostri
3179 2319 3306 2376 Jesu
3359 2321 3523 2376 Chri-

1920 2404 1988 2458 sti
2026 2405 2069 2467 ¹,
2102 2420 2224 2457 cum
2256 2420 2363 2473 quo
2392 2405 2536 2460 Patri
2592 2423 2809 2477 unaque
2839 2420 3032 2465 sancto
3074 2411 3303 2482 Spiritui
3345 2413 3523 2485 gloria

1919 2505 1974 2549 et
2000 2498 2239 2565 potentia
2280 2497 2333 2551 in
2369 2497 2565 2552 saecula
2610 2500 2961 2557 saeculorum.
3001 2505 3205 2559 Amen.

1983 3029 2061 3105 (2)
2104 3029 2194 3105 Sic
2234 3032 2395 3087 etiam
2433 3033 2725 3105 prtedictus
2764 3030 2985 3089 Nicetes
3024 3044 3315 3092 tractatum
3355 3054 3513 3094 suum

1912 3099 1990 3154 De
2020 3100 2222 3177 Spiritu
2255 3099 2445 3158 saneto
2470 3106 2777 3167 concludit,
2812 3120 2865 3171 p.
2893 3106 2997 3160 59.9
3032 3124 3044 3159 :
3077 3118 3122 3161 et
3156 3108 3398 3167 deinceps
3428 3129 3517 3177 pa-

1914 3188 2023 3249 cem
2060 3183 2107 3249 et
2143 3173 2478 3229 dilectionem
2515 3184 2813 3243 sectantes,
2850 3177 2998 3230 bonis
3035 3194 3240 3247 semper
3270 3173 3513 3249 operibus

1914 3242 2259 3311 abundemus,
2295 3258 2397 3301 etc-
2522 3258 2523 3261 “
