4088 6172
110 2138 115 2197 τ

238 166 3769 238 Ἢ

790 289 1348 354 MONACHORUM
1395 292 2094 356 BENEDICTINORUM
2139 296 2523 358 EPISTOLA
2566 297 3206 361 NUNCUPATORIA.

1452 448 2548 689 “samum

1084 777 2485 948 CLEMENTI
2654 777 2913 995 X,

1444 1027 2012 1116 PONTIFICI
2067 1028 2557 1120 MAXIMO.

310 1294 504 1358 Inter
541 1291 775 1357 omnia
804 1312 956 1379 qua
977 1292 1085 1357 tui
1106 1292 1551 1381 pontiﬁcatus
1579 1290 1936 1358 exordium
1968 1289 2532 1357 commendarunt
2560 1311 2724 1354 sane
2746 1288 3059 1377 plurima
3076 1295 3140 1352 et
3162 1287 3757 1375 prastantissima,

223 1386 615 1453 beatissime
652 1390 888 1471 Pater,
923 1387 1116 1455 illud
1136 1412 1282 1478 pra
1310 1390 1564 1456 cateris
1597 1389 1804 1456 laude
1844 1389 2326 1478 dignissimum
2356 1387 2550 1453 nobis
2577 1387 2873 1466 videtur,
2911 1386 3099 1474 quod
3132 1384 3617 1451 adulatoribus
3646 1405 3762 1450 va-

225 1483 364 1550 lere
384 1485 633 1573 jussis,
675 1485 855 1551 solos
893 1487 1136 1552 audire
1164 1487 1460 1553 volueris
1484 1489 1784 1577 antiqua
1813 1510 1892 1554 ac
1918 1496 2232 1577 spectata
2268 1486 2543 1552 virtutis
2589 1486 2795 1569 viros,
2837 1486 2959 1573 qui
3002 1482 3344 1549 liberrime
3387 1491 3756 1563 monerent,

108 1598 111 1629 ι
225 1591 290 1648 et
317 1584 462 1649 sine
487 1583 649 1671 fuco
680 1604 840 1649 vera
878 1584 1196 1650 dicerent.
1233 1587 1371 1652 Nec
1399 1584 1547 1651 alia
1578 1586 1853 1675 quidem
1885 1586 2148 1651 ratione
2176 1594 2453 1650 tuorum
2482 1583 2927 1650 consiliorum
2952 1582 3362 1672 participem
3390 1582 3616 1667 facere
3638 1603 3761 1670 po-

108 1700 109 1711 ‘
216 1681 566 1746 tissimum
596 1680 946 1747 decrevisti
973 1684 1485 1749 sanctissimum
1516 1682 1831 1750 abbatem
1867 1682 2492 1763 Claravallensem,
2522 1690 2811 1772 propter
2850 1702 3195 1746 summam
3230 1678 3577 1767 loquendi,
3614 1700 3759 1744 mo-

220 1777 455 1855 nendi,
490 1779 697 1844 etiam
728 1779 1064 1868 arguendi
1096 1779 1477 1847 libertatem
1509 1781 1636 1847 tibi
1660 1782 2136 1870 gratissimum
2164 1804 2185 1846 :
2218 1780 2421 1869 cujus
2450 1780 2701 1845 idcirco
2736 1778 2946 1845 libros
2975 1778 3056 1843 de
3091 1777 3641 1846 Consideratione
3670 1775 3767 1842 ad

222 1876 625 1965 Eugenium
656 1899 918 1965 papam
954 1877 1260 1944 liberiori
1285 1880 1571 1969 scriptos
1600 1880 1895 1960 calamo,
1935 1881 2215 1945 scorsim
2255 1880 2437 1967 typis
2475 1879 2723 1944 iterum
2761 1876 3101 1963 subjicere
3130 1875 3325 1942 nobis
3342 1876 3649 1963 jussisti,
3685 1882 3763 1939 ut

215 1996 349 2065 pro
381 1974 761 2041 enchiridio
794 1974 920 2041 tibi
949 1985 1187 2052 essent,
1233 1999 1311 2044 ac
1337 1978 1552 2067 facile
1582 1988 1853 2068 possent
1890 1978 2344 2067 circumferri,
2379 2000 2497 2044 nec
2527 2000 2570 2043 a
2602 1984 2719 2043 tuo
2761 1998 3069 2066 unquam
3108 1974 3567 2041 avellerentur
3592 1995 3758 2042 con—

112 2102 115 2162 ;
220 2081 485 2162 spectu.

316 2172 550 2253 Quam
580 2180 852 2260 accepta
879 2172 1098 2258 fuerit
1126 2173 1499 2240 Sanctitati
1538 2185 1696 2255 tua,
1745 2197 1921 2241 nova
1950 2174 2090 2241 hac
2146 2174 2354 2241 editio
2386 2175 2519 2265 ipsi
2566 2183 2992 2263 nuncupata,
3034 2172 3427 2262 significare
3468 2172 3759 2261 dignata

222 2278 320 2333 est
347 2268 498 2333 suis
520 2268 897 2357 pontificiis
938 2269 1183 2336 litteris
1208 2270 1303 2337 ad
1318 2273 1762 2361 prapositum
1791 2282 2101 2339 nostrum
2129 2272 2515 2362 generalem
2548 2272 2619 2359 (8
2646 2272 2890 2339 Martii
2931 2271 3165 2360 1701),
3200 2292 3348 2360 qua
3378 2268 3473 2335 ad
3500 2268 3758 2335 auden—

222 2365 313 2431 da
354 2364 639 2451 majora
668 2365 859 2432 nobis
888 2368 1155 2434 animos
1196 2368 1523 2436 addidere
1549 2394 1575 2447 ,'
1607 2372 1985 2460 prasertim
2024 2393 2178 2437 cum
2218 2394 2302 2437 ex
2348 2371 2536 2460 ipsis,
2574 2379 2637 2434 et
2682 2392 2766 2435 ex
2820 2370 2980 2437 aliis
3012 2369 3107 2434 ad
3144 2368 3454 2434 eumdem
3490 2367 3761 2456 scriptis

224 2466 297 2549 (6
322 2464 531 2531 Junii
564 2464 775 2551 1702)
816 2465 1379 2555 intelligeremus,
1429 2478 1739 2534 nostrum
1779 2472 1850 2534 in
1879 2469 2294 2535 recensendis
2319 2477 2711 2534 sanctorum
2750 2466 3071 2533 Ecclesia
3124 2469 3415 2533 Patrum
3445 2464 3761 2554 operibus

224 2563 649 2642 institutum,
698 2584 740 2627 a
771 2563 1209 2629 Beatitudine
1248 2577 1367 2631 tua
1408 2567 1624 2654 (quod
1650 2568 1951 2632 maxime
1984 2569 2053 2633 in
2091 2568 2264 2632 votis
2294 2569 2463 2653 erat)
2506 2566 2789 2632 laudari
2817 2574 2881 2630 et
2919 2563 3315 2652 approbari.
3352 2561 3538 2645 Quid
3578 2562 3759 2627 enim

228 2660 590 2746 efﬁcacius
619 2658 717 2724 ad
746 2658 1068 2726 levandos
1103 2661 1367 2729 labores
1394 2673 1682 2743 nostros,
1719 2666 1841 2730 etsi
1870 2664 2151 2744 arduos,
2186 2665 2259 2730 in
2290 2672 2431 2729 tam
2463 2662 2750 2751 difﬁcili
2795 2683 3005 2752 quam
3035 2662 3336 2751 cepimus
3366 2658 3759 2749 reipublica

231 2759 591 2824 litteraria
617 2759 976 2847 provincia
1003 2757 1043 2824 ?

307 2856 557 2944 Itaque
584 2876 739 2921 cum
771 2865 931 2922 tunc
950 2857 1148 2945 prelo
1177 2857 1517 2945 subjicere
1542 2861 1944 2950 cepissemus
1969 2861 2190 2926 sancti
2243 2860 2558 2949 Gregorii
2590 2859 2837 2948 Magni
2875 2879 3081 2948 opera
3111 2858 3343 2923 omnia
3365 2878 3492 2948 per
3516 2878 3759 2922 sexen-

228 2954 427 3019 nium
454 2952 551 3017 ad
579 2954 1078 3042 manuscriptos
1112 2955 1383 3022 Codices
1409 2959 1759 3041 recensita,
1788 2958 2171 3040 emendata,
2207 2968 2410 3024 aucta
2442 2967 2504 3023 et
2526 2957 2885 3023 illustrata
2905 2956 3106 3037 notis,
3141 2975 3393 3021 novum
3419 2954 3601 3020 hunc
3617 2963 3761 3019 stu-

226 3051 506 3116 diorum
558 3059 944 3116 nostrorum
990 3053 1210 3140 fetum
1264 3063 1381 3120 tuo
1408 3077 1600 3121 sacro
1657 3058 1922 3123 nomini
1949 3055 2488 3146 nuncupandum
2536 3057 2772 3121 statim
2792 3053 3294 3140 judicavimus.
3339 3054 3571 3141 Neque
3608 3073 3759 3117 vero

223 3147 655 3226 dubitamus,
689 3150 1109 3216 sanctissime
1139 3153 1372 3233 Pater,
1406 3154 1574 3240 quin
1607 3163 1756 3229 ate,
1795 3163 1870 3220 ut
1894 3177 2028 3243 par
2058 3164 2177 3230 est,
2222 3154 2610 3241 excipiatur
2658 3151 3027 3240 Gregorius
3055 3160 3303 3227 noster,
3340 3151 3475 3215 imo
3519 3148 3761 3214 multi-

220 3248 401 3336 plici
417 3246 588 3334 jure
627 3256 810 3312 tuus.
840 3248 919 3313 Si
948 3249 1126 3314 enim
1166 3249 1479 3316 omnibus
1508 3251 1812 3317 consiliis
1841 3253 1980 3318 tuis
2010 3254 2321 3318 interesse
2360 3251 2641 3317 voluisti
2680 3248 3139 3325 Bernardum,
3184 3247 3435 3337 dignus
3476 3256 3572 3312 est
3598 3268 3762 3312 sane

231 3345 609 3432 Gregorius
635 3345 758 3433 qui
780 3348 1037 3433 prasit.
1070 3347 1385 3414 Assideat
1413 3348 1685 3415 clavum
1715 3351 1911 3415 navis
1938 3351 2133 3417 Petri
2172 3351 2445 3425 tenenti,
2482 3350 2602 3438 qui
2630 3347 2936 3414 eamdem
2968 3356 3064 3412 tot
3104 3346 3328 3423 annis,
3365 3353 3559 3411 tanta
3584 3366 3761 3433 pru-

228 3442 490 3517 dentia,
523 3444 967 3529 gravissimas
995 3444 1171 3510 inter
1190 3445 1536 3534 procellas
1560 3446 1991 3535 gubernavit,
2028 3447 2609 3536 difﬁcillimisque
2633 3444 3073 3534 temporibus,
3105 3443 3229 3509 hoc
3256 3452 3352 3510 est
3380 3440 3763 3509 miserabili

230 3540 427 3629 quod
463 3542 733 3628 agimus
760 3563 900 3607 avo
960 3541 1368 3609 simillimis.
1424 3544 1692 3610 [labeat
1718 3568 1980 3635 semper
2018 3544 2098 3610 ob
2157 3544 2394 3610 oculos
2435 3552 2799 3632 pastorum
2839 3543 3160 3630 princeps
3201 3539 3459 3606 librum
3502 3537 3762 3627 regula

116 3644 123 3733 ξ
221 3637 612 3728 pastoralis
643 3638 854 3724 plane
881 3661 1194 3716 aureum,
1230 3664 1429 3729 quem
1468 3642 1785 3709 omnibus
1824 3644 1991 3708 olim
2022 3644 2351 3733 episcopis
2392 3644 2461 3707 in
2493 3641 2923 3706 ordinatione
2953 3640 3195 3705 datum
3226 3648 3288 3705 et
3326 3635 3757 3705 commenda~

222 3746 389 3801 tum
423 3733 728 3821 legimus.
764 3738 833 3803 E
853 3758 1171 3825 supremo
1208 3738 1523 3805 Ecclesia
1554 3740 1793 3806 throno
1823 3742 2070 3805 iterum
2096 3742 2387 3828 puriora
2416 3738 2674 3825 fundat
2705 3737 2988 3803 oracula
3021 3736 3255 3802 doctor
3284 3745 3383 3804 ter
3414 3734 3761 3801 maximus

220 3832 595 3921 dignitate,
637 3834 1040 3911 eruditione,
1074 3838 1458 3915 sanctitate,
1501 3836 1706 3925 cujus
1745 3839 1817 3903 in
1858 3838 2079 3903 medio
2128 3837 2454 3903 Ecclesia
2501 3839 2841 3902 Dominus
2870 3859 2941 3901 os
2989 3837 3285 3924 aperuit,
3320 3843 3383 3899 et
3411 3856 3611 3922 quem
3652 3855 3762 3898 re-

118 3968 121 3975 ε
218 3931 443 4021 plevit
471 3931 723 4020 spiritu
750 3933 1103 4021 sapientia
1142 3944 1203 3999 et
1234 3935 1640 4002 intellectus.
1684 3937 2117 4023 Agnoscatur
2146 3934 2437 4023 denique
2468 3934 2807 4000 redivivus
2865 3934 2936 3998 in
2983 3932 3326 4000 Clemente
3359 3931 3753 4019 Gregorius.

313 4029 441 4095 Ila
468 4031 612 4115 fere
638 4040 799 4095 sunt
828 4030 1148 4107 rationes,
1186 4030 1564 4098 beatissime
1606 4036 1835 4115 Pater,
1880 4057 2030 4123 qua
2066 4056 2187 4099 nos
2215 4032 2638 4122 impulerunt
2679 4041 2752 4097 ut
2784 4030 2879 4097 ad
2905 4040 3028 4097 tua
3061 4028 3415 4119 provoluti
3442 4029 3755 4116 vestigia,

118 4168 121 4183 ‹
222 4126 639 4215 Gregorium
672 4130 1007 4215 Magnum
1039 4150 1261 4195 recens
1292 4153 1333 4196 a
1363 4130 1557 4196 nobis
1579 4134 1649 4196 in
1682 4132 1901 4197 lucem
1931 4132 2190 4197 editum
2223 4132 2595 4198 Sanctitati
2625 4139 2758 4196 tua
2789 4130 3031 4217 oﬂ'erre
3058 4126 3487 4202 auderemus,
3522 4147 3761 4214 quam-

120 4278 123 4301 ,
220 4225 322 4290 vis
355 4223 519 4289 alia
539 4224 777 4291 multa
806 4226 1080 4313 quidem
1107 4250 1481 4316 gravesque
1507 4238 1893 4317 suppetant.
1931 4226 2025 4294 Et
2052 4251 2215 4293 sane
2236 4251 2368 4293 non
2392 4228 2555 4294 aliis
2585 4248 2794 4317 quam
2816 4226 3195 4316 pontiﬁciis
3224 4224 3551 4313 auspiciis
3582 4223 3762 4289 dece-

224 4321 343 4388 bat
377 4342 656 4386 rursum
687 4322 867 4387 diem
906 4324 1202 4410 aspicere
1226 4326 1617 4413 pontificem
1652 4325 1858 4391 illum
1890 4336 1987 4392 tot
2009 4326 2235 4392 titulis
2267 4326 2680 4392 maximum.
2720 4326 3147 4412 Gregoriana
3177 4344 3382 4409 opera
3420 4322 3761 4389 Vaticanis

222 4420 415 4509 typis
454 4441 703 4485 excusa
722 4420 885 4508 jam
916 4422 1113 4489 Sixto
1160 4423 1214 4488 V
1244 4434 1644 4512 nuncupata
1673 4427 1888 4512 fuere.
1925 4425 2139 4491 Notas
2169 4434 2231 4490 et
2254 4422 2750 4490 observationes
2778 4444 2952 4511 quas
2990 4422 3061 4486 in
3097 4422 3557 4508 Gregorianas
3586 4420 3759 4508 epis-

222 4518 413 4584 tolas
441 4516 869 4584 elucubravit
898 4520 1239 4586 Antonius
1286 4521 1608 4587 Dadinus
1654 4521 2000 4588 Alteserra
2034 4522 2370 4589 Clementi
2417 4520 2525 4587 IX
2564 4519 2841 4586 dicavit.
2892 4518 3079 4600 Quid
3120 4526 3474 4606 supererat
3512 4518 3649 4583 nisi
3686 4525 3762 4582 ut

220 4615 627 4683 Editionem
656 4614 831 4681 hanc
862 4618 1329 4683 universorum
1362 4621 1582 4683 sancti
1615 4620 1929 4708 Gregorii
1953 4640 2233 4708 operum
2272 4619 2739 4694 novissimam,
2774 4617 3081 4683 omnium
3113 4637 3262 4704 qua
3276 4625 3761 4704 praeesserunt

224 4710 873 4801 locupletissimam,
908 4723 969 4779 et
998 4725 1335 4803 quantum
1370 4716 1569 4782 licuit
1600 4715 2208 4799 absolutissimam,
2247 4715 2578 4784 Clementi
2604 4716 2730 4793 XI,
2765 4735 3306 4781 consecraremus
3341 4710 3382 4779 ?
3408 4712 3637 4801 Igitur
3666 4710 3764 4777 ad

130 4816 132 4841 ⁵
219 4818 543 4879 sanctam
596 4810 846 4888 sedem,
910 4811 1089 4878 unde
1145 4814 1455 4879 exierunt
1494 4815 1631 4881 hac
1677 4816 1971 4881 scientia
2008 4824 2069 4880 et
2115 4815 2469 4905 sapientia
2505 4814 2831 4902 flumina,
2886 4820 3333 4893 revertantur,
3382 4820 3455 4877 ut
3511 4811 3759 4876 iterum

219 4910 492 4997 fluant,
535 4915 597 4973 et
630 4909 700 4973 in
739 4912 1131 4976 universum
1164 4910 1391 4977 orbem
1427 4913 1893 4980 Christianum
1926 4913 2437 5002 diﬂ'undantur.

314 5008 421 5073 Et
459 5004 733 5093 quidem
766 5006 923 5072 inde
950 5006 1144 5073 nobis
1172 5009 1445 5097 affulsit
1477 5011 1841 5076 consilium
1862 5011 2309 5100 aggrediendi
2332 5013 2512 5078 tanti
2540 5011 2784 5100 operis,
2820 5019 2882 5076 et
2913 5008 3261 5076 auxilium
3294 5006 3390 5072 ad
3408 5004 3760 5096 perﬁcien-

224 5103 430 5171 dum.
470 5104 646 5171 Cum
675 5106 854 5170 enim
882 5107 1104 5171 sancti
1131 5106 1349 5194 hujus
1379 5108 1672 5174 doctoris
1702 5110 1915 5174 vitam
1947 5109 2448 5198 vulgassemus,
2481 5132 2765 5199 eamque
2792 5108 3018 5196 felicis
3038 5106 3526 5173 recordationis
3556 5105 3760 5171 Inno-

224 5204 449 5269 centio
492 5202 641 5267 XII
668 5204 1140 5289 gratissimam
1168 5205 1387 5292 fuisse
1422 5228 1543 5271 nos
1573 5206 1905 5272 docuisset
1939 5206 2184 5273 litteris
2226 5209 2369 5275 suis
2399 5208 2969 5274 eminentissimus
2999 5204 3377 5271 cardinalis
3407 5203 3645 5292 Spada
3687 5202 3761 5292 (8

230 5298 506 5386 Aprilis
548 5299 780 5386 1698),
814 5309 876 5366 et
903 5300 998 5366 ad
1032 5299 1311 5389 majora
1352 5304 1702 5382 tentanda,
1740 5306 2085 5393 impertita
2116 5307 2387 5372 nomine
2401 5306 2655 5372 summi
2678 5304 3027 5394 pontiﬁcis
3055 5303 3433 5393 apostolica
3460 5300 3760 5368 benedic-

227 5398 438 5473 tione,
469 5409 941 5487 provocasset:
982 5402 1218 5465 statim
1251 5401 1333 5466 de
1372 5401 1607 5467 divina
1639 5425 1762 5491 ope
1798 5405 2001 5491 quasi
2028 5406 2214 5480 certi,
2268 5404 2365 5470 ad
2402 5402 2831 5493 publicanda
2874 5425 3139 5492 quoque
3168 5402 3357 5468 novis
3386 5400 3591 5481 curis,
3633 5423 3760 5467 no-

224 5497 470 5587 visque
500 5496 683 5586 typis
717 5496 1031 5587 Gregorii
1058 5500 1306 5588 Magni
1334 5522 1537 5591 opera
1567 5523 1687 5566 nos
1717 5502 2161 5570 accinximus.
2211 5502 2412 5586 Quod
2440 5503 2657 5591 igitur
2690 5509 2978 5592 captum
3026 5510 3122 5568 est
3152 5501 3425 5590 auspice
3461 5507 3760 5565 anteces-

560 5612 834 5677 Puaon.
882 5614 1113 5683 LXXV.
3398 5618 3428 5679 1

185 5806 402 5981 ηξδΧ
