4088 6172
307 210 384 272 u
404 240 409 243 ς
1525 201 1909 267 EPISTOLA
1950 201 2605 272 NUNCUPATORIA.
3746 227 3828 288 12

296 366 446 412 sore
475 353 617 423 tuo,
652 364 831 411 nunc
860 340 1280 423 absolutum,
1316 338 1575 429 tibique
1610 359 1882 407 summa
1912 360 2066 406 cum
2098 341 2317 408 animi
2353 342 2757 413 demissione
2795 347 3105 416 oblatum
3132 351 3430 441 accipere
3464 376 3601 421 non
3630 356 3821 423 dedi-

295 454 546 535 gnetur
580 444 929 512 Sanctitas
960 449 1105 507 tua.
1138 440 1295 506 Etsi
1325 461 1478 505 vero
1501 459 1647 527 prae
1680 447 1884 504 tantae
1923 439 2348 507 celsitudinis
2376 444 2752 529 formidine
2780 447 2877 511 ad
2902 448 3224 516 thronum
3256 439 3452 518 tuum
3485 454 3792 522 accedere

296 510 415 535 an-
595 510 618 512 _
1501 510 1519 527 ,
2376 510 2391 529 ,
2726 510 2739 511 ί
3485 510 3787 522 mw"-.-

296 567 377 611 ac
404 543 665 610 editum
696 565 739 608 a
770 539 966 609 nobis
1001 540 1409 627 Gregorium
1441 539 1780 644 Magnum
1812 538 2052 625 offerre
2082 539 2579 628 trepidaremus
2601 568 2626 620 ;
2667 544 2789 610 ille
2816 548 3065 613 nostris
3105 571 3138 613 e
3194 550 3513 617 manibus
3544 510 3820 644 elapsus

294 642 368 707 in
403 644 635 709 sinum
664 652 863 707 tuum
905 638 1088 705 ultro
1122 636 1480 718 involaret,
1511 633 1737 701 sedem
1767 636 2079 702 videlicet
2105 636 2240 703 sibi
2269 648 2503 706 notam
2533 650 2596 706 et
2625 643 2919 711 amicam
2950 646 3188 735 hOspes
3214 633 3818 735 familiarissimus

293 748 357 807 et
393 740 858 807 charissimus.

375 841 700 907 Attamen
741 858 955 904 unum
995 844 1116 917 est,
1159 834 1349 924 quod
1383 856 1466 899 ne
1495 832 1623 899 tibi
1680 833 1909 899 minus
1956 832 2232 922 placeat
2262 836 2334 901 in
2379 838 2704 927 Gregorio
2751 842 3008 930 Magno
3041 842 3433 932 plurimum
3478 868 3809 925 veremur,

293 936 674 1006 beatissime
706 939 936 1004 Pater.
971 935 1261 1023 Diligis,
1297 940 1369 998 ut
1424 931 1755 1012 diximus,
1798 933 1919 1020 qui
1948 942 2291 1016 moneant,
2339 944 2400 1001 et
2442 936 2807 1005 laudantes
2844 931 3075 1009 odisti.
3132 942 3216 1007 Te
3245 942 3699 1012 nihilominus
3729 947 3814 1013 ab

288 1038 673 1126 aequissimo
691 1033 1022 1126 pontifice
1056 1031 1422 1098 laudatum
1455 1030 1546 1095 iri
1582 1052 1665 1127 ne
1703 1028 1996 1111 dubites,
2045 1032 2168 1119 qui
2196 1034 2485 1119 optimos
2532 1037 2873 1126 episcopos
2903 1038 3000 1127 (a)
3048 1038 3375 1106 laudibus
3427 1042 3521 1107 ad
3566 1044 3814 1110 caelum

286 1132 527 1200 tollere
555 1132 918 1201 consuevit.
943 1129 1097 1198 Ah!
1126 1126 1866 1231 qua-nta_exsul_tatione
1891 1126 2016 1193 tibi
2042 1131 2466 1231 gratulatur,
2504 1153 2701 1220 quem
2708 1133 2931 1221 juxta
2954 1137 3437 1226 promulgatas
3468 1163 3509 1205 a
3537 1162 3605 1206 se
3636 1140 3814 1231 leges

288 1234 362 1299 in
396 1231 572 1300 libro
603 1230 886 1321 Regulae
918 1226 1304 1296 Pastoralis
1345 1225 1537 1315 (Reg.
1577 1228 1773 1293 Past.
1824 1226 1897 1292 in
1926 1227 2232 1315 exordio)
2283 1228 2379 1294 ad
2411 1232 2632 1297 sancti
2678 1234 2869 1300 Petri
2914 1225 3307 1302 cathedram
3356 1225 3812 1317 vocatumfex

288 1329 682 1398 earumdem
716 1328 1110 1419 prxscripto
1142 1326 1380 1401 vivere,
1417 1323 1673 1407 docere,
1718 1346 1968 1411 regere,
2000 1325 2181 1392 hisce
2210 1326 2694 1415 perditissimis
2725 1333 3172 1421 temporibus;
3203 1357 3321 1401 nec
3351 1337 3578 1403 minus
3610 1338 3813 1425 infir-

289 1429 597 1496 mitatem
624 1448 825 1495 suam
864 1423 1170 1515 quotidie
1208 1444 1589 1511 agnoscere,
1628 1444 1797 1510 pene
1827 1422 2376 1490 admirabundus
2405 1429 2726 1516 conspicit
2747 1433 2777 1494 ,Ι
2810 1430 3033 1512 Quam
3068 1432 3262 1498 lxtus
3291 1422 3707 1502 delineatam
3739 1437 3811 1502 in

284 1527 429 1594 suis
467 1536 589 1594 aut
615 1526 890 1616 scriptis
920 1532 1043 1590 aut
1068 1522 1275 1612 gestis
1313 1521 1553 1587 eximii
1579 1521 1894 1587 Pastoris
1924 1521 2321 1611 imaginem,
2365 1524 2437 1589 in
2466 1532 2530 1589 te
2554 1526 2851 1612 feliciter
2889 1551 3276 1619 expressam
3316 1534 3622 1615 agnoscit
3643 1537 3671 1597 .’

371 1627 533 1693 Haec
559 1645 771 1715 quam
811 1623 1063 1689 invitus
1093 1618 1344 1687 audias
1373 1641 1495 1684 nos
1523 1640 1657 1684 non
1690 1618 1882 1696 latet,
1914 1621 2127 1687 Pater
2153 1622 2595 1707 sanctissime,
2631 1647 2783 1690 cum
2824 1618 3194 1693 nonsemel
3232 1637 3306 1693 ut
3337 1652 3380 1693 a
3410 1630 3547 1695 tuis
3580 1630 3809 1697 laudi-

285 1722 408 1790 bus
440 1732 989 1814 temperaremus,
1026 1717 1490 1808 imperaveris.
1532 1719 1621 1784 At
1646 1727 1923 1817 patere
1950 1725 2025 1784 ut
2065 1721 2479 1807 posteritati,
2526 1730 2601 1787 ut
2626 1724 2995 1793 xternitati
3022 1726 3565 1793 commendemus
3597 1728 3811 1817 (quod

280 1822 627 1905 Ecclesiae,
663 1820 852 1912 quod
875 1840 1013 1887 aevo
1044 1827 1274 1883 nostro
1313 1824 1485 1883 certe
1507 1815 2114 1906 perhonoriﬁcum)
2162 1828 2425 1906 quanta
2472 1818 2599 1885 tibi
2636 1842 2789 1887 cum
2833 1824 3188 1912 Gregorio,
3220 1815 3652 1913 pontificumv
3665 1828 3809 1914 fere

281 1922 594 1989 omnium
622 1922 743 2010 qui
765 1926 920 2010 post
958 1920 1245 1985 Petrum
1273 1916 1662 1983 Romanam
1692 1914 2085 1982 cathedram
2118 1915 2581 1995 obtinuerunt,
2642 1921 2974 2004 maximo,
3007 1923 3390 1990 similitudo
3423 1924 3513 1989 sit
3543 1934 3604 1989 et
3642 1946 3805 1990 con-

281 2020 645 2087 venientia.

370 2121 648 2187 Etenim
676 2118 738 2185 si
764 2116 1034 2184 natales
1063 2112 1504 2193 attendimus,
1537 2135 1751 2204 genus
1783 2115 2056 2204 utrique
2079 2116 2455 2205 patricium
2477 2127 2601 2183 aut
2627 2120 3047 2185 senatorium
3080 2144 3104 2197 ;
3128 2129 3441 2209 parentes
3472 2121 3804 2209 religione

281 2221 508 2309 magis
539 2240 751 2309 quam
779 2216 1141 2284 nobilitate
1179 2213 1550 2302 conspicui.
1580 2213 1661 2281 Si
1688 2212 1923 2280 studia
1952 2224 2375 2303 quaerantur,
2413 2219 2785 2304 Gregorius
2814 2227 3038 2283 noster
3070 2244 3104 2280 «
3138 2218 3522 2307 disciplinis
3567 2218 3811 2287 libera-

284 2316 489 2399 libus,
530 2314 1015 2407 grammatica,
1059 2312 1420 2395 rhetorica,
1456 2310 1840 2389 dialectica,
1875 2335 1916 2377 a
1940 2314 2245 2401 pueritia
2277 2315 2375 2379 ita
2407 2323 2502 2381 est
2543 2316 2923 2395 institutus,
2969 2326 3044 2382 ut
3091 2316 3279 2383 nulli
3310 2318 3381 2382 in
3427 2316 3601 2384 Urbe
3655 2318 3807 2394 hac,

285 2416 439 2482 licet
465 2416 787 2504 ﬂorerent
816 2413 925 2479 hic
951 2411 1185 2478 studia
1217 2411 1633 2488 litterarum,
1660 2419 2026 2500 putaretur
2051 2412 2385 2479 secundus
2418 2413 2717 2501 (Paulus
2736 2416 2995 2499 Diac.).
3029 2440 3058 2479 ι)
3109 2417 3193 2481 Te
3221 2436 3401 2497 vero,
3438 2415 3815 2482 beatissime

282 2517 521 2599 Pater,
558 2536 600 2580 a
623 2513 860 2603 prima
897 2519 1095 2577 aetate
1127 2510 1371 2576 litteris
1401 2507 1924 2575 humanioribus
1970 2512 2239 2576 Latinis
2285 2521 2345 2576 et
2395 2513 2642 2580 Graecis
2672 2514 3024 2580 excultum
3056 2516 3276 2581 Roma
3306 2515 3609 2602 suspexit
3643 2537 3809 2581 non-

290 2613 458 2680 dum
500 2611 857 2678 duodecim
889 2630 1103 2675 annos
1134 2616 1404 2689 natum,
1437 2629 1514 2672 ac
1546 2606 1626 2671 de
1660 2608 1909 2694 futura
1939 2608 2320 2674 eruditione
2358 2610 2429 2675 in
2461 2611 2649 2675 omni
2699 2611 3233 2696 disciplinarum
3275 2621 3336 2677 et
3373 2613 3811 2678 scientiarum

294 2712 597 2778 maxime
622 2729 981 2777 sacrarum
1001 2729 1241 2796 genere
1270 2706 1647 2795 augurium
1666 2707 1982 2795 sumpsit.
2029 2706 2254 2793 Cujus
2270 2707 2546 2796 quidem
2573 2710 2907 2797 specimen
2933 2712 3220 2797 fuerunt
3247 2710 3601 2775 nonnulla;-
3626 2733 3819 2777 sanc-

287 2819 515 2879 torum
547 2811 843 2876 Patrum
873 2805 1201 2887 homilix,
1236 2803 1330 2889 (b)
1360 2802 1958 2892 Menologiumque
1994 2814 2225 2869 vetus:
2260 2828 2409 2893 qua:
2456 2828 2610 2872 cum
2650 2831 2683 2873 e
2719 2810 2945 2875 Graeco
2978 2809 3044 2873 in
3074 2808 3402 2873 Latinum
3443 2810 3813 2874 convertis-

287 2931 413 2988 ses,
450 2908 599 2974 luce
628 2905 1061 2995 dignissima,
1099 2903 1510 2969 severiorum
1550 2902 1759 2966 etiam
1788 2924 2138 2968 censorum
2166 2906 2620 2971 aestimatione
2636 2904 2967 2992 judicata
2991 2914 3173 2971 sunt.
3210 2904 3470 2971 Dehinc
3504 2905 3811 2971 sodalem

290 3016 355 3074 te
382 3004 628 3074 habere
656 3003 1043 3071 ambierunt
1074 3001 1158 3090 (c)
1190 2998 1475 3067 celebres
1514 2999 1905 3078 academiee,
1940 3011 2002 3067 et
2024 3002 2325 3068 virorum
2356 3004 2782 3071 eruditorum
2812 3015 3039 3071 coetus.

387 3104 757 3194 Gregorius
810 3127 840 3165 α
868 3102 939 3167 in
969 3101 1167 3167 annis
1194 3098 1665 3166 adolescentix
1702 3101 1836 3165 Deo
1867 3100 2063 3187 coepit
2102 3100 2380 3168 devotus
2419 3103 2725 3182 existere,
2778 3113 2839 3169 et
2868 3102 2963 3169 ad
2986 3124 3293 3191 supernx
3322 3103 3477 3171 vitae
3502 3104 3809 3192 patriam

294 3204 453 3271 totis
503 3201 857 3268 desideriis
913 3197 1237 3265 anhelare
1281 3196 1581 3285 (Paulus
1626 3196 1881 3285 Diac.).
1930 3222 1965 3262 ι
2021 3199 2117 3265 Tu
2151 3198 2416 3266 lubrica
2465 3202 2671 3267 etiam
2704 3202 2775 3266 in
2814 3211 3037 3280 aetate,
3071 3210 3311 3267 contra
3344 3202 3515 3268 vitia
3541 3223 3812 3268 summa

292 3324 561 3370 morum
593 3300 977 3367 innocentia
1015 3296 1348 3378 vallatus,
1384 3296 1634 3361 divinis
1673 3294 1870 3362 rebus
1900 3304 2117 3363 totum
2150 3308 2210 3363 te
2237 3300 2472 3363 statim
2514 3299 2873 3366 addixisti.

384 3402 789 3490 Gregorium
804 3406 1185 3488 praeturam
1205 3396 1438 3462 Romx
1463 3394 1744 3482 gessisse
1767 3394 2096 3483 legimus;
2121 3418 2254 3485 quo
2284 3398 2353 3463 in
2384 3419 2658 3464 munere
2687 3399 2961 3487 egregia
2989 3398 3397 3486 prudentiae,
3424 3397 3814 3488 probitatis,

287 3498 728 3590 integritatis,
763 3505 1067 3587 paternae
1099 3495 1168 3560 in
1208 3491 1504 3583 populos
1536 3492 1916 3570 charitatis,
1970 3493 2410 3583 aliarumque
2455 3498 2789 3562 virtutum
2832 3497 3146 3585 exempla
3170 3499 3423 3563 caeteris
3452 3495 3815 3583 judicibus

277 3597 604 3691 praebuit.
642 3598 726 3664 Te
762 3615 1030 3685 quoque
1060 3600 1447 3691 praetorem
1475 3598 1538 3657 et
1556 3591 1964 3691 praefectum
2013 3603 2404 3691 meruerunt
2450 3593 2697 3660 habere
2768 3594 2940 3662 Urbs
2970 3605 3180 3677 vetus,
3224 3596 3456 3671 Reate,
3522 3594 3815 3669 Sabini;

286 3689 406 3765 nec
433 3696 576 3764 alio
605 3697 748 3783 fere
774 3713 987 3783 quam
1045 3689 1497 3757 laudatarum
1558 3689 1892 3755 virtutum
1963 3690 2295 3759 satellitio
2326 3694 2646 3775 cinctum,
2668 3692 2834 3783 plus
2878 3716 3113 3761 amare
3168 3693 3554 3760 didicerunt
3604 3712 3811 3781 quam

284 3795 693 3886 formidare.

380 3892 750 3983 Gregorius
789 3890 885 3956 ad
917 3910 1190 3956 sacrum
1234 3886 1689 3954 ministerium
1729 3898 2144 3977 assumptus,
2197 3890 2487 3978 Pelagio
2534 3892 2615 3957 II
2651 3892 2720 3955 in
2757 3888 3128 3955 scribendis
3175 3888 3484 3975 epistolis
3522 3887 3815 3974 adjutor

284 3994 427 4083 fuit
456 3990 757 4079 (Paulus
794 3988 1027 4066 Diac.,
1074 3984 1195 4053 lib.
1240 4007 1315 4052 ιιι
1345 3984 1428 4051 de
1462 3987 1642 4053 Gest.
1676 3986 1983 4075 Langob.
2027 4010 2083 4054 c.
2126 3990 2274 4073 20).
2336 3990 2430 4052 Tu
2479 4009 2629 4052 vero
2685 3995 2840 4076 post
2883 3985 3400 4083 eminentissimi
3429 3985 3811 4052 cardinalis

284 4081 507 4162 Slusii
533 4088 819 4171 obitum,
853 4085 940 4153 ab
981 4085 1369 4152 Innocentio
1409 4084 1535 4161 XI,
1580 4083 2045 4171 applaudente
2078 4106 2270 4149 sacro
2300 4094 2567 4166 senatu,
2601 4094 2663 4150 et
2704 4109 2746 4151 a
2776 4081 3040 4149 duobus
3079 4082 3245 4148 aliis
3284 4083 3407 4172 qui
3438 4092 3499 4148 te
3521 4103 3814 4169 praeces-

284 4199 515 4257 serunt
560 4186 847 4253 summis
868 4181 1335 4275 pontificibus,
1366 4203 1512 4271 prx
1551 4181 1804 4247 exteris
1833 4190 1980 4246 tum
2012 4182 2327 4270 prxlatis
2357 4192 2505 4248 tum
2536 4184 2741 4249 etiam
2780 4179 3256 4248 cardinalibus
3287 4180 3383 4246 ad
3412 4179 3487 4246 id
3515 4182 3814 4254 muneris

284 4295 584 4367 vocatus,
619 4283 808 4351 illud
831 4290 1099 4348 strenue
1120 4288 1471 4348 exsecutus
1508 4300 1596 4360 es,
1635 4277 1789 4345 licet
1820 4277 1905 4344 ab
1925 4279 2323 4346 Alexandro
2368 4281 2552 4359 VIII,
2588 4282 2659 4347 in
2684 4289 3232 4371 purpuratorum
3267 4289 3551 4369 patrum
3603 4279 3809 4345 colle-

283 4389 481 4480 gium
520 4384 852 4465 adlectus,
886 4390 949 4448 et
988 4380 1229 4446 multis
1258 4378 1723 4446 ecclesiasticis
1768 4379 2056 4466 negotiis
2094 4381 2528 4468 prxpositus,
2575 4380 2692 4446 vix
2732 4379 2960 4446 ullum
3001 4378 3096 4444 ad
3128 4376 3559 4445 scribendum
3592 4378 3805 4443 otium

285 4506 643 4554 invenires.

375 4584 503 4651 His
543 4578 905 4670 gradibus,
963 4575 1346 4643 beatissime
1382 4576 1618 4653 Pater,
1662 4573 1759 4639 ad
1798 4576 2100 4663 supremi
2142 4575 2588 4664 pontiﬁcatus
2634 4576 3005 4666 fastigium
3050 4574 3437 4656 ascendisti,
3500 4573 3807 4637 omnium

284 4681 623 4773 suffragio
654 4686 955 4754 vocatus,
989 4685 1052 4741 te
1086 4674 1235 4741 solo
1274 4672 1673 4739 reluctante.
1706 4673 2032 4740 Nondum
2067 4672 2431 4740 obductam
2462 4674 2841 4742 cicatricem
2872 4675 3200 4762 refricare
3231 4674 3563 4760 cogimur,
3600 4680 3663 4736 et
3694 4670 3810 4736 do-

290 4770 503 4850 lorem
533 4799 852 4845 renovare
872 4799 896 4853 ;
937 4775 1058 4865 qui
1094 4781 1266 4840 certe
1294 4780 1525 4838 tantus
1553 4772 1723 4859 fuit,
1768 4780 1842 4837 ut
1890 4772 1963 4838 in
1990 4771 2243 4861 febrim
2274 4772 2637 4839 incideris:
2676 4772 2795 4839 sed
2819 4772 2959 4839 haec
2986 4772 3258 4837 silentio
3283 4770 3635 4859 praeterire
3672 4788 3807 4833 non

288 4878 557 4962 licebat,
592 4878 664 4944 in
693 4873 942 4966 quibus
984 4872 1391 4962 Gregorium
1421 4872 1759 4960 Magnum
1782 4873 2154 4960 perfectius
2182 4872 2393 4960 refers
2422 4881 2484 4937 et
2513 4871 2808 4939 exhibes.
2848 4872 3015 4955 Quis
3042 4870 3220 4935 enim
3250 4868 3502 4934 nesciat
3527 4867 3807 4932 sanctis-

282 4980 537 5045 simum
575 4976 824 5058 virum,
868 4992 1022 5038 cum
1054 4971 1125 5035 in
1148 4968 1541 5059 pontiﬁcem
1571 4968 1857 5035 electum
1885 4992 1955 5035 se
1984 4969 2452 5050 intellexisset,
2486 4972 2664 5059 fuga
2694 4969 2828 5036 sibi
2857 4967 3301 5048 consuluisse,
3336 4989 3414 5031 ac
3440 4966 3807 5055 provectio-

282 5096 435 5144 nem
462 5095 663 5142 suam
693 5072 788 5139 ad
819 5090 1166 5138 summam
1206 5066 1410 5134 illam
1441 5066 1876 5156 dignitatem,
1920 5069 2261 5135 continuis
2294 5067 2618 5157 lacrymis
2660 5078 2992 5158 tanquam
3024 5065 3508 5155 gravissimum
3540 5081 3801 5132 casum,

282 5173 597 5265 quandiu
636 5172 810 5238 vixit
839 5163 1243 5257 deﬂevisse?

354 5352 437 5423 (α)
467 5348 749 5421 Legenda
778 5344 1037 5419 epistola
1067 5346 1135 5402 ad
1168 5342 1476 5415 Eulogium
1507 5340 1693 5413 Alex.,
1723 5344 2099 5403 Anastasium
2138 5344 2428 5413 Antioch,
2474 5345 2845 5404 Dominicum
2891 5342 3191 5415 Carthag.,
3223 5340 3547 5397 Leandrum
3600 5336 3805 5410 Hispa-

284 5426 531 5487 lensem.
560 5425 670 5476 etc.

278 5490 301 5507 ί
356 5495 432 5563 (b)
467 5490 756 5549 Laudatur
782 5486 1095 5563 aliquando
1128 5487 1608 5563 a‘BOIlandianis.

356 5558 427 5637 (c)
459 5564 779 5623 Academia
809 5561 953 5631 dein
985 5558 1268 5627 L’moristi,
1299 5566 1528 5638 Regina
1560 5563 1802 5627 εμεοὶω,
1828 5566 1939 5619 διο,
