4088 6172
317 207 394 269 15
1610 209 1931 273 ΡΒιΕῈΑἸ

1610 209 2032 274 ΡΒιΕῈΑΤῙΟ
2076 211 2539 274 GENERALIS.

317 347 792 436 conﬁrmanda
823 371 1055 416 eorum
1087 373 1210 440 ope
1237 351 1562 442 indiguit.
1599 355 1776 421 Hinc
1815 356 1886 422 in
1915 357 2220 446 epistolis
2251 356 2346 422 ad
2381 354 2544 421 illos
2575 376 2760 444 reges
2787 354 3060 444 scriptis
3091 352 3186 444 (a)
3220 354 3414 421 toties
3440 356 3835 446 gratiarum

318 449 612 515 actiones
642 459 1026 524 occurrunt,
1063 472 1236 538 quas
1263 451 1386 516 hoc
1421 451 1562 518 loco
1593 455 1845 540 referre
1883 477 2097 544 operae
2119 455 2420 544 pretium
2451 475 2586 519 non
2615 462 2732 518 est.
2759 453 2850 520 At
2869 473 3020 520 vero
3053 451 3494 519 dissimulare
3519 477 3657 520 non
3681 478 3836 546 pos-

315 569 627 614 summus
665 547 968 636 elogium
1009 549 1198 614 istud
1253 549 1678 620 Childeberto
1712 554 1878 640 regi,
1913 553 1994 619 ob
2035 555 2252 643 ipsius
2283 555 2352 619 in
2392 553 2801 618 catholicam
2831 551 3039 639 ﬁdem
3069 551 3382 618 studium
3411 553 3498 619 ab
3525 557 3838 643 aequissi-

317 667 426 712 mo
464 647 788 735 pontiﬁce
817 669 1207 735 repensum:
1266 673 1298 712 (‹
1333 652 1601 732 Quanto
1632 661 1900 716 caeteros
1937 652 2240 718 homines
2271 653 2460 739 regia
2491 651 2795 739 dignitas
2826 651 3183 728 antecedit,
3219 659 3409 717 tanta
3439 663 3836 722 exterarum

313 747 624 834 gentium
655 767 888 832 regna,
923 748 1117 833 regni
1147 749 1348 813 vestri
1371 751 1676 835 profecto
1725 749 1992 816 culmen
2050 751 2346 816 excellit.
2403 751 2570 816 Esse
2600 760 2830 816 autem
2870 771 3119 838 regem,
3173 751 3342 838 quia
3395 761 3556 817 sunt
3586 762 3648 818 et
3677 753 3830 832 alii,

313 865 452 909 non
490 842 744 908 mirum
773 852 910 908 est:
949 845 1070 910 sed
1097 869 1232 910 esse
1259 847 1694 923 catholicum,
1740 850 1927 937 quod
1963 847 2093 915 alii
2121 871 2249 917 non
2287 859 2652 926 merentur,
2695 849 2817 914 hoc
2844 849 3014 914 satis
3045 857 3165 914 est.
3211 877 3243 910 ››

403 943 836 1008 Praeconium
887 943 1032 1024 hoc,
1090 943 1468 1010 beatissime
1507 948 1739 1029 Pater,
1797 948 2379 1014 Christianissimo
2427 949 2573 1034 regi
2618 947 2960 1013 Ludovico
3018 949 3273 1036 Magno
3301 948 3472 1038 jure
3501 948 3829 1032 debitum,

315 1042 439 1105 etsi
468 1050 860 1118 taceremus,
897 1043 1020 1129 qui
1049 1064 1182 1108 non
1211 1042 1624 1133 intelligeret
1650 1043 1690 1109 ?
1717 1045 2054 1112 Bellicam
2087 1045 2360 1114 laudem
2391 1057 2454 1112 et
2493 1049 2854 1112 innumera
2877 1047 3374 1136 propemodum
3413 1057 3592 1114 terra
3623 1050 3834 1115 mari-

313 1161 441 1228 que
463 1137 796 1228 praeclare
821 1147 1036 1227 gesta,
1066 1139 1314 1228 quibus
1344 1151 1609 1208 exteros
1648 1166 1833 1232 reges
1889 1145 2260 1227 antecellit,
2322 1144 2858 1226 dissimulamus,
2893 1144 3166 1233 quando
3201 1143 3610 1214 Clementem
3650 1146 3836 1215 allo-

314 1239 434 1327 qui
463 1235 656 1302 nobis
685 1237 920 1318 datur,
954 1259 1376 1305 communem
1405 1241 1662 1306 scilicet
1695 1243 2238 1310 Christianorum
2269 1247 2574 1324 Patrem,
2609 1242 2814 1330 cujus
2843 1253 2938 1309 est
2969 1242 3154 1308 bella
3189 1247 3434 1334 sopire,
3461 1267 3838 1334 pacemque

313 1339 491 1402 inter
529 1335 928 1402 dissidentes
964 1337 1154 1424 ﬁlios
1183 1339 1572 1407 conciliare.
1641 1342 1732 1406 At
1785 1341 1866 1406 de
1895 1342 2226 1408 Ludovici
2263 1343 2508 1430 Magni
2553 1342 2624 1407 in
2655 1341 3058 1407 catholicam
3120 1342 3329 1429 ﬁdem
3367 1343 3597 1410 studio
3636 1344 3838 1412 silere

309 1457 448 1500 non
481 1435 634 1500 licet
657 1457 681 1510 ,·
711 1435 958 1522 ejectos
989 1459 1030 1500 a
1056 1437 1530 1524 perduellibus
1558 1439 1804 1528 Anglis
1835 1439 1916 1504 ob
1945 1440 2150 1526 ﬁdem
2183 1440 2636 1506 orthodoxam
2665 1450 2978 1506 sanetum
3031 1463 3277 1529 regem,
3308 1443 3698 1530 piissimam
3727 1465 3838 1508 re-

307 1535 572 1623 ginam,
600 1536 863 1622 regium
889 1557 1209 1622 puerum,
1255 1559 1487 1601 eorum
1516 1537 1824 1603 subditos
1879 1539 2104 1604 adhuc
2159 1541 2232 1605 in
2281 1539 2422 1626 ﬁde
2469 1540 2787 1627 integros,
2841 1539 3195 1626 religionis
3243 1540 3412 1606 alim
3461 1543 3530 1606 in
3575 1542 3834 1632 Anglia

315 1633 630 1721 Gregorii
671 1635 913 1719 Magni
953 1655 1159 1721 opera
1187 1634 1502 1720 fundatae
1529 1635 1744 1701 veluti
1773 1635 2127 1726 reliquias,
2175 1639 2472 1727 hospitio
2513 1647 2843 1727 exceptas,
2879 1661 2958 1702 ac
2997 1637 3460 1726 facultatibus
3489 1662 3619 1729 pro
3649 1641 3836 1729 regia

310 1730 782 1816 muniﬁcentia
812 1737 874 1794 et
904 1729 1242 1818 dignitate
1269 1741 1676 1799 sustentatas
1698 1759 1724 1811 ;
1760 1734 2068 1800 haeresim
2099 1757 2132 1800 e
2163 1757 2391 1823 regno,
2430 1737 2536 1802 vel
2579 1757 2846 1802 summa
2895 1759 3047 1802 eum
3079 1736 3468 1803 discrimine
3487 1739 3837 1828 proﬂiga-

307 1837 454 1895 tam
487 1852 511 1905 ,·
540 1829 839 1916 Europa
877 1831 1257 1894 maximam
1297 1841 1566 1919 partem
1597 1855 1676 1897 ea
1707 1832 1788 1897 de
1831 1855 2039 1898 causa
2071 1835 2142 1898 in
2193 1834 2862 1901 Christianissimum
2901 1857 3122 1923 regem
3163 1857 3580 1925 regnumque
3603 1859 3836 1903 arma-

309 1935 477 2007 tam,
510 1927 778 1993 heeresis
797 1928 1224 2018 praeconibus
1253 1929 1364 1996 vel
1399 1932 1869 2018 antesignanis
1900 1932 2259 1998 classicum
2307 1932 2727 2010 canentibus,
2765 1931 3062 2021 bellique
3110 1935 3332 2021 facem
3362 1935 3836 2023 circumferen-

310 2024 543 2090 tibus:
575 2047 786 2114 neque
817 2037 1046 2094 tamen
1093 2051 1330 2118 regum
1381 2031 1767 2095 maximum
1817 2030 2070 2096 adduci
2120 2052 2427 2120 unquam
2470 2033 2801 2120 potuisse,
2855 2040 2930 2097 ut
2979 2031 3198 2098 alicui
3239 2035 3434 2122 pacis
3461 2033 3838 2100 conditioni

311 2147 464 2214 quae
501 2125 738 2191 haeresi
770 2128 1100 2216 tantisper
1127 2130 1360 2216 favere
1387 2129 1732 2196 videretur
1761 2131 2206 2207 consentiret;
2240 2131 2414 2220 quid
2451 2131 2768 2196 Ecclesiae
2787 2132 3250 2220 primogenita
3284 2133 3562 2222 dignius
3586 2131 3626 2197 ?

396 2223 509 2290 Ad
535 2224 674 2290 haec
703 2247 854 2290 vero
885 2226 1056 2314 quid
1085 2227 1394 2294 dicturus
1424 2238 1587 2293 esset
1631 2229 1998 2318 Gregorius
2055 2231 2354 2316 Magnus
2380 2227 2419 2294 ,ν
2454 2229 2638 2312 Quas
2697 2229 2768 2294 in
2801 2229 3039 2294 laudes
3095 2239 3497 2319 erumperet,
3547 2232 3610 2296 si
3655 2233 3836 2320 foret

307 2322 707 2411 superstes?
734 2324 824 2389 At
852 2325 1020 2388 vivit
1050 2324 1274 2392 adhuc
1313 2327 1383 2392 in
1418 2326 1804 2404 Clemente;
1836 2349 1954 2392 nec
2010 2326 2298 2392 dubium
2339 2329 2507 2416 quin
2559 2350 2685 2417 pro
2745 2329 2955 2394 tantis
3011 2329 3082 2392 in
3136 2327 3516 2395 Ecclesium
3563 2329 3836 2397 collatis

311 2421 670 2506 beneﬁciis,
703 2433 983 2510 gratum
1019 2445 1086 2488 se
1120 2424 1542 2512 probaturus
1578 2427 1668 2490 sit
1706 2427 2136 2513 aequissimus
2157 2427 2478 2515 pontifex
2507 2448 2668 2514 erga
2707 2447 2928 2515 regem
2961 2427 3630 2494 christianissimum.

396 2521 560 2585 Haec
591 2527 773 2595 sunt,
829 2522 1250 2586 sanctissime
1297 2525 1530 2606 Pater,
1577 2527 1927 2612 pt'wcipua
1973 2521 2409 2602 lineamenta,
2445 2523 2692 2612 quibus
2737 2525 2807 2589 in
2849 2534 2910 2590 te
2947 2525 3261 2614 Gregorii
3307 2527 3550 2616 Magni
3579 2527 3830 2616 efﬁgies

299 2619 672 2709 perfectius
700 2619 1138 2706 exprimitur,
1175 2619 1482 2708 qualibet
1513 2622 1812 2710 imagine
1833 2631 1956 2687 aut
1981 2623 2053 2687 in
2089 2644 2220 2688 aere
2251 2623 2486 2701 incisa,
2549 2632 2673 2688 aut
2713 2623 3053 2690 coloribus
3084 2623 3372 2713 depicta.
3407 2627 3584 2691 Hinc
3613 2627 3832 2715 ipsam

308 2717 380 2782 in
428 2737 709 2806 operum
742 2717 896 2804 ejus
934 2717 1150 2783 veluti
1185 2717 1422 2784 limine
1505 2721 1934 2808 afﬁgendam
1983 2743 2114 2809 pro
2157 2741 2341 2786 more
2389 2722 2820 2799 censuimus;
2853 2732 2927 2788 ut
2972 2724 3035 2788 si
3073 2725 3564 2789 monimentum
3595 2725 3834 2812 quovis

307 2837 439 2880 mre
469 2816 838 2904 perennius
869 2825 1016 2881 tum
1056 2815 1278 2882 devoti
1324 2838 1484 2905 erga
1523 2820 2030 2883 sanctissimum
2069 2821 2432 2885 Doctorem
2473 2820 2714 2898 animi,
2752 2829 2899 2886 tum
2949 2821 3331 2908 singularis
3389 2819 3832 2886 observantiae

311 2915 381 2978 in
421 2913 871 3004 apostolicam
899 2913 1146 2991 sedem,
1184 2922 1330 2980 tum
1363 2915 1640 2981 demissi
1664 2915 1968 3006 obsequii
1997 2917 2185 3006 quod
2205 2917 2652 3006 pollicentur.

382 3085 458 3155 (a)
487 3085 574 3141 Ad
602 3085 1041 3150 Theodericum,
1075 3082 1562 3151 Theodebertum,
1595 3083 1934 3151 Clotarium,
1966 3083 2426 3142 Brunichildem.

857 3350 1980 3502 PR/EFATIO
2103 3349 3290 3504 GENERALIS

783 3610 832 3668 A
877 3605 1416 3667 BENEDICTINIS
1460 3606 1634 3668 SU/E
1675 3608 1740 3666 S.
1788 3603 2164 3666 GREGORII
2211 3606 2542 3667 OPERUM
2587 3605 2944 3669 EDITIONI
2986 3608 3357 3670 PRIEFIXA

397 3879 448 3936 Ι.
480 3874 667 3936 Novae
699 3873 826 3936 SS.
867 3873 1116 3936 Patrum
1147 3872 1462 3935 Editiones
1488 3873 1620 3954 iam
1667 3892 1704 3934 a
1754 3872 1922 3934 nobis
1967 3873 2298 3936 adornatae.
2347 3908 2427 3918 —
2471 3876 2716 3940 Quanto
2772 3873 3128 3950 reipublicae
3159 3879 3290 3932 tum
3323 3873 3664 3948 litterariae,
3701 3881 3834 3936 tum

318 3973 688 4036 Christianae
717 3973 1160 4044 emolumento,
1185 3971 1320 4050 jam
1351 3971 1766 4050 insigniorum
1795 3990 1828 4031 e
1855 3973 2088 4033 sanctis
2119 3971 2406 4030 Patribus
2427 3988 2644 4047 opera,
2675 3982 3030 4030 nostrorum
3063 3971 3278 4031 labore
3307 3987 3380 4030 ac
3409 3971 3618 4032 studio
3647 3974 3840 4034 casti—

321 4083 491 4153 gata,
522 4091 684 4135 novo
716 4074 884 4133 cultu
915 4073 980 4133 in
1005 4072 1209 4134 lucem
1243 4071 1604 4150 prodierint,
1637 4087 2131 4130 commemorare
2159 4087 2359 4145 neque
2391 4067 2685 4127 decorum
2719 4067 2899 4128 nobis
2929 4076 3042 4140 est,
3077 4086 3296 4146 neque,
3333 4075 3600 4130 testante
3627 4069 3688 4130 id
3725 4089 3844 4149 pu-

320 4173 486 4234 blica
513 4171 953 4248 gratulatione,
984 4169 1426 4230 necessarium.
1457 4169 1552 4228 Ad
1583 4185 1768 4245 quem
1800 4184 1946 4228 vero
1977 4167 2056 4228 ab
2083 4165 2448 4238 Athanasio,
2485 4165 2744 4240 Hilario,
2779 4166 3183 4244 Hieronymo,
3213 4167 3568 4245 Ambrosio,
3604 4173 3846 4248 Augus-

319 4271 453 4330 tino
503 4269 766 4346 gradum
827 4269 1196 4340 faceremus,
1227 4269 1349 4329 nisi
1405 4267 1484 4326 ad
1541 4263 1930 4344 Gregorium,
1991 4265 2318 4342 dignitate,
2353 4263 2659 4334 doctrina,
2713 4265 3044 4326 sanctitate
3073 4272 3166 4326 ter
3197 4265 3599 4326 maximum?
3631 4268 3844 4344 Neque

324 4368 481 4428 tanti
511 4367 808 4440 doctoris,
839 4385 1022 4444 quem
1067 4375 1134 4426 ut
1165 4384 1475 4428 summum
1509 4363 1762 4425 familiai
1806 4371 2038 4425 nostrae
2061 4363 2250 4424 decus
2283 4381 2670 4435 veneramur,
2705 4363 2938 4442 scripta
2979 4364 3346 4424 mendorum
3375 4365 3845 4443 quodammodo

327 4465 522 4544 spinis
551 4465 756 4528 obsita
787 4466 1019 4526 diutius
1048 4466 1393 4544 relinquere
1423 4483 1534 4526 nos
1564 4464 1846 4531 decebat,
1879 4481 1956 4525 ne
1987 4463 2204 4524 alienis
2223 4461 2500 4523 colendis
2527 4461 2912 4534 insudantes,
2935 4479 3158 4541 agrum
3187 4463 3512 4541 proprium
3543 4463 3848 4526 incultum

336 4564 682 4626 deseruisse
709 4565 1084 4626 videremur.

406 4664 486 4724 ll.
549 4667 746 4722 Variae
775 4683 1020 4744 operum
1055 4663 1118 4724 S.
1159 4661 1439 4741 Gregorii
1475 4661 1686 4742 Magni
1715 4659 2054 4722 Editiones.
2088 4693 2166 4704 —
2198 4659 2568 4720 Prodierunt
2607 4677 2755 4719 sane
2798 4659 2932 4736 jam
2963 4658 3192 4736 saepius
3223 4659 3437 4720 omnia
3467 4660 3666 4720 sancti
3695 4661 3845 4720 Gre-

329 4760 492 4840 gorii
521 4777 735 4838 opera,
772 4766 840 4820 ut
867 4761 944 4820 de
965 4760 1228 4838 singulis
1259 4761 1538 4836 ejusdem
1571 4759 1818 4837 scriptis
1846 4757 2102 4819 seorsim
2131 4756 2316 4817 editis
2345 4756 2594 4816 interim
2619 4757 2934 4818 sileamus.
2968 4758 3146 4818 Prior
3175 4755 3386 4820 Editio
3416 4763 3510 4818 est
3540 4756 3852 4818 Parisien-

325 4861 432 4935 sis,
469 4878 504 4920 a
536 4858 874 4920 Bertholdo
904 4861 1176 4920 Rembolt
1205 4861 1513 4920 adornata
1551 4877 1654 4918 an.
1701 4858 1878 4926 1518,
1911 4855 2476 4935 complectiturque
2504 4854 2700 4916 libros
2742 4854 3096 4928 Moralium,
3143 4854 3484 4926 Pastorale,
3537 4854 3850 4930 Dialogus,

329 4955 860 5019 Commentarium
893 4957 957 5016 in
987 4957 1266 5026 Cantica,
1301 4967 1362 5018 et
1393 4957 1457 5015 in
1488 4962 1724 5034 septem
1749 4955 2028 5016 Psalmos
2058 4953 2555 5033 pcenitentiales;
2589 4953 2894 5014 Homilies
2941 4953 3006 5014 in
3037 4951 3420 5016 Ezechielem
3451 4957 3514 5012 et
3547 4951 3608 5012 in
3639 4954 3854 5012 Evan-

329 5055 512 5133 gelia,
547 5072 620 5115 ac
650 5054 1074 5134 Epistolarum
1110 5055 1486 5133 Registrum.

411 5154 584 5211 Hanc
616 5152 784 5212 brevi
817 5153 1078 5230 excepit,
1115 5170 1253 5230 quae
1287 5151 1662 5228 Bothomagi
1693 5151 1857 5212 facta
1887 5155 1978 5211 est
2007 5150 2174 5228 apud
2201 5148 2603 5210 Franciscum
2624 5151 2925 5229 Regnaut,
2949 5167 3052 5212 an.
3079 5147 3533 5212 1521.Biennio
3563 5153 3707 5227 post
3734 5147 3860 5210 alia

331 5249 696 5310 Parisiensis
723 5267 796 5308 ex
845 5251 1095 5311 ofﬁcina
1125 5249 1368 5312 Claudii
1401 5249 1698 5313 Chevalon
1733 5249 1983 5326 prodiit.
2016 5250 2084 5307 In
2116 5248 2329 5308 eadem
2367 5247 2516 5309 urbe
2547 5247 2772 5308 iterum
2805 5266 3030 5308 excusa
3071 5253 3212 5308 sunt
3241 5246 3452 5308 omnia
3485 5245 3684 5306 sancti
3715 5247 3862 5308 Gre-

333 5345 493 5426 gorii
525 5363 714 5423 opera
747 5347 908 5423 apud
941 5349 1234 5408 Carolnm
1287 5345 1576 5418 Guillart,
1628 5365 1730 5406 an.
1777 5345 1952 5406 1542.
1991 5345 2338 5405 Editionem
2375 5345 2536 5406 hanc
2577 5346 2910 5407 antecessit
2959 5344 3411 5425 Lugdunensis,
3459 5361 3561 5404 an.
3619 5345 3774 5408 1539
3799 5351 3860 5406 et

339 5445 518 5513 1540,
553 5441 612 5501 in
644 5441 890 5502 duobus
921 5445 1130 5516 tomis,
1167 5452 1346 5506 aucta
1378 5443 1773 5506 Comentario
1803 5443 1866 5503 in
1897 5443 2006 5504 lib.
2043 5445 2066 5506 Ι
2105 5450 2364 5521 Regum.

417 5544 700 5619 Longum
733 5545 793 5600 et
827 5541 1150 5600 taediosum
1189 5545 1345 5602 foret
1375 5561 1590 5603 omnes
1619 5559 2112 5603 commemorare
2142 5560 2280 5620 qua:
2305 5541 2596 5622 deinceps
2624 5541 2899 5617 Parisiis,
2933 5541 3245 5622 Lugduni,
3279 5541 3564 5617 Basileee,
3593 5543 3858 5604 Antuer-
