4088 6172
196 289 257 346 17
1448 292 1873 354 PREFATIO
1920 293 2391 353 GENERALIS.
3613 289 3689 347 18

190 420 316 501 piae,
350 422 541 485 Duaci
586 429 897 485 accurata
927 430 1118 495 sunt;
1151 424 1525 503 insigniores
1571 427 1781 505 itaque
1826 432 2069 487 tantum
2120 425 2541 503 attingendae:
2577 425 2637 485 in
2691 423 2788 483 his
2836 420 3225 497 Basileensis,
3278 439 3379 480 an.
3436 423 3583 482 1551
3629 426 3692 482 et

194 521 353 594 1564,
384 522 788 583 Frobenianis
818 525 980 603 typis
1011 542 1260 597 excusa,
1294 543 1443 587 cura
1471 527 1701 603 Coccii,
1734 527 1841 605 qui
1875 526 2140 586 mullum
2176 527 2555 586 laboravitut
2584 522 2780 583 sancti
2837 521 3112 599 Gregorii
3144 537 3332 599 opera
3364 518 3688 598 pristinam

194 622 506 700 puritatem
540 622 1083 701 integritatemque
1116 633 1587 703 recuperarent;
1614 645 1823 687 verum
1857 633 1918 685 ut
1942 626 2001 684 id
2026 631 2527 702 consequeretur,
2554 623 2926 701 conjecturis
2951 622 3155 700 potius
3177 620 3301 680 suis
3322 619 3436 699 (ita
3456 620 3695 679 ferebat

192 722 308 781 haec
338 721 516 799 tetas)
543 740 728 799 quam
759 722 1030 800 antiquis
1059 723 1440 802 Optimisque
1473 727 1612 786 Mss.
1645 724 1928 785 credidit.
1966 726 2094 784 Hac
2125 724 2187 783 in
2234 724 2516 784 Editione
2566 723 2689 782 alia
2722 728 2810 781 est
2843 722 2903 779 in
2946 720 3119 779 libris
3151 719 3477 779 Moralium
3528 716 3696 796 capi—

192 824 303 878 tum
331 818 555 880 divisio
584 837 771 897 quam
802 820 867 879 in
898 822 1342 898 superioribus.

258 919 528 978 Joannes
556 916 818 978 Gilotius
846 920 1226 999 Campanus,
1261 921 1355 980 vir
1384 921 1803 1000 doctissimus,
1836 923 1899 982 in
1932 922 2187 982 edendis
2217 922 2403 982 etiam
2455 920 2653 981 sancti
2687 918 2968 997 Gregorii
3001 916 3204 995 Magni
3236 916 3532 995 operibus
3562 932 3695 976 om-

196 1016 374 1094 nibus,
408 1018 944 1096 repurgandisque
977 1036 1099 1079 non
1130 1038 1351 1098 parum
1383 1020 1714 1083 laboravit.
1752 1020 1903 1098 Ejus
1950 1020 2156 1081 Editio
2188 1019 2421 1098 publici
2448 1018 2605 1097 juris
2654 1019 2819 1077 facta
2848 1022 2936 1078 est
2973 1015 3243 1089 Parisiis,
3286 1034 3389 1075 an.
3425 1013 3601 1086 1571,
3638 1018 3699 1073 et

198 1115 395 1175 iterum
422 1115 640 1193 paucis
668 1121 813 1194 post
840 1118 1043 1177 annis.

259 1215 399 1286 Quae
436 1216 649 1275 Romae,
680 1214 999 1276 Vaticanis
1019 1217 1201 1295 typis,
1237 1235 1406 1279 anno
1436 1220 1612 1290 1589,
1647 1218 1937 1279 inchoata
1991 1225 2082 1279 est
2130 1218 2501 1281 auctoritate
2550 1216 2705 1276 Sixti
2734 1217 2806 1287 V,
2840 1222 2900 1276 et
2951 1214 3353 1294 postmodum
3383 1210 3695 1283 absoluta,

198 1312 278 1372 cui
302 1311 697 1373 doctissimus
727 1312 1057 1392 episcopus
1085 1315 1440 1376 Venusinus
1479 1318 1753 1395 praefuit,
1806 1317 2087 1377 omnium
2146 1317 2537 1395 superiorum
2587 1316 2719 1377 visa
2767 1323 2860 1375 est
2905 1312 3280 1387 accuratior,
3332 1328 3456 1371 non
3488 1315 3698 1369 tamen

197 1412 593 1485 belerodoxis,
631 1430 897 1492 quorum
932 1414 1474 1475 criminationibus
1504 1423 1563 1477 et
1589 1416 1857 1496 querelis
1889 1436 2032 1477 mox
2068 1416 2604 1495 reSpondebimus.

262 1510 347 1570 Ill.
387 1512 650 1585 Quarum
681 1511 1044 1572 emendatior
1080 1513 1595 1577 Gussanvillaeana
1630 1518 1693 1574 in
1726 1520 1931 1576 multis
1960 1516 2352 1577 emendanda.
2386 1550 2463 1559 —-
2509 1515 2735 1574 Ultimo
2767 1514 3017 1573 tandem
3049 1512 3186 1573 loco
3216 1529 3318 1570 an.
3358 1511 3532 1588 1675,
3566 1507 3700 1567 vul-

201 1618 325 1687 gata
344 1617 484 1670 sunt
514 1610 790 1682 Parisiis,
823 1611 1037 1673 labore
1068 1619 1128 1673 et
1159 1614 1368 1674 studio
1400 1615 1572 1675 Petri
1620 1615 2049 1677 Gussanvillaei
2079 1616 2423 1694 presbyteri
2468 1615 2679 1675 omnia
2709 1614 2905 1673 sancti
2937 1611 3216 1688 Gregorii
3264 1609 3475 1687 Magni
3509 1624 3701 1687 opera

200 1726 267 1767 ea
288 1708 754 1788 quamplurimis
782 1708 1101 1783 codicibus,
1136 1711 1221 1771 ait
1248 1711 1345 1771 vir
1372 1712 1777 1787 clarissimus,
1802 1712 2129 1774 emendata.
2154 1713 2378 1773 Verum
2412 1712 2658 1791 quantis
2690 1712 3053 1789 qualibusve
3074 1708 3295 1769 erratis
3314 1708 3533 1767 ultima
3565 1705 3699 1765 hmo

203 1808 384 1868 Editio
411 1807 623 1869 adhuc
652 1816 909 1883 scateat,
944 1828 1019 1870 ex
1052 1810 1265 1889 paucis
1294 1811 1417 1872 huc
1467 1812 1873 1887 adducendis,
1911 1813 2179 1891 indeque
2210 1820 2444 1891 quanta
2460 1813 2536 1872 sit
2558 1811 2864 1871 Editionis
2895 1807 3314 1887 castigatioris
3340 1804 3697 1878 necessitas,

203 1906 517 1984 intelligere
545 1907 785 1970 licebit.

275 2008 357 2066 Ex
382 2007 676 2067 omnibus
707 2026 848 2087 quae
879 2009 1313 2072 Gussanvillaei
1345 2011 1552 2072 Editio
1583 2011 2039 2091 complectitur,
2075 2013 2277 2073 Vitam
2308 2012 2591 2090 Gregorii
2618 2011 2825 2089 Magni
2855 2028 2892 2070 a
2920 2011 3164 2071 Joanne
3194 2008 3474 2067 Diacono
3504 2001 3702 2080 scrip-

213 2111 341 2181 tam,
369 2112 648 2166 veterum
682 2108 978 2168 Codicum
1010 2127 1197 2169 manu
1232 2117 1629 2173 exaratorum
1679 2130 1795 2191 ope
1844 2118 2212 2181 correctam,
2249 2112 2350 2171 hic
2382 2112 2443 2169 in
2475 2112 2791 2189 specimen
2824 2110 3015 2170 totius
3047 2108 3252 2186 operis
3282 2102 3702 2166 exhibendam

211 2204 549 2283 selegimus:
591 2214 719 2267 tum
756 2209 922 2285 quod
972 2207 1035 2268 in
1083 2210 1201 2271 bac
1234 2210 1522 2271 Editione
1571 2211 1778 2271 statim
1839 2217 2145 2286 occurrat,
2185 2218 2312 2270 tum
2376 2211 2543 2289 quod
2591 2211 2657 2269 in
2705 2210 2842 2288 ipsa
2892 2208 3086 2268 multa
3133 2226 3209 2267 ex
3255 2203 3598 2264 moralibus
3640 2201 3705 2259 in

213 2304 332 2374 Job,
360 2312 415 2365 et
443 2324 517 2367 ex
550 2307 833 2384 epistolis
863 2315 1155 2387 excerpta
1175 2309 1651 2371 restituerimus.
1686 2312 1777 2371 Ad
1825 2330 1981 2390 quos
2010 2316 2217 2372 autem
2270 2330 2417 2371 mss.
2453 2309 2706 2372 Codices
2761 2309 2923 2370 hanc
2948 2307 3154 2368 Vitam
3186 2302 3702 2373 recensuerimus,

215 2402 509 2465 dicendum
538 2406 609 2465 in
637 2408 1006 2484 praefatione
1034 2407 1153 2487 ipsi
1183 2410 1464 2488 praeﬁxa.

278 2503 398 2563 Lib.
428 2521 471 2572 ι,
532 2522 677 2583 cap.
739 2507 840 2577 28,
875 2506 995 2567 col.
1054 2507 1150 2585 19,
1213 2508 1347 2569 ἣξεις
1402 2514 1466 2569 in
1527 2509 1744 2571 ultima
1802 2510 2088 2572 Editione
2145 2512 2483 2589 leguntur:
2543 2509 2610 2571 In
2655 2508 2768 2570 illa
2815 2527 2955 2587 ergo
3004 2505 3250 2567 caelestis
3297 2504 3472 2582 regni
3503 2501 3709 2582 gloria

218 2619 328 2661 caro
369 2602 685 2663 secundum
736 2615 1017 2666 naturam
1064 2609 1203 2677 erit,
1248 2605 1350 2667 sed
1387 2607 1698 2668 secundum
1756 2613 2232 2688 corruptionem,
2292 2607 2387 2669 vel
2449 2609 2627 2668 etiam
2689 2606 2983 2686 passionis
3031 2604 3343 2675 desideria,
3404 2620 3521 2660 non
3568 2600 3708 2665 erit.

218 2699 267 2757 in
312 2711 516 2763 aeterna
579 2708 1029 2785 incorruptione
1082 2705 1378 2786 regnabit.
1426 2708 1559 2778 Quo
1612 2709 1678 2767 in
1734 2708 1873 2769 loco
1947 2726 2021 2768 ex
2096 2707 2443 2769 Moralibus
2505 2706 2839 2783 descripto,
2903 2705 3038 2764 haec
3094 2708 3203 2762 aut
3257 2700 3535 2779 suppleri
3592 2700 3708 2757 de-

222 2798 340 2862 bent
389 2820 461 2863 ex
516 2803 670 2865 Mss.
734 2811 843 2865 aut
897 2804 1123 2884 corrigi
1175 2823 1190 2865 :
1292 2806 1361 2867 In
1418 2806 1533 2868 illa
1586 2826 1729 2886 ergo
1786 2807 2022 2869 caelesti
2077 2808 2303 2887 gloria,
2366 2825 2505 2867 caro
2562 2804 2873 2865 secundum
2927 2812 3203 2863 naturam
3259 2802 3397 2873 erit,
3466 2795 3568 2859 sed
3619 2814 3707 2855 se-

222 2899 442 2963 cundum
490 2905 795 2984 passionis
849 2904 1141 2967 desiderii:
1196 2925 1310 2966 non
1365 2913 1505 2976 erit,
1565 2911 1732 2987 quia,
1794 2907 2024 2969 devicto
2081 2912 2289 2968 mortis
2318 2905 2545 2977 aculeo,
2608 2906 2666 2965 in
2720 2914 2945 2965 mterna
3001 2905 3446 2981 incorruptione
3500 2914 3718 2975 regna-

226 2995 306 3057 bit.

283 3098 415 3179 Cap.
446 3103 543 3175 29,
578 3102 704 3165 col.
730 3103 989 3166 eadem:
1030 3105 1175 3166 Tum
1197 3110 1325 3183 piae
1354 3104 1649 3166 memoriae
1690 3105 1963 3166 Tiberius
1998 3105 2706 3186 Constantinopolitanus
2738 3106 3081 3184 imperator,
3115 3106 3235 3161 etc.
3268 3102 3429 3176 Lege
3460 3114 3534 3158 ex
3566 3095 3710 3155 Mss.

222 3196 443 3261 Joannis
470 3201 754 3278 Diaconi,
792 3208 853 3264 et
894 3204 1266 3266 Moralium:
1328 3204 1471 3265 Tum
1497 3205 1615 3285 pix
1662 3211 1958 3267 memorias
2014 3203 2287 3266 Tiberius
2333 3203 2775 3266 Constantinus
2823 3209 3174 3282 imperator.
3229 3197 3511 3258 Tiberius
3549 3194 3714 3256 enim

224 3296 575 3362 Constantini
635 3302 1007 3380 cognomine
1065 3303 1474 3382 gloriabatur.
1532 3303 1803 3365 Aliunde
1854 3321 1997 3365 vero
2055 3322 2241 3383 quem
2285 3304 2438 3364 latet
2493 3299 3034 3379 Constantinopoli
3105 3293 3503 3375 imperatoris
3567 3292 3717 3351 titu-

226 3391 351 3475 lum,
420 3397 516 3461 his
592 3401 983 3480 temporibus
1052 3401 1428 3473 inauditum,
1506 3402 1706 3464 diviso
1780 3408 1998 3483 postea
2075 3401 2503 3481 inclinatoque
2578 3400 2842 3479 imperio
2914 3395 3201 3476 plurimis
3274 3394 3419 3454 inde
3474 3389 3719 3451 smculis

228 3502 397 3555 ortum
416 3499 444 3557 ?

293 3594 425 3673 Cap.
457 3596 554 3675 32,
608 3598 732 3659 col.
767 3602 881 3661 20:
924 3598 1005 3661 Ut
1051 3601 1168 3661 nisi
1221 3600 1369 3662 Deus
1408 3601 1677 3682 piissimi
1722 3601 1783 3661 in
1832 3600 2007 3661 corde
2048 3599 2348 3681 principis
2398 3600 2810 3680 inspiraverit,
2860 3605 2926 3657 ut
2956 3597 3190 3657 insitam
3217 3593 3333 3654 sibi
3375 3592 3718 3651 misericor-

234 3689 365 3752 diam
390 3702 502 3756 suis
524 3698 788 3775 famulis
820 3697 1151 3778 largiatur,
1200 3708 1256 3759 et
1299 3718 1474 3779 super
1519 3700 1706 3761 illam
1758 3699 2100 3776 diacoposin
2148 3698 2243 3759 vel
2272 3718 2455 3759 unum
2500 3698 2859 3775 magistrum
2901 3693 3188 3767 militum,
3220 3702 3273 3752 et
3303 3709 3484 3751 unum
3516 3688 3718 3749 ducem

233 3788 485 3869 dignetur
510 3796 791 3858 Ecclesia
820 3798 1140 3871 concedere,
1176 3798 1239 3859 in
1268 3801 1434 3858 omni
1476 3805 1665 3858 simus
1693 3800 1971 3877 angustia
2020 3798 2321 3868 destituti;
2352 3802 2496 3880 quia
2525 3798 2801 3858 maxima:
2826 3804 3025 3875 partes
3066 3795 3347 3855 Romanis
3376 3794 3536 3849 omni
3562 3805 3721 3868 pra-

233 3890 357 3951 sidio
382 3908 637 3958 vacuata
666 3896 964 3957 videntur.
998 3898 1145 3969 Quis
1174 3896 1306 3958 haec
1338 3899 1586 3977 legens:
1626 3917 1810 3958 unum
1856 3899 2209 3976 magistrum
2255 3898 2542 3968 militum,
2594 3903 2739 3969 etc.,
2773 3899 3052 3973 dignetur
3086 3892 3358 3953 Ecclesia
3387 3887 3717 3959 concedere,

235 3992 490 4056 continuo
519 4015 651 4057 non
682 3996 1017 4075 intelligat,
1046 4016 1261 4075 preces
1290 4015 1421 4059 esse
1443 3998 1823 4077 gementium
1853 3998 2227 4077 populorum
2259 3997 2322 4055 in
2354 3997 2541 4057 rebus
2581 3995 2944 4073 desperatis,
2996 4010 3180 4071 opem
3212 3989 3525 4059 Ecclesiae,
3557 4003 3719 4046 sum«

237 4088 413 4170 Inique
442 4095 752 4173 pontiﬁcis
781 4096 1146 4175 suppliciter
1175 4098 1625 4177 postulantium
1648 4100 1678 4158 ?
1707 4097 1906 4175 Ipsius
1936 4104 2145 4159 tamen
2192 4095 2417 4156 summi
2470 4094 2783 4174 pontificis
2822 4092 3088 4170 gemitus
3128 4094 3292 4161 sunt,
3329 4082 3723 4165 imperatoris

237 4190 498 4255 auxilium
527 4195 947 4274 implorantis.
983 4202 1060 4257 At
1089 4197 1176 4257 sic
1197 4196 1321 4274 legi
1353 4197 1619 4258 debent:
1658 4195 1735 4258 Ut
1762 4200 1884 4257 nisi
1914 4196 2067 4257 Deus
2094 4195 2357 4273 piissimi
2406 4194 2466 4253 in
2511 4192 2684 4254 corde
2710 4191 3004 4274 principis
3036 4188 3443 4269 inspiraverit,
3477 4192 3542 4244 ut
3571 4183 3721 4243 insi-

240 4293 332 4348 tam
373 4291 487 4352 sibi
527 4294 994 4356 misericordiam
1042 4296 1163 4355 suis
1211 4296 1462 4373 [amntis
1514 4298 1851 4376 largiatur,
1893 4304 1950 4357 et
1994 4315 2179 4375 super
2224 4296 2333 4355 illa
2379 4295 2596 4372 (Utic.,
2649 4311 2838 4372 super
2883 4291 2994 4351 illa
3024 4289 3261 4367 omnia)
3310 4284 3717 4363 diacopiosin,

239 4387 311 4445 vel
348 4409 516 4453 unum
562 4398 920 4473 magistrum
970 4396 1250 4467 militum,
1304 4403 1357 4455 et
1406 4414 1585 4455 unum
1635 4395 1842 4455 ducem
1891 4393 2174 4473 dignetur
2219 4393 2551 4465 concedere,
2602 4393 2661 4451 in
2707 4392 2872 4451 omni
2893 4390 3069 4450 simus
3110 4386 3395 4466 angustia
3426 4382 3720 4450 destituti,

239 4487 356 4563 quia
394 4494 661 4555 maxime
703 4503 905 4574 partes
952 4494 1231 4556 Romana
1278 4502 1441 4555 omni
1484 4495 1764 4575 praesidio
1818 4504 2080 4555 vacuata:
2129 4492 2424 4553 videntur.
2475 4493 2544 4551 In
2596 4490 2839 4551 duobus
2899 4490 3046 4550 Mss.
3097 4486 3424 4565 Bigotiano
3473 4489 3535 4544 et
3582 4480 3728 4543 Uti-

244 4586 401 4659 censi,
432 4590 508 4651 ad
550 4593 811 4654 verbum
858 4591 1257 4673 diacopiosin,
1310 4593 1846 4672 interpretationis
1890 4592 2116 4670 gratia,
2148 4593 2363 4654 eadem
2417 4609 2605 4650 manu
2656 4589 2946 4649 additur:
2982 4585 3048 4645 id
3075 4595 3181 4659 est,
3218 4584 3504 4645 aerarium
3530 4577 3731 4661 publi-

243 4699 368 4745 cum.

309 4784 521 4847 Eodem
552 4807 693 4869 cap.
724 4806 738 4850 :
779 4789 931 4861 Quia
960 4800 1014 4852 et
1046 4794 1110 4850 in
1139 4792 1469 4851 ministerio
1504 4801 1623 4866 tuo,
1657 4801 1709 4851 et
1743 4792 1799 4850 in
1830 4809 2003 4870 Opere
2033 4792 2131 4849 cui
2157 4789 2316 4865 eumf3
2332 4794 2780 4869 pres-posuimus,
2833 4785 3192 4846 necessarius
3221 4788 3458 4843 omnino
3489 4796 3732 4858 cognos-

248 4880 399 4943 citur.
427 4885 495 4946 In
526 4889 667 4948 Mss.
706 4893 914 4949 autem
951 4907 964 4949 :
1003 4889 1158 4963 Quia
1205 4898 1263 4950 et
1309 4896 1374 4949 in
1422 4894 1775 4950 monasterio
1806 4898 1901 4949 tuo
1943 4889 2205 4969 (scilicet
2250 4890 2530 4948 Romano
2580 4887 2777 4947 sancti
2824 4884 3083 4944 Andreae
3133 4880 3541 4956 monasterio)
3586 4886 3639 4937 et
3668 4882 3733 4933 in

249 4994 380 5055 opus
406 5002 521 5061 quo
550 5006 676 5047 eum
702 4988 1149 5069 praeposuimus,
1184 4992 1542 5050 necessarius
1572 5006 1703 5049 esse
1750 4994 1987 5048 omnino
2036 4988 2427 5066 cognoscitur,
2463 4986 2579 5055 vel,
2633 4991 2701 5045 ut
2739 4984 3006 5043 habetur
3053 4983 3117 5041 in
3150 4977 3445 5049 Uticensi,
3478 4994 3635 5037 necer
3669 4994 3737 5034 ιι-

252 5076 380 5140 νιίιηι
422 5100 529 5145 esse
569 5088 804 5146 omnino
878 5089 1302 5167 cognoscimus.
1382 5091 1573 5149 Porro
1650 5088 1979 5167 legendum
2040 5086 2161 5160 hic,
2241 5091 2594 5147 monasterio
2670 5103 2795 5145 non
2869 5085 3220 5146 ministerio,
3281 5077 3553 5156 probant
3600 5075 3735 5134 haec

252 5173 474 5242 Joannis
503 5184 760 5247 Diaconi
792 5188 981 5248 verba
1012 5188 1373 5248 immediate
1402 5188 1683 5266 subjecta
1720 5208 1733 5247 :
1768 5186 1931 5247 Huic
1980 5186 2277 5266 siquidem
2320 5190 2672 5247 monasterio
2717 5184 2886 5262 cujus
2916 5181 3010 5239 ln'c
3034 5197 3195 5259 papa
3226 5176 3507 5256 Pelagius
3537 5176 3739 5236 memi-

257 5277 348 5349 nit,
378 5286 484 5342 etc.

323 5374 451 5456 Cap.
483 5384 578 5450 48,
610 5384 732 5446 col.
768 5384 847 5444 24
881 5401 895 5446 :
931 5394 988 5445 et
1013 5405 1123 5466 pro
1154 5385 1352 5466 culpis
1382 5391 1524 5446 meis
1554 5390 1619 5444 in
1663 5390 2075 5464 occupationis
2127 5386 2414 5443 exsilium
2459 5383 2620 5462 facie
2667 5380 3023 5439 dominantis
3068 5378 3301 5447 missus,
3353 5375 3528 5457 quasi
3557 5375 3743 5436 desti-

264 5479 378 5533 tuta
403 5476 537 5556 [Al.,
572 5483 906 5560 destructas]
941 5484 1135 5546 viduas
1165 5485 1404 5546 vocibus
1451 5505 1579 5546 cum
1607 5485 1895 5568 propheta
1943 5484 2074 5545 dico
2106 5502 2120 5544 :
2164 5506 2192 5542 (ι
2225 5484 2341 5558 Qui
2387 5479 2807 5542 consolabatur
2853 5497 2962 5552 me,
3018 5477 3187 5557 longe
3237 5484 3476 5537 recessit
3505 5496 3539 5537 a
3570 5495 3677 5535 me.
3713 5498 3742 5531 »

263 5571 386 5642 Quis
412 5577 520 5642 hac
547 5582 609 5643 in
641 5584 885 5647 salebra
914 5603 1039 5647 non
1068 5585 1305 5647 haereat
1333 5584 1361 5644 ?
1393 5587 1457 5646 in
1478 5584 1919 5664 Manuscriptis
1949 5602 2097 5646 vero
2128 5584 2256 5645 sive
2286 5581 2545 5644 Joannis
2578 5578 2859 5653 Diaconi,
2894 5578 3021 5640 sive
3050 5578 3489 5656 Epistolarum,
3525 5576 3749 5653 planus

268 5680 341 5736 est
363 5674 454 5742 hic
479 5680 682 5749 locus:
718 5683 810 5749 Et
834 5703 952 5767 pro
980 5684 1167 5767 culpis
1198 5685 1341 5749 meis
1370 5686 1437 5748 in
1467 5686 1870 5768 occupationis
1916 5682 2190 5746 exsilium
2240 5701 2278 5744 a
2318 5684 2481 5761 facie
2509 5679 2890 5742 dominantis
2936 5684 3167 5751 missus,
3223 5678 3399 5757 quasi
3427 5675 3757 5737 destructas
