4088 6172
332 254 414 317 19
1622 237 2042 300 PREFATIO
2085 235 2550 297 GENERALIS.
3767 233 3866 295 20

329 390 566 454 Iudaeae
600 389 827 450 vocibus
857 404 987 446 cum
1012 380 1310 463 propheta
1339 377 1469 439 dico
1503 394 1521 435 :
1558 402 1586 433 (ι
1622 376 1739 450 Qui
1770 373 2179 436 consolabatur
2207 391 2318 447 me,
2346 372 2514 452 longe
2542 377 2782 433 recessit
2808 390 2846 434 a
2866 390 2976 434 me.
3002 371 3393 434 «Enimvero
3419 369 3649 434 alludit
3678 385 3858 431 sanc-

332 499 433 553 tus
460 494 692 551 Doctor
720 487 799 548 ad
827 483 1114 547 Jeremiae
1144 481 1449 548 Threnos,
1485 476 1713 557 quibus
1739 475 1975 538 Judaeze
2003 471 2347 544 calamitas,
2383 478 2443 534 et
2474 472 2818 532 Jerusalem
2849 471 3089 534 eversio
3116 472 3455 533 deflentur.

410 588 561 665 Cap.
593 589 691 654 52,
721 584 938 645 eadem
971 580 1090 641 col.
1128 596 1141 638 :
1179 578 1341 638 Inter
1369 575 1489 636 haec
1517 575 1719 634 omnia
1750 570 2020 632 turbatus
2064 588 2263 649 cogor,
2298 566 2466 628 modo
2500 571 2563 627 in
2607 575 2794 648 ipsum
2832 568 2949 648 [AL
3010 568 3227 647 ipsam]
3262 567 3489 628 clavum
3521 565 3853 641 adversita-

330 697 441 746 tem
471 686 758 765 dirigere,
791 682 958 744 modo
990 688 1235 741 curvata
1265 681 1407 737 navi
1438 676 1709 754 impetum
1764 672 2051 753 ﬂuctuum
2097 667 2284 729 latere
2329 667 2520 729 minas
2566 666 2853 745 ﬂuctuum
2892 687 2965 728 ex
3002 667 3239 748 obliquo
3270 666 3568 728 declinare
3598 664 3746 745 [Al.,
3778 679 3855 722 ea:

329 785 573 866 obliquo
606 763 785 848 latere
814 782 1163 853 declinare].
1212 779 1552 854 Corruptus
1608 772 1708 832 hic
1758 770 1931 831 locus
1961 788 2036 829 ex
2083 768 2299 828 iisdem
2334 771 2486 828 Mss.
2538 769 2856 828 sanandus
2907 773 3005 828 est
3050 773 3239 845 atque
3266 766 3356 827 ita
3386 763 3800 826 restituendus
3834 780 3851 818 :

328 882 611 963 Interque
639 882 759 941 haec
787 885 986 941 omnia
1019 876 1288 937 turbatus
1315 892 1510 952 cogor,
1545 869 1712 930 modo
1742 873 1807 928 in
1840 868 2027 945 ipsam
2058 865 2286 927 clavum
2319 865 2741 926 adversitatem
2772 863 3060 943 dirigere,
3094 861 3266 924 modo
3294 872 3538 924 curvato
3567 865 3740 923 navis
3769 858 3859 919 la-

333 992 473 1053 tere,
506 984 694 1041 minas
722 981 1002 1061 ﬂuctuum
1034 995 1108 1036 ea:
1136 974 1377 1054 obliquo
1410 969 1727 1030 declinare.

410 1082 544 1139 Duo
576 1077 676 1137 hic
706 1052 1037 1137 observare
1068 1072 1238 1132 lubet
1263 1052 1432 1128 circa
1463 1066 1666 1127 varias
1690 1063 2007 1135 lectiones,
2062 1080 2217 1140 quas
2262 1059 2770 1130 Gussanvillasus,
2821 1057 3060 1119 ultimae
3111 1055 3418 1119 Editionis
3457 1052 3863 1133 Gregorianaa

335 1182 588 1236 curator
617 1174 983 1235 annotavit:
1021 1171 1314 1249 primum,
1344 1165 1514 1245 quod
1542 1170 1748 1225 taceat
1781 1162 1941 1223 unde
1971 1161 2247 1223 diversas
2270 1159 2408 1220 illas
2430 1159 2725 1221 lectiones
2752 1157 3233 1236 deprompserit.
3258 1158 3502 1217 Paucas
3530 1169 3681 1213 sane
3720 1169 3872 1231 pro-

337 1274 457 1335 fert
488 1279 615 1335 tota
648 1271 955 1335 Editionis
984 1248 1179 1341 serie;
1215 1274 1279 1328 at
1296 1281 1634 1345 nusquam,
1668 1269 1778 1323 aut
1799 1259 2111 1322 rarissime
2140 1259 2436 1320 admonet
2466 1256 2693 1337 quibus
2724 1275 2796 1319 ex
2829 1255 3158 1317 Codicibus
3188 1252 3423 1315 fuerint
3445 1258 3663 1313 erutte.
3695 1248 3869 1309 Alte-

332 1392 500 1442 rum,
527 1374 693 1453 quod
743 1373 1042 1451 optimam
1094 1368 1425 1429 lectionem
1470 1384 1507 1425 a
1556 1370 1727 1425 textu
1774 1361 2060 1422 exsulare
2087 1358 2329 1438 jubeat,
2382 1364 2625 1419 retenta
2655 1356 2900 1429 vitiosa,
2933 1355 3138 1434 qualis
3164 1358 3277 1427 est,
3312 1358 3375 1411 in
3406 1351 3595 1432 ipsum
3624 1349 3862 1409 clavum

333 1471 749 1533 adve-rsitatem
782 1471 1087 1549 dirigere;
1117 1468 1180 1528 in
1213 1486 1339 1545 qua
1367 1481 1583 1526 sensus
1613 1462 1861 1541 penitus
1890 1459 2304 1521 desideratur.
2338 1457 2573 1518 Eadem
2605 1455 2936 1517 oscitantia
2962 1454 3029 1514 in
3059 1449 3730 1517 variarumlectionum
3759 1445 3869 1507 de-

332 1571 495 1632 lectu
526 1589 637 1650 per
668 1576 864 1631 totum
893 1586 1050 1647 opus
1081 1569 1457 1646 perseverat.

411 1648 729 1731 Nonnulla
758 1668 1019 1729 forsitan
1052 1685 1129 1727 ex
1159 1665 1257 1725 his
1287 1662 1530 1736 erratis,
1563 1659 2105 1741 typographorum
2136 1656 2393 1719 incuria
2443 1660 2587 1717 sunt
2616 1652 3007 1716 ascribenda.
3040 1654 3115 1713 Et
3144 1668 3294 1712 sane
3323 1648 3671 1710 innumerae
3705 1661 3862 1725 pene

334 1769 434 1830 hic
465 1774 798 1830 occurrunt
826 1761 1608 1845 hujusmodicorruptelte,
1648 1778 1788 1839 qua;
1836 1756 2220 1839 typographi
2265 1756 2566 1837 praelique
2598 1754 2746 1816 vitio
2789 1754 3208 1832 irrepserunt;
3262 1754 3330 1810 ut
3372 1747 3490 1810 col.
3545 1746 3642 1819 15,
3695 1743 3863 1805 intra.

330 1886 565 1946 paucas
596 1868 786 1930 lineas
814 1886 827 1927 :
861 1865 1062 1927 Aliter
1088 1864 1284 1924 senior
1313 1880 1425 1942 pro
1455 1861 1609 1922 alter
1636 1862 1853 1933 senior,
1888 1859 2126 1920 accessis
2154 1875 2269 1935 pro
2298 1860 2573 1931 accessit;
2606 1861 2783 1934 coepit
2830 1869 3035 1914 temere
3082 1857 3339 1929 ingentes
3368 1865 3527 1909 voces
3563 1850 3861 1916 emittere,

332 1940 446 2046 pro
477 1968 653 2044 coepit
683 1976 953 2038 tremere,
986 1970 1252 2043 ingentes
1281 1940 1444 2023 voces
1472 1966 1760 2022 emittere.
1794 1960 1873 2018 At
1902 1956 2387 2017 dormitantibus
2416 1955 2525 2033 qui
2556 1953 2714 2033 preli
2760 1969 2974 2013 curam
3026 1948 3351 2029 gerebant,
3384 1943 3714 2023 invigilare
3752 1940 3860 2000 de-

332 2045 518 2129 bebat
551 2065 816 2127 Editoris
847 2065 1196 2143 diligentia,
1230 2069 1296 2123 ut
1328 2067 1417 2124 tot
1447 2066 1652 2122 errata
1681 2057 2189 2128 emendarentur,
2238 2062 2350 2117 aut
2396 2054 2619 2116 saltem
2668 2052 2747 2114 de
2798 2051 2896 2113 his
2936 2050 3154 2121 lector,
3187 2046 3358 2127 quod
3388 2046 3576 2107 etiam
3605 2045 3867 2121 praeter-

333 2165 589 2226 missum
622 2171 713 2225 est
741 2163 1206 2225 admoneretur.

411 2265 667 2325 Interim
726 2262 1051 2323 dissimulo
1108 2258 1330 2338 viginti
1388 2258 1545 2320 duos
1593 2274 1829 2330 versus,
1888 2255 1995 2335 qui
2047 2253 2136 2317 sic
2183 2251 2536 2333 incipiunt:
2596 2251 2844 2331 Suscipe
2899 2247 3237 2322 Romuleos,
3289 2248 3434 2321 etc.,
3482 2240 3549 2303 in
3586 2239 3870 2301 Gussan—

332 2361 621 2423 villazana
652 2360 938 2422 Editione
968 2335 1202 2431 deesse,
1240 2358 1382 2419 licet
1411 2356 1476 2418 in
1508 2355 1799 2418 omnibus
1828 2357 1981 2415 Mss.
2015 2371 2172 2432 quos
2202 2349 2635 2414 consuluimus
2672 2353 2733 2410 et
2771 2347 2833 2411 in
2890 2344 3202 2426 plerisque
3246 2340 3422 2404 libris
3467 2338 3650 2401 editis
3688 2335 3867 2397 inve-

330 2462 607 2522 niantur.
656 2461 867 2539 Neque
921 2478 1062 2522 vero
1113 2458 1456 2536 ambigitur
1500 2462 1709 2517 utrum
1755 2453 2016 2516 Joannis
2072 2450 2332 2513 Diaconi
2387 2451 2550 2511 fetus
2595 2448 2741 2521 sint,
2791 2453 2902 2508 aut
2949 2444 3028 2505 ad
3079 2444 3272 2505 vitam
3324 2436 3611 2518 Gregorii
3659 2438 3847 2512 Magn

328 2562 701 2642 pertineant,
764 2533 942 2638 cujus
1016 2564 1160 2619 sunt
1235 2533 1409 2619 velut
1466 2554 1731 2634 epistola
1803 2551 2190 2615 dedicatoria
2242 2551 2322 2612 ad
2394 2552 2703 2611 Joannem
2773 2563 3007 2626 papam
3077 2542 3243 2617 VIII,
3305 2540 3521 2601 stricta
3574 2533 3862 2598 oratione

319 2660 572 2739 scripta.

403 2728 550 2819 Haec
607 2762 754 2818 sunt
787 2755 1105 2834 praecipua
1136 2772 1275 2832 quae
1306 2752 1716 2829 castigatione
1745 2751 1809 2811 in
1840 2749 2047 2829 primo
2073 2748 2230 2811 Vitae
2281 2746 2681 2826 Gregoriana:
2732 2744 2893 2819 libro
2937 2740 3283 2819 indigeant.
3332 2739 3402 2797 In
3432 2734 3570 2814 ipso
3600 2728 3856 2793 secundi

324 2856 543 2917 limine
576 2828 1265 2915 statim-offenditurad
1298 2850 1596 2929 lapidem,
1648 2849 1811 2909 unde
1846 2828 1985 2910 non
2039 2846 2172 2907 leve
2222 2846 2483 2907 cadendi
2530 2843 2899 2924 periculum.
2942 2838 3245 2900 Nimirum
3280 2831 3568 2896 hieresim
3596 2828 3852 2909 sapiunt

331 2955 491 3025 hmo,
528 2971 667 3031 quae
701 2957 829 3011 uta
857 2948 1163 3027 Gregorio
1194 2949 1428 3025 scripta
1455 2966 1593 3026 cap.
1629 2951 1688 3019 4,
1724 2946 1844 3007 col.
1878 2948 1977 3018 27,
2010 2946 2362 3005 referuntur
2394 2964 2409 3003 :
2450 2944 2733 3016 ()uintum
2782 2958 3020 3022 quoque
3066 2933 3380 2997 concilium
3421 2934 3662 3012 pariter
3691 2943 3868 2987 vene-

330 3072 457 3124 ror,
495 3025 721 3131 in-quo.
774 3094 790 3110 .
841 3093 857 3108 .
913 3093 928 3108 .
981 3025 1012 3108 ί
1047 3093 1062 3107 .
1108 3057 1167 3107 et
1202 3025 1549 3108 Theodorus
1564 3065 1881 3126 personam
1932 3044 2289 3107 Mediatoris
2336 3049 2399 3102 in
2447 3040 2673 3104 duabus
2714 3037 3056 3100 substantiis
3084 3050 3396 3116 separans,
3428 3028 3507 3091 ad
3539 3025 3864 3108 impietatis

330 3150 656 3233 perfidiam
686 3148 960 3210 cecidisse
987 3147 1364 3209 convincitur
1383 3165 1407 3219 ;
1438 3125 1807 3209 Theodorus
1840 3148 2306 3224 Mopsuestenus
2335 3143 2399 3204 in
2445 3136 2918 3203 Nestorianismi
2962 3134 3377 3214 suspicionem
3413 3128 3722 3189 adductus
3751 3125 3865 3196 est,

336 3219 461 3313 non
494 3248 663 3329 quod
693 3249 849 3309 duas
876 3248 939 3307 in
972 3246 1219 3308 Christo
1249 3245 1628 3307 substantias
1656 3219 2027 3324 agnosceret
2053 3243 2222 3323 (quis
2250 3245 2440 3313 enim,
2466 3240 2583 3301 nisi
2602 3236 2867 3317 Eutycbi
2897 3236 3134 3307 favens,
3168 3247 3395 3309 negare
3418 3226 3645 3288 audeat
3672 3219 3877 3283 Chris-

342 3360 475 3415 tum
511 3319 587 3411 ex
617 3349 863 3411 duabus
911 3355 1197 3409 constare
1252 3346 1613 3407 substantiis
1634 3319 1729 3425 ?),
1756 3346 1862 3406 sed
1896 3319 2077 3423 quod
2105 3319 2175 3404 in
2224 3344 2381 3403 duas
2428 3337 2862 3401 subsistentias
2912 3334 3113 3414 ipsum
3148 3329 3369 3412 partiri
3398 3326 3775 3389 crederetur.
3808 3319 3875 3380 ln

343 3455 485 3514 Mss.
519 3466 765 3527 quoque
796 3448 955 3509 Vitae
987 3453 1049 3506 et
1077 3446 1501 3524 Epistolarum
1533 3420 1836 3522 legimus:
1878 3420 2214 3503 Theodorus
2240 3459 2555 3517 personam
2606 3436 2967 3498 Mediatoris
3017 3430 3080 3491 in
3128 3427 3353 3490 duabus
3378 3420 3761 3487 subsistentiis
3789 3435 3880 3478 se-

342 3567 600 3631 parans.

420 3646 710 3708 Leviores
758 3643 1259 3717 allucinationes,
1313 3661 1428 3704 nec
1479 3649 1688 3704 tamen
1734 3641 1866 3703 sine
1909 3640 2343 3705 emendatione
2383 3634 2808 3717 relinquendae
2857 3636 3028 3710 sunt,
3070 3627 3192 3690 col.
3225 3628 3324 3699 28,
3358 3643 3397 3683 a
3456 3618 3777 3684 Vitelliano
3804 3615 3887 3675 sit

338 3745 592 3828 przsule
622 3745 974 3816 destinatus,
1011 3762 1124 3822 pro
1172 3762 1209 3804 a
1283 3742 1635 3814 Vitaliano,‘
1666 3744 1786 3802 col.
1848 3744 1947 3820 29,
1981 3741 2053 3801 ob
2085 3739 2193 3804 hoc
2248 3759 2305 3801 se
2335 3738 2511 3812 nulli,
2549 3756 2659 3816 pro
2717 3734 2788 3796 ob
2836 3732 2942 3794 hoc
2968 3750 3026 3793 se
3080 3724 3410 3799 nonnulli;
3439 3720 3591 3828 ibid.
3625 3735 3640 3779 :
3678 3716 3882 3828 Quiin

343 3846 546 3906 divino
576 3863 776 3906 amore
806 3843 1234 3903 districtionem
1291 3842 1489 3903 subire
1517 3846 1751 3922 appetit
1805 3844 2136 3904 servitutem
2160 3862 2184 3909 ;
2212 3859 2328 3919 pro
2386 3841 2495 3919 qui
2524 3813 2587 3896 in
2643 3834 2847 3896 divino
2905 3828 3182 3910 obsequio
3242 3820 3656 3885 districtiorem
3684 3813 3886 3877 subire

343 3945 569 4024 appetit
595 3941 975 4009 servitutem;
1008 3941 1188 4015 ibid.,
1226 3944 1287 4001 in
1317 3941 1429 4002 hac
1457 3913 1607 4014 sede,
1644 3960 1756 4020 pro
1780 3947 1844 4002 in
1877 3940 1988 4002 hac
2016 3955 2123 4016 re;
2153 3913 2266 4000 col.
2300 3913 2412 4006 34,
2432 3942 2629 3996 sancto
2670 3932 2860 3993 crucis
2886 3930 3080 4009 signo,
3112 3943 3228 4003 pro
3256 3925 3420 4002 facto
3450 3922 3647 3978 crucis
3676 3913 3885 4024 signa:

346 4006 519 4115 culo;
553 4042 672 4103 col.
706 4043 806 4119 37,
839 4039 1040 4100 divino
1072 4043 1228 4100 intus
1259 4039 1515 4113 auxilio,
1550 4006 1664 4118 pro
1688 4039 1886 4100 divino
1911 4006 2111 4116 jutus,
2138 4054 2242 4096 seu
2275 4034 2516 4113 adjutus
2563 4027 2842 4097 auxilio;
2892 4006 3010 4088 col.
3064 4025 3163 4099 38,
3216 4021 3279 4081 in
3320 4023 3403 4080 eis
3433 4014 3663 4076 clericis
3685 4006 3885 4119 petiti

346 4145 454 4220 gui
484 4146 549 4199 in
577 4157 744 4200 sacro
773 4148 913 4198 sunt
940 4138 1145 4199 ordine
1174 4140 1498 4211 constituti,
1534 4156 1647 4215 pro
1705 4143 1769 4196 in
1826 4137 1910 4196 eis
1939 4135 2163 4208 clerici,
2222 4133 2314 4195 vel
2341 4132 2405 4192 lii
2432 4135 2541 4213 qui
2573 4128 2636 4189 in
2664 4145 2834 4190 sacro
2889 4133 3031 4186 sunt
3058 4119 3266 4183 ordine
3308 4112 3653 4180 constituti;
3682 4107 3836 4171 ibid.
3869 4126 3887 4183 ;

365 4208 510 4299 i’olo
539 4246 731 4298 autem
763 4248 827 4297 ut
857 4236 1083 4298 domnae
1127 4241 1320 4300 sancti
1346 4208 1703 4299 Pater-iclum
1737 4236 1865 4313 [AL
1902 4232 2323 4314 Patriarchite]
2375 4208 2513 4291 meta
2548 4230 2763 4310 offeras
2801 4223 3020 4288 solidos
3066 4218 3493 4314 quadraginta,
3528 4230 3640 4292 pro
3670 4208 3892 4314 domum

350 4333 615 4395 Pateria’
647 4334 783 4394 thias
814 4354 951 4395 meae
982 4342 1049 4396 ut
1076 4335 1305 4414 legitur
1334 4337 1398 4396 in
1431 4334 1716 4396 omnibus
1738 4304 1893 4396 ltiss.
1931 4338 2061 4395 tum
2110 4332 2265 4393 Vitas
2303 4304 2508 4391 sancti
2561 4304 2851 4406 Gregorii
2897 4329 3031 4384 tum
3089 4318 3223 4398 ejus
3261 4311 3692 4396 epistolarum.
3732 4304 3783 4367 Τ
3782 4304 3889 4366 hia

348 4436 561 4491 autem
594 4450 716 4491 vox
750 4440 842 4492 est
879 4435 1096 4495 Graeca
1127 4434 1386 4494 amitam
1419 4433 1803 4512 significans.

433 4530 669 4590 Caetera
700 4532 1045 4591 omittimus
1077 4551 1217 4611 quae
1248 4533 1345 4594 vel
1376 4532 1437 4592 in
1492 4533 1710 4593 eodem
1756 4532 1916 4592 libro
1965 4548 2032 4608 ιι,
2084 4529 2181 4593 vel
2229 4529 2293 4589 in
2323 4526 2568 4587 duobus
2615 4521 3019 4603 sequentibus
3070 4534 3148 4579 ex
3177 4517 3328 4576 Mss.
3362 4504 3733 4586 corrigenda
3761 4518 3891 4564 sese

365 4626 745 4690 obtulerunt.
782 4629 965 4689 Inviti
992 4632 1154 4690 enim
1188 4630 1266 4691 ad
1300 4630 1502 4692 aliena
1534 4638 1739 4692 errata
1797 4629 2133 4692 revelanda
2161 4626 2576 4701 accessimus;
2611 4630 2674 4684 at
2704 4602 2903 4682 nostri
2951 4623 3082 4679 erat
3129 4610 3398 4675 instituti
3428 4605 3644 4687 paucis
3672 4602 3891 4665 saltem

356 4726 787 4787 demonstrare
819 4746 996 4787 novae
1028 4727 1336 4789 Editionis
1360 4730 1816 4790 necessitatem.
1851 4729 1999 4799 Quae
2026 4727 2214 4789 etiam
2247 4724 2406 4786 ratio
2440 4698 2651 4783 fuitut
2675 4720 2741 4781 in
2771 4716 3037 4797 singulis
3067 4706 3541 4794 praefationibus
3571 4720 3741 4799 quasi
3763 4698 3893 4760 uni-

360 4822 586 4903 cuique
615 4825 1144 4904 Gregorianorum
1177 4845 1438 4907 operum
1473 4827 1914 4906 praemisimus,
1947 4824 2364 4907 quorumdam
2415 4826 2763 4885 erratorum
2793 4835 2831 4879 a
2877 4812 3061 4878 nobis
3104 4808 3553 4887 castigatorum
3582 4798 3894 4880 specimen

362 4922 791 4983 curaverimus
821 4923 1137 4985 exhibere.

440 5021 544 5082 IV.
582 5022 1050 5086 Gussanvillseus
1078 5032 1132 5084 et
1162 5023 1425 5086 Romani
1454 5024 1732 5087 Editores
1760 5029 2143 5086 excusantur.
2194 5056 2271 5067 —
2299 5019 2477 5083 Absit
2524 5024 2734 5081 tamen
2783 5019 2853 5076 ut
2880 5010 3107 5074 debitae
3145 5009 3218 5069 P.
3249 4996 3695 5067 Gussanvillaao
3724 4991 3897 5055 laudi

365 5120 445 5181 ob
476 5119 644 5180 edita
674 5122 873 5185 sancti
903 5123 1183 5202 Gregorii
1213 5128 1403 5203 Opera
1430 5125 1780 5186 detractum
1811 5125 2152 5202 quidquam
2184 5121 2467 5183 velimus.
2486 5121 2565 5179 At
2595 5116 2863 5178 arduum
2894 5118 3052 5189 erat,
3078 5126 3155 5170 ne
3176 5091 3889 5203 dicamusitnPOSSi-ll‘iles

364 5217 615 5277 doctum
648 5219 822 5280 illum
857 5189 1315 5301 presbvylerum,
1351 5224 1597 5286 nemine
1623 5225 1751 5285 fere
1776 5189 2060 5301 juvaule,
2093 5223 2154 5283 in
2209 5219 2376 5282 tenui
2411 5219 2687 5289 fortuna,
2721 5222 2914 5275 tanta:
2960 5207 3143 5271 molis
3173 5200 3346 5283 operi
3377 5195 3686 5301 sufficere.
3716 5189 3900 5301 Alio-

367 5332 509 5375 rum
538 5333 786 5394 quoque
817 5320 921 5396 qui
952 5323 1465 5385 Gussanvillmum
1501 5333 1945 5403 praecesserunt
1978 5322 2307 5383 Editorum
2357 5316 2627 5397 gloriam
2674 5315 3011 5375 obscurare
3040 5322 3163 5368 non
3195 5308 3286 5364 est
3326 5295 3597 5403 animus,
3634 5290 3900 5403 maxime

368 5414 835 5475 Romanorum:
864 5416 994 5478 imo
1027 5438 1171 5483 vero
1203 5440 1308 5484 eos
1339 5440 1377 5483 a
1422 5390 1678 5483 Thomas
1728 5420 1983 5485 Jamesii
2029 5390 2770 5499 scriptoris'heterodexi
2836 5402 3182 5470 maledictis
3245 5409 3307 5461 et
3354 5390 3896 5457 criminationibus

367 5511 683 5577 vindicare
709 5512 1042 5594 (Vindicis?
1077 5522 1355 5597 Gregor.,
1384 5540 1451 5600 p.
1484 5523 1569 5599 2),
1605 5521 1707 5583 hic
1739 5537 1945 5601 operas
1976 5512 2712 5598 pretiumjudicavimus.

457 5612 620 5674 Suas
648 5589 961 5678 Ja‘mesius
989 5589 1291 5679 vindicias
1320 5589 1738 5698 Gregorianas
1769 5589 2011 5684 orditur
2038 5615 2118 5680 ab
2147 5589 2285 5678 illis
2321 5611 2529 5679 verbis
2574 5605 2853 5692 epistolae
2900 5603 2983 5669 ad
3026 5604 3314 5665 sanctum
3341 5589 3725 5667 Leandrum,
3758 5602 3897 5668 quas
