4088 6172
202 281 266 338 21
1488 271 1906 335 PREFATIO
1949 273 2414 337 GENERALIS.
3640 278 3718 339 92

204 416 426 495 legitur
457 420 602 476 ante
631 411 962 476 Moralium
995 410 1226 471 libros:
1261 407 1618 471 Saecularem
1653 407 1921 470 habitum
1970 417 2338 469 contemnere
2367 408 2577 469 melius
2611 414 2847 489 putavi,
2880 426 3020 488 quas
3051 409 3138 472 sic
3169 411 3461 472 emendat
3491 427 3568 471 ex
3599 413 3724 470 An-

203 516 457 593 glicanis
493 517 662 585 Mss,
697 510 967 572 sxculari
1000 509 1207 570 habitu
1236 507 1464 586 contegi
1496 511 1705 567 melius
1750 509 1980 587 putavi.
2023 508 2199 578 Quod
2246 508 2333 567 sic
2381 510 2686 569 Jamesius
2717 509 3074 581 correxerit,
3107 527 3232 570 non
3275 510 3724 588 vituperamus,

203 614 284 674 ita
314 615 482 674 enim
514 613 845 691 legendum
880 629 954 671 ex
990 627 1180 670 manu
1213 608 1483 668 exaratis
1514 607 1844 667 Codicibus
1878 609 2166 667 fatemur.
2201 612 2278 668 At
2313 608 2451 685 quis
2481 607 2614 685 ejus
2666 609 3116 686 impudentiam
3168 629 3292 670 non
3339 627 3504 688 aegre
3548 610 3724 680 ferat,

208 714 345 772 dum
380 714 462 772 ad
500 711 743 771 tantilla
774 708 861 769 sic
890 710 1234 768 exclamat:
1271 706 1418 766 Hem
1476 705 1766 767 Romanos
1823 715 2201 776 correctores,
2267 706 2355 764 vel
2403 713 2685 784 pro/unos
2731 710 2930 786 potius
2983 718 3359 785 corruptores
3392 707 3732 767 librorum!

209 813 407 888 Agunt
438 810 746 870 nobiscum
775 828 888 869 non
917 808 1066 887 ﬁdes
1097 807 1387 882 Romana,
1422 806 1526 865 hoc
1554 816 1657 876 est,
1693 809 1916 885 Optima
1947 815 2001 864 et
2048 811 2321 885 antiqua,
2353 805 2456 866 sed
2496 806 2617 883 ﬁde
2648 806 2904 878 Punica,
2936 808 3186 887 perﬁde,
3218 808 3493 868 scelerate
3523 814 3733 866 cuncta

211 909 596 970 immutando.
629 909 818 977 Quasi
847 926 992 968 vero
1022 907 1306 969 lectionis
1335 904 1524 982 hujus
1554 911 1840 965 auctores
1868 905 1990 964 sint
2019 905 2291 965 Romani
2336 905 2644 977 Editores,
2696 925 2832 984 qua:
2864 907 3152 968 videlicet
3199 907 3506 985 reperitur
3535 904 3599 964 in
3631 920 3734 964 ve-

211 1007 574 1068 tustioribus
604 1006 769 1068 Edit.
819 1005 1182 1074 Basileensi,
1231 1022 1335 1065 an.
1369 1006 1545 1077 1514,
1607 1011 1667 1064 et
1698 1003 2052 1080 Parisiensi,
2087 1021 2186 1065 an.
2254 1005 2436 1064 1518.
2495 1003 2686 1064 Libro
2743 1021 2939 1068 xxvm
2999 1004 3246 1079 Moral.,
3281 1023 3336 1065 c.
3387 1007 3444 1077 1,
3477 1002 3730 1081 legitur,

212 1107 429 1167 mendo
464 1105 930 1185 typographico
958 1121 972 1164 :
1012 1102 1154 1164 Vidi
1177 1122 1407 1164 servum
1436 1120 1623 1163 meum
1651 1101 1766 1162 Job
1795 1102 1940 1180 (Job
1969 1119 2014 1174 ι,
2047 1103 2132 1182 8),
2162 1120 2278 1181 pro
2327 1101 2571 1172 vidisti;
2601 1104 2681 1165 ad
2721 1122 2859 1182 qua;
2909 1111 3199 1182 proterve
3227 1102 3539 1166 Jamesius
3571 1118 3587 1162 :
3620 1099 3739 1161 Est

211 1214 542 1284 corruptus,
596 1202 820 1281 inquit,
875 1211 1067 1264 textus
1119 1211 1182 1261 ut
1231 1201 1374 1278 fieri
1418 1209 1578 1262 amat
1624 1219 1660 1263 a
1707 1201 2012 1262 Romanis.
2079 1201 2273 1261 Nemo
2323 1219 2449 1261 non
2480 1201 2649 1262 videt
2679 1204 2974 1263 mendum
3008 1201 3128 1262 hoc
3148 1201 3501 1265 inconsulto
3533 1200 3737 1278 irrep-

213 1303 374 1376 sisse,
422 1319 628 1381 neque
677 1301 984 1380 conjicere
1049 1300 1192 1361 licet
1251 1299 1400 1379 quid
1449 1317 1653 1362 causa;
1701 1299 1916 1361 fuisset
1982 1299 2278 1362 Romanis
2342 1299 2702 1362 Editoribus
2763 1301 3031 1380 legendi,
3094 1300 3221 1362 vidi
3283 1300 3493 1382 potius
3543 1315 3735 1378 quam

214 1400 423 1462 vidisti.

285 1501 415 1559 Non
445 1499 814 1560 inﬁciamur
844 1505 1051 1560 tamen
1083 1500 1366 1560 Romana
1395 1498 1458 1559 in
1489 1496 1775 1558 Editione
1796 1497 2066 1577 plurima
2118 1498 2240 1577 legi
2289 1515 2466 1561 secus
2515 1516 2588 1559 ac
2619 1499 2910 1572 debeant,
2944 1500 3114 1578 quod
3141 1518 3256 1580 pro
3287 1517 3461 1561 more
3489 1503 3737 1578 tempo-

217 1615 343 1656 rum
372 1597 632 1657 illorum
659 1604 790 1657 tum
822 1598 984 1675 apud
1017 1596 1428 1669 orthodoxos,
1460 1603 1594 1656 tum
1624 1597 1793 1675 apud
1823 1595 2151 1658 haereticos
2173 1596 2617 1676 receptissimo,
2651 1598 2950 1675 neglectis
2982 1616 3128 1659 mss.
3161 1597 3514 1671 Codicibus,
3548 1595 3740 1677 pluri-

219 1714 373 1755 mum
404 1697 787 1774 conjecturis
818 1696 1267 1773 indulgeretur.

289 1797 354 1856 V.
389 1795 578 1856 Novae
607 1795 923 1856 Editionis
951 1794 1262 1855 consilium
1295 1814 1430 1856 mss.
1469 1794 1614 1858 Cod.
1650 1813 1777 1875 ope.
1819 1829 1883 1840 —
1921 1797 2073 1855 Cum
2104 1794 2315 1875 itaque
2364 1796 2561 1856 multa
2609 1795 2950 1857 desiderari
2999 1796 3254 1874 liqueat,
3295 1795 3424 1857 sive
3455 1795 3536 1857 ad
3566 1794 3730 1856 inte-

220 1893 520 1972 gritatem,
554 1894 687 1955 sive
720 1894 798 1954 ad
832 1894 1275 1972 perfectionem
1306 1892 1608 1954 Editionis
1630 1894 2132 1956 aGussanvillaao
2153 1903 2464 1956 accuratae
2510 1894 2680 1974 (licet
2709 1895 2990 1956 omnium
3041 1893 3558 1974 prtaestantissima
3589 1911 3736 1955 cen-

223 1991 480 2070 seatur);
514 1992 599 2052 ad
637 1990 1031 2053 emendanda
1061 2009 1136 2053 ex
1167 2009 1315 2050 mss.
1366 1991 1734 2066 Codicibus;
1788 1992 1975 2067 notis,
2030 1993 2135 2052 ubi
2183 1993 2544 2054 necessariae
2591 1993 2739 2053 visa:
2791 2002 2954 2066 sunt,
3005 1993 3421 2069 illustranda;
3455 1999 3517 2054 et
3561 1991 3739 2053 novis

224 2090 375 2168 typis
401 2090 648 2152 edenda
680 2091 961 2168 Gregorii
991 2091 1194 2168 Magni
1231 2109 1422 2169 opera
1453 2092 1704 2152 tandem
1756 2110 1869 2152 nos
1917 2091 2342 2153 accinximus:
2391 2091 2814 2173 adhibitisque
2862 2092 3148 2172 plurimis
3177 2111 3210 2152 e
3248 2100 3462 2153 nostra
3491 2090 3740 2169 potissi-

231 2207 381 2249 mum
413 2192 906 2270 congregatione
936 2191 1144 2262 sociis,
1175 2191 1456 2252 Doctoris
1489 2190 1701 2253 eximii
1727 2191 1958 2270 scripta
1988 2191 2197 2253 omnia
2229 2193 2610 2254 contulimus
2633 2195 2712 2254 ad
2743 2193 3103 2254 innumeros
3128 2210 3284 2273 pene
3314 2191 3566 2272 optima:
3593 2188 3738 2251 fidei

223 2287 456 2350 Codices
488 2307 686 2350 manu
723 2295 1032 2351 exaratos.

294 2388 411 2448 Hoc
440 2387 588 2451 loco
618 2389 696 2450 de
726 2405 872 2450 mss.
907 2389 1212 2451 librorum
1263 2388 1637 2451 auctoritate
1686 2408 1758 2450 ac
1789 2389 1911 2451 fide
1965 2390 2264 2452 disserere
2320 2391 2819 2470 supersedemus,
2871 2409 3028 2471 quas
3073 2389 3225 2469 ipsis
3257 2388 3505 2470 egregie
3536 2405 3737 2468 nuper

225 2486 462 2547 asseruit
493 2493 713 2548 noster
735 2489 1008 2549 Joannes
1034 2487 1436 2548 Mabillonius
1466 2488 1528 2547 in
1560 2489 2010 2567 Supplemento
2041 2489 2186 2550 libri
2215 2490 2292 2551 de
2325 2492 2411 2550 Re
2440 2489 2878 2568 Diplomatica,
2914 2507 3053 2568 cap.
3092 2492 3188 2550 13.
3223 2488 3452 2550 Eorum
3484 2503 3735 2566 quoque

228 2582 532 2646 utilitatem
570 2584 852 2664 impense
881 2585 1095 2648 laudat
1125 2585 1522 2648 doctissimus
1547 2587 1604 2649 J.
1634 2588 2004 2649 Sirmondus
2034 2606 2068 2651 e
2097 2589 2397 2650 societate
2442 2590 2588 2651 Jesu
2621 2588 2685 2648 in
2714 2589 3133 2649 Antirrhetico
3171 2588 3468 2649 adversus
3498 2587 3568 2646 P.
3600 2589 3733 2646 Au-

226 2679 420 2741 relium
449 2681 656 2758 (Tom.
691 2683 981 2745 [Vnovz
1009 2682 1134 2745 Ed.
1169 2683 1247 2744 P.
1281 2683 1358 2744 de
1389 2685 1448 2745 la
1482 2687 1748 2758 Beaune,
1781 2706 1842 2746 η.
1875 2688 1934 2763 9,
1991 2705 2056 2765 ρ.
2113 2687 2279 2765 266).
2339 2687 2518 2747 Certe
2569 2686 2819 2747 nonnisi
2851 2685 3135 2746 adhibita
3163 2693 3445 2747 veterum
3478 2683 3732 2744 illorum

229 2778 496 2840 Codicum
530 2781 669 2843 face
699 2800 842 2860 spes
875 2781 999 2843 ulla
1031 2791 1122 2844 est
1153 2782 1528 2844 emendandi
1573 2794 1931 2846 sanctorum
1967 2785 2225 2846 Patrum
2269 2802 2486 2863 opera,
2533 2785 2596 2844 in
2644 2785 2872 2862 quibus
2911 2783 3294 2862 castigandis
3325 2789 3563 2861 quanta
3586 2780 3732 2842 dili-

226 2878 431 2952 gentia,
467 2888 750 2958 quantus
780 2882 1137 2959 requiratur
1168 2882 1381 2944 labore
1411 2885 1646 2963 optime
1673 2885 1887 2947 edocet
1919 2886 2209 2945 Erasmus
2253 2884 2315 2944 in
2364 2886 2544 2963 epist.
2578 2885 2656 2944 ad
2689 2886 3058 2945 Waramum
3097 2880 3605 2944 Cantuariensem
3637 2897 3738 2941 ar-

227 2976 676 3059 chiepiscopum
705 2999 718 3042 :
759 2981 952 3044 Unum
982 2984 1163 3056 illud,
1199 2983 1424 3064 inquit,
1451 2994 1516 3044 ut
1549 3003 1680 3044 vere
1719 2985 1913 3045 dicam
1944 2995 2003 3044 et
2032 2984 2338 3052 audacter,
2376 2987 2625 3044 minoris
2655 2983 2925 3044 arbitror
2967 2982 3336 3061 Hieronymo
3366 3000 3495 3042 suos
3525 2982 3740 3042 consti-

226 3078 336 3134 tisse
363 3077 551 3138 libros
582 3079 864 3154 conditos,
901 3100 1078 3162 quam
1107 3082 1278 3143 nobis
1332 3087 1654 3161 restitutos,
1687 3095 1741 3144 et
1791 3083 2174 3164 paucioribus
2231 3084 2458 3163 vigiliis
2500 3082 2664 3163 apud
2699 3082 2873 3143 illum
2922 3092 3088 3144 natos
3116 3084 3326 3163 fuisse,
3361 3098 3539 3162 quam
3571 3077 3734 3159 apud

226 3191 309 3233 nos
358 3189 622 3240 renatos.
686 3181 864 3241 Hunc
922 3181 1197 3242 laborem
1253 3181 1419 3244 infra
1475 3193 1799 3262 comparat
1854 3183 2160 3245 Herculeo
2219 3182 2316 3244 bis
2357 3182 2563 3243 verbis
2615 3197 2631 3244 :
2692 3180 2818 3242 Nec
2873 3186 3040 3241 enim
3097 3178 3455 3242 tantumdem
3515 3176 3737 3239 laboris

226 3273 580 3338 erantlatum
636 3279 900 3341 arbitror
960 3282 1020 3340 in
1070 3279 1280 3361 paucis
1335 3280 1685 3343 edomandis
1749 3280 2044 3356 monstris,
2111 3300 2298 3362 quam
2352 3280 2510 3342 mihi
2574 3285 2642 3340 in
2701 3278 2971 3340 tollendis
3044 3288 3128 3340 tot
3181 3276 3536 3340 mendarum
3591 3274 3734 3336 mil-

229 3368 385 3434 libus.

293 3470 382 3532 Vl.
417 3474 576 3548 Quos
607 3474 984 3539 habuerimus
1032 3478 1358 3559 adjutores.
1414 3514 1492 3525 —
1541 3483 1738 3542 Porro
1784 3480 2009 3559 quibus
2058 3479 2152 3540 usi
2202 3478 2501 3540 fuerimus
2552 3497 2700 3538 mss.
2752 3477 2872 3538 hac
2911 3476 2974 3537 in
3025 3474 3394 3555 praefatione
3425 3486 3742 3534 recensere

235 3583 337 3628 non
381 3583 469 3634 est
516 3593 702 3653 opus,
754 3595 896 3638 cum
943 3577 1007 3639 in
1035 3579 1296 3657 singulis
1348 3580 1882 3642 admonitionibus
1932 3581 2182 3659 praeviis
2227 3581 2307 3639 ad
2361 3578 2682 3657 quodlibet
2731 3595 2995 3658 operum
3028 3573 3405 3637 sanctissimi
3434 3570 3740 3644 Doctoris,

235 3665 582 3740 quibuscum
615 3675 933 3736 veteribus
963 3677 1294 3739 Codicibus
1325 3679 1622 3741 collatum
1649 3679 1748 3752 sit,
1783 3697 2278 3742 commemorare
2306 3677 2626 3756 sigillatim
2671 3675 2854 3737 nobis
2900 3693 3065 3738 curse
3095 3673 3302 3735 fuerit.
3336 3672 3504 3743 Quos
3533 3675 3745 3729 autem

232 3778 257 3820 e
285 3775 478 3830 nostra
505 3774 994 3850 congregatione
1021 3775 1342 3853 adjutores
1375 3779 1779 3840 habuerimus
1808 3779 1870 3838 in
1907 3779 2021 3839 hac
2052 3779 2352 3839 librorum
2399 3795 2774 3838 excusorum
2821 3793 2964 3835 cum
3018 3791 3207 3834 manu
3240 3769 3514 3835 exaratis
3542 3766 3742 3828 colla-

237 3857 382 3926 tione
409 3868 735 3945 publicare
763 3873 962 3933 nostri
993 3891 1118 3934 non
1148 3881 1242 3936 est
1269 3874 1560 3938 instituti.
1593 3880 1965 3938 Asseverare
1995 3874 2260 3936 sufﬁciat
2285 3875 2366 3936 ad
2396 3875 2460 3934 id
2491 3875 2697 3952 operis
2719 3875 2992 3937 delectos
3021 3871 3211 3934 fuisse
3240 3870 3458 3931 doctos
3477 3865 3742 3944 diligen-

238 3971 422 4047 tesque
451 3969 643 4044 viros,
680 3990 948 4050 quorum
982 3974 1266 4036 nonnulli
1290 3974 1423 4054 jam
1455 3975 1635 4037 editis
1664 3975 1840 4036 libris
1869 3976 1930 4035 in
1966 3973 2284 4052 republica
2335 3973 2640 4034 litteraria
2688 3982 2784 4033 sat
2831 3978 2977 4031 sunt
3007 3969 3161 4030 neti.
3197 3970 3406 4030 Unum
3437 3967 3746 4026 duntaxat

234 4062 341 4139 jam
369 4086 399 4128 e
427 4067 584 4131 vivis
616 4071 953 4146 sublatum,
985 4074 1133 4134 dum
1169 4078 1383 4135 Romae
1407 4076 1828 4155 procuratoris
1879 4075 2086 4136 officio
2133 4092 2245 4153 pro
2289 4083 2504 4134 nostra
2555 4070 3042 4149 congregatione
3073 4069 3457 4144 fungeretur,
3490 4061 3744 4141 proprio

243 4165 464 4226 nomine
495 4166 965 4245 designabimus
994 4172 1066 4231 D.
1100 4173 1430 4234 Claudium
1460 4173 1806 4247 Estiennot,
1843 4174 1950 4252 qui
1985 4175 2042 4233 in
2092 4171 2482 4236 recensendis
2512 4169 2829 4232 Vaticana».
2858 4166 3258 4229 bibliothecae
3289 4180 3436 4223 mss.
3475 4157 3743 4220 maxime

243 4260 485 4340 ltegistri
516 4265 939 4343 Epistolarum
970 4277 1287 4332 strenuam
1321 4271 1502 4332 nobis
1532 4274 1786 4336 navavit
1835 4290 2112 4353 operam.
2162 4274 2256 4333 Ex
2303 4270 2518 4332 amicis
2559 4269 2668 4348 qui
2706 4269 2828 4330 hoc
2856 4268 2922 4329 in
2951 4266 3166 4328 labore
3197 4261 3484 4344 improbo
3513 4276 3744 4340 suppe-

240 4357 340 4419 tias
367 4362 542 4424 nobis
565 4365 862 4446 tulerunt,
906 4370 1222 4450 praecipue
1283 4372 1700 4452 appellandus
1756 4379 1846 4433 est
1902 4374 1997 4434 vir
2050 4371 2551 4451 religiosissimus
2607 4372 2682 4431 D.
2715 4370 2986 4431 Joannes
3014 4364 3295 4446 Baptista
3323 4362 3401 4424 de
3429 4357 3740 4440 Noyville,

242 4462 573 4523 monasterii
602 4463 797 4524 Vallis
827 4465 1046 4535 Clarae,
1081 4467 1144 4528 in
1172 4487 1336 4549 pago
1370 4471 1791 4541 Laudunensi,
1825 4471 2060 4533 ordinis
2087 4470 2507 4532 Cisterciensis
2537 4468 2820 4530 arctioris
2857 4472 2917 4528 et
2965 4462 3293 4527 sanctioris
3330 4458 3745 4523 observantia

243 4561 606 4634 Prapositus,
632 4560 738 4641 qui
769 4582 895 4624 non
925 4567 1126 4628 solum
1159 4569 1366 4631 varias
1421 4571 1838 4650 plurimorum
1889 4571 2186 4633 Codicum
2247 4571 2543 4632 lectiones
2574 4588 2612 4628 a
2668 4587 2731 4630 se
2760 4571 3084 4645 excerptas
3131 4564 3213 4624 ad
3269 4581 3381 4624 nos
3413 4559 3603 4638 misit,
3634 4558 3742 4619 sed

246 4668 377 4728 pene
429 4658 701 4736 integros
756 4665 1011 4741 propria
1068 4667 1409 4749 descriptos
1477 4689 1667 4731 manu
1723 4671 2214 4732 communicavit
2266 4669 2615 4729 nobiscum.
2669 4669 2931 4745 Insuper
2985 4663 3218 4725 indices
3274 4667 3406 4721 tum
3459 4658 3740 4718 locorum

243 4758 446 4814 sanctae
501 4757 860 4837 Scriptura,
919 4767 1049 4824 tum
1109 4784 1314 4828 rerum
1376 4769 1878 4830 memorabilium
1937 4777 1996 4829 et
2053 4768 2500 4829 sententiarum
2559 4766 3023 4844 copiosissimos
3074 4763 3140 4822 in
3194 4761 3219 4820 1
3267 4763 3512 4819 tomum
3559 4762 3620 4816 et
3674 4754 3739 4813 in

249 4845 448 5007 “larum
499 4853 1046 4924 Sacramentorum
1093 4868 1413 4928 contexuit
1463 4885 1477 4940 ;
1539 4868 1693 4929 alios
1742 4874 1950 4929 autem
2003 4868 2309 4944 ὶηοωρῖοε
2366 4865 2688 4926 absolvere
2747 4881 2874 4924 non
2939 4858 3219 4940 permisit
3265 4857 3517 4918 inﬁrma
3571 4849 3742 4914 vale-

249 4951 295 5004 tu
339 4966 393 5007 ο.

245 4951 393 5008 tudo.

311 5045 426 5108 νυ.
462 5049 615 5124 Quos
646 5051 1036 5132 benefactores
1063 5063 1300 5142 experti
1330 5069 1533 5126 simus.
1567 5099 1643 5112 —
1677 5067 1969 5144 Magnam
1999 5071 2277 5125 veterum
2325 5062 2624 5124 Codicum
2673 5059 3120 5140 supellectilem
3152 5053 3331 5116 nobis
3370 5047 3735 5128 suppedita-

246 5157 437 5242 verunt
481 5149 1153 5228 bibliothecae/nostris,
1189 5171 1247 5221 et
1295 5163 1435 5224 alia
1485 5163 1796 5242 plurimae,
1848 5163 2188 5242 praesertim
2237 5161 2632 5232 Parisienses,
2693 5159 2905 5237 Regia,
2961 5152 3339 5220 Colbertina,
3389 5147 3731 5219 Victorius,

251 5240 585 5309 Telleriana.
621 5251 765 5312 Mss.
799 5255 1198 5322 bibliOIhecm
1229 5267 1419 5340 regias
1450 5240 1697 5343 copiam
1731 5240 2067 5324 habuimus
2091 5264 2335 5324 favente
2366 5261 2785 5322 illustrissimo
2817 5258 3043 5317 abbate
3073 5250 3141 5314 de
3173 5249 3427 5313 Louvois
3456 5247 3735 5327 ejusdem

257 5345 536 5415 prafecto,
589 5351 692 5427 qui
740 5351 1144 5419 illustrissimi
1187 5363 1395 5440 patrui
1442 5361 1898 5441 archiepiscopi
1945 5363 2244 5441 ducisque
2288 5359 2654 5421 Rheme'isis
2703 5353 2976 5431 vestigiis
3025 5351 3336 5426 insistens,
3392 5366 3538 5426 erga
3570 5347 3733 5405 litte-

257 5444 401 5541 ratos
427 5464 628 5507 omnes
659 5468 1036 5529 propensum
1068 5477 1130 5518 se
1162 5459 1635 5540 beneﬁcumque
1667 5463 1914 5541 probat.
1941 5462 2300 5522 Colbertina
2332 5475 2580 5538 semper
2603 5454 2783 5516 nobis
2828 5453 3031 5532 patuit
3056 5452 3232 5532 jussu
3265 5457 3326 5512 et
3352 5445 3736 5524 benignitate

253 5535 615 5641 illustrissimi
645 5549 1177 5635 Rothomagensis
1231 5535 1709 5641 archiepiscopi,
1771 5561 1871 5622 cui
1927 5560 2127 5622 multa
2181 5559 2306 5620 alia
2351 5535 2487 5618 nos
2519 5555 2747 5618 debere
2804 5551 2970 5615 ultro
3028 5552 3420 5615 confitemur.
3478 5543 3735 5606 Codices

258 5636 415 5701 nobis
438 5639 786 5712 indicarunt
815 5656 876 5714 et
931 5654 1383 5722 ofﬁciosissime
1438 5636 1996 5724 subministrarunt
2049 5658 2113 5720 in
2166 5657 2341 5737 regia
2396 5653 2776 5718 bibliotheca
2829 5652 2906 5714 cl.
2944 5651 3059 5715 viri
3103 5646 3479 5712 Clementius
3507 5648 3568 5707 et
3597 5640 3734 5703 Boi-
