4088 6172
252 249 332 310 2³
1542 261 1964 326 PREFATIO
2009 259 2468 325 GENERALIS.
3686 266 3764 324 24

252 392 456 454 vinius
515 412 530 468 ;
590 395 653 455 in
713 397 1068 460 Colbertina
1122 399 1434 474 Baluzius,
1496 408 1554 462 et
1612 402 1716 481 qui
1775 402 1889 481 ipsi
1947 401 2239 462 successit
2297 401 2358 460 in
2403 397 2588 476 hujus
2618 397 3012 461 bibliotheca
3070 401 3438 479 praefectura
3495 403 3764 472 Querce-

251 494 460 552 tanus.

329 589 457 650 VII.
497 589 654 664 Quid
682 590 793 654 hac
842 597 904 654 in
962 595 1316 657 Editionea
1374 597 1545 659 nobis
1597 604 1956 676 praestitum.
2018 633 2094 641 —
2146 599 2344 656 Tanta
2400 602 2675 657 veterum
2734 595 3040 656 librorum
3098 597 3278 674 copia
3333 595 3534 668 dilati,
3598 613 3769 655 acce-

252 689 542 749 dentibus
598 689 783 752 etiam
844 694 1286 756 vetustioribus
1343 695 1761 774 Editionibus,
1820 697 1973 756 nihil
2022 695 2342 774 antiquius
2381 694 2472 773 (α)
2530 693 2886 769 habuimus,
2949 694 3024 754 ad
3084 695 3412 772 Augustini
3477 700 3765 766 mentem,

250 804 436 864 quam
466 787 742 867 Gregorii
776 792 974 869 Magni
998 811 1215 853 sensus
1242 800 1299 854 et
1331 794 1532 872 ipsam
1566 799 1626 854 et
1653 794 1844 854 verba
1903 793 1980 854 ab
2013 793 2186 854 omni
2245 798 2355 853 aut
2401 791 2799 852 librariorum
2833 791 3341 869 interpolatione,
3377 797 3436 852 et
3467 791 3768 852 allucina-

250 883 442 959 tione,
475 891 581 945 aut
611 889 1151 968 typographorum
1187 890 1554 970 corruptelis
1585 897 1925 970 repurgata
1957 897 2426 970 reprasentare.
2478 889 2595 952 Ubi
2645 896 2854 950 tamen
2908 909 2942 948 a
2991 890 3160 965 prius
3187 888 3449 968 receptis
3483 888 3765 950 lectioni-

245 979 363 1040 bus
393 983 682 1044 recedere
740 1005 853 1046 nos
906 989 1110 1065 coegit
1170 990 1310 1049 Mss.
1373 1007 1712 1050 consensus
1769 990 1894 1050 fere
1951 987 2261 1049 unanimis
2321 987 2515 1066 (quod
2559 1005 2721 1065 sape
2763 985 3026 1065 factum)
3074 986 3371 1047 lectiones
3413 985 3678 1063 rejectas
3707 986 3770 1045 in

247 1077 542 1140 brevibus
595 1083 758 1142 notis
815 1084 1214 1162 subjecimus,
1275 1095 1337 1147 et
1394 1106 1541 1147 mss.
1593 1087 1848 1148 Codices
1886 1086 2176 1165 aquibus
2233 1085 2670 1164 reprobantur,
2707 1085 3138 1145 indicavimus.
3174 1085 3557 1163 Quandoque
3592 1083 3770 1144 nulla

248 1175 312 1234 in
365 1182 537 1237 textu
597 1181 941 1243 mutatione
999 1185 1184 1256 facta,
1269 1184 1472 1245 varias
1530 1185 1826 1246 lectiones
1872 1184 2033 1244 infra
2089 1183 2414 1244 columnas
2471 1181 2894 1260 ascripsimus.
2953 1185 3065 1242 Sec
3121 1181 3475 1242 restitutum
3538 1198 3767 1258 magno

248 1274 486 1350 labore,
547 1279 896 1358 majorique
951 1282 1072 1343 fide
1129 1283 1495 1361 Gregorium
1570 1284 1864 1360 Magnum
1935 1281 2044 1343 tibi
2108 1282 2451 1358 offerimus,
2509 1280 2604 1358 pie
2663 1298 2734 1338 ac
2808 1279 3144 1341 christiana
3202 1279 3418 1340 lector.
3479 1279 3545 1339 Si
3601 1278 3768 1338 enim

250 1372 368 1432 hoc
400 1373 481 1453 (ὁ)
516 1375 692 1437 titulo
724 1377 1186 1456 insigniendum
1220 1382 1460 1460 putavit
1489 1401 1633 1441 suas
1657 1381 2074 1458 Gregorianas
2106 1379 2408 1442 vindicias
2437 1377 2712 1439 Thomas
2738 1377 3070 1450 Jamesius,
3093 1378 3205 1438 etsi
3236 1379 3340 1440 vix
3364 1376 3766 1437 centesimam

249 1469 556 1532 factarum
591 1491 626 1534 a
657 1475 837 1536 nobis
867 1476 1328 1540 restitutionum
1361 1485 1603 1558 partem
1636 1478 1996 1542 contineant
2025 1496 2040 1552 ;
2074 1496 2264 1557 quam
2294 1476 2522 1558 potiori
2545 1476 2689 1556 jure
2721 1475 3078 1538 novissima
3111 1475 3256 1536 huic
3287 1474 3555 1536 Editioni
3586 1475 3769 1536 debe-

249 1573 371 1627 tur.

330 1666 569 1731 Prater
596 1677 773 1734 notas
805 1675 1031 1752 quibus
1061 1682 1172 1736 aut
1201 1676 1390 1738 varia
1447 1676 1746 1740 lectiones
1803 1677 2199 1748 exhibentur,
2253 1682 2360 1736 aut
2390 1675 2856 1737 restitutionum
2909 1677 3217 1736 factarum
3268 1674 3552 1736 redditur
3584 1672 3766 1745 ratio,

249 1764 406 1826 alias
435 1769 818 1834 attexuimus
851 1772 929 1832 ad
964 1773 1102 1834 loca
1132 1773 1527 1847 illustranda,
1557 1775 1664 1837 sed
1696 1777 1932 1848 breves,
1969 1793 2046 1836 ne
2076 1775 2214 1854 plus
2266 1793 2525 1836 onerare
2577 1779 2839 1845 textum,
2901 1793 3086 1854 quam
3138 1791 3362 1835 ornare
3393 1772 3765 1834 videremur.

248 1865 315 1923 In
351 1864 646 1944 Dialogos
675 1873 910 1944 tamen,
944 1870 1007 1930 in
1038 1872 1373 1951 Epistolas,
1409 1879 1470 1934 et
1498 1873 1562 1933 in
1594 1874 1823 1935 librum
1857 1878 2402 1936 Sacramentorum
2453 1871 2813 1950 ampliores,
2854 1879 2962 1932 aut
2993 1871 3517 1938 elucubravimus,
3553 1875 3661 1930 aut
3690 1869 3769 1930 ab

249 1960 390 2022 aliis
411 1961 545 2040 jam
576 1966 975 2029 elucubratas
1005 1969 1392 2049 collegimus.
1426 1973 1562 2044 Qua
1592 1972 1833 2033 ratione
1864 1971 1951 2032 ita
1982 1973 2213 2032 factum
2263 1971 2598 2031 admonere
2629 1989 2754 2032 non
2805 1968 3318 2048 pratermisimus
3346 1969 3408 2029 in
3443 1967 3770 2048 praefatio-

248 2058 434 2119 nibus
463 2061 540 2121 ad
573 2062 817 2142 singula
848 2067 1223 2128 sanctissimi
1255 2069 1538 2130 Doctoris
1571 2088 1761 2148 opera
1793 2068 2062 2149 praviis.
2094 2071 2268 2128 Nunc
2318 2086 2464 2128 vero
2508 2087 2632 2147 quo
2679 2067 2897 2129 ordine
2944 2067 3052 2128 illa
3085 2069 3328 2128 fuerunt
3361 2085 3398 2126 a
3430 2065 3610 2126 nobis
3640 2065 3769 2124 dis-

249 2157 452 2234 posita
482 2158 851 2224 docendum.

329 2255 484 2317 VIII.
525 2257 728 2319 Totius
755 2262 952 2341 operis
981 2262 1324 2325 distributio
1356 2271 1426 2326 in
1455 2276 1712 2347 quatuor
1742 2277 1939 2326 tomos.
1977 2299 2050 2310 —
2096 2265 2306 2328 Sancti
2354 2263 2635 2342 Gregorii
2680 2262 2889 2342 Magni
2916 2281 3107 2343 opera
3155 2268 3430 2342 quatuor
3472 2261 3535 2321 in
3567 2267 3773 2321 tomos

246 2350 680 2416 distribuimus
715 2357 756 2417 “.
801 2360 1000 2420 Priori
1031 2365 1201 2422 tomo
1242 2363 1642 2424 continentur
1687 2364 2021 2442 Exegetica
2051 2364 2112 2423 in
2162 2381 2402 2424 sacram
2450 2361 2879 2440 Scripturam;
2915 2360 3150 2422 scilicet
3198 2359 3524 2421 Moralium
3557 2358 3616 2419 in
3647 2355 3767 2418 Job

247 2448 392 2510 libri
421 2451 676 2531 triginta
701 2456 1002 2536 quinque.
1038 2461 1452 2522 Homiliarum
1485 2461 1546 2522 in
1599 2460 1983 2523 Ezechielem
2035 2460 2405 2540 prophetam
2463 2459 2605 2519 libri
2657 2459 2805 2530 duo,
2862 2465 2924 2521 et
2969 2459 3228 2519 totidem
3262 2456 3670 2518 Homiliarum
3705 2454 3768 2514 in

246 2548 614 2629 Evangelia.
651 2553 759 2613 liis
789 2555 1041 2633 quidem
1100 2559 1446 2637 Exegeticis
1498 2559 1813 2621 accenseri
1871 2559 2218 2638 potuissent
2274 2557 2774 2619 Commentarios
2801 2557 2866 2616 in
2906 2557 3135 2617 librum
3168 2559 3188 2617 l
3226 2558 3485 2634 Regum,
3514 2551 3770 2632 Exposi-

247 2645 448 2706 tiones
494 2647 557 2708 in
616 2651 892 2726 Cantica,
955 2661 1015 2715 et
1068 2653 1131 2714 in
1189 2662 1426 2736 septem
1478 2656 1762 2718 Psalmos
1826 2655 2307 2736 pauitantiales.
2365 2659 2445 2716 At
2499 2655 2669 2734 prior
2724 2661 2934 2715 tomus
2982 2659 3075 2715 tot
3128 2652 3456 2731 complecti
3519 2650 3771 2711 minime

242 2749 538 2820 poterat;
593 2747 973 2830 insuperque
1031 2761 1538 2815 commemorata
1596 2755 2100 2816 elucubrationes
2157 2772 2283 2815 non
2341 2760 2485 2814 sunt
2540 2753 2628 2814 ita
2682 2753 2956 2831 genuina
3006 2752 3206 2812 sancti
3237 2749 3518 2828 Gregorii
3549 2767 3766 2828 opera,

244 2846 311 2900 ut
373 2844 576 2904 omnis
647 2845 1148 2926 interpolationis
1222 2859 1506 2931 expertes
1562 2852 1707 2925 sint,
1794 2853 1884 2913 uti
1955 2871 2064 2913 suo
2141 2852 2419 2913 dicemus
2495 2851 2634 2913 loco
2692 2851 2886 2930 (Tom.
2969 2847 3090 2922 Ill,
3150 2848 3411 2910 secunda
3461 2857 3656 2928 part.,
3709 2848 3770 2905 in

236 2939 474 3019 pra/.).

321 3039 640 3102 Secundus
672 3046 878 3104 tomus
909 3045 1184 3108 continet
1215 3052 1441 3109 catera
1471 3049 1669 3111 sancti
1702 3048 1985 3128 Gregorii
2031 3050 2380 3111 indubitata
2429 3055 2490 3110 et
2520 3066 2821 3127 germana
2868 3065 3062 3128 opera
3094 3068 3109 3119 ;
3151 3046 3281 3107 sive
3307 3047 3388 3107 ad
3420 3043 3766 3113 historiam,

242 3135 370 3198 sive
400 3138 476 3198 ad
509 3140 992 3205 ecclesiasticam
1027 3152 1309 3224 spectent
1341 3147 1736 3226 disciplinam
1771 3170 1786 3220 ;
1823 3149 2061 3210 scilicet
2105 3149 2334 3211 librum
2384 3149 2634 3227 Regula
2667 3147 3030 3219 Pastoralis,
3064 3150 3336 3224 quatuor
3364 3143 3770 3220 Dialogorum

239 3236 456 3310 libros,
491 3245 552 3300 et
585 3241 935 3319 Registrum
972 3244 1418 3323 Epistolarum,
1453 3249 1554 3309 cui
1584 3248 1836 3311 brevem
1871 3247 2251 3328 subjecimus
2290 3248 2722 3326 appendicem,
2758 3253 2818 3308 et
2846 3245 3220 3324 multiplices
3247 3243 3507 3305 indices.
3538 3244 3625 3303 De
3655 3240 3770 3302 ad-

241 3336 388 3396 ditis
417 3337 564 3400 huic
597 3341 880 3419 Registro
910 3344 1119 3404 multis
1168 3347 1478 3425 Epistolis,
1534 3348 1938 3427 ejusdemque
1988 3348 2207 3410 ordine
2253 3348 2540 3408 restituto
2590 3347 2853 3425 legenda
2883 3353 3029 3409 sunt
3061 3364 3199 3424 qua
3230 3363 3344 3424 pro
3375 3343 3492 3403 hac
3522 3341 3771 3403 restitu-

241 3437 412 3498 tione
439 3439 767 3501 attulimus
797 3450 1189 3520 argumenta.

318 3537 561 3598 'I‘ertius
593 3546 800 3601 tomus
829 3541 1182 3620 bipartitus,
1220 3545 1410 3622 priori
1443 3551 1620 3624 parte
1651 3546 1902 3608 exhibet
1949 3548 2179 3608 librum
2231 3546 2800 3616 Sacramentorum,
2851 3543 3403 3623 Autiphonarium,
3455 3547 3511 3603 et
3543 3547 3766 3601 catera

240 3633 583 3712 Liturgica,
635 3655 775 3697 cum
825 3641 1386 3703 eruditissimarum
1438 3647 1510 3703 D.
1558 3643 1839 3723 Hugonis
1885 3645 2162 3706 Menardi
2212 3651 2499 3707 notarum
2549 3651 2611 3706 et
2654 3643 3163 3707 Observationum
3212 3641 3588 3712 accessione,
3642 3656 3766 3717 qua

241 3732 561 3795 ditandam
612 3737 775 3798 hanc
822 3757 1050 3800 novam
1097 3741 1622 3819 Gregorianorum
1667 3761 1925 3821 operum
1985 3744 2335 3805 Editionem
2381 3742 2824 3821 judicavimus.
2878 3741 3170 3819 Ejusdem
3212 3739 3366 3800 tomi
3397 3757 3541 3816 pars
3571 3737 3768 3797 altera

243 3831 679 3909 complectitur
705 3837 1234 3898 Commentarium
1269 3839 1328 3898 in
1364 3840 1470 3900 lib.
1509 3842 1530 3902 I
1565 3843 1827 3919 Regum,
1879 3842 2351 3920 Expositionem
2398 3842 2460 3900 in
2509 3841 2765 3902 Cantica
2809 3838 3194 3898 canticorum
3224 3854 3454 3942 magna
3485 3853 3553 3893 ex
3587 3838 3766 3942 parte

243 3935 514 4006 auctam,
548 3931 734 3992 aliam
767 3933 830 3994 iu
854 3941 1090 4015 septem
1124 3935 1403 3998 Psalmos
1453 3938 1934 4018 Expositionem,
1987 3948 2048 3999 et
2089 3937 2502 4000 Concordiam
2547 3935 2965 4014 quorumdam
2997 3951 3191 3994 sacra
3223 3931 3560 4009 Scriptura
3591 3931 3767 3992 tesli~

243 4028 622 4090 moniorum.

323 4127 592 4198 Quartus
621 4132 828 4189 tomus
856 4129 1041 4190 etiam
1075 4132 1234 4193 duas
1287 4133 1345 4194 in
1403 4139 1613 4212 partes
1669 4132 1926 4205 divisus,
1985 4131 2178 4212 priori
2210 4137 2386 4212 parte
2438 4130 2715 4193 continet
2742 4127 3266 4236 sancti-Gregorii
3297 4127 3530 4236 vitam,
3565 4133 3766 4236 turma

241 4221 438 4284 Paulo
468 4224 869 4297 Warnefridi,
905 4234 1034 4288 tum
1062 4248 1100 4289 a
1127 4231 1370 4292 Joanne
1399 4229 1675 4293 Diacono
1705 4231 2026 4310 scriptam,
2060 4237 2120 4292 et
2161 4249 2300 4292 eam
2350 4247 2540 4309 quam
2591 4247 2665 4292 ex
2711 4227 3110 4307 Gregorianis
3139 4225 3486 4306 prasertim
3517 4222 3764 4303 scriptis

243 4336 458 4381 recens
501 4320 969 4386 adornavimus.
1023 4325 1312 4389 Secunda
1357 4337 1531 4408 parte
1577 4329 2132 4409 comprehenditur
2179 4327 2490 4407 genuinus
2533 4327 2840 4400 Paterius,
2891 4325 3094 4405 qualis
3133 4325 3404 4386 habetur
3441 4323 3504 4383 in
3534 4339 3762 4401 quam-

243 4416 530 4496 plurimis
587 4420 836 4500 optima
909 4431 1076 4486 nota
1151 4425 1484 4488 Codicibus
1561 4445 1706 4488 mss.
1775 4433 1836 4487 et
1891 4426 2083 4488 AlulIi
2158 4425 2574 4488 Tornacensis
2647 4423 2940 4486 monachi
3011 4421 3331 4501 Expositio
3387 4420 3453 4482 in
3510 4421 3761 4481 Novum

245 4516 708 4580 Testamentum
760 4539 831 4581 ex
879 4522 1276 4601 Gregorianis
1321 4526 1664 4598 sententiis,
1710 4544 1848 4604 qua
1898 4525 2125 4588 Paterii
2171 4543 2400 4587 nomen
2450 4523 2514 4585 in
2563 4523 2992 4603 superioribus
3033 4521 3225 4582 Editis
3252 4518 3566 4582 immerito
3597 4535 3762 4598 pra-

240 4614 381 4674 fert.

324 4711 428 4774 IX.
480 4715 674 4774 Varia
700 4723 1126 4779 sententiarum
1182 4724 1589 4801 excerptiones
1620 4739 1699 4783 ea:
1734 4727 1803 4785 S.
1871 4721 2160 4800 Gregorii
2217 4721 2485 4801 scriptis.
2546 4753 2621 4766 -
2682 4723 2770 4822 De
2827 4717 2966 4780 aliis
3023 4713 3762 4822 hujusmodilcollectiot

241 4812 426 4873 nibus
480 4813 859 4876 excudendis
919 4817 1170 4878 minime
1228 4820 1573 4880 curandum
1635 4820 2010 4891 censuimus,
2091 4820 2361 4881 maxime
2439 4819 2589 4897 quia
2649 4817 2829 4878 toties
2887 4817 3166 4895 repetita
3222 4812 3422 4874 sancti
3476 4812 3762 4889 Gregorii

241 4910 564 4972 sententia
592 4930 630 4973 a
660 4913 847 4974 variis
879 4915 1316 4977 collectoribus
1347 4919 1819 4991 consarcinata,
1871 4924 1931 4979 et
1977 4924 2285 4978 contexta
2334 4917 2520 4976 tadio
2570 4917 2792 4976 forent.
2845 4917 2921 4975 Et
2949 4931 3098 4974 sane
3146 4910 3426 5018 omnium
3457 4909 3596 5018 vice
3629 4923 3760 4968 esse

240 5017 499 5084 possunt
530 5011 764 5075 indices
795 5013 1074 5075 locorum
1104 5033 1295 5076 sacra
1328 5016 1665 5096 Scriptura
1697 5016 2170 5096 locupletissimi
2199 5035 2235 5077 a
2267 5013 2446 5078 nobis
2492 5012 2722 5091 adjecti
2754 5014 2834 5072 “.
2890 5014 3271 5074 Caterorum
3321 5007 3427 5087 qui
3457 5005 3760 5083 colligen-

314 5225 390 5300 (ᾳ)
421 5227 759 5300 August.,_l.
787 5229 856 5284 de
883 5229 1151 5286 Doctrina
1181 5230 1422 5298 Cbrist.,
1453 5247 1506 5287 c.
1541 5231 1640 5286 M:
1674 5231 1962 5288 Codicibus
1985 5228 2338 5287 emendandis
2364 5227 2626 5300 primitus
2656 5225 2809 5281 debet
2840 5223 3143 5297 invigilare
3169 5219 3401 5278 solertia
3433 5235 3622 5276 eorum
3663 5220 3758 5290 qui

241 5296 819 5381 Scripturasdiuinas
837 5302 1343 5381 nosse-desiderant.
1488 5377 1496 5381 _
1586 5373 1612 5381 _
1791 5377 1800 5381 _
2220 5375 2229 5381 _
2308 5380 2311 5381 ν
2365 5296 2425 5381 “,
2679 5371 2688 5381 ,
2902 5367 2914 5381 .
2963 5296 2998 5378 7.
3062 5364 3094 5381 η
3205 5379 3215 5381 _
3268 5365 3277 5375 .

311 5369 386 5438 (b)
416 5368 760 5443 lnscribijur
789 5370 1026 5426 Jamesii
1060 5391 1205 5443 opus
1231 5391 1244 5430 :
1285 5375 1550 5432 Vindicia
1575 5373 1950 5442 Gregoriana,
1983 5391 2072 5430 seu
2099 5375 2381 5430 restitutus
2404 5371 2712 5428 innumeris
2729 5383 2864 5440 pene
2895 5367 3025 5424 locis
3057 5364 3340 5437 Gregorius
3371 5363 3618 5433 Magnus,
3653 5362 3758 5420 Ge-

241 5454 415 5506 neva,
450 5441 601 5511 apud
648 5441 878 5497 Petrum
911 5449 967 5497 et
993 5441 1274 5500 Jacobum
1304 5447 1528 5514 Chouet,
1558 5447 1714 5502 I625.

314 5539 510 5623 Elide
541 5556 667 5623 qua
700 5541 1103 5623 monuerimus
1134 5543 1287 5623 infra
1309 5547 1424 5623 _c_ol.
1457 5547 1545 5623 37:
1578 5547 1736 5623 Eprr.
2067 5617 2080 5623 ᾳ
2207 5617 2220 5623 _
2382 5615 2395 5623 _
2663 5616 2698 5623 _
2745 5615 2758 5623 _
2834 5611 2848 5623 _
2932 5611 2944 5623 ο
3196 5609 3219 5623 .
3285 5613 3296 5623 ι
3384 5608 3397 5622 .

309 5611 358 5640 "
395 5611 531 5670 Illos
556 5609 632 5669 de
663 5627 817 5671 more
850 5613 1196 5684 omittimus,
1227 5614 1478 5674 indicem
1509 5618 1820 5691 Scriptura
1850 5617 2180 5690 generalem
2203 5617 2264 5675 in
2296 5615 2630 5674 universam
2662 5611 3048 5685 Patrologiam
3078 5609 3422 5670 coniectari.
3453 5609 3610 5668 Eorr.
