4088 6172
315 253 393 313 35
1612 253 1929 316 PREFA']

2230 255 2520 317 'ERALIS
2533 296 2548 314 .
3767 243 3844 302 26

315 387 416 448 dis
443 393 589 466 post
618 386 933 448 Paterium
965 385 1160 447 sancti
1192 387 1472 466 Gregorii
1521 389 1893 452 testimoniis
1938 393 2331 464 insudarunt,
2381 388 2821 455 celeberrimus
2861 390 2952 447 est
3005 385 3159 447 Taio
3191 386 3646 461 Casaraugust.
3682 378 3848 458 epis-

316 503 540 564 copus,
575 485 684 565 qui
715 487 978 546 Romam
1010 485 1088 545 ad
1115 487 1488 564 quarendos
1519 488 1845 549 Moralium
1879 490 2074 553 libros
2105 492 2343 553 venisse
2375 490 2601 549 dicitur
2644 488 2759 547 sub
2805 485 3078 546 Martino
3127 501 3289 563 papa
3318 483 3364 541 I.
3402 482 3509 541 Hic
3541 476 3848 556 excerpsit

316 600 393 642 ex
426 583 596 643 beati
628 581 906 660 Gregorii
940 582 1112 642 libris
1169 583 1629 644 Sententiarum
1691 585 1883 648 libros
1923 589 2223 668 quinque,
2278 588 2538 649 servatis
2588 585 2780 663 ipsius
2811 583 3010 643 sancti
3042 582 3322 643 Doctoris
3352 578 3578 650 verbis,
3608 573 3844 655 paucis,

317 681 426 740 ubi
459 698 534 740 ea
566 681 845 756 deerant,
879 698 951 740 ex
986 686 1201 740 sancto
1259 683 1605 759 Augustino
1663 685 1989 762 suppletis.
2023 689 2288 747 Exstant
2345 685 2505 745 inter
2560 682 2958 744 bibliotheca
3012 681 3330 741 Thuanea
3389 695 3535 737 mss.
3564 673 3848 735 Codices.

315 778 765 839 Praefationem
797 776 988 854 hujus
1043 778 1250 856 operis
1305 778 1385 840 ad
1418 781 1733 851 Quiricum
1776 784 2305 845 Barcinonensem
2367 801 2490 843 una
2547 800 2685 842 cum
2719 779 2911 857 hujus
2959 777 3234 856 episcopi
3292 792 3590 855 responso
3648 769 3844 831 edidit

315 883 539 937 noster
571 874 969 936 Mabillonius
1000 876 1445 937 Analectorum
1495 886 1649 938 tom.
1694 879 2086 958 ll.Ejusdem
2141 881 2466 960 epistolam
2519 880 2594 939 ad
2646 877 2985 954 Eugenium
3035 877 3407 936 Toletanum
3459 870 3847 952 episcopum,

314 990 393 1034 ex
448 973 676 1034 Codice
735 971 1132 1034 bibliotheca
1191 974 1564 1036 Colbertina
1621 977 1882 1038 inseruit
1930 979 2023 1040 vir
2062 979 2140 1040 cl.
2184 979 2403 1058 Steph.
2438 977 2727 1038 Baluzius
2758 974 3302 1035 Miscellaneorum
3336 979 3507 1032 tomo
3555 969 3656 1028 IV.

396 1071 476 1131 Χ.
516 1070 725 1132 Utrum
757 1069 829 1131 S.
866 1069 1086 1130 Doctor
1139 1082 1398 1152 quatuor
1427 1072 1772 1152 Evangelia
1818 1075 2187 1156 explanant,
2241 1087 2296 1136 et
2340 1078 2407 1136 de
2457 1074 2752 1135 Samsone
2795 1074 3132 1151 scripserit.
3179 1104 3253 1115 —
3300 1069 3573 1128 Joannes
3612 1063 3853 1125 Trithe-

314 1168 484 1227 mius
539 1168 604 1228 in
661 1168 1236 1229 Ecclesiasticorum
1291 1171 1679 1248 Scriptorum
1736 1175 2039 1252 Catalogo
2092 1176 2254 1236 inter
2311 1172 2695 1250 Gregoriana
2752 1187 2943 1247 opera
2998 1175 3275 1230 recenset
3303 1168 3554 1226 brevem
3586 1167 3855 1240 quatuor

315 1265 812 1344 Evangeliorum
847 1267 1364 1344 Explanationem
1397 1288 1535 1347 qua
1559 1270 1638 1328 ab
1673 1271 1769 1329 his
1805 1274 2004 1331 verbis
2036 1273 2250 1350 incipit
2280 1294 2294 1330 :
2337 1270 2655 1332 Matthaus
2702 1270 2852 1329 sicut
2903 1274 2963 1326 in
2993 1266 3224 1327 ordine.
3273 1265 3471 1342 Hujus
3505 1260 3853 1322 meminisse

311 1364 572 1425 videtur
603 1364 911 1425 Honorius
941 1367 1542 1443 Augustodunensis,
1577 1369 1724 1429 dum
1770 1371 1858 1430 ait
1886 1378 2169 1430 sanctum
2220 1370 2590 1448 Gregorium
2651 1375 2851 1428 totum
2908 1373 3147 1426 textum
3181 1370 3449 1443 quatuor
3480 1357 3853 1437 Evangelio-

316 1481 488 1540 rum,
547 1461 1028 1523 sermocinando
1085 1465 1320 1542 populo
1379 1466 1741 1544 exposuisse
1797 1468 1962 1546 (Lib.
2024 1469 2097 1528 de
2129 1467 2366 1547 Script.
2421 1466 2670 1544 eccles.).
2708 1462 3173 1544 Explanationis
3203 1462 3474 1522 laudata
3506 1459 3664 1518 duos
3704 1473 3850 1514 mss.

314 1561 582 1621 Codices
610 1560 961 1621 invenimus
991 1579 1297 1622 annorum
1331 1563 1578 1624 circiter
1609 1581 1709 1637 cu,
1739 1584 1928 1625 unum
1958 1567 2020 1626 in
2044 1567 2421 1628 bibliotheca
2453 1565 2623 1642 regia
2649 1561 3109 1642 elegantissime
3140 1559 3547 1638 descriptum,
3582 1555 3853 1615 alterum

319 1658 385 1718 in
448 1659 837 1720 bibliotheca
891 1660 1224 1738 Bigotiana
1281 1661 1448 1740 apud
1512 1663 1973 1743 l’tothomagum
2031 1684 2172 1725 cum
2231 1666 2350 1725 hoc
2397 1665 2628 1725 titulo:
2683 1663 2908 1739 Incipit
2948 1659 3267 1740 Expositio
3315 1654 3630 1717 secundum
3692 1649 3854 1711 Mat-

320 1755 862 1819 thaum............
895 1777 932 1819 a
960 1769 1162 1819 sancto
1195 1757 1810 1838 Gregorio............
1843 1762 2015 1822 urbis
2072 1763 2451 1823 Roma.......
2492 1761 2804 1822 Matt/usus
2841 1766 2997 1820 sicut
3057 1764 3124 1817 in
3181 1755 3390 1815 ordine
3442 1753 3701 1834 primus,
3735 1754 3854 1808 etc.

325 1855 561 1915 Verum
594 1856 795 1934 stylus
827 1855 934 1935 qui
964 1857 1473 1934 corruptissimus
1503 1869 1615 1933 est,
1653 1860 2109 1937 Gregorianum
2142 1880 2265 1920 non
2314 1860 2576 1937 redolet,
2629 1859 2900 1936 satisque
2941 1857 3164 1935 probat
3203 1852 3505 1916 orationis
3539 1848 3725 1910 series
3765 1847 3857 1906 lu-

325 1953 764 2014 cubrationem
799 1953 965 2015 hanc
995 1955 1192 2014 sancti
1225 1954 1504 2032 Gregorii
1538 1957 1827 2034 operibus
1860 1977 1983 2017 non
2015 1977 2144 2019 esse
2176 1957 2738 2018 annumerandam.

409 2051 909 2130 Explicationem
945 2053 1218 2131 aliquam
1251 2055 1327 2114 de
1358 2055 1676 2116 Samsonis
1708 2056 1887 2117 factis
1916 2057 2317 2135 allegoricam
2369 2056 2649 2135 polliceri
2700 2055 2943 2115 videtur
2987 2050 3415 2112 sanctissimus
3456 2049 3685 2107 Doctor
3715 2045 3853 2104 hac

323 2148 405 2208 ad
441 2150 820 2210 Venanlium
853 2150 1371 2211 Panormitanum
1402 2151 1737 2213 Patricium
1770 2155 2079 2216 scribens:
2134 2155 2318 2214 Vultis
2347 2174 2486 2233 ergo
2517 2164 2580 2213 ut
2609 2153 2872 2233 quaedam
2903 2151 2973 2211 de
3002 2150 3307 2211 Samsonis
3335 2146 3514 2225 factis
3544 2141 3857 2222 allegorice

325 2246 738 2323 disseruntur;
771 2248 875 2309 sed
905 2259 1077 2310 tanta
1107 2249 1257 2308 mihi
1286 2249 1560 2311 debilitas
1589 2259 1852 2332 corporis
1907 2253 2152 2326 accidit,
2186 2263 2251 2313 ut
2304 2259 2356 2312 si
2414 2272 2533 2333 qua
2587 2251 2788 2311 sub-ire
2819 2252 3134 2318 voluerim,
3185 2264 3455 2306 exercere
3482 2245 3715 2304 animus
3744 2259 3858 2299 non

327 2358 638 2427 assurgat.
671 2351 840 2408 Bono
879 2359 1071 2409 autem
1104 2349 1393 2410 desiderio
1426 2361 1614 2411 vestro
1663 2353 1997 2431 congaudeo
2018 2371 2042 2429 ;
2090 2355 2234 2433 quia
2284 2352 2422 2412 dum
2460 2353 2877 2432 expositionem
2923 2367 3227 2410 sacrorum
3274 2343 3584 2406 verborum
3614 2340 3853 2420 cupitis,

320 2464 506 2525 quam
537 2450 745 2508 stricte
774 2453 964 2527 ipsum
994 2457 1290 2509 auctorem
1321 2449 1648 2511 earumdem
1680 2450 1992 2511 verborum
2021 2454 2308 2532 quaeritis,
2361 2450 2792 2512 demonstratis.
2827 2450 2906 2511 Si
2932 2447 3122 2527 igitur
3142 2449 3297 2506 vires
3324 2442 3533 2504 salutis
3564 2456 3852 2518 recepero,

325 2554 574 2604 auctore
603 2545 992 2623 omnipotente
1023 2546 1284 2607 Domino
1334 2551 1540 2608 vestris
1569 2547 1874 2610 desideriis
1912 2551 2134 2630 parebo
2164 2549 2327 2629 (Lib.
2378 2567 2488 2622 xu,
2522 2551 2686 2628 epist.
2721 2549 2843 2627 40).
2883 2553 2957 2606 At
3005 2561 3326 2622 nunquam
3356 2538 3656 2617 Gregorio
3687 2536 3853 2596 libe—

326 2658 465 2700 rum
526 2642 716 2704 fuisse
771 2644 917 2706 huic
973 2646 1146 2724 operi
1201 2664 1450 2716 vacare,
1504 2648 1583 2708 ob
1639 2649 1972 2710 continuos
2029 2659 2298 2727 quatuor
2340 2656 2762 2709 extremorum
2820 2645 2964 2707 vita
3019 2659 3327 2704 annorum
3389 2637 3659 2707 morbos,
3693 2650 3848 2711 pene

326 2745 603 2799 constat.

406 2835 571 2909 Quid
625 2837 696 2897 de
753 2838 1170 2902 Paenitentiali
1225 2842 1356 2922 ejus
1411 2862 1615 2905 nomen
1665 2846 2028 2925 praeferente
2077 2844 2467 2906 sentiendum.
2546 2879 2623 2888 —
2702 2845 2787 2903 De
2839 2837 3264 2901 Panitentiali
3317 2834 3516 2896 sancti
3572 2828 3855 2906 Gregorii

319 2950 510 3012 papa
544 2936 715 2996 urbis
747 2940 960 2998 Roma
992 2957 1220 3000 nomen
1254 2941 1510 3015 ferente,
1545 2944 1715 3021 quod
1735 2944 2047 3005 Jamesius
2077 2943 2163 3004 ait
2193 2950 2435 3005 exstare
2459 2943 2522 3003 in
2574 2940 2998 3004 vetustissimo
3028 2937 3190 2997 libro
3219 2931 3616 2994 bibliotheca
3651 2928 3854 3007 publi-

320 3049 412 3092 ca
445 3034 815 3096 Oxoniensis
846 3036 1118 3115 (Vindic.
1157 3043 1448 3120 Gregor.,
1476 3060 1623 3120 pag.
1677 3042 1838 3121 1M),
1892 3041 2048 3102 nihil
2080 3042 2228 3103 alibi
2277 3060 2313 3101 a
2344 3041 2524 3102 nobis
2554 3045 2868 3118 repertum
2902 3053 2916 3097 :
2963 3038 3347 3114 quapropter
3375 3028 3534 3091 illud
3564 3028 3684 3088 hoc
3715 3026 3852 3086 loco

319 3129 638 3191 indicasse
669 3132 850 3193 nobis
877 3136 1030 3194 satis
1058 3136 1157 3197 sit.
1193 3137 1367 3198 Nunc
1390 3139 1450 3198 in
1486 3140 1896 3218 expendenda
1940 3140 2139 3201 sancti
2186 3139 2503 3218 Gregrorii
2538 3136 2823 3198 doctrina
2875 3133 3061 3212 paulo
3084 3129 3316 3192 diutius
3347 3124 3850 3196 immorandum;

317 3229 910 3312 ostendendumqne
942 3234 1269 3296 hareticos
1302 3237 1426 3297 fere
1457 3255 1699 3308 omnes,
1724 3246 1855 3298 tum
1887 3244 2150 3314 veteres,
2181 3243 2310 3298 tum
2345 3254 2542 3298 novos
2571 3235 2649 3295 ab
2680 3252 2753 3294 eo
2787 3233 2975 3294 fuisse
3004 3229 3370 3290 debellatos.

398 3326 513 3387 XI.
546 3327 837 3392 Doctrina
869 3333 942 3391 S.
978 3331 1260 3412 Cregorii
1307 3345 1513 3397 contra
1569 3336 1950 3411 Manio/iam,
1983 3338 2268 3412 Arianos,
2324 3334 2715 3396 Nestorianos
2758 3343 2813 3392 et
2867 3331 2930 3392 Ε
2933 3329 3296 3411 utgclzianos,
3361 3325 3744 3404 Pelagianos.
3774 3353 3856 3366 -—

319 3425 662 3488 Manichai
695 3447 1053 3506 perversum
1085 3433 1338 3511 dogma,
1373 3434 1480 3513 qui
1511 3435 1635 3496 duo
1665 3453 1796 3496 esse
1828 3435 2133 3514 principia
2165 3434 2492 3504 mentiens,
2525 3452 2561 3492 a
2591 3435 2718 3494 Deo
2749 3430 3058 3509 spiritum,
3093 3446 3130 3488 a
3159 3430 3394 3487 Satana
3421 3441 3567 3483 vero
3601 3438 3852 3482 carnem

317 3524 642 3585 conditam
668 3544 943 3589 asserere
970 3541 1254 3603 conatur,
1298 3532 1386 3592 ita
1418 3532 1700 3606 destruit,
1725 3533 1836 3594 lib.
1870 3551 1934 3594 ix
1964 3533 2218 3604 Moral.,
2256 3550 2430 3592 num.
2465 3535 2562 3590 74.
2598 3535 2872 3600 Sanctus,
2905 3526 3132 3606 inquit,
3165 3527 3262 3584 vir
3287 3518 3621 3603 prophetici
3647 3517 3854 3598 gratia

312 3622 578 3700 spiritus
601 3626 829 3703 plenus,
865 3630 1039 3706 longe
1062 3639 1193 3708 post
1221 3639 1472 3691 ventura
1502 3631 1861 3702 considerat,
1895 3644 1949 3692 et
1978 3651 2250 3693 errorum
2279 3631 2580 3710 genimina
2604 3628 2936 3709 praevidens
2965 3625 3174 3702 calcat,
3227 3622 3422 3681 dicens
3440 3639 3461 3687 ;
3493 3618 3705 3680 Manus
3735 3626 3849 3675 tua

311 3719 766 3798 plasmaverunt
796 3743 904 3794 me,
938 3736 992 3786 et
1018 3726 1295 3804 fecerunt
1323 3748 1410 3788 me
1442 3738 1623 3789 totum
1655 3736 1718 3788 in
1747 3735 2005 3791 circuitu
2034 3729 2188 3809 (Job.
2249 3749 2310 3800 χ,
2361 3731 2458 3806 8).
2492 3727 2614 3802 Qui
2642 3733 2796 3787 enim
2829 3734 2883 3784 et
2907 3722 3272 3805 plasmatum
3299 3737 3379 3795 se,
3412 3727 3468 3778 et
3494 3718 3724 3796 factum
3756 3723 3850 3772 to-

319 3827 444 3876 tum
479 3824 544 3876 in
574 3823 829 3882 circuitu
859 3843 899 3882 a
929 3823 1051 3884 Deo
1082 3831 1313 3898 asserit,
1350 3826 1716 3888 tenebrarum
1748 3827 1914 3906 genti
1942 3846 2046 3888 nec
2078 3834 2138 3887 in
2167 3829 2387 3906 spiritu
2433 3846 2535 3885 suo
2583 3825 2817 3904 aliquid
2842 3842 2946 3882 nec
2977 3829 3042 3881 in
3071 3837 3247 3882 carne
3275 3816 3634 3895 derelinquit
3654 3836 3677 3880 ,-
3709 3830 3847 3871 nam

309 3916 679 3994 plasmatum
707 3940 766 3980 se
789 3932 1039 4002 propter
1086 3927 1383 3986 internum
1432 3926 1758 4006 imaginem
1805 3925 2054 3988 retulit:
2104 3932 2330 4001 factum
2361 3942 2496 3984 vero
2547 3932 2726 3982 totum
2759 3921 2821 3980 in
2850 3920 3126 3989 circuitu,
3163 3917 3225 3976 in
3254 3935 3319 3976 eo
3347 3912 3512 3995 quod
3537 3931 3611 3972 ea:
3640 3911 3842 3970 carnis

312 4021 549 4077 constat
579 4017 941 4094 indumento,
975 4027 1347 4086 memoravit.

397 4114 533 4174 Arii
584 4115 806 4178 Filium
846 4119 959 4180 Dei
1010 4121 1244 4183 factum
1297 4123 1576 4185 docentis
1618 4123 2007 4203 impietatem
2050 4123 2296 4196 refellit,
2349 4122 2398 4182 Ι.
2447 4137 2620 4181 xxxn
2664 4117 2910 4191 Moral.,
2945 4133 3115 4176 num.
3151 4113 3251 4183 51,
3284 4127 3357 4171 ex
3386 4107 3504 4171 Job
3535 4109 3848 4166 asserente

309 4211 668 4274 Behemoth
700 4217 972 4293 primum
995 4220 1288 4299 angelum
1309 4240 1347 4282 a
1378 4223 1505 4283 Deo
1535 4222 1858 4283 conditum
1889 4240 2018 4284 esse
2055 4222 2423 4303 principium
2453 4226 2687 4281 viarum
2707 4217 2838 4298 ejus
2881 4213 3041 4295 (Job.
3076 4230 3175 4287 xc,
3210 4209 3336 4288 M).
3370 4207 3652 4287 Superest
3680 4221 3842 4303 ergo,

306 4310 524 4390 inquit
571 4319 823 4376 sanctus
868 4319 1123 4392 Doctor,
1175 4328 1238 4380 ut
1283 4320 1494 4394 Arius,
1531 4329 1633 4382 aut
1679 4340 1797 4381 non
1823 4301 2069 4400 factum
2099 4301 2330 4382 Filium
2375 4315 2684 4400 pradicet,
2717 4324 2820 4377 aut
2866 4333 2996 4374 eum
3025 4319 3160 4390 post
3194 4304 3519 4368 Behemoth
3551 4301 3846 4364 conditum

303 4409 540 4469 stultus
565 4422 750 4491 putet.

395 4510 855 4575 Incarnationis
904 4516 1270 4595 mysterium
1321 4518 1556 4598 optime
1603 4517 1955 4598 explicatur
2002 4518 2173 4579 hom.
2228 4517 2306 4577 38
2345 4517 2409 4576 in
2465 4512 2823 4590 Evangelia,
2869 4528 3043 4571 num.
3078 4511 3155 4584 3;
3189 4511 3248 4568 et
3293 4500 3611 4565 Nestorius
3641 4501 3844 4576 Euty—

305 4608 589 4686 cbesque
619 4613 1043 4688 confutantur,
1079 4615 1189 4676 lib.
1223 4633 1242 4676 ι
1287 4616 1349 4679 in
1371 4597 1806 4689 lEzechielem,
1844 4616 2016 4677 hom.
2059 4619 2118 4689 8,
2149 4634 2214 4676 n.
2259 4619 2340 4676 24
2361 4620 2420 4674 et
2447 4613 2547 4672 25.
2593 4611 2660 4672 In
2690 4609 2951 4672 homilia
2980 4602 3286 4684 sequenti,
3315 4619 3486 4662 num.
3522 4604 3580 4670 2,
3615 4597 3840 4658 divina

304 4705 538 4781 gratia
570 4709 928 4783 necessitas,
961 4719 1028 4774 ut
1057 4714 1291 4775 bonum
1338 4720 1400 4776 et
1432 4715 1696 4778 velimus
1742 4720 1802 4775 et
1848 4714 2270 4792 perﬁciamus,
2323 4711 2623 4773 astruitur
2669 4709 2966 4769 adversus
3012 4703 3338 4781 Pelagium
3371 4706 3431 4761 et
3460 4694 3840 4792 leestium.

304 4803 590 4864 Docetur
619 4807 781 4867 mala
809 4810 1014 4888 nobis,
1046 4812 1215 4872 bona
1267 4818 1477 4873 autem
1526 4813 1653 4874 Deo
1707 4790 2011 4890 nobisque
2059 4811 2412 4872 tribuenda.
2463 4807 2826 4886 Explicatur
2855 4803 3124 4882 denique
3153 4797 3468 4879 quomodo
3499 4790 3841 4873 praeveniat

305 4901 546 4979 gratia,
579 4904 995 4985 subsequatur
1019 4909 1329 4972 voluntas.
1367 4909 1484 4973 Sed
1515 4913 1578 4970 in
1609 4909 1723 4984 his,
1758 4909 1981 4988 inquit,
2018 4907 2533 4980 considerandum,
2565 4911 2711 4987 quia
2753 4903 2835 4964 sic
2884 4901 3033 4963 bona
3071 4910 3294 4968 nostra,
3343 4896 3400 4955 si
3423 4891 3836 4969 omnipotentis

305 4996 429 5058 Dei
460 4998 619 5062 dona
646 5014 808 5076 sunt,
843 5015 910 5066 ut
944 5008 1004 5066 in
1033 5009 1115 5068 eis
1141 5007 1381 5089 aliquid
1407 5017 1669 5069 nostrum
1703 5026 1821 5068 non
1849 5013 1952 5079 sit,
1986 5026 2094 5067 cur
2122 5026 2223 5067 nos
2253 5009 2430 5087 quasi
2470 5024 2582 5087 pro
2613 5001 2844 5063 meritis
2874 5009 3155 5061 aternam
3194 4993 3646 5089 retributionem
3675 5002 3838 5089 quae-

307 5101 552 5158 rimus?
580 5099 658 5161 Si
682 5112 878 5164 autem
907 5111 997 5167 ita
1026 5086 1408 5181 nostra—sunt,
1443 5117 1514 5167 ut
1544 5105 1695 5168 dona
1728 5105 1847 5166 Dei
1866 5105 2276 5185 omnipotentis
2321 5124 2445 5165 non
2473 5086 2632 5180 sint,
2666 5120 2773 5162 cur
2801 5118 2877 5161 ex
2904 5101 2986 5159 eis
3026 5092 3418 5173 omnipotenti
3451 5087 3568 5148 Deo
3597 5086 3836 5164 gratias

307 5201 547 5277 agimus
567 5201 600 5257 ἒ
630 5201 751 5264 Sed
774 5204 1072 5267 sciendum
1101 5217 1184 5268 est
1210 5213 1360 5290 quia
1392 5206 1548 5268 mala
1579 5216 1784 5267 nostra
1829 5203 2189 5266 solummodo
2227 5215 2430 5267 nostra
2459 5213 2643 5272 sunt;
2669 5201 2818 5262 bona
2847 5208 3040 5261 autem
3083 5201 3309 5265 nostra,
3340 5199 3396 5251 et
3425 5187 3838 5268 omnipotentis

309 5295 430 5356 Dei
451 5308 613 5373 sunt,
637 5311 694 5361 et
721 5313 925 5366 nostra
954 5324 974 5372 ;
1007 5305 1150 5386 quia
1180 5288 1303 5386 ipse
1332 5304 1657 5386 aspirando
1687 5322 1788 5364 nos
1814 5302 2103 5384 pravenit
2125 5312 2188 5363 ut
2232 5304 2488 5381 velimus,
2520 5302 2630 5384 qui
2671 5295 3010 5378 adiuvando
3036 5290 3443 5375 prosequitur»
3475 5306 3545 5348 ηε
3572 5288 3838 5386 inani?"

310 5395 580 5469 velimus,
599 5400 708 5460 sed
728 5383 1032 5481 possimus
1051 5383 1295 5486 implere
1324 5383 1452 5486 qua.v
1483 5408 1768 5466 volumus.
1805 5399 2209 5463 Praveniente
2237 5422 2381 5482 ergo
2427 5401 2651 5482 gratia,
2707 5407 2763 5458 et
2797 5396 2945 5456 bona
2977 5394 3274 5456 voluntate
3299 5389 3699 5469 subsequente,
3731 5383 3837 5444 hoc

301 5495 473 5575 quod
496 5507 916 5583 omnipotentis
943 5505 1065 5567 Dei
1086 5485 1306 5567 donum
1332 5485 1455 5579 est,
1503 5504 1579 5584 ﬁt
1607 5505 1882 5565 meritum
1912 5509 2193 5562 nostrum.
2248 5501 2415 5577 Quod
2456 5500 2593 5562 bene
2636 5496 2869 5560 Paulus
2919 5494 3085 5556 brevi
3107 5490 3391 5554 sententia
3418 5486 3702 5569 explicat,
3734 5485 3835 5584 di-

299 5614 478 5661 cens:
511 5582 666 5660 Plus
695 5601 827 5666 illis
857 5604 1122 5668 omnibus
1155 5605 1452 5669 laboravi.
1504 5582 1626 5679 Qui
1671 5621 1744 5665 ne
1783 5618 1903 5664 sua:
1950 5600 2245 5663 videretur
2283 5602 2504 5663 virtuti
2548 5598 2818 5662 tribuisse
2858 5594 3019 5679 quod
3059 5599 3302 5671 fecerat,
3329 5588 3613 5671 adjunxit
3644 5605 3663 5648 :
3695 5582 3836 5649 Non
