4088 6172
208 268 285 329 2⁵1
1505 254 1925 319 PREFATIO
1967 253 2433 317 GENERALIS.
3642 262 3719 322 28

209 408 401 463 autem
447 417 575 479 ego,
618 396 721 457 sed
762 396 966 475 gratia
1013 393 1131 454 Dei
1158 411 1401 455 mecum.
1438 393 1600 468 Quia
1645 399 1803 455 enim
1850 394 2070 454 cwlesti
2114 389 2271 452 dono
2315 399 2648 471 praeventus
2676 402 2780 467 est,
2812 401 2991 475 quasi
3011 396 3269 458 alienum
3296 415 3352 458 se
3381 416 3418 459 a
3447 396 3593 458 bono
3622 414 3730 456 suo

213 517 386 579 opere
411 497 680 577 agnovit,
712 493 951 554 dicens:
979 491 1119 553 Non
1149 501 1344 553 autem
1374 510 1501 571 ego.
1548 492 1671 556 Sed
1711 494 1859 573 quia
1916 495 2277 572 praeveniens
2314 496 2522 569 gratia
2571 490 2820 552 liberum
2855 492 2917 553 in
2946 512 3011 554 eo
3059 494 3385 556 arbitrium
3415 496 3643 573 fecerat
3673 495 3737 555 in
3834 562 3837 565 _

218 596 449 668 bonum,
480 613 594 675 quo
628 592 810 653 libero
830 590 1083 653 arbitrio
1112 590 1370 652 eamdem
1399 590 1659 669 gratiam
1689 599 1777 651 est
1827 589 2166 650 subsecutus
2213 591 2278 647 in
2321 608 2519 669 opere,
2569 588 2862 665 adiunxit
2884 614 2905 650 :
2940 592 3064 653 Sed
3090 601 3293 671 gratia
3343 593 3460 655 Dei
3486 612 3733 654 mecum.

215 696 307 753 Ac
332 692 388 753 si
416 692 675 753 diceret:
710 690 781 751 In
814 689 959 750 bono
989 707 1163 770 opere
1220 687 1507 760 laboravi,
1553 707 1668 748 non
1714 707 1843 767 ego,
1875 687 1975 749 sed
2000 696 2059 747 et
2082 705 2208 763 ego.
2244 686 2314 746 In
2344 687 2449 748 hoc
2476 693 2633 748 enim
2665 688 2826 769 quod
2869 690 2989 750 solo
3020 693 3274 752 Domini
3298 692 3450 753 dono
3476 709 3739 773 preven-

214 800 311 851 tus
337 810 492 865 sum,
524 808 643 850 non
672 808 775 868 ego
801 806 819 846 :
852 788 913 847 in
934 806 998 847 eo
1029 795 1217 847 autem
1248 784 1404 867 quod
1434 785 1657 846 donum
1687 786 1983 847 voluntate
2009 783 2361 856 subsecutus,
2397 795 2450 846 et
2500 804 2627 865 ego.
2669 786 2782 847 His
2811 790 3005 867 igitur
3032 788 3289 851 breviter
3316 800 3524 853 contra
3557 789 3737 851 Pela-

212 895 380 969 gium
409 897 465 949 et
495 885 833 951 Coelestium
864 884 1063 955 dictis,
1096 883 1176 946 ad
1201 882 1536 964 exponendi
1566 882 1829 944 ordinem
1860 882 2191 944 redeamus.

292 988 383 1048 De
447 991 704 1066 peccato
770 983 1059 1063 originali
1125 984 1189 1044 in
1256 1001 1507 1045 omnem
1576 989 1865 1045 naturam
1934 984 2275 1044 humanam
2343 1001 2476 1046 sese
2532 983 2941 1056 diffundente,
3020 986 3200 1064 cujus
3251 994 3459 1049 tamen
3516 1003 3741 1066 expers

216 1085 520 1158 Christus,
581 1084 717 1163 lege
772 1084 884 1144 lib.
944 1099 1095 1143 xvm
1153 1083 1401 1154 Moral.,
1460 1099 1635 1143 num.
1668 1081 1769 1160 84,
1829 1088 1890 1143 et
1945 1082 2118 1143 hom.
2177 1085 2238 1155 8,
2298 1081 2407 1143 lib.
2468 1098 2491 1143 I
2542 1083 2606 1144 in
2651 1083 3060 1155 Ezechielem,
3094 1088 3401 1147 num.21.
3436 1086 3523 1145 De
3556 1101 3742 1164 poena

218 1184 366 1246 huic
398 1190 653 1263 peccato
684 1183 872 1245 etiam
900 1182 967 1243 in
996 1180 1341 1244 infantibus
1406 1181 1620 1243 debita
1666 1180 2051 1243 consulenda
2096 1181 2384 1260 prmfatio
2431 1180 2575 1243 libri
2624 1199 2689 1246 Iv
2713 1183 2962 1253 Moral.,
3020 1202 3075 1247 c.
3115 1188 3176 1259 3,
3210 1191 3271 1246 et
3299 1183 3410 1245 lib.
3443 1200 3532 1256 ιχ,
3563 1199 3740 1243 num.

217 1284 318 1344 32.

297 1382 917 1443 Prmdestinationem
950 1380 1288 1459 gratuitam
1318 1379 1501 1443 docet
1529 1380 1689 1442 liber
1728 1400 1854 1442 xxv
1884 1380 2247 1443 earumdem
2278 1382 2524 1457 Moral.,
2558 1400 2729 1444 num.
2764 1384 2864 1445 32.

300 1482 436 1543 XII.
476 1480 636 1557 Quid
673 1486 917 1542 senserit
968 1481 1039 1541 S.
1092 1480 1423 1559 Gregorius
1468 1480 1542 1540 de
1592 1479 1965 1542 beatitudine
2005 1489 2349 1541 sanctorum
2381 1494 2511 1562 post
2557 1492 2823 1543 mortem.
2874 1516 2953 1527 -
3003 1480 3335 1543 Beatitudo
3374 1482 3733 1540 sanctorum

227 1582 437 1641 statim
470 1586 611 1659 post
642 1584 907 1641 mortem
938 1580 1234 1641 asseritur
1262 1580 1324 1640 in
1355 1579 1597 1658 praefat.
1630 1579 1709 1640 ad
1731 1579 1926 1640 libros
1974 1578 2227 1652 Moral.,
2260 1597 2324 1639 ιι.
2352 1579 2450 1653 20,
2497 1598 2570 1640 ex
2602 1581 2865 1660 Apocal.
2898 1598 2981 1653 γι,
3020 1582 3088 1641 11
3120 1600 3133 1641 :
3165 1578 3251 1641 Et
3271 1576 3421 1639 datae
3448 1584 3580 1637 sunt
3607 1572 3732 1633 illis

226 1680 483 1758 singula:
511 1680 681 1739 stolae
703 1677 879 1751 alba,
914 1685 1055 1751 etc.,
1092 1696 1231 1757 quas
1261 1677 1349 1738 sic
1381 1677 1638 1756 exponit
1676 1684 1925 1738 sanctus
1973 1680 2244 1738 Doctor:
2279 1684 2430 1739 Ante
2470 1679 2950 1741 resurrectionem
2998 1677 3217 1761 quippe
3257 1675 3435 1738 stolas
3471 1671 3746 1753 singulas

228 1775 518 1857 accepisse
567 1775 713 1837 dicti
748 1786 905 1850 sunt,
952 1775 1101 1857 quia
1132 1774 1258 1837 sola
1296 1774 1492 1837 adhuc
1515 1778 1725 1836 mentis
1756 1774 2115 1836 beatitudine
2139 1777 2569 1856 perfruuntur.
2600 1777 2787 1839 Binas
2825 1796 2965 1857 ergo
2992 1776 3304 1853 accepturi
3326 1782 3485 1842 sunt,
3510 1768 3746 1852 quando

222 1893 351 1935 cum
374 1874 710 1937 animarum
737 1875 1002 1955 perfecto
1027 1873 1274 1952 gaudio,
1322 1875 1501 1935 etiam
1547 1892 1859 1954 corporum
1908 1876 2358 1953 incorruptione
2399 1876 2739 1936 vestientur.
2787 1874 2940 1937 Vide
2979 1891 3228 1954 quoque
3258 1872 3367 1933 lib.
3400 1889 3485 1947 ιχ,
3518 1887 3583 1929 ιι.
3618 1870 3691 1928 1⁵7
3728 1884 3745 1941 ;

223 1971 333 2033 lib.
379 1988 567 2047 xxxv,
614 1991 677 2033 n.
708 1975 821 2049 25;
854 1978 915 2033 et
968 1972 1078 2032 lib.
1111 1989 1174 2035 xv
1204 1972 1391 2045 Dial.,
1425 1989 1481 2032 c.
1516 1972 1616 2032 25.
1676 1974 1762 2032 De
1819 1970 1985 2033 cultu
2020 1976 2080 2031 et
2134 1970 2528 2034 invocatione
2575 1978 2958 2044 sanctorum,
3014 1973 3151 2033 haec
3180 1970 3471 2048 legimus,
3502 1966 3613 2026 lib.
3646 1980 3751 2026 xvx

226 2070 481 2139 Moral.,
538 2089 602 2132 n.
635 2069 753 2130 64:
787 2069 875 2132 Hi
926 2071 1125 2150 itaque
1179 2071 1289 2150 qui
1326 2068 1395 2130 de
1435 2068 1599 2130 nullo
1646 2089 1749 2130 suo
1796 2084 1970 2149 opere
2024 2068 2349 2149 conﬁdunt,
2392 2069 2473 2131 ad
2527 2080 2868 2132 sanctorum
2926 2072 3279 2150 Martyrum
3323 2067 3747 2146 protectionem

225 2176 498 2247 currunt,
559 2176 735 2249 atque
788 2168 868 2229 ad
921 2186 1094 2229 sacra
1149 2186 1347 2229 eorum
1398 2185 1651 2248 corpora
1694 2166 1929 2248 ﬂetibus
1983 2168 2285 2247 insistunt,
2331 2172 2665 2248 promereri
2706 2188 2765 2230 se
2820 2167 3076 2242 veniam,
3107 2173 3189 2228 eis
3218 2159 3744 2232 intercedentibus,

226 2263 639 2346 deprecantur.
701 2270 860 2345 Lege
916 2283 1168 2346 quoque
1206 2264 1379 2327 hom.
1437 2268 1515 2328 32
1565 2264 1630 2325 in
1685 2267 1949 2344 Evang.,
2010 2285 2073 2326 n.
2146 2268 2184 2326 6
2231 2271 2292 2326 et
2348 2283 2505 2346 seq.,
2566 2284 2678 2328 nec
2736 2285 2861 2329 non
2914 2266 3021 2327 lib.
3090 2283 3137 2326 ιι
3193 2262 3465 2342 Dialog.,
3526 2277 3579 2321 c.
3638 2258 3739 2319 ul-

224 2364 404 2427 timo.

306 2462 398 2525 De
427 2463 563 2543 igne
584 2462 964 2544 purgatorio.
998 2498 1074 2509 —
1120 2465 1208 2525 De
1250 2462 1393 2541 igne
1442 2463 1827 2543 purgatorio,
1865 2461 1964 2525 cui
1995 2462 2325 2525 addicendi
2373 2470 2519 2525 sunt
2571 2464 2759 2526 etiam
2804 2462 2957 2543 justi
2988 2462 3267 2525 nondum
3298 2460 3377 2522 ab
3409 2457 3579 2519 omni
3598 2471 3745 2535 pec-

228 2561 352 2622 cati
382 2562 525 2623 labe
556 2561 861 2631 mundati,
895 2562 1031 2641 lege
1058 2562 1305 2640 Dialog.
1338 2561 1383 2621 l.
1417 2579 1503 2634 1v,
1554 2580 1691 2641 cap.
1724 2564 1823 2634 25,
1876 2580 1953 2623 ex
1983 2580 2109 2640 quo
2140 2563 2326 2623 etiam
2360 2561 2711 2623 luculenter
2739 2562 3193 2624 confirmantur
3217 2576 3358 2639 quae
3386 2557 3460 2617 de
3490 2560 3743 2616 sancto-

226 2676 363 2719 rum
397 2658 688 2722 felicitate
719 2662 927 2721 statim
951 2665 1093 2739 post
1118 2665 1381 2721 mortem
1440 2659 1881 2738 praemisimus.
1917 2662 2049 2721 Hoc
2091 2660 2227 2721 loco
2272 2660 2500 2738 quaerit
2526 2661 2748 2722 Petrus
2781 2676 2797 2720 :
2828 2659 2899 2723 Si
2927 2679 3069 2722 ante
3093 2658 3513 2719 restitutionem
3542 2669 3753 2732 corpo-

225 2757 311 2817 ris
333 2757 712 2838 recipiantur
739 2758 801 2818 in
827 2761 977 2819 caelo
1007 2760 1224 2819 anima"
1246 2757 1564 2838 iustorum.
1600 2760 1680 2819 Et
1706 2758 2044 2837 respondet
2065 2757 2490 2819 sanctissimus
2513 2759 2835 2837 Magister:
2864 2757 2996 2819 Hoc
3023 2776 3207 2835 neque
3228 2754 3296 2816 de
3324 2751 3597 2815 omnibus
3613 2756 3752 2821 jus-

226 2859 304 2913 tis
330 2855 523 2934 fateri
542 2874 868 2936 possumus,
900 2874 1083 2935 neque
1112 2855 1183 2915 de
1230 2854 1496 2915 omnibus
1544 2873 1785 2935 negare.
1818 2854 1977 2916 Nam
2023 2864 2159 2915 sunt
2205 2854 2595 2937 quorumdam
2649 2856 2939 2929 iustorum
2998 2856 3232 2923 animae,
3287 2869 3422 2933 quae
3469 2868 3506 2910 a
3536 2845 3752 2908 caelesti

225 2969 409 3031 regno
438 2951 789 3033 quibusdam
818 2951 1015 3015 adhuc
1040 2952 1447 3015 mansionibus
1476 2954 1855 3033 differuntur.
1889 2954 1963 3014 In
1991 2973 2107 3035 quo
2150 2952 2463 3016 dilationis
2493 2954 2704 3017 damno
2742 2953 2890 3036 quid
2911 2952 3079 3016 aliud
3109 2952 3407 3024 innuitur,
3444 2952 3565 3007 nisi
3594 2940 3755 3027 quod

228 3048 298 3111 de
314 3057 589 3128 perfecta
630 3050 876 3131 iustitia
913 3051 1155 3130 aliquid
1196 3056 1389 3113 minus
1412 3051 1796 3113 habuerunt?
1828 3053 1912 3114 Et
1960 3062 2151 3114 tamen
2183 3052 2306 3114 luce
2348 3052 2574 3116 clarius
2620 3062 2847 3115 constat
2888 3053 3031 3134 quia
3069 3056 3471 3133 perfectorum
3509 3045 3748 3113 animae,

222 3166 363 3208 mox
392 3157 459 3209 ut
488 3148 676 3229 hujus
704 3151 900 3211 carnis
928 3148 1171 3211 clautra
1212 3149 1491 3223 exierint,
1528 3153 1592 3211 in
1645 3150 1891 3212 caelestis
1946 3152 2119 3231 regni
2160 3150 2393 3213 sedibus
2439 3155 2842 3233 recipiuntur.
2899 3155 2989 3211 Ac
3033 3168 3174 3229 cap.
3208 3150 3307 3226 39,
3339 3139 3755 3221 interroganti

239 3246 573 3327 discipulo,
622 3250 726 3308 An
768 3258 903 3329 post
948 3259 1189 3310 mortem
1233 3250 1621 3330 purgatorius
1669 3251 1826 3330 ignis
1871 3251 1967 3322 sit,
2000 3249 2337 3328 respondet
2382 3256 2636 3312 sanctus
2665 3254 2917 3325 Doctor,
2949 3267 3066 3329 pro
3098 3244 3476 3326 quibusdam
3505 3239 3746 3302 levibus

232 3343 435 3424 culpis
463 3345 778 3425 tergendis
806 3364 942 3408 esse
971 3352 1115 3413 ante
1139 3346 1447 3426 judicium
1476 3347 1909 3428 purgatorium
1942 3348 2187 3427 ignem;
2213 3349 2382 3427 quod
2411 3349 2575 3409 infra
2604 3348 2831 3410 diserte
2860 3347 3110 3427 probat.
3144 3343 3443 3422 Denique,
3478 3358 3618 3419 cap.
3647 3338 3748 3406 55,

230 3441 355 3504 ait:
393 3442 473 3503 Si
522 3440 709 3524 culpae
759 3453 891 3524 post
945 3454 1191 3506 mortem
1249 3444 1591 3508 insolubiles
1626 3466 1744 3507 non
1793 3454 1951 3525 sunt,
2008 3447 2334 3507 multorum
2390 3446 2532 3507 solet
2589 3448 2819 3508 animas
2858 3446 3034 3506 etiam
3086 3451 3219 3522 post
3272 3450 3518 3501 mortem
3574 3451 3747 3497 sacra

228 3538 451 3602 oblatio
500 3542 703 3603 hostiae
747 3541 1028 3605 salutaris
1074 3542 1399 3625 adjuvare;
1440 3543 1526 3607 ita
1578 3554 1644 3605 ut
1690 3546 1844 3607 hanc
1888 3564 2322 3626 nonnunquam
2361 3550 2503 3625 ipsa
2545 3542 2969 3623 defunctorum
3018 3540 3234 3604 animm
3276 3547 3538 3620 expetere
3581 3530 3748 3595 vide-

231 3646 434 3700 antur.

319 3734 409 3797 De
432 3754 749 3817 poenarum
774 3737 1040 3818 reprobis
1058 3737 1394 3802 debitorum
1424 3738 1760 3804 duratione.
1792 3774 1871 3787 —
1899 3742 2184 3804 tEternas
2214 3742 2346 3805 fore
2375 3760 2596 3823 pmnas
2628 3739 3037 3820 reproborum
3067 3738 3383 3809 docemur,
3428 3733 3538 3795 lib.
3570 3745 3759 3794 χχχιιι

237 3834 484 3909 Moral.,
516 3854 582 3898 ιι.
616 3835 733 3911 34ς
768 3836 875 3899 sed
905 3839 1256 3919 praesertim
1287 3838 1330 3900 l.
1364 3856 1429 3901 Iv
1457 3840 1645 3920 Dial.,
1678 3860 1732 3904 c.
1766 3846 1867 3903 44.

321 3935 450 4000 Qua
474 3940 706 3997 ratione
732 3935 894 3998 Deus
924 3935 1037 3998 hac
1068 3937 1128 3997 in
1157 3943 1285 4000 vita
1331 3937 1525 4001 videri
1567 3939 1758 4021 possit
1794 3959 1832 4002 a
1861 3941 2123 4004 Sanctis.
2176 3975 2253 3985 —
2294 3939 2480 4001 Libro
2513 3955 2662 3999 xvm
2695 3935 2939 4008 Moral.,
2974 3954 3040 3996 n.
3072 3935 3174 4006 88,
3205 3928 3499 4010 expendit
3529 3927 3764 4004 Grego-

236 4032 385 4107 rius,
422 4039 630 4095 utrum
663 4035 881 4111 sancti,
917 4037 1197 4116 quandiu
1248 4037 1597 4101 mortaliter
1650 4038 1888 4113 vivunt,
1941 4041 2137 4100 Deum
2188 4038 2399 4101 videre
2458 4035 2739 4116 possint;
2790 4032 3192 4111 decernitque
3247 4029 3460 4090 videre
3517 4032 3761 4087 tantum

239 4149 425 4211 posse
455 4150 568 4210 per
595 4133 896 4211 quasdam
928 4132 1259 4213 imagines,
1293 4140 1355 4197 et
1374 4154 1499 4197 non
1554 4135 1619 4195 in
1671 4135 1927 4216 propria
1982 4142 2229 4197 natura.
2289 4139 2372 4197 At
2427 4151 2688 4195 numero
2739 4136 2840 4203 89,
2891 4129 3231 4193 nonnullos
3259 4127 3337 4189 ab
3385 4125 3503 4186 hac
3532 4120 3767 4201 excipit

238 4231 398 4308 lege,
431 4231 529 4291 his
558 4231 801 4294 verbis:
828 4231 948 4293 Sin
976 4252 1113 4295 vero
1142 4254 1179 4296 a
1198 4234 1547 4316 quibusdam
1573 4244 1765 4316 potest
1788 4236 1850 4297 in
1879 4236 1989 4298 hac
2016 4236 2211 4299 adhuc
2240 4232 2635 4316 corruptibili
2657 4250 2833 4295 carne
2863 4227 3215 4300 viventibus,
3240 4224 3342 4287 sed
3373 4232 3565 4286 tamen
3597 4220 3770 4280 inses-

245 4327 504 4390 timabili
534 4330 753 4392 virtute
781 4332 1193 4407 crescentibus,
1228 4334 1487 4416 quodam
1514 4334 2026 4417 contemplationis
2055 4336 2331 4398 acumine
2376 4347 2604 4396 aeterna
2635 4337 2751 4395 Dei
2790 4330 3037 4395 claritas
3066 4326 3257 4390 videri
3284 4343 3298 4401 ;
3333 4326 3441 4385 hoc
3469 4330 3700 4405 quoque
3726 4335 3766 4375 α

246 4424 403 4488 beati
429 4425 545 4487 Job
572 4429 857 4491 sententia
911 4450 1029 4491 non
1058 4431 1365 4504 abhorret,
1399 4434 1510 4514 qui
1532 4434 1619 4495 ait
1648 4433 1788 4514 (Job
1816 4451 2038 4509 xxvnt,
2072 4436 2177 4514 2|)
2202 4456 2224 4495 .·
2256 4432 2615 4496 Abscondita
2649 4441 2734 4493 est
2761 4430 2835 4493 ab
2876 4433 3065 4491 oculis
3111 4424 3377 4489 omnium
3409 4419 3722 4483 viventium
3744 4430 3771 4487 ,°

243 4526 526 4605 quoniam
554 4524 828 4607 quisquis
854 4528 1229 4609 sapientiam,
1263 4550 1396 4612 quae
1428 4531 1580 4593 Deus
1600 4542 1702 4605 est,
1734 4532 1910 4607 videt,
1942 4533 2077 4595 huic
2104 4534 2239 4595 vitae
2265 4526 2543 4612 funditus
2590 4535 2871 4604 moritur,
2910 4546 2983 4589 ne
3008 4534 3137 4599 jam
3176 4531 3303 4596 ejus
3352 4538 3550 4583 amore
3582 4526 3773 4578 tenea-

248 4630 375 4684 tur.
408 4623 647 4685 Nullus
675 4629 909 4704 quippe
935 4646 1074 4688 eam
1094 4630 1282 4699 vidit,
1307 4634 1422 4710 qui
1448 4633 1653 4694 adhuc
1683 4636 2039 4694 carnaliter
2085 4634 2281 4711 vivit;
2310 4635 2465 4712 quia
2496 4650 2675 4692 nemo
2703 4638 2903 4709 potest
2933 4630 3137 4688 Deum
3161 4624 3357 4684 simul
3387 4616 3683 4695 amplecti
3710 4620 3771 4712 et

244 4726 566 4785 saeculum.
606 4725 730 4790 Qui
755 4728 927 4787 enim
953 4728 1155 4788 Deum
1182 4730 1371 4804 videt,
1433 4750 1501 4790 eo
1559 4734 1691 4812 ipso
1747 4738 2047 4808 moritur,
2082 4751 2204 4812 quo
2256 4711 2355 4792 vel
2397 4731 2747 4792 intentione
2775 4725 3006 4798 cordis,
3062 4727 3160 4784 vel
3207 4726 3427 4797 effectu
3456 4716 3664 4793 operis
3694 4711 3769 4771 ab

246 4822 434 4895 huius
464 4824 603 4883 vitae
631 4822 1147 4886 delectationibus
1180 4837 1307 4888 tota
1328 4838 1535 4890 mente
1578 4841 1936 4912 separatur.
2007 4831 2183 4892 Unde
2224 4830 2430 4891 adhuc
2478 4830 2567 4889 ad
2621 4827 2909 4889 eumdem
2938 4840 3182 4903 quoque
3224 4822 3503 4899 Mogsem
3531 4813 3774 4872 dicitur

245 4919 481 4988 (Exod.
517 4938 733 4996 xxxul,
764 4922 871 5004 2i)
904 4945 918 4984 :
952 4927 1101 4984 Non
1120 4931 1291 4987 enim
1318 4927 1544 4988 videbit
1572 4948 1671 4989 me
1701 4928 1904 5005 homo,
1960 4939 2018 4992 et
2073 4936 2258 4990 vivet.
2323 4930 2412 4988 Ac
2452 4934 2510 4987 si
2564 4936 2783 5004 aperte
2810 4926 3132 4987 diceretur
3164 4938 3181 4979 :
3213 4918 3457 4977 Nullus
3484 4926 3771 4988 unquam

250 5018 454 5078 Deum
481 5021 865 5098 spiritaliter
909 5023 1103 5096 videt,
1136 5034 1194 5084 et
1238 5027 1478 5087 'mundo
1510 5028 1861 5089 carnaliter
1905 5030 2085 5089 vivit.
2143 5027 2322 5089 Unde
2351 5025 2599 5087 Paulus
2628 5042 2872 5104 quoque
2901 5022 3245 5099 apostolus,
3280 5017 3390 5092 qui
3417 5009 3625 5070 adhuc
3658 5008 3773 5066 Dei

248 5115 618 5190 invisibilia,
651 5122 815 5182 sicut
838 5123 965 5199 ipse
996 5131 1266 5183 testatur
1295 5123 1360 5203 (Ι
1384 5126 1527 5188 Cor.
1562 5144 1699 5207 xm,
1734 5128 1858 5207 12),
1893 5146 1973 5188 ex
2018 5137 2211 5205 parte
2238 5134 2636 5205 cognoverat,
2666 5130 2813 5195 jam
2832 5123 2979 5181 huic
3009 5116 3247 5179 mundo
3285 5121 3478 5172 totum
3506 5126 3568 5207 se
3594 5122 3776 5207 inpr-

251 5222 431 5275 tuum
485 5234 609 5276 esse
648 5221 1031 5295 perhibebat,
1090 5222 1305 5284 dicens
1360 5223 1608 5303 (Galat.
1666 5204 1750 5297 v1,
1811 5204 2155 5303 li):1ldihi
2210 5204 2489 5285 mundus
2537 5224 2889 5301 cruciﬁxus
2932 5228 3040 5297 est,
3089 5225 3149 5275 et
3198 5231 3307 5290 ego
3331 5206 3597 5269 mundo.
3626 5204 3774 5303 Haec

249 5313 482 5377 idcirco
535 5315 1025 5397 observavimus,
1087 5330 1157 5384 ut
1210 5301 1420 5404 palam
1480 5325 1592 5387 ﬂat
1647 5301 2001 5388 doctrinam
2068 5325 2172 5387 hic
2241 5330 2545 5388 assertum
2600 5321 2769 5384 haud
2827 5332 3106 5399 pugnare
3160 5330 3301 5375 cum
3355 5303 3652 5387 opinione
3708 5301 3772 5404 in

252 5412 485 5477 scholis
541 5415 693 5476 satis
749 5425 1019 5498 recepta,
1070 5402 1347 5502 Moysen,
1408 5430 1693 5486 sanctum
1767 5425 2057 5503 Paulum,
2117 5429 2178 5487 et
2231 5430 2516 5486 sanctum
2582 5418 2987 5483 Benedictum
3046 5411 3273 5474 divinae
3331 5404 3631 5503 assentire
3674 5402 3775 5465 vi-

254 5511 429 5676 εἰοέιὲ
476 5512 711 5594 potitos
756 5532 889 5578 esse
939 5533 956 5593 ;
1007 5519 1198 5597 quod,
1251 5529 1557 5601 quantum
1600 5524 1681 5586 ad
1728 5501 2469 5588 sanctumlBenedictum
2516 5522 2781 5603 spectat,
2830 5513 3069 5577 eruitur
3115 5528 3192 5575 ex
3240 5506 3350 5570 lib.
3400 5518 3451 5567 II
3497 5501 3771 5579 Dialog.,

254 5627 310 5675 ο.
426 5655 444 5676 .

251 5627 310 5675 c.
339 5627 444 5680 35.
