4088 6172
201 228 278 293 31
1485 241 1899 305 PREFATIO
1944 241 2409 307 GENERALIS.‘
3632 240 3709 301 32

204 361 396 426 modo
444 364 829 430 intellectum
876 369 1166 432 volumus
1208 372 1514 453 quidquid
1563 376 1713 439 alibi
1744 377 2013 441 diximus
2060 379 2137 441 de
2171 378 2371 441 sancti
2399 374 2713 456 Gregrorii
2743 374 3076 438 tolerantia
3123 392 3272 453 erga
3298 392 3405 436 eos
3433 372 3540 453 qui
3574 388 3715 431 cum

208 478 247 521 a
274 471 503 526 sanctis
533 465 699 527 sedis
725 470 1165 532 communione
1194 490 1319 532 non
1351 475 1768 550 recessissent,
1800 477 2079 540 nondum
2128 482 2363 551 tamen,
2413 481 2481 537 ut
2510 475 2628 537 tria
2659 475 3152 537 condemnarent
3191 472 3466 552 capitula
3495 476 3724 550 potue-

207 566 351 620 rant
379 561 630 624 adduci.

286 657 447 719 XIV.
485 660 947 726 Quietistarum
993 686 1179 727 error
1233 688 1311 730 ea:
1343 669 1654 749 Gregorio
1705 672 2099 751 eaploditur.
2150 706 2225 721 --
2275 678 2361 736 De
2410 673 2647 753 puriori
2696 689 2940 733 morum
2999 670 3284 732 doctrina
3335 669 3401 730 in
3439 666 3729 728 omnibus

210 754 608 833 Gregorianis
637 762 932 839 operibus
961 766 1215 840 tradita,
1248 766 1548 831 disserere
1578 771 1966 850 superﬂuum
2014 773 2195 834 foret.
2246 772 2425 834 Certe
2470 789 2687 834 omnes
2733 769 2970 832 ethices
2994 768 3364 832 Christiana:
3396 765 3731 845 magistros

208 850 398 930 longo
430 861 570 933 post
598 876 663 919 se
692 858 1022 921 intervallo
1054 863 1422 942 Gregorium
1455 867 1775 946 reliquisse
1804 887 1990 931 nemo
2019 869 2150 932 fere
2179 869 2486 931 dissentit.
2538 868 2724 930 Libro
2768 885 2897 930 xxu
2928 866 3175 938 Moral.,
3207 884 3271 928 n.
3304 868 3405 936 35,
3438 862 3726 926 emenda-

208 950 409 1012 vimus
430 972 684 1030 gravem
716 974 1013 1031 errorem,
1050 961 1154 1041 qui
1211 979 1285 1022 ex
1313 964 1478 1025 Edit.
1538 966 1876 1030 Basileensi
1930 969 2090 1029 15M
2147 966 2211 1028 in
2257 967 2417 1029 alias
2464 984 2686 1029 omnes
2734 965 3110 1045 posteriores
3156 964 3492 1043 irrepserat
3520 959 3733 1021 invitis

213 1052 655 1131 manuscriptis
683 1056 1033 1118 Codicibus.
1087 1060 1442 1138 Legebatur
1493 1063 1656 1124 enim
1715 1065 1926 1145 prius:
1957 1068 2016 1125 Α
2055 1070 2301 1127 cunctis
2358 1068 2585 1145 quippe
2613 1069 2893 1125 externis
2924 1066 3189 1124 motibus
3217 1062 3500 1122 eamdem
3528 1064 3735 1119 inten—

215 1148 448 1208 tionem
472 1169 677 1225 suam,
711 1158 898 1232 quasi
924 1159 1259 1235 quemdam
1303 1165 1793 1224 secretissimum
1835 1184 2137 1226 secessum
2177 1171 2359 1242 petit,
2413 1167 2622 1243 ibique
2666 1165 3276 1224 incommutabiliter
3315 1163 3643 1234 inhaerens,
3676 1172 3735 1222 et

212 1249 552 1309 mutabilia
583 1262 809 1313 cuncta
839 1257 1313 1331 transcendens,
1346 1262 1485 1337 ipsa
1499 1260 1651 1335 jam
1694 1267 2174 1343 tranquillitate
2211 1267 2433 1343 quietis
2471 1283 2599 1324 suae
2645 1268 2717 1322 in
2761 1263 3003 1324 mundo
3050 1272 3230 1322 extra
3275 1260 3589 1321 mundum
3620 1270 3735 1320 est.

213 1344 359 1404 Haec
389 1364 579 1426 quam
613 1351 892 1414 faverent
920 1355 1262 1429 Quietistis,
1294 1357 1421 1420 imo
1452 1364 1514 1420 et
1544 1360 1893 1422 Calvinistis
1942 1362 2158 1439 gratiae
2201 1361 2791 1424 inamissibilitatem
2826 1360 3138 1422 tuentibus
3166 1377 3354 1420 nemo
3384 1375 3509 1419 non
3539 1357 3735 1420 videt.

217 1442 342 1504 Sed
373 1464 487 1523 pro
518 1449 1147 1521 incommutabiliter.
1181 1455 1517 1535 legendum
1548 1461 2075 1532 incommutabili,
2112 1467 2179 1522 ut
2206 1460 2268 1521 in
2300 1466 2451 1523 nota
2475 1461 2555 1521 ad
2587 1460 2753 1520 hunc
2775 1460 2977 1520 locum
3012 1457 3435 1537 probavimus.
3470 1455 3741 1516 Aliunde

216 1556 366 1602 vero
398 1552 641 1642 constat
670 1548 751 1608 ad
780 1557 1051 1613 mentem
1082 1554 1295 1642 sapcti.
1337 1557 1654 1642 pqctoyis_
1676 1558 2224 1636 contemplationis
2281 1558 2550 1636 gratiam
2609 1557 2974 1618 diuturnam
3006 1574 3132 1617 non
3181 1571 3339 1622 esse,
3368 1554 3473 1614 sed
3507 1553 3737 1633 raptim

218 1641 499 1746 conc-edi.
530 1646 665 1711 Qua
693 1645 769 1706 de
800 1666 866 1708 re
895 1648 1033 1727 lege
1575 1633 1832 1746 ιε

2132 1630 2341 1746 stygis.
2375 1673 2511 1735 vm,
2562 1675 2625 1717 n.
2658 1656 2733 1716 49
2765 1661 2826 1718 et
2873 1657 2971 1714 so.
3010 1654 3193 1715 Libro
3223 1656 3322 1725 23,
3356 1672 3419 1713 ιι.
3452 1656 3551 1727 43,
3580 1630 3741 1714 mire

221 1736 611 1815 explicantur
638 1743 757 1821 piae
815 1745 1041 1808 animae
1092 1733 1360 1812 consitus
1409 1733 1764 1814 dd‘beiiin:
1789 1733 2259 1831 éb'ntebaeritisg
2316 1760 2380 1815 at
2434 1733 2768 1816 relabentis
2799 1753 2879 1815 ad
2908 1770 3012 1814 se:
3054 1751 3232 1812 Unde
3262 1752 3619 1829 aliquando
3658 1751 3746 1810 ad

219 1835 567 1941 quamdam
595 1838 971 1905 inusitatam
996 1845 1399 1941 ᾀτέλςεριιζῃςηε
1419 1851 1663 1936 interni
1686 1872 1833 1932 sum

2133 1856 2464 1941 attiturhac
2493 1859 2731 1929 raptim
2762 1854 2980 1930 aliquo
3009 1851 3194 1911 modo
3221 1850 3481 1910 ardenti
3506 1850 3747 1925 spiritu

222 1935 455 2046 afﬂatu
505 1950 890 2017 renovatur;

2338 1924 2509 2042 ᾖριοά
2545 1924 2713 2013 timet
2743 1924 3064 2030 degustat.
3104 1950 3309 2027 Atque
3338 1949 3450 2008 hoc
3480 1924 3657 2008 intra
3685 1965 3747 2007 se

220 2038 489 2111 appetit,
521 2041 690 2118 quod
717 2044 842 2102 sibi
870 2044 1055 2106 dulce
1084 2033 1471 2110 intrinsecus
1499 2033 1687 2111 sentit
1714 2033 1938 2130 {quid
1960 2033 2429 2127 izaéziéu‘éjiw
2481 2070 2695 2112 amore
2741 2051 3105 2111 dulcedinis
3144 2051 3268 2108 sibi
3311 2066 3528 2108 coram
3554 2065 3618 2106 se
3646 2051 3745 2105 vi-

224 2130 387 2207 luit;
421 2144 484 2195 et
505 2149 840 2218 postquam
869 2143 1032 2205 hanc
1062 2155 1377 2228 utcunque
1416 2151 1747 2227 percipere
1766 2150 1996 2228 potuit,
2031 2153 2189 2231 quid
2223 2153 2359 2212 sine
2399 2153 2520 2212 illa
2549 2150 2800 2211 dudum
2824 2150 3053 2229 fuisset
3084 2154 3346 2209 invenit.
3384 2148 3507 2207 Cui
3533 2146 3727 2206 inhae-

218 2247 363 2290 rere
389 2247 689 2314 conatur,
721 2242 831 2300 sed
857 2244 937 2302 ab
982 2244 1121 2320 ejus
1146 2246 1561 2324 fortitudine,
1610 2268 1727 2310 sua
1769 2251 1978 2311 adhuc
2027 2254 2411 2329 inﬁrmitate
2462 2252 2852 2327 repellitur;
2893 2257 2954 2309 et
2981 2252 3133 2326 quia
3181 2253 3318 2318 ejus
3336 2245 3736 2306 munditiam

220 2338 642 2411 contemplare
670 2358 798 2400 non
826 2345 1015 2417 valet,
1044 2348 1199 2421 ﬁere
1225 2346 1413 2407 dulce
1441 2348 1646 2420 habet,
1677 2350 1922 2427 sibique
1951 2350 2039 2409 ad
2056 2369 2119 2408 se
2148 2350 2403 2408 cadenti
2449 2348 2852 2426 inﬁrmitatis
2897 2364 3023 2407 sua
3075 2349 3390 2422 lacrymas
3434 2352 3735 2404 sternere.

218 2427 437 2508 Neque
466 2438 636 2496 enim
661 2444 889 2501 mentis
915 2445 1173 2504 oculum
1192 2453 1395 2522 potest
1441 2449 1511 2506 in
1542 2446 1614 2506 id
1652 2448 1822 2525 quod
1852 2450 2032 2508 intra
2071 2468 2136 2508 se
2167 2450 2415 2525 raptim
2461 2451 2881 2524 conspexerit,
2913 2450 3111 2525 ﬁgere
3137 2462 3162 2517 ;
3188 2447 3343 2523 quia
3374 2446 3509 2521 ipso
3538 2451 3743 2503 vetus-

223 2534 374 2590 tatis
400 2552 527 2594 suae
556 2554 675 2597 usu
699 2539 995 2601 deorsum
1024 2544 1120 2602 ire
1148 2547 1572 2620 compellitur.
1605 2547 1785 2606 Inter
1804 2548 1927 2607 haec
1954 2548 2234 2623 anhelat,
2270 2555 2513 2621 aestuat,
2545 2564 2737 2624 super
2754 2564 2819 2606 se
2848 2548 2944 2605 ire
2964 2552 3236 2606 conatur
3254 2560 3277 2619 ,'
3304 2542 3414 2603 sed
3442 2541 3530 2602 ad
3556 2544 3746 2617 fami-

220 2634 414 2693 liares
447 2638 727 2697 tenebras
755 2657 898 2700 suas
927 2642 1094 2701 victa
1120 2642 1508 2722 fatigatione
1537 2646 1854 2705 relabitur
1882 2645 1996 2725 (a).

300 2734 476 2804 Quod
499 2742 738 2815 spectat
768 2739 847 2799 ad
877 2739 1097 2817 gratiae
1127 2742 1667 2820 amissibilitatem,
1714 2743 1917 2824 ipsam
1961 2744 2187 2807 diserte
2235 2746 2419 2806 docet
2455 2749 2708 2806 sanctus
2756 2741 3110 2821 Gregorius,
3143 2740 3186 2799 l.
3240 2757 3344 2801 xxv
3372 2738 3739 2806 Moralium,

218 2846 394 2892 num.
425 2834 525 2906 42,
560 2834 669 2895 ubi
698 2836 972 2916 explicat
1000 2838 1168 2900 hunc
1197 2857 1445 2903 versum
1476 2842 1636 2905 Job:
1672 2844 1994 2921 Spoliavit
2020 2862 2120 2906 me
2144 2842 2354 2924 gloria
2380 2861 2542 2917 mea,
2565 2852 2629 2904 et
2656 2843 2917 2903 abstulit
2944 2856 3245 2902 coronam
3271 2838 3345 2899 de
3373 2840 3581 2913 capite
3606 2854 3742 2896 meo

218 2928 379 3005 (Job.
413 2946 544 3004 XIX,
576 2933 661 3011 9).

300 3025 432 3088 XV.
482 3031 663 3090 Num
692 3032 763 3091 S.
795 3035 1031 3093 Doctor
1059 3037 1339 3116 Angelos
1379 3058 1503 3101 esse
1530 3058 1857 3118 corporeos
1893 3043 2254 3102 asseruerit.
2312 3075 2391 3087 —
2446 3042 2625 3102 Nunc
2676 3037 2972 3119 quoniam
3021 3036 3220 3097 visum
3276 3040 3367 3097 est
3420 3031 3738 3095 nonnullis

222 3131 507 3188 sanctum
536 3129 905 3209 Gregorium
935 3151 972 3194 a
1006 3136 1323 3197 communi
1352 3138 1644 3201 Ecclesiae
1677 3140 1964 3203 doctrina
1993 3157 2335 3221 parumper
2356 3138 2708 3211 deﬂexisse,
2733 3136 2992 3216 angelos
3012 3152 3351 3215 corporeos
3380 3130 3741 3204 asserendo,

222 3230 281 3285 et
312 3228 602 3305 negando
636 3228 1139 3296 Machabaaorum
1170 3234 1366 3297 libros
1413 3254 1546 3301 esse
1595 3239 1955 3312 canonicos,
1996 3240 2074 3303 de
2103 3237 2201 3301 his
2248 3239 2493 3301 duobus
2521 3235 2832 3318 capitibus
2860 3235 3049 3315 paulo
3080 3232 3390 3297 morosius
3417 3230 3745 3310 inquiren-

219 3324 397 3386 dum.

299 3422 595 3502 Legimus
614 3423 723 3487 lib.
756 3444 802 3488 ιι
832 3430 1086 3505 Moral.,
1112 3450 1176 3492 n.
1207 3433 1266 3498 3.
1300 3434 1621 3514 angelicas
1651 3436 1902 3516 quidem
1926 3436 2182 3517 spiritus
2210 3437 2684 3514 comparatione
2719 3443 3087 3495 nostrorum
3114 3448 3454 3510 corporum
3478 3430 3749 3506 spiritus

227 3538 397 3595 esse;
426 3522 537 3583 sed
562 3530 1040 3603 comparatione
1067 3535 1303 3592 summi
1329 3542 1388 3592 et
1418 3538 1962 3612 incircumscripti
1977 3538 2268 3612 spiritus,
2301 3554 2549 3613 corpus.
2598 3533 2834 3606 Quibus
2862 3531 3092 3605 verbis,
3124 3529 3237 3593 etsi
3266 3535 3491 3591 natura
3520 3524 3752 3588 nostris

219 3621 587 3700 corporibus
615 3622 924 3701 subtilior,
960 3645 1261 3708 corporea
1289 3636 1500 3693 tamen
1529 3634 1769 3711 angelis
1794 3633 1985 3695 tribui
2010 3633 2366 3697 videtur.At
2393 3651 2604 3713 pravae
2634 3631 2783 3694 huic
2813 3629 3095 3710 Opinioni
3124 3628 3312 3709 paulo
3332 3626 3499 3688 infra
3528 3641 3752 3686 occur-

220 3717 399 3798 ritur,
432 3720 667 3782 scilicet
720 3740 782 3783 n.
818 3726 876 3798 8,
916 3725 1021 3787 ubi
1051 3727 1259 3806 angeli
1292 3729 1442 3790 mali
1490 3730 1664 3792 nulla
1713 3750 1940 3793 carnea
1986 3738 2214 3795 natura
2260 3732 2474 3797 vestiri
2523 3737 2928 3801 asseruntur;
2973 3729 3080 3792 sed
3131 3726 3403 3789 maxime
3433 3744 3511 3787 ex
3541 3723 3650 3784 lib.
3683 3740 3749 3784 ιν

224 3815 380 3877 Dial.
389 3862 410 3894 ,
442 3836 497 3879 c.
532 3819 631 3893 29,
664 3820 930 3885 solvitur
956 3825 1161 3886 omnis
1190 3827 1553 3906 quaestionis
1581 3829 1807 3892 nodus.
1845 3830 1956 3892 Hic
1986 3837 2240 3892 sanctus
2285 3829 2624 3909 Gregorius
2654 3831 2908 3891 Petrum
2938 3824 3318 3903 discipulum
3348 3823 3703 3899 interrogat
3731 3836 3747 3880 :

230 3912 367 3987 θέο,
400 3934 602 3993 Quaeso
634 3927 708 3992 te,
738 3930 1060 3997 apostatas
1087 3927 1356 4000 spiritus
1383 3946 1423 3986 a
1452 3930 1685 3989 caelesti
1709 3930 1925 4007 gloria
1956 3929 2249 4010 dejectos,
2282 3947 2406 3989 esse
2433 3945 2786 4004 corporeos,
2818 3944 2907 3984 an
2936 3926 3336 3999 incorporeas
3365 3915 3756 3996 suspicaris?

225 4013 579 4093 Respondet
598 4034 744 4079 vero
776 4021 1032 4081 Petrus:
1070 4022 1223 4087 Quis
1250 4042 1481 4086 sanum
1508 4030 1780 4105 sapiens,
1823 4045 1949 4087 esse
1992 4029 2266 4104 spiritus
2311 4043 2641 4103 corporeos
2660 4020 2975 4083 'diwerit?
3006 4020 3285 4101 Replicat
3314 4024 3569 4079 sanctus
3598 4017 3755 4077 Doc-

228 4115 366 4172 tor:
403 4113 484 4173 Si
512 4113 713 4191 igitur
741 4117 1033 4179 diabolus
1059 4127 1313 4200 eiusque
1341 4126 1583 4201 angeli,
1618 4143 1761 4185 cum
1785 4128 1915 4185 sint
1945 4126 2326 4203 incorporei,
2383 4141 2682 4202 corporeo
2702 4124 2832 4181 sint
2882 4123 3030 4199 igne
3060 4117 3423 4183 cruciandi,
3455 4115 3614 4193 quid
3636 4119 3757 4174 mi—

224 4227 373 4268 rum
397 4213 457 4268 si
483 4214 736 4287 animae,
768 4224 829 4273 et
858 4226 1201 4296 antequam
1228 4223 1549 4298 recipiant
1577 4240 1866 4302 corpora,
1897 4225 2143 4303 possint
2167 4241 2467 4301 corporea
2495 4226 2735 4283 sentire
2767 4216 3127 4280 tormenta?
3157 4217 3250 4278 Ad
3280 4216 3471 4277 libros
3505 4213 3757 4277 Macha-

225 4307 505 4370 baaorum
536 4312 883 4375 veniamus.

306 4406 458 4468 XVI.
516 4411 693 4470 Num
749 4413 942 4473 libros
994 4416 1503 4480 Mue/labrorum
1540 4424 1863 4500 negaverit
1908 4440 2033 4482 esse
2077 4427 2435 4483 canonicos.
2464 4455 2543 4466 —
2590 4421 2855 4501 Sanctus
2904 4413 3265 4494 Gregorius,
3296 4413 3338 4474 1.
3372 4431 3476 4474 xxx
3509 4408 3759 4474 Moral..

228 4522 291 4564 n.
324 4504 425 4581 34,
460 4505 828 4572 laudaturus
854 4511 969 4574 bos
998 4512 1192 4577 libros
1222 4515 1308 4578 ita
1328 4518 1666 4598 praefatur:
1703 4523 1794 4580 De
1822 4540 1947 4599 qua
1978 4539 2050 4582 re
2067 4539 2198 4581 non
2220 4520 2591 4581 inordinate
2618 4523 2890 4597 agimus,
2925 4517 2984 4574 si
3011 4533 3091 4574 ex
3119 4513 3301 4573 libris
3334 4514 3477 4572 licet
3506 4526 3636 4570 non
3660 4526 3762 4567 ca-

225 4606 497 4675 nonicis,
528 4607 641 4666 sed
673 4616 882 4671 tamen
911 4612 1000 4672 ad
1025 4613 1505 4694 zdiﬁcationem
1561 4618 1858 4681 Ecclesiae
1910 4620 2101 4680 editis
2160 4621 2590 4680 testimonium
2643 4623 3067 4695 pro/eramus.
3125 4613 3272 4673 Hac
3317 4608 3500 4671 nobis
3529 4604 3762 4685 objecit

227 4703 452 4765 Petrus
482 4704 803 4768 Molinaeus
831 4707 893 4769 in
925 4708 1135 4774 libello
1165 4715 1438 4794 quodam
1488 4716 1686 4779 sancti
1733 4718 1953 4779 Leonis
1982 4720 2091 4780 let
2118 4717 2319 4779 sancti
2348 4716 2631 4796 Gregorii
2677 4714 2890 4793 Magni
2922 4710 3125 4773 Vitam
3176 4707 3413 4771 Gallico
3457 4704 3757 4767 idiomate

231 4800 673 4882 compendiose
703 4805 1001 4886 scriptam
1044 4811 1497 4891 complectente
1526 4815 1817 4895 (Impres.
1853 4816 2105 4877 Sedani
2159 4816 2337 4893 apud
2387 4818 2507 4878 Fr.
2566 4814 2826 4893 Chayer,
2861 4810 3066 4890 1650),
3097 4808 3162 4869 in
3192 4824 3314 4886 quo
3344 4803 3583 4864 ludicre
3604 4815 3757 4861 sane

233 4907 500 4963 conatur
527 4901 790 4983 probare
818 4908 1215 4970 concordiam
1249 4910 1549 4974 doctrinae
1604 4914 2002 4993 Gregorianae
2051 4932 2192 4977 cum
2248 4911 2639 4976 Calviniana.
2681 4913 2769 4975 De
2799 4909 2973 4971 libris
3006 4915 3212 4969 tamen
3248 4900 3756 4965 Machabaaorum

234 5017 304 5059 ex
340 5001 600 5079 prolatis
632 5003 833 5067 verbis
862 5007 1146 5068 nonnihil
1175 5007 1561 5073 difﬁcultatis
1590 5013 1873 5093 exsurgit
1905 5032 1921 5088 ;
1956 5032 2147 5094 quam
2178 5018 2246 5074 ut
2273 5012 2618 5075 solvamus.

314 5097 787 5204 Observandum
824 5108 884 5165 1ο
912 5104 1106 5167 libros
1135 5104 1279 5169 illos
1310 5108 1495 5188 longe
1528 5118 1672 5172 ante
1703 5111 1902 5173 sancti
1932 5112 2218 5192 Gregorii
2240 5118 2523 5191 tempora
2543 5110 2608 5171 in
2636 5105 2911 5170 Ecclesia
2940 5104 3159 5167 Latina
3190 5100 3407 5204 saltem
3441 5114 3553 5175 pro
3585 5110 3767 5204 cauc-

242 5194 397 5256 nicis
426 5198 615 5260 fuisse
641 5199 911 5264 habitos.
940 5206 1096 5266 Nam
1128 5204 1248 5268 hoc
1276 5208 1529 5270 nomine
1560 5208 1947 5288 recipiuntur
1974 5229 2011 5272 a
2065 5210 2330 5272 concilio
2379 5209 2677 5287 Carthag.
2723 5224 2810 5281 ιιι,
2846 5222 2987 5266 can.
3029 5204 3102 5263 l7
3131 5218 3145 5275 ;
3180 5199 3259 5261 ab
3309 5192 3673 5259 Innocentio
3713 5192 3765 5264 l,

235 5292 302 5354 in
334 5293 597 5375 epistola
624 5296 704 5357 ad
736 5298 1116 5381 Exuperium
1148 5303 1573 5382 Tolosanum;
1605 5308 1959 5388 Augustino
2012 5308 2059 5371 l.
2118 5326 2164 5373 ιι
2219 5309 2296 5371 de
2341 5307 2641 5371 Doctrina
2687 5303 2945 5381 Christ.,
2997 5320 3051 5364 c.
3100 5301 3161 5372 8,
3212 5296 3321 5358 lib.
3357 5294 3434 5355 de
3462 5292 3626 5354 Cura
3655 5306 3772 5370 pro

308 5538 559 5671 (q)2Vide
582 5538 761 5599 etiam
790 5539 831 5597 ι.
862 5556 1016 5616 xxiv,
1049 5558 1110 5602 ιι.
1143 5545 1248 5617 12ς
1278 5546 1439 5605 hom.
1470 5549 1508 5605 5
1534 5549 1595 5607 in
1625 5549 1855 5621 Ezech.,
1884 5550 2074 5622 n.12;
2107 5553 2166 5610 et
2194 5550 2233 5610 l.
2265 5565 2330 5619 ιι,
2361 5547 2523 5606 hom.
2554 5546 2613 5617 2,
2646 5561 2703 5601 ιι.
2736 5543 2846 5611 lli;
2879 5555 3101 5599 necnon
3132 5537 3290 5595 hom.
3335 5533 3407 5590 35
3437 5531 3497 5589 in
3529 5531 3774 5599 Evango.

242 5628 301 5668 ιι.
336 5628 425 5670 ιι.
