4088 6172
314 261 400 322 33
1616 249 2035 313 PREFATIO
2080 250 2547 314 GENERALIS.
3769 261 3850 321 34

308 394 602 468 mortuis,
636 412 692 455 c.
727 396 789 467 1,
821 398 882 454 et
907 392 951 454 l.
985 408 1137 455 xvnI
1167 388 1244 452 de
1269 388 1452 451 Civit.
1485 389 1617 461 Dei,
1650 406 1715 450 c.‘
1738 387 1856 464 36;
1892 386 2329 451 Cassiodorol.
2360 406 2406 451 ιι
2440 389 2515 452 de
2554 391 2781 465 Instit.,
2817 411 2869 453 c.
2905 390 2963 465 6,
3015 394 3124 471 qui
3153 392 3329 454 libris
3359 393 3482 455 illis
3503 395 3709 457 locum
3740 396 3850 459 dat

306 497 477 557 inter
508 491 949 572 hagiographa
984 509 998 565 ;
1032 496 1091 552 et
1122 490 1283 550 aliis.
1317 489 1405 549 De
1435 486 1760 550 Gelasiano
1789 486 2039 548 decreto
2068 486 2212 548 illos
2241 487 2582 566 recipiente
2614 490 2776 551 inter
2819 491 3150 554 canonicas
3182 491 3539 571 Scripturas
3568 499 3848 557 tacemus

310 593 482 675 quod
514 591 672 651 illud
709 590 994 669 rejiciant
1025 605 1097 650 ex
1131 585 1533 648 beterodoxis
1561 585 1957 661 Pearsonius,
1989 584 2357 647 Guillelmus
2392 588 2576 661 Cave,
2610 593 2671 649 et
2700 587 2811 650 alii
2854 588 3077 665 critici,
3108 608 3249 651 cum
3282 590 3510 671 quibus
3540 610 3705 655 nunc
3735 593 3847 655 de-

310 698 558 754 certare
579 708 706 751 non
737 696 829 750 est
860 706 1065 768 opera:
1098 686 1390 767 pretium.

394 790 896 860 Observandum,
941 791 1005 848 2°
1035 786 1352 866 duplicem
1384 802 1514 847 esse
1556 783 1863 847 librorum
1915 802 2233 845 sacrorum
2283 802 2626 857 canonem;
2662 804 2855 847 unum
2900 786 3291 860 Judmorum,
3325 787 3589 849 alterum
3634 789 3852 852 Chris-

310 890 509 950 tianas
535 887 852 951 Ecclesiae.
885 886 1066 947 Prior
1094 884 1305 945 nullus
1335 883 1490 944 alios
1520 902 1710 962 quam
1759 883 1865 961 qui
1911 882 2213 944 Hebraice
2260 883 2473 962 scripti
2522 890 2666 945 sunt
2713 885 2969 964 recipit;
3014 885 3173 947 alter
3201 886 3388 964 longe
3435 887 3706 966 amplior
3734 894 3848 961 est,

314 988 723 1066 admittitque
752 991 979 1064 praeter
1009 986 1249 1045 Novum
1294 983 1789 1056 Testamentum,
1842 980 2148 1060 plurimos
2194 982 2273 1042 ad
2320 984 2511 1045 Vetus
2559 984 3026 1044 Testamentum
3076 983 3476 1063 pertinentes,
3506 988 3615 1065 qui
3639 990 3854 1049 Graece

317 1092 573 1147 tantum
607 1089 876 1146 exstant.
911 1081 1384 1144 Distinctionem
1416 1080 1582 1141 hanc
1613 1078 1894 1158 agnoscit
1922 1079 2331 1159 Augustinus,
2366 1080 2514 1139 dum
2548 1081 2624 1141 de
2660 1080 2758 1141 his
2789 1080 2963 1141 libris
2992 1082 3252 1160 loquens
3282 1083 3486 1143 addit:
3518 1085 3600 1143 In
3628 1088 3856 1165 quibus

309 1196 467 1246 sunt
496 1185 1007 1245 Machabaorum
1040 1183 1211 1254 libri,
1238 1199 1390 1259 quos
1417 1198 1540 1239 non
1569 1179 1799 1251 Judzi,
1833 1179 1942 1238 sed
1970 1181 2253 1239 Ecclesia
2279 1197 2399 1255 pro
2430 1181 2752 1239 canonicis
2781 1180 2983 1239 habet.
3018 1182 3236 1259 Itaque
3263 1180 3363 1242 vix
3393 1182 3682 1243 dubitare
3714 1183 3858 1245 licet

306 1289 603 1346 sanctum
636 1281 1001 1360 Gregorium
1034 1279 1233 1340 sancti
1262 1277 1598 1357 Augustini
1626 1277 1927 1336 doctrinas
1961 1276 2413 1349 adhaerentem,
2448 1277 2727 1356 aliasque
2777 1294 3118 1339 memorem
3169 1278 3610 1357 Catalogorum
3655 1280 3851 1343 libro-

310 1402 456 1443 rum
489 1399 683 1443 sacrae
713 1379 1050 1459 Scriptura:
1081 1396 1117 1437 a
1139 1376 1266 1437 suis
1297 1375 1644 1451 majoribus
1666 1375 2079 1448 conditorum,
2115 1392 2371 1453 negasse
2395 1374 2901 1435 Machabaeorum
2928 1375 3143 1436 Libros
3164 1382 3559 1437 essetantum
3592 1378 3653 1438 in
3677 1398 3862 1443 cano-

311 1499 396 1542 ne
424 1480 816 1552 Iudaeorum,
846 1496 973 1538 non
1003 1493 1152 1537 vero
1185 1474 1703 1536 Christianorum.
1726 1473 1858 1544 Qua
1888 1473 1951 1533 in
1976 1492 2038 1534 re
2068 1479 2317 1533 secutus
2337 1480 2429 1533 est
2458 1472 2789 1553 Origenem
2829 1478 2889 1535 et
2919 1478 3206 1534 sanctum
3238 1475 3711 1554 Hieronymum,
3744 1480 3855 1557 qui

318 1598 469 1640 cum
503 1580 582 1638 ad
615 1577 939 1638 doctorum
971 1574 1379 1635 Hebraeorum
1415 1578 1688 1633 mentem
1731 1571 1804 1632 de
1837 1571 1933 1630 his
1991 1572 2331 1651 loquuntur
2386 1571 2581 1644 libris,
2610 1591 2716 1633 eos
2771 1579 3141 1651 expungunt
3171 1591 3247 1633 ex
3278 1591 3541 1635 canone.
3575 1576 3738 1637 Alibi
3770 1584 3860 1639 ta-

319 1695 466 1739 men
499 1694 608 1738 eos
651 1681 951 1754 tanquam
1011 1690 1221 1734 sacros
1250 1671 1510 1733 laudant
1534 1688 1656 1729 non
1684 1671 1897 1742 semel,
1935 1670 2251 1743 Ecclesiae,
2275 1688 2401 1730 non
2425 1687 2570 1731 vero
2602 1669 2949 1750 Synagogw
2981 1688 3284 1732 canonem
3315 1672 3511 1733 secuti
3542 1673 3858 1754 (0rigen.,

321 1780 368 1838 ι.
403 1794 447 1838 ιι
478 1775 841 1851 Periarch.,
864 1792 917 1832 c.
949 1775 1005 1845 t,
1029 1782 1088 1833 et
1120 1773 1187 1830 in
1217 1789 1270 1833 c.
1302 1785 1348 1830 V
1379 1773 1501 1847 Ep.
1543 1769 1629 1828 ad
1658 1771 1838 1829 Rom.
1860 1792 1884 1837 ,-
1913 1770 2183 1830 Hieron.
2252 1772 2293 1829 l.
2326 1788 2365 1832 v
2408 1769 2749 1829 Comment.
2816 1771 2884 1829 in
2906 1770 3057 1844 Isa.,
3109 1771 3196 1830 ad
3224 1789 3277 1831 c.
3308 1787 3488 1845 XXIII,
3524 1781 3584 1832 et
3619 1775 3856 1836 Comm.

320 1880 396 1936 in
428 1895 483 1936 c.
518 1893 581 1935 Ix
609 1876 783 1933 Eccl.
817 1882 873 1932 et
902 1874 970 1931 in
1001 1890 1053 1931 c.
1085 1887 1196 1930 VIII
1230 1869 1448 1947 Dan).
2674 1940 2675 1943 η

404 1973 651 2035 Insulse
681 1971 844 2032 idem
879 1966 1601 2045 Molinzeusignorantiaa
1645 1966 1857 2044 arguit
1902 1972 2185 2026 sanctum
2241 1966 2604 2046 Gregorium
2663 1965 2880 2047 (Ιὸιᾰ.,
2934 1986 2985 2026 c.
3046 1968 3159 2047 x1),
3222 1967 3476 2047 quando
3532 1970 3859 2033 nominum

326 2071 753 2151 quorumdam
783 2070 911 2128 sive
928 2066 1404 2137 Hebraicorum,
1439 2065 1567 2125 sive
1597 2065 1952 2126 Grmcorum
2004 2084 2223 2124 sensus
2272 2064 2558 2137 efferens,
2592 2064 2750 2125 dixit
2795 2068 3122 2139 Lazarum,
3158 2066 3324 2144 quod
3346 2067 3509 2127 idem
3533 2074 3626 2129 est
3657 2089 3729 2129 ac
3760 2071 3863 2132 El-

331 2189 575 2243 zearus,
612 2175 720 2230 aut
750 2168 1107 2239 Eleazarus,
1142 2164 1500 2244 signiﬁcare
1526 2162 1811 2242 adjutum
1840 2182 1856 2237 ;
1888 2164 2028 2235 Job,
2084 2163 2355 2235 dolores,
2412 2171 2519 2224 aut
2551 2164 2861 2226 dolentem
2899 2182 2912 2238 ;
2947 2164 3219 2240 Cherub,
3270 2166 3724 2246 plenitudinem
3756 2175 3865 2231 aut

326 2269 802 2332 multitudinem
831 2264 1133 2337 scientias,
1166 2263 1332 2325 eleos
1361 2260 1495 2342 (ubi
1527 2262 1692 2322 mala
1724 2261 1844 2323 ﬁde
1873 2260 2206 2323 Molinzeus
2234 2262 2385 2340 legit
2439 2260 2624 2341 oleos)
2657 2262 3172 2325 misericordiam.
3206 2263 3329 2325 Sed
3359 2264 3425 2326 in
3457 2263 3554 2327 his
3584 2268 3864 2331 Molinasi

324 2367 841 2432 cavillationibus
876 2362 1230 2425 refellendis
1259 2363 1497 2422 frustra
1526 2368 1770 2439 tempus
1800 2369 2162 2421 tereremus.

406 2468 593 2527 XVII.
630 2463 943 2539 Ejusdem
970 2464 1281 2521 sententia
1312 2462 1389 2519 a'e
1418 2465 1625 2520 vicino
1663 2459 1914 2530 judicii
1958 2461 2063 2517 die
2116 2460 2528 2536 expenditur.
2591 2493 2665 2504 —
2724 2459 2933 2521 Sancti
2983 2461 3263 2540 Gregorii
3304 2463 3611 2524 sententia
3656 2464 3734 2527 de
3765 2464 3867 2527 die

322 2565 575 2644 judicii,
610 2582 792 2642 quem
828 2559 1181 2641 proximum
1217 2557 1682 2638 praenuntiavit,
1716 2575 1880 2616 nunc
1931 2557 2361 2636 expendenda.
2422 2558 2582 2619 Sane
2640 2558 2988 2618 communis
3019 2560 3133 2619 fuit
3162 2567 3439 2621 veterum
3481 2562 3863 2625 Christiano-

330 2683 476 2724 rum
511 2659 857 2741 persuasio,
888 2658 1102 2718 mundi
1136 2658 1321 2717 ﬁnem
1353 2654 1701 2716 imminere.
1736 2655 2159 2715 Tertullianus
2206 2655 2585 2717 existimavit
2627 2657 2883 2717 cadente
2932 2656 3195 2736 imperio
3230 2661 3533 2727 Romano,
3566 2662 3867 2721 mundum

334 2779 596 2842 quoque
626 2758 995 2838 periturum,
1055 2762 1122 2816 ut
1177 2753 1529 2815 observavit
1588 2752 1951 2814 Franciscus
1997 2752 2343 2812 Balduinus
2398 2753 2461 2813 in
2519 2752 3032 2814 annotationibus
3088 2756 3169 2815 ad
3198 2755 3520 2833 Optatum,
3551 2756 3662 2818 lib.
3696 2775 3761 2818 III
3792 2759 3868 2819 de

332 2859 678 2920 schismate
706 2854 1043 2930 Donatist.,
1079 2871 1132 2914 c.
1167 2851 1226 2914 3.
1261 2850 1573 2930 Sulpicius
1603 2850 1890 2923 Severus,
1926 2851 1966 2910 l.
2004 2850 2081 2911 de
2109 2851 2251 2911 Vita
2279 2850 2446 2912 beati
2474 2850 2747 2924 Martini,
2782 2870 2846 2912 n.
2882 2854 2981 2925 24,
3013 2851 3149 2914 hac
3181 2853 3365 2914 refert
3397 2873 3433 2913 a
3462 2861 3678 2916 sancto
3713 2857 3868 2916 Mar-

337 2958 476 3017 tino
509 2956 585 3015 ad
618 2952 937 3014 diabolum
971 2952 1175 3012 dicta:
1214 2951 1290 3010 Si
1312 2959 1379 3008 tu
1407 2953 1559 3026 ipse,
1593 2968 1628 3009 0
1654 2951 2058 3019 miserabilis,
2093 2950 2170 3007 ab
2198 2948 2531 3009 hominum
2558 2952 2967 3010 insectatione
2995 2951 3341 3023 desisteres,
3376 2961 3436 3011 et
3469 2963 3523 3013 te
3548 2958 3865 3028 factorum

335 3065 606 3116 tuorum
635 3055 730 3112 vel
757 3053 870 3111 hoc
900 3061 1197 3126 tempore,
1230 3066 1377 3108 cum
1413 3048 1548 3107 dies
1567 3046 1818 3118 judicii
1865 3049 1935 3105 in
1976 3052 2269 3122 proximo
2296 3056 2408 3120 est,
2450 3052 2814 3124 paeniteret,
2858 3053 2977 3109 etc.
3022 3052 3287 3109 Sanctus
3335 3053 3461 3110 Leo
3509 3050 3735 3112 diserte
3782 3053 3872 3113 ait

328 3151 562 3233 judicii
593 3151 780 3222 diem,
813 3148 929 3210 etsi
960 3147 1241 3208 occultus
1267 3146 1369 3216 sit,
1400 3164 1525 3206 non
1557 3144 1833 3205 dubitari
1863 3162 1995 3205 esse
2026 3144 2292 3207 vicinum
2342 3144 2579 3223 (Serm.
2625 3146 2663 3204 8
2707 3147 2787 3205 de
2798 3145 3070 3220 jejunio
3114 3148 3592 3209 decimimensis
3622 3160 3679 3210 et
3707 3154 3870 3211 elee-

330 3252 547 3329 mos.).
584 3248 811 3320 Quidni
842 3264 989 3308 vero
1022 3245 1111 3305 ita
1140 3244 1478 3323 loquantur
1503 3243 1703 3303 sancti
1750 3245 1991 3307 Patres,
2043 3261 2182 3304 cum
2217 3244 2647 3321 apostolorum
2697 3245 2982 3324 princeps
3014 3245 3215 3306 dicat:
3254 3246 3555 3308 Omnium
3581 3252 3737 3327 ﬁnis
3764 3270 3871 3330 ap-

318 3346 793 3428 propinquavit
817 3344 842 3402 ’t
869 3346 937 3423 (Ι
986 3346 1130 3403 Pet.
1164 3360 1249 3411 Iv,
1286 3342 1370 3412 7).
1402 3344 1479 3402 Et
1533 3342 1845 3402 Joannes:
1881 3343 2131 3414 Filioli,
2192 3344 2536 3402 novissima
2593 3344 2750 3402 hora
2808 3353 2895 3403 est
2926 3344 2992 3422 (Ι
3012 3344 3203 3406 Joan.
3237 3366 3279 3418 ι,
3316 3347 3457 3424 18);
3490 3346 3654 3425 quod
3685 3348 3873 3409 etiam

330 3455 564 3529 postea
590 3444 913 3524 repetitur.
947 3445 1236 3503 Fortasse
1275 3441 1364 3501 ita
1424 3439 1747 3518 loquentes
1794 3437 1909 3498 viri
1940 3439 2161 3514 sancti,
2219 3441 2296 3500 ad
2345 3439 2501 3500 illud
2550 3441 2778 3501 Psaltis
2822 3442 2975 3519 regii
3027 3443 3464 3505 attendebant:
3496 3448 3688 3505 Mille
3714 3452 3876 3506 anni

328 3556 491 3607 ante
518 3548 751 3604 ocultos
786 3552 921 3601 tuos
952 3550 1258 3618 tanquam
1285 3539 1417 3598 dies
1448 3539 1739 3599 hesterna
1767 3556 1903 3615 quae
1925 3537 2234 3614 praeteriit
2264 3540 2400 3616 (Ps.
2432 3556 2682 3612 LXXXIX,
2714 3540 2801 3616 4).
2839 3540 2905 3601 Si
2929 3557 3097 3616 vero,
3134 3546 3199 3601 ut
3243 3542 3426 3603 docet
3448 3549 3702 3604 sanctus
3731 3545 3876 3605 Gre-

332 3644 564 3725 gorius
594 3641 750 3703 Dial.
786 3641 828 3699 l.
861 3657 929 3711 II,
955 3658 1009 3699 c.
1044 3641 1145 3712 35,
1210 3638 1474 3697 Videnti
1508 3638 1895 3713 Creatorem,
1944 3634 2050 3714 qui
2099 3636 2517 3698 immensitate
2570 3639 2819 3716 gaudet,
2875 3648 3146 3718 augusta
3194 3649 3282 3698 est
3315 3644 3519 3700 omnis
3547 3651 3870 3715 creatura,

348 3743 524 3803 unde
554 3758 679 3799 non
713 3737 939 3798 mirum
971 3737 1187 3798 orbem
1249 3734 1605 3797 universum
1636 3734 1699 3793 in
1732 3752 1857 3794 uno
1916 3734 2061 3793 solis
2108 3734 2279 3793 radio
2323 3734 2521 3796 sancti
2559 3736 2875 3797 Benedicti
2905 3737 3104 3797 oculis
3135 3737 3480 3816 subjectum
3507 3739 3736 3813 fuisse;
3770 3758 3880 3801 cur

350 3858 477 3900 non
513 3837 727 3899 eadem
761 3837 1003 3896 ratione
1031 3835 1314 3895 dicamus
1343 3831 1913 3909 contemplantibus
1964 3831 2074 3892 Dei
2124 3832 2535 3893 aeternitatem
2592 3833 2781 3894 breve
2830 3852 2959 3895 esse
3007 3852 3186 3896 omne
3232 3844 3495 3916 tempus,
3532 3839 3646 3899 etsi
3678 3839 3877 3899 multa

347 3938 540 4000 etiam
574 3953 880 3995 annorum
914 3932 1113 3994 millia
1145 3929 1646 4010 complectatur?

425 4035 648 4096 XVIII.
689 4034 922 4098 Quibus
956 4032 1027 4091 S.
1063 4031 1417 4106 Scriptura?
1462 4029 1864 4087 Ve-rsionibus
1892 4046 2045 4087 usus
2073 4033 2181 4087 sit.
2216 4060 2292 4071 —
2341 4027 2862 4106 Quandoquidem
2894 4036 3147 4090 sanctus
3177 4029 3510 4107 Gregorius
3538 4031 3601 4090 in
3632 4032 3882 4092 citanda

339 4152 531 4196 sacra
563 4132 882 4209 Scriptura
910 4134 1002 4188 est
1034 4128 1337 4194 assiduus,
1368 4144 1493 4186 non
1525 4126 1636 4186 abs
1658 4142 1723 4187 re
1754 4125 1869 4186 erit
1901 4125 2229 4187 ostendere
2253 4144 2378 4204 qua
2411 4144 2555 4185 usus
2583 4126 2663 4186 sit
2694 4125 3085 4204 potissimum
3118 4126 3421 4187 versione.
3460 4128 3529 4186 In
3562 4127 3684 4189 ﬁne
3712 4129 3878 4208 epis-

340 4232 495 4293 tolae
528 4229 607 4289 ad
641 4228 990 4289 Leandrum
1022 4227 1109 4286 ita
1140 4224 1449 4303 loquitur:
1472 4225 1871 4285 Novamvero
1904 4226 2392 4284 translationem
2412 4225 2674 4295 dissero,
2703 4224 2813 4283 sed
2841 4242 2985 4285 cum
3006 4226 3407 4303 probationis
3427 4243 3619 4286 causa
3648 4230 3877 4305 exigit,

339 4349 521 4392 nunc
550 4346 801 4404 novam,
833 4345 1006 4387 nunc
1035 4334 1301 4385 veterem
1322 4341 1444 4399 per
1474 4324 1833 4382 testimonia
1866 4341 2135 4394 assumo,
2172 4329 2289 4383 etc.
2340 4326 2452 4383 Per
2479 4322 2826 4401 antiquam,
2862 4322 3153 4401 intelligit
3181 4324 3525 4385 versionem
3559 4326 3786 4385 factam
3814 4344 3885 4389 ex

341 4429 565 4490 Graeco
598 4426 994 4504 septuaginta
1027 4425 1442 4500 lnterpretum
1478 4439 1493 4493 ;
1524 4438 1633 4498 per
1664 4438 1888 4479 novam
1918 4419 2230 4497 signiﬁcat
2279 4421 2508 4481 factam
2558 4419 2637 4479 ab
2689 4420 3068 4499 Hieronymo
3111 4438 3185 4481 ex
3232 4421 3368 4500 ipso
3394 4421 3679 4484 Hebraeo.
3715 4425 3888 4487 Hanc

345 4534 562 4589 autem
596 4521 924 4584 vetustiori
954 4521 1250 4599 praeferre
1280 4519 1527 4579 videtur
1574 4519 1614 4578 l.
1669 4535 1751 4578 xx
1782 4518 2035 4591 Moral.,
2090 4536 2265 4579 num.
2324 4517 2439 4580 62:
2493 4520 2709 4597 Longe
2738 4521 2813 4579 ab
2860 4520 2976 4579 hac
3004 4523 3314 4580 sententia
3342 4530 3514 4581 vetus
3545 4526 3887 4583 translatio

348 4626 659 4687 dissonat,
695 4624 849 4699 quia
895 4620 1067 4698 quod
1126 4622 1193 4677 in
1249 4618 1364 4678 hac
1422 4617 1499 4675 de
1557 4618 1684 4676 Deo
1715 4617 1978 4687 dicitur,
2013 4619 2125 4676 hoc
2156 4620 2227 4677 in
2259 4620 2378 4676 illa
2425 4618 2502 4677 de
2531 4617 2923 4677 adversariis
2954 4637 3026 4677 ac
3038 4620 3548 4694 persecutoribus
3578 4639 3888 4682 memora-

351 4734 485 4783 tur.
524 4720 656 4780 Sed
690 4728 899 4778 tamen
929 4720 1078 4796 quia
1111 4718 1233 4776 haec
1264 4734 1425 4775 nova
1456 4718 1797 4774 translatio
1826 4734 1905 4773 ea:
1932 4716 2197 4775 Hebrzo
2238 4716 2417 4775 nobis
2454 4716 2859 4794 Arabicoque
2900 4720 3148 4795 eloquio
3173 4727 3401 4778 cuncta
3435 4722 3645 4779 verius
3676 4730 3884 4781 trans-

344 4821 602 4901 fudisse
624 4817 1015 4895 perhibetur,
1047 4815 1438 4875 credendum
1467 4822 1556 4873 est
1587 4814 1909 4891 quidquid
1936 4816 2004 4873 in
2032 4832 2101 4873 ea
2134 4814 2377 4874 dicitur
2394 4834 2416 4889 ;
2449 4824 2506 4873 et
2536 4824 2780 4892 oportet
2812 4825 2883 4874 ut
2911 4817 3097 4875 verba
3128 4814 3309 4876 illius
3338 4825 3560 4876 nostra
3589 4820 3890 4896 expositio

344 4917 678 4981 subtiliter
706 4918 999 4974 rimetur.
1034 4913 1333 4974 Eamdem
1366 4912 1619 4990 praefert
1660 4910 1957 4985 Isidorus,
1983 4910 2091 4973 lib.
2128 4930 2185 4972 VI
2218 4912 2597 4990 Etymolog.,
2631 4930 2685 4972 c.
2740 4915 2798 4972 5.
2832 4915 3183 4994 Presbyter,
3209 4914 3430 4992 inquit,
3463 4917 3893 4995 Hieronymus

351 5021 561 5080 trium
597 5017 971 5093 linguarum
992 5014 1426 5090 peritissimus
1448 5028 1527 5069 ex
1556 5008 1817 5069 Hebraeo
1850 5012 1920 5069 in
1948 5011 2253 5070 Latinum
2284 5014 2560 5089 elogium
2588 5011 2844 5071 divinas
2877 5013 3251 5089 Scripturas
3266 5015 3675 5073 convertit....
3706 5014 3894 5089 cujus

346 5116 807 5193 interpretatio
836 5113 1060 5171 merito
1090 5112 1323 5170 caeteris
1350 5111 1779 5184 anteponitur.
1816 5110 1889 5168 Et
1920 5108 2028 5167 lib.
2060 5125 2082 5168 ι
2112 5109 2188 5170 de
2218 5108 2453 5170 Ofﬁciis
2484 5109 2635 5179 div.,
2671 5127 2725 5169 c.
2761 5110 2835 5171 12
2862 5128 2876 5169 :
2912 5113 3000 5170 De
3029 5112 3393 5170 Hebraea...
3425 5130 3638 5172 sacras
3662 5113 3895 5193 Scrip-

350 5229 537 5278 turas
566 5214 892 5281 convertit,
929 5216 1114 5281 cujus
1143 5209 1419 5268 editione
1445 5209 1836 5286 generaliter
1864 5225 2073 5266 omnes
2090 5209 2385 5268 Ecclesiae
2414 5227 2859 5287 usquequaque
2880 5218 3176 5276 utuntur,
3210 5227 3278 5268 eo
3308 5210 3477 5287 quod
3505 5220 3593 5271 est
3612 5216 3895 5275 veracior

354 5320 429 5375 in
456 5312 811 5383 sententiis,
844 5318 902 5368 et
930 5311 1173 5368 clarior
1206 5310 1276 5365 in
1298 5307 1526 5365 verbis.

436 5411 593 5473 XIX.
629 5412 721 5469 De
748 5415 885 5479 ejus
916 5411 1078 5485 style
1108 5415 1166 5466 et
1198 5408 1448 5465 ratione
1487 5404 1829 5464 scribendi.
1883 5436 1957 5449 —
2016 5405 2102 5467 De
2154 5405 2354 5466 sancti
2386 5404 2669 5483 Gregorii
2716 5404 2878 5484 stylo
2908 5403 3276 5485 rationeque
3324 5406 3635 5469 scribendi
3666 5409 3895 5472 sufﬁcit

358 5513 573 5591 legere
602 5526 745 5589 qua:
775 5507 1047 5568 diximus
1077 5505 1139 5565 in
1168 5504 1411 5585 praefat.
1447 5503 1528 5564 ad
1558 5503 1909 5563 Comment.
1962 5500 2025 5562 in
2074 5502 2205 5563 Lib.
2242 5522 2261 5564 ι
2294 5504 2473 5581 Reg.,
2508 5521 2544 5561 a
2592 5519 2852 5564 numero
2879 5505 2915 5564 5
2960 5504 3039 5564 ad
3070 5504 3128 5565 9.
3164 5505 3494 5568 Familiare
3523 5506 3773 5586 quidem
3806 5513 3896 5569 est

357 5611 420 5677 ei
457 5608 675 5680 verba,
710 5612 777 5669 ut
806 5606 981 5669 aiunt
1012 5602 1430 5685 grammatici,
1475 5600 1878 5683 deponentis.
1910 5599 1973 5662 in
2004 5600 2252 5680 passiva
2301 5600 2757 5681 signiﬁcatione
2788 5602 3087 5684 accipere,
3122 5609 3189 5665 ut
3218 5607 3471 5683 metior,
3507 5610 3655 5668 tom.
3688 5604 3736 5679 Ι,
3770 5605 3892 5670 col.
