4088 6172
189 195 269 259 35
1470 175 1893 242 PREFATIO
1934 176 2405 242 GENERALIS.
3621 193 3706 254 se

189 329 346 391 “08
375 344 431 406 c,
462 326 583 390 col.
612 325 767 388 1409
799 323 859 398 d,
891 322 1048 384 1410
1077 319 1156 394 d;
1189 320 1503 383 venerari.
1537 316 1656 379 col.
1707 317 1820 377 561
1868 313 1931 393 d,
1965 318 2027 376 et
2067 315 2184 378 623
2213 332 2289 390 c;
2319 317 2634 397 persequi,
2667 319 2789 383 col.
2821 323 2938 384 459
2966 340 3037 397 a;
3070 329 3342 403 imitari,
3378 330 3496 393 col.
3525 330 3707 394 1338.

181 429 319 507 Ipse
349 426 426 487 de
457 443 520 486 se
545 440 791 485 summa
820 438 1064 500 semper
1093 436 1231 480 cum
1292 415 1488 477 animi
1544 415 1924 478 demissione
1978 413 2272 492 sentiens,
2305 414 2394 476 ait
2444 415 2507 476 in
2565 417 2688 480 ﬁne
2718 420 2997 498 epistolas
3047 424 3126 485 ad
3161 427 3506 489 Leandrum
3533 429 3711 491 libris

183 523 510 586 Moralium
541 522 919 603 praemissae:
955 519 1106 579 Non
1136 518 1518 577 barbarismi
1547 514 1984 594 confusionem.
2031 512 2261 587 devito,
2297 517 2456 575 situs
2501 525 2829 596 motusque
2875 530 2932 580 et
2977 528 3501 600 praepositionum
3530 547 3710 588 casus

177 642 428 685 servare
457 621 999 698 contemno;quia
1048 617 1392 695 indignum
1435 615 1821 675 vehementer
1876 619 2170 676 existimo
2226 624 2300 674 ut
2359 617 2546 675 verba
2599 620 2864 678 caelestis
2901 626 3153 682 oraculi
3185 628 3568 705 restringam
3595 626 3711 686 sub

179 725 425 802 regulis
450 722 709 780 Donati.
748 721 819 778 Et
848 736 993 778 vero
1023 715 1480 776 illustrissimus
1511 714 1798 785 Huetius,
1857 713 1969 775 lib.
2030 713 2106 776 de
2149 714 2390 793 optimo
2448 732 2672 793 genere
2701 717 3265 797 interpretandi,n.
3303 725 3400 796 42,
3433 724 3707 785 ostendit

181 825 489 899 quantum
521 816 681 878 sacri
710 817 1078 894 interpretes
1102 811 1492 891 neglexerint
1521 818 1882 872 accuratum
1914 811 2160 873 dicendi
2193 830 2389 891 genus
2416 818 2476 873 et
2500 814 2934 877 Grammaticas
2965 815 3155 896 leges.
3176 819 3493 899 Sulpicius
3523 825 3713 885 Seve-

178 935 305 992 rus,
334 917 478 996 jure
506 921 768 976 vocatus
797 912 1135 974 Sallustius
1164 909 1555 971 Christianus
1614 916 1870 989 propter
1925 909 2309 983 facundiam,
2334 909 2411 972 de
2469 928 2534 972 se
2562 911 2650 972 ita
2707 912 2985 992 loquitur
3021 916 3084 977 in
3117 919 3362 995 praefat.
3394 919 3472 979 ad
3505 919 3710 981 Vitam

179 1015 376 1078 sancti
421 1013 662 1074 Martini
688 1030 703 1072 :
745 1014 908 1078 Quia
937 1017 1117 1087 nefas
1141 1019 1438 1090 putarem
1481 1010 1652 1068 tanti
1677 1011 1810 1067 viri
1859 1012 2056 1069 latere
2103 1013 2396 1080 virtutes,
2427 1009 2608 1087 apud
2630 1029 2726 1070 me
2748 1014 2878 1089 ipse
2904 1013 3112 1074 didici
3141 1025 3212 1075 ut
3243 1016 3321 1076 de
3348 1020 3707 1078 solaecismis

183 1133 313 1175 non
339 1111 786 1185 erubescerem,
812 1116 962 1189 quia
993 1128 1104 1170 nec
1131 1126 1438 1186 magnam
1466 1112 1742 1166 istarum
1782 1125 2070 1186 unquam
2115 1126 2336 1167 rerum
2377 1110 2709 1170 scientiam
2755 1114 3176 1191 contigissem.
3225 1117 3447 1195 Neque
3495 1123 3707 1178 tamen

179 1210 392 1273 omnia
422 1230 564 1290 quas
596 1207 1023 1288 grammaticae
1044 1207 1288 1285 legibus
1309 1205 1626 1267 contraria
1648 1205 1939 1266 videntur
1959 1205 2022 1266 in
2052 1206 2250 1266 sancti
2283 1207 2560 1285 Gregorii
2581 1207 2848 1288 scriptis,
2876 1211 3174 1274 continuo
3194 1231 3307 1292 pro
3337 1214 3706 1276 solmcismis

184 1316 292 1370 aut
321 1306 726 1369 barbarismis
772 1304 1085 1367 habenda.
1118 1305 1346 1364 Notum
1375 1308 1469 1363 est
1500 1301 1793 1364 omnibus
1839 1302 2092 1382 linguas
2138 1302 2219 1363 ab
2250 1322 2364 1364 usu
2389 1304 2677 1383 pendere.
2705 1307 2921 1386 Itaque
2951 1326 3092 1369 cum
3120 1315 3400 1389 tempore
3428 1310 3712 1390 Gregorii

177 1406 394 1485 Magni
417 1405 706 1485 quaedam
729 1419 908 1466 voces
925 1419 1092 1463 nunc
1125 1400 1450 1474 ObSOlOlEB,
1483 1399 1773 1478 quaedam
1797 1399 2093 1480 loquendi
2119 1400 2403 1462 formulae
2427 1407 2657 1464 nostra:
2678 1403 2927 1482 syntaxi
2947 1407 3298 1481 contrariae,
3333 1426 3475 1487 quin
3501 1409 3580 1470 ad
3599 1428 3712 1488 pu-

175 1505 326 1567 riori
345 1503 695 1566 Latinitatis
722 1500 970 1580 regulas
992 1506 1215 1562 exacta
1236 1504 1350 1570 est,
1384 1497 1812 1572 invaluissent,
1850 1504 1913 1559 et
1937 1516 2049 1560 usu
2069 1497 2327 1560 fuissent
2361 1506 2652 1580 receptae,
2676 1502 2931 1564 minime
2966 1503 3414 1584 vituperandus
3453 1515 3545 1568 est
3596 1514 3709 1570 aut

173 1601 668 1665 contemnendus
688 1600 856 1680 quod
878 1599 991 1660 has
1004 1616 1187 1660 voces
1208 1603 1268 1660 et
1281 1596 1587 1659 formulas
1613 1595 1991 1659 adhibuerit.
2007 1598 2315 1676 Tempore
2340 1598 2615 1661 Terentii
2648 1602 2821 1678 ipsus
2837 1621 2951 1682 pro
2974 1605 3126 1682 ipse,
3149 1605 3314 1665 scibo
3346 1623 3460 1685 pro
3486 1608 3705 1681 sciam,

175 1707 316 1779 face
372 1718 486 1780 pro
531 1699 638 1778 fac
694 1697 1037 1770 dicebatur,
1101 1714 1258 1776 quas
1301 1713 1488 1759 voces
1544 1711 1729 1756 nemo
1776 1693 2107 1756 damnabit
2135 1695 2198 1755 in
2231 1694 2351 1757 hoc
2398 1709 2606 1775 poeta,
2633 1698 2746 1760 etsi
2774 1718 2940 1761 nunc
2971 1702 3226 1763 minime
3255 1703 3695 1784 probarentur.

171 1799 354 1880 Apud
404 1798 693 1859 eumdem
725 1795 788 1858 in
819 1794 1114 1874 Adelphii
1143 1800 1268 1856 act.
1300 1813 1363 1871 v,
1395 1811 1582 1854 scena
1611 1809 1696 1867 ιν,
1731 1791 1960 1872 legitur
1992 1810 2007 1854 :
2043 1797 2237 1854 Nunc
2283 1805 2503 1857 exacta
2549 1809 2747 1868 aetate,
2804 1798 2916 1859 hoc
2961 1801 3171 1880 fructi
3218 1820 3343 1879 pro
3385 1801 3592 1862 labore
3629 1804 3707 1862 ab

180 1899 258 1959 iis
283 1899 448 1980 fero,
480 1896 742 1971 odium;
772 1913 886 1975 pro
919 1895 1031 1954 hoc
1057 1894 1336 1972 fructus.
1362 1891 1655 1965 Hilarius,
1691 1909 1877 1971 quem
1909 1898 2158 1953 sanctus
2207 1893 2622 1972 Hieronymus
2665 1903 2922 1977 propter
2966 1898 3326 1961 facundiam
3357 1898 3599 1973 laudat,
3640 1888 3708 1961 ut

175 1995 527 2074 intelligere
553 1993 699 2055 licet
727 2011 803 2054 ex
833 1991 971 2071 ejus
1006 1989 1376 2052 testimoniis
1407 1989 1626 2051 Hilarii
1655 1989 1811 2050 Vitae
1843 1991 1904 2050 in
1935 2009 2101 2051 nova
2130 1990 2264 2070 ejus
2313 2011 2573 2070 operum
2606 1994 2888 2056 Editione
2917 1995 3239 2074 subjectis,
3273 1997 3572 2077 Hilarius,
3603 1997 3707 2058 in-

177 2112 395 2175 quam,
441 2091 783 2171 saepissime
812 2096 1075 2169 usurpat
1105 2087 1404 2168 loquendi
1435 2087 1655 2149 modos
1685 2088 1764 2148 ab
1796 2087 2116 2150 bodiernis
2147 2108 2405 2168 prorsus
2431 2091 2704 2154 dissitos.
2738 2093 2862 2156 Sic.
2895 2094 3005 2154 lib.
3042 2112 3128 2158 vn
3156 2095 3235 2156 de
3262 2095 3466 2172 Trin.,
3499 2115 3564 2157 n.
3598 2095 3699 2157 27:

171 2194 325 2255 Non
352 2196 544 2259 enim.
575 2189 800 2269 inquit,
831 2207 911 2250 ea:
940 2189 1293 2266 compositis
1318 2196 1504 2266 atque
1533 2187 1840 2248 inanimis
1870 2184 2059 2256 Deus,
2093 2189 2208 2266 qui
2225 2191 2356 2248 vita
2402 2200 2510 2262 est,
2540 2192 2846 2266 subsistit,
2882 2212 3078 2273 neque
3106 2197 3222 2272 qui
3245 2199 3451 2256 virtus
3481 2203 3590 2269 est,
3622 2213 3704 2257 ea:

174 2293 540 2372 inﬁrmibus
570 2289 957 2349 continetur.

256 2393 458 2462 Nunc,
482 2388 846 2468 priusquam
869 2384 1130 2446 ulterius
1159 2383 1659 2465 progrediamur,
1707 2383 2026 2463 paulisper
2071 2382 2367 2446 sistamus
2411 2386 2675 2465 gradum
2726 2397 2788 2448 et
2830 2406 2908 2450 ex
2951 2387 3220 2450 aliorum
3265 2389 3505 2462 erratis,
3553 2407 3696 2469 quin

176 2505 366 2568 supra
398 2493 615 2547 notare
659 2484 858 2546 coacti
888 2501 1126 2555 sumus,
1157 2488 1463 2561 quantum
1494 2481 1743 2542 errandi
1775 2500 2025 2562 quoque
2071 2481 2421 2561 periculum
2472 2483 2652 2546 nobis
2695 2485 3043 2562 immineat,
3093 2486 3532 2566 intelligentes,
3562 2505 3694 2548 om-

174 2587 350 2647 nium
381 2585 443 2646 in
476 2583 706 2663 quibus
733 2581 862 2644 labi
891 2580 1148 2642 forsitan
1178 2586 1239 2642 et
1266 2597 1472 2642 errare
1502 2579 1846 2658 continget,
1891 2580 2057 2658 quod
2106 2579 2402 2642 humana:
2449 2588 2543 2644 est
2594 2582 2966 2664 inﬁmitatis,
2999 2583 3245 2646 veniam
3280 2603 3391 2665 per
3419 2589 3692 2646 anteces-

169 2703 309 2746 sum
339 2683 764 2763 deprecemur,
800 2695 1318 2760 mereamurque;
1350 2677 1654 2758 quidquid
1684 2696 1723 2740 a
1769 2677 1948 2740 nobis
1996 2683 2089 2741 est
2136 2679 2395 2756 dictum,
2447 2682 2658 2744 statim
2699 2683 3158 2746 emendandum
3183 2682 3421 2761 judicio
3452 2690 3687 2745 sanctae

171 2784 335 2850 sedis
361 2781 778 2861 Ecclesieeque
811 2779 973 2841 ultro
1003 2777 1413 2858 subiiciendo.
