4088 6172
182 235 258 294 41
864 233 930 309 S.
975 234 1354 295 GREGORII
1400 234 1643 296 MAGNI
1686 234 1897 307 VITA,
1943 233 2314 297 AUCTORE
2356 235 2623 299 ΡΜ]ιο
2671 238 3038 301 DIACONO.
3632 249 3711 308 42

257 375 415 453 XIII,
446 377 664 453 Praeter
693 374 860 453 Pauli
891 379 947 431 et
974 375 2109 453 Joannis__Diaconorum_lucubrationes
2142 377 2469 447 adjicienda
2498 380 2773 453 duximus
2806 382 3073 453 quaedam
3096 381 3307 439 selecta
3325 387 3580 443 veterum
3602 391 3713 445 tes-

179 447 441 528 timonia
471 448 774 528 de_sancto
803 446 1099 528 Gregorio.
1132 447 1742 528 Nullassutemaiias
1772 449 1939 504 Vitas
1970 465 2037 503 ex
2070 446 2294 528 integro
2321 452 2742 528 scriptas__inter
2787 446 3438 528 antiqua__r_nonumenta
3466 461 3716 528 reperire

180 521 515 601 potuimus.
552 520 708 573 Inter
733 534 905 601 opera
923 515 1299 601 Venerabilis
1347 520 1532 601 Bedes.
1559 515 1816 601 ᾇείὲκδοτα
1847 526 2109 601 recenset
2158 515 2395 601 quidem
2442 515 2794 601 Guillelmus
2842 515 2988 601 Cave
3029 525 3211 601 vitam
3244 530 3427 601 sancti
3460 515 3717 601 Gregorii

185 590 490 670 quamsit
523 592 1231 670 manuscriptamexstare
1282 592 1342 645 in
1394 591 1745 670 bibliotheca
1776 590 2439 670 collegiiMertonensis.
2489 596 2626 670 Ejus
2677 612 2844 670 porro
2876 597 3121 651 visendis
3148 598 3435 654 desiderio
3467 590 3715 670 accensi,

188 663 542 744 rogavimus
565 668 829 744 nostrum
854 662 1264 744 Mabillonium
1300 670 1421 744 uta
1452 663 1937 744 viro'doc‘lissimo
1969 664 2077 744 '[:h.
2106 664 2237 744 Gals
2261 664 2447 744 amico
2468 662 2580 744 suo
2613 662 2982 744 intlitte-ratos
3015 684 3218 744 omnes
3247 670 3510 744 beneﬁce
3540 662 3720 744 impe2

186 739 377 788 traret
408 734 638 788 consuli
673 733 973 788 laudatum
1007 733 1296 799 Codicem,
1328 740 1385 789 et
1414 751 1547 789 cum
1582 734 1740 789 Pauli
1776 734 2056 805 opusculo
2107 736 2175 789 de
2224 738 2405 790 sancti
2460 736 2715 805 Gregorii
2765 738 2897 792 Vita
2944 740 3210 796 conferri.
3258 745 3381 796 Non
3429 733 3715 798 solum.id

184 805 470 885 praestitit
493 806 583 885 Iir
611 805 1235 885 ofﬁciosissimus,_sed
1271 806 1443 885 etiam
1477 807 1545 859 ad
1570 808 1866 885 nosAmisit
1896 811 2159 885 excerpta
2184 809 2444 885 quaedam
2477 815 2602 885 tum
2630 825 2693 861 ex
2719 809 2921 885 primis
2954 810 3060 864 Ms.
3100 812 3389 881 periodis:
3424 814 3719 885 Gregorius

182 879 296 951 liae
328 876 466 951 urbe
486 879 731 951 Romana
766 878 945 951 Patre
963 878 1476 951 Gordiano,_matre
1516 893 1639 932 vero
1670 878 1863 942 Silvia,
1897 884 2029 951 etc.,
2064 894 2251 951 usque
2282 879 2435 951 nulli
2464 879 2523 933 in
2557 880 2658 934 hac
2686 876 2816 935 urbe
2836 876 3133 949 putaretur
3160 885 3468 951 secundus;
3496 876 3616 941 tum
3649 903 3719 943 ex

186 950 312 1023 ﬁne
343 950 521 1023 totius
553 949 745 1023 operis
782 948 854 1023 ab
891 948 982 1003 his
1017 948 1200 1023 rerbis
1226 966 1239 1002 :
1273 948 1384 1002 haec
1415 950 1648 1023 breuiter
1677 950 1741 1023 de
1771 952 1889 1023 vita
1915 949 2053 1023 beati
2086 947 2338 1023 Gregorii
2367 950 2506 1005 dictu
2547 960 2693 1017 sunt,
2725 947 2858 1017 οἱοί,
2892 969 3073 1023 usque
3107 956 3364 1021 suputtus
3394 947 3516 1013 vero
3547 962 3625 1013 est
3658 960 3719 1013 in

182 1018 426 1075 ecclesia
460 1019 606 1075 beati
648 1019 798 1075 Petri
827 1022 1061 1086 apostoli
1090 1028 1219 1074 ante
1246 1020 1626 1089 secretarium,
1658 1020 1745 1075 die
1774 1037 1827 1073 ιν
1859 1020 2059 1074 Iduum
2111 1022 2459 1076 Martiarum.
2512 1024 2815 1077 Prwslante
2858 1018 3087 1078 Dom—inc
3112 1018 3291 1081 nostro
3315 1029 3469 1082 Jesus
3502 1030 3718 1085 Christo

183 1096 279 1162 qui
312 1107 440 1145 cum
466 1092 660 1158 Patre,
693 1097 801 1145 etc.
838 1092 900 1145 Et
932 1108 1001 1145 ex
1034 1091 1121 1146 his
1154 1091 1304 1145 clare
1336 1090 1731 1146 intelleximus
1763 1093 1912 1161 quod
1957 1091 2117 1162 prius
2159 1093 2679 1157 subodorabamur,
2730 1095 2881 1148 hunc
2930 1095 3288 1151 bibliothecae
3337 1102 3719 1155 Mertonensis

186 1164 636 1242 Codicemnihil
663 1162 819 1217 aliud
854 1180 1027 1242 quam
1060 1163 1224 1242 Pauli
1250 1163 1711 1242 lucubrationem
1747 1163 2037 1242 eahibere.
2067 1165 2187 1242 “Hoc
2217 1164 2340 1218 loco
2372 1164 2674 1242 integram
2708 1167 2907 1234 optimi
2942 1169 3046 1220 viri
3079 1168 3313 1223 Thomas
3344 1170 3477 1225 Gals
3506 1172 3719 1242 episto-

184 1235 623 1309 iam‘subjicere
646 1250 831 1309 operte
862 1236 1110 1305 pretium
1140 1234 1440 1309 finitimus,
1474 1252 1599 1304 quae
1636 1236 1876 1309 benetici
1908 1235 2132 1309 ejus‘in
2156 1251 2258 1309 nos
2290 1236 2469 1289 animi
2504 1237 2728 1307 insigne
2759 1244 2845 1291 est
2877 1245 3308 1309 argumentum.

256 1305 385 1360 Viro
417 1304 622 1374 optimo
652 1304 1102 1376 pientisSimoque
1132 1306 1191 1361 D.
1227 1307 1287 1359 D.
1319 1307 1521 1359 Jounni
1555 1307 1874 1361 Mabittonio
1911 1306 2001 1359 Th.
2038 1304 2161 1359 Gals
2193 1307 2243 1360 S.
2282 1310 2341 1360 P.

255 1379 396 1454 Tuas
428 1394 526 1454 per
557 1376 898 1454 Gannovium
914 1376 1365 1454 jucundiss_imas_
1398 1379 1986 1454 et_expectutissiinas_
2006 1380 2211 1447 accepi.
2248 1376 2520 1454 Continuo
2555 1380 2632 1433 ad
2662 1380 2994 1454 aconienses
3025 1381 3089 1435 de
3127 1383 3240 1437 Vita
3268 1386 3449 1439 sancti
3478 1384 3724 1454 Gregorii

179 1448 407 1517 scripsi.
448 1449 629 1522 Longa
662 1450 988 1516 interposita
1018 1465 1171 1503 mora
1202 1447 1398 1522 ἡμᾶς
1433 1448 1683 1522 Vita_itla
1713 1448 2141 1522 recepi.Moneo,
2184 1450 2323 1522 quod
2372 1454 2551 1504 tanien
2598 1460 2645 1505 te
2689 1452 2967 1507 monuisse
3008 1469 3114 1505 non
3157 1469 3287 1522 Opus
3317 1458 3446 1521 erit,
3495 1447 3615 1512 haec
3654 1456 3724 1511 ad

187 1522 430 1574 Paulum
464 1520 772 1592 Diaconum_
795 1521 971 1575 videri
1001 1519 1324 1588 referenda;
1352 1521 1405 1592 is
1434 1518 1616 1592 πατὴρ
1643 1522 1739 1572 τοῦ
1772 1518 1964 1591 λογοῦ,
2023 1521 2224 1592 utier;
2247 1591 2250 1592 ν
2273 1521 2435 1575 Suria
2482 1522 2700 1591 colligo.
2756 1524 2944 1577 Totum
2966 1518 3285 1592 apuscul'um
3334 1528 3392 1580 in
3421 1518 3510 1581 llis.
3543 1529 3720 1583 Oxon.

187 1592 314 1646 coll.
351 1592 709 1646 .lterlonensis
740 1590 917 1645 decem
947 1594 1257 1661 explicatur
1283 1590 1457 1659 loliis.
1492 1591 1551 1644 Si
1579 1592 1680 1645 tibi
1710 1592 1825 1657 eius
1858 1590 2074 1661 aliquid
2104 1590 2436 1646 desiderium
2481 1590 2689 1656 subeat,
2720 1595 2919 1649 curabo
2948 1590 3012 1650 eo
3050 1598 3278 1663 fruaris.
3304 1597 3445 1652 Sane
3472 1598 3617 1653 decet
3641 1616 3724 1653 me

189 1678 489 1735 memorem
538 1678 747 1735 semper
774 1678 886 1718 esse
911 1672 1128 1717 tuorum
1160 1663 1460 1717 multorum
1490 1665 1547 1716 in
1589 1680 1673 1717 me
1702 1663 2051 1726 meritorum,
2098 1668 2151 1716 et
2180 1663 2546 1735 libentissim
2574 1680 2672 1733 pro
2702 1664 2913 1719 viribus
2954 1672 3005 1720 et
3055 1668 3423 1735 facultatibus
3455 1668 3557 1724 tibi
3586 1670 3722 1724 tuis-

188 1750 293 1805 que
317 1734 673 1806 inservirem.
709 1734 889 1800 Quare
917 1751 1031 1789 rem
1060 1735 1198 1806 mihi
1225 1736 1588 1804 gratissimam
1617 1736 1834 1804 feceris,
1864 1736 2098 1806 siquem
2138 1750 2166 1788 e
2196 1736 2308 1789 tuis
2338 1734 2529 1789 amicis
2579 1736 2683 1789 huc
2712 1737 3006 1806 aliquando
3030 1738 3331 1793 tendentem
3356 1740 3425 1795 ad
3450 1757 3535 1794 me
3556 1740 3727 1796 desti-

182 1822 305 1929 ἷιόᾒ,
337 1816 401 1929 εὖ(
426 1805 624 1928 isaltem
654 1805 725 1860 de
754 1814 846 1861 tua
868 1805 1183 1861 valetudine
1213 1808 1264 1861 et
1296 1807 1406 1860 vita
1438 1822 1706 1877 prospera
1733 1805 1964 1862 subinde
1993 1804 2241 1873 audiam,
2270 1822 2375 1877 qua
2407 1808 2622 1877 quidem
2640 1823 2698 1862 re
2727 1804 2873 1863 nihil
2899 1807 3042 1863 mihi
3071 1809 3250 1865 laetius
3280 1812 3598 1881 contingere
3624 1828 3724 1883 po-

294 1918 307 1929 .
382 1894 418 1929 a
446 1892 495 1929 e.

184 1886 307 1933 test.
346 1886 495 1931 Vale.

252 1949 469 2003 Nobilis
499 1946 814 2004 adolescens
853 1948 1158 2019 Spencerus
1206 1947 1487 2020 Compton,
1540 1948 1636 2019 qui
1674 1949 1795 2020 jam
1841 1964 1966 2003 cum
2014 1948 2190 2017 legato
2240 1957 2420 2005 nostro
2449 1949 2595 2020 apud
2634 1964 2724 2005 vos
2752 1950 2891 2019 agit,
2924 1954 2973 2007 te
3004 1950 3153 2007 brevi
3177 1969 3295 2009 meo
3316 1955 3541 2011 nomine
3569 1955 3726 2010 satu-

179 2020 347 2075 tabit.
2364 2022 2747 2089 Bloomesburi
2777 2022 3029 2091 Londini,
3066 2025 3127 2078 14
3157 2025 3281 2080 Jan.
3318 2026 3472 2081 1697.

268 2162 422 2238 ΧΙῩ.
458 2162 737 2238 Superest
767 2169 828 2238 ui
853 2163 921 2238 de
950 2162 1073 2217 Vita
1102 2162 1457 2238 sanctissimi
1492 2163 1753 2238 Doctoris
1783 2180 1812 2238 a
1846 2163 2014 2238 nobis
2046 2180 2113 2217 ex
2143 2164 2271 2231 eius
2302 2164 2673 2238 potissimum
2703 2165 2937 2233 scriptis
2970 2167 3319 2223 concinnata
3352 2184 3535 2238 pauca
3567 2169 3726 2225 dica-

191 2250 345 2306 mus.
370 2234 562 2301 Ipsam
593 2233 751 2304 prius
783 2234 996 2290 Gallice
1028 2234 1445 2306 publicavimus
1472 2252 1564 2289 an.
1602 2235 1756 2287 1698.
1792 2234 2045 2306 Indeque
2077 2238 2249 2304 cmpit
2298 2236 2485 2290 omnis
2516 2236 2575 2289 in
2609 2235 2948 2305 Gregorium
2990 2239 3170 2292 labor.
3196 2233 3524 2294 Cum-enim
3560 2238 3727 2294 lucu-

192 2305 703 2380 brationemhanc
733 2305 1198 2380 qualemcunque
1228 2305 1420 2380 felicis
1445 2306 1857 2380 recordationis
1904 2305 2237 2380 Innocentio
2262 2307 2360 2360 XII
2411 2307 2891 2380 acceptissimam‘
2917 2308 3099 2363 fuisse
3131 2310 3299 2365 nobis
3332 2310 3726 2380 significasset

190 2375 725 2452 eminscnrdinalis
752 2376 945 2452 Spada
980 2377 1186 2452 litteris
1215 2377 1365 2452 datis
1396 2377 1429 2429 8
1461 2380 1597 2452 Apr.
1628 2378 1783 2452 1698,
1818 2386 1990 2447 atque
2023 2379 2089 2431 ad
2119 2378 2334 2452 majora
2367 2379 2634 2452 audenda
2664 2378 2955 2452 impertita
2985 2380 3218 2435 nomine
3250 2375 3725 2452 tantiupontificis

192 2447 603 2520 benedictione
636 2448 800 2502 nobis
833 2448 1027 2520 animo
1062 2447 1400 2520 addidisset,
1434 2450 1625 2501 statim
1660 2450 1728 2502 ad
1766 2464 1970 2504 novam
2020 2449 2279 2503 omnium
2326 2450 2513 2503 sancti
2560 2447 2813 2520 Gregorii
2847 2466 3082 2518 operam
3127 2447 3448 2507 Editionem
3487 2470 3592 2508 nos
3625 2470 3723 2508 ac-

193 2518 510 2644 Einli‘timus.
536 2519 703 2643 (itane
735 2524 929 2573 autem
952 2518 1139 2574 Vitam
1173 2520 1229 2573 in
1259 2519 1529 2574 Latinum
1571 2535 1795 2574 versam
1830 2519 1921 2574 hic
1970 2520 2333 2589 exhibemus,
2375 2526 2432 2574 at
2475 2518 2818 2588 breviorem,
2867 2538 2972 2576 nec
3003 2530 3222 2578 servato
3246 2541 3479 2594 semper
3510 2525 3721 2595 prioris

245 2608 278 2644 a
328 2606 435 2643 tces
468 2605 528 2644 or
576 2606 689 2644 ine.

245 2605 435 2644 attica:
468 2605 689 2644 οῑαιηε.

269 2661 728 2741 lnitiohcapitum
763 2661 877 2741 fere
910 2677 1138 2741 semper
1168 2661 1283 2715 duo
1311 2665 1662 2741 annotantur
1691 2660 1861 2741 anni,
1884 2677 1942 2741 v._
1983 2677 2063 2731 g.,
2095 2678 2187 2715 an.
2232 2662 2337 2716 590
2385 2665 2440 2717 et
2483 2662 2772 2741 591,5quia
2804 2662 3081 2741 nimirum
3126 2681 3310 2741 annos
3342 2666 3720 2741 pontificatus

196 2732 685 2857 sanztibeegorii
720 2749 821 2804 per
850 2732 1199 2788 indictiones
1233 2737 1644 2803 computamus
1681 2749 1694 2787 :
1744 2732 1982 2789 indictio
2013 2749 2147 2787 vero
2193 2749 2317 2803 quae
2370 2748 2567 2788 mense
2615 2732 2934 2803 Septembri
2969 2734 3300 2805 incipiebat,
3333 2732 3564 2792 duobus
3596 2753 3720 2793 res-

197 2820 308 2857 oon
360 2819 390 2857 e
438 2820 469 2857 a
530 2820 720 2857 annis.

233 2805 498 2858 audebat
530 2805 720 2859 annis.

194 2822 945 2931 Ροὲἓξῗὲτῗαῗῃὲἐεάιίιίιαιθ
977 2874 1294 2931 elucubrati
1328 2892 1362 2930 a
1383 2875 1551 2930 nobis
1590 2875 1780 2946 Operis
1832 2874 2052 2946 prazfari
2085 2875 2447 2944 superfluum
2499 2874 2682 2940 foret;
2717 2890 2848 2929 cum
2884 2876 2941 2929 in
2974 2875 3107 2930 Vita
3139 2877 3379 2932 maximi
3412 2877 3588 2946 hujus
3612 2880 3718 2933 Ec-

196 2945 386 3001 clesiae
414 2946 670 3002 doctoris
702 2949 899 3003 omnia
930 2948 1043 3020 fere
1074 2963 1199 3017 quae
1232 2947 1301 3020 ad
1332 2945 1640 3020 historiam
1695 2947 1925 3020 illorum
1984 2952 2311 3020 temporum
2341 2946 2459 3001 sive
2488 2961 2713 3020 sacram
2755 2946 2877 3001 sive
2899 3018 2905 3020 _
2926 2948 3221 3020 profanam
3241 2945 3523 3020 spectant
3551 2965 3721 3019 expo-

194 3022 437 3091 nentur,
469 3034 702 3073 summa
734 3018 1077 3086 evangelicae
1102 3016 1382 3091 doctrinas
1424 3018 1611 3091 capita
1665 3019 2104 3091 confirmentur,
2126 3018 2497 3091 contineatur
2544 3016 2737 3091 omnis
2793 3016 3183 3091 ecclesiastica
3222 3016 3555 3091 disciplina,
3588 3016 3715 3075 vita:

194 3088 543 3143 Christianae
578 3096 872 3160 praecepta,
906 3091 1022 3145 imo
1045 3090 1386 3162 certissimae
1412 3089 1773 3162 sublimioris
1807 3088 2172 3162 perfectionis
2198 3089 2412 3162 regulas.
2434 3089 2760 3162 tradantur,
2789 3090 3104 3162 exquibus
3139 3088 3455 3159 profectum
3489 3107 3718 3147 sumere

197 3166 448 3229 possunt
479 3176 594 3216 non
631 3162 821 3215 solum
854 3176 989 3215 oves
1020 3161 1212 3231 gregis
1243 3160 1478 3232 Christi,
1509 3162 1607 3216 sed
1636 3162 1806 3215 etiam
1856 3160 2140 3214 Pastores.
2197 3159 2345 3225 Haec,
2377 3160 2637 3214 studiose
2667 3159 3011 3229 Christiane,
3058 3162 3182 3232 lege
3206 3164 3262 3215 in
3296 3164 3433 3229 otio,
3468 3164 3566 3217 sed
3603 3180 3715 3218 non

192 3233 376 3287 otiose
403 3250 418 3298 ;
451 3238 510 3286 et
541 3232 643 3286 tibi
677 3233 1105 3301 apponentibus
1138 3233 1387 3303 improbi
1420 3231 1634 3287 laboris
1668 3232 1889 3286 fructus
1922 3234 2176 3301 optimos
2204 3232 2347 3286 bene
2372 3247 2623 3302 precare.

1740 3400 2166 3511 SANGTI

804 3606 809 3611 “
922 3580 2091 3780 GREGORII
2248 3584 2416 3779 M

1740 3400 2166 3511 SANGTI

1385 3580 2091 3779 .GORII
2248 3580 2999 3782 MAGNI

1695 3847 2064 3978 Vl'l‘A
2110 3851 2183 4004 ⁸,

890 4039 1254 4100 AUCTOBE
1284 4037 1365 4118 (ό)
1413 4038 1669 4099 PAULO
1718 4034 2057 4096 DIACONO
2104 4035 2483 4096 ΜΟΝΑοΗο
2526 4034 3010 4096 CASSINENSL

185 3328 3703 3364 ﬂ

246 4200 282 4253 Ι
334 4201 391 4253 1.
427 4198 746 4268 Gregorius
780 4198 883 4253 hac
907 4198 1047 4253 urbe
1079 4197 1360 4265 Romana,
1392 4202 1551 4267 patre
1583 4198 1892 4264 Gordiano,
1925 4196 1977 4260 Α
2011 4196 2240 4253 ﬂuentis
2271 4195 2498 4267 ingenio
2529 4195 2613 4251 eis
2645 4212 2758 4267 quo
2805 4194 3035 4250 tramite
3074 4193 3331 4251 cmlestia
3369 4197 3714 4255 scanderent

174 4300 361 4344 matre
395 4303 533 4342 vero
561 4287 735 4342 Silvia
764 4289 974 4357 editus,
1008 4304 1121 4343 non
1149 4287 1332 4342 solum
1366 4287 1435 4342 de
1468 4286 1773 4358 spectabili
1805 4304 1893 4342 se-
2007 4288 2289 4358 patefecit.

173 4385 458 4435 natorum
497 4377 782 4447 prosapia,
814 4391 1016 4431 verum
1069 4377 1241 4432 etiam
1286 4376 1575 4446 religiosa,
1610 4377 1891 4448 originem
2077 4380 2127 4429 2.
2162 4375 2497 4446 Disciplinis
2518 4392 2651 4431 vero
2674 4375 3033 4439 liberalibus,
3068 4375 3177 4432 hoc
3203 4380 3285 4431 est
3308 4378 3710 4448 grammatica,

170 4469 362 4523 duxit.
400 4468 547 4522 Nam
575 4467 646 4538 (c)
677 4467 851 4533 Felix,
884 4466 1051 4523 istius
1083 4466 1408 4538 apostolicae
1440 4466 1594 4521 sedis
1634 4468 1892 4534 antistes,

172 4557 260 4610 vir
293 4572 529 4625 magnae
553 4555 804 4621 virtutis,
830 4560 884 4609 et
916 4555 1183 4611 Ecclesia
1209 4555 1260 4607 in
1287 4554 1514 4609 Christo
1544 4553 1748 4625 gloria,
1772 4556 1894 4623 ejus

2005 4465 2314 4532 rhetorica,
2348 4464 2667 4530 dialectica,
2715 4465 2793 4519 ita
2843 4483 2875 4520 a
2926 4482 3101 4535 puero
3149 4471 3239 4521 est
3287 4466 3612 4529 institutus,
3654 4474 3714 4521 ut

2004 4554 2269 4622 quamvis
2318 4570 2384 4609 eo
2435 4558 2697 4625 tempore
2745 4554 3018 4608 ﬂorerent
3069 4553 3259 4609 adhuc
3292 4554 3481 4609 Romae
3514 4555 3710 4609 studia

169 4653 383 4699 stavus
414 4644 547 4700 fuit.
580 4644 687 4699 Sed
723 4649 917 4699 tamen
949 4644 1098 4698 hanc
1139 4644 1449 4715 Gregorius
1484 4648 1656 4697 tantae
1692 4644 1884 4698 nobili-

171 4735 310 4788 tatis
345 4731 566 4787 lineam
601 4731 857 4788 moribus
897 4733 1120 4799 extulit,
1156 4734 1351 4804 probis
1394 4732 1620 4787 actibus
1652 4734 1893 4786 decora-

169 4825 267 4877 vit.
306 4822 601 4893 Denique,
636 4827 701 4877 ut
749 4827 878 4894 post
918 4825 973 4877 in
1011 4824 1314 4894 propatulo
1358 4822 1585 4888 claruit,
1618 4840 1733 4877 non
1765 4823 1890 4877 sine

168 4929 392 4980 magno
426 4912 681 4981 quodam
744 4913 1023 4983 praesagio
1072 4913 1185 4968 tale
1242 4913 1482 4968 sortitus
1531 4919 1619 4968 est
1656 4929 1888 4968 nomen.

170 5002 503 5072 Gregorius
524 5017 782 5071 namque
811 5019 877 5057 ex
905 5004 1100 5056 Graeco
1124 5002 1353 5073 eloquio
1379 5003 1433 5055 in
1462 5008 1656 5057 nostra
1688 5002 1889 5073 lingua

166 5089 473 5163 vigilator,
507 5105 611 5143 seu
642 5088 894 5160 vigilans
921 5095 1110 5145 sonat.
1132 5090 1212 5147 Re
1235 5091 1450 5146 etenim
1472 5108 1607 5146 vera
1627 5092 1888 5164 vigilavit

164 5180 305 5245 sibi,
344 5179 490 5233 dum
534 5177 750 5234 divinis
780 5178 1113 5235 inbaarendo
1146 5181 1471 5250 praeceptis,
1516 5180 1886 5237 laudabiliter

160 5270 328 5324 vixit.
367 5266 644 5337 Vigilavit
674 5274 729 5322 et
760 5266 1029 5324 ﬁdelibus
1056 5266 1306 5339 populis,
1332 5269 1469 5323 dum
1505 5269 1782 5324 doctrinae
1807 5272 1886 5325 af-

226 5413 315 5481 (a)
352 5408 786 5482 ExVVenerabili
828 5410 979 5465 Beda
1010 5426 1219 5482 magna
1266 5425 1331 5464 ex
1384 5414 1546 5479 parte
1576 5412 1885 5482 desumpta

153 5486 417 5549 videtur,
445 5481 481 5538 l.
508 5481 794 5542 rthist.,c.
827 5484 875 5549 1,
910 5482 1044 5537 licet
1077 5481 1276 5537 insiori
1308 5483 1456 5552 stylo
1488 5481 1798 5553 descripta.

221 5558 305 5629 (b)
333 5557 398 5611 In
431 5554 571 5610 Cod.
609 5554 899 5619 Beccensi,
932 5553 1136 5625 Incipit
1171 5554 1283 5610 Vita
1315 5556 1492 5609 sancti
1513 5554 1761 5622 Gregorii
1786 5572 1879 5627 pa-

495 5657 767 5717 Ps'raon.
814 5656 1054 5720 LXXV.

2002 4642 2351 4708 litterarum,
2387 4647 2579 4697 tamen
2632 4641 2774 4696 nulli
2808 4643 2864 4696 in
2900 4642 3040 4696 urbe
3090 4642 3216 4712 ipsa
3256 4644 3549 4698 secundus
3582 4659 3709 4698 esse

2004 4736 2315 4801 putaretur.
2363 4732 2550 4785 inerat
2590 4731 2639 4785 ei
2690 4732 2745 4784 in
2781 4748 2954 4802 parva
2982 4731 3169 4785 adhuc
3216 4736 3377 4786 aetate
3410 4735 3702 4786 maturum

1995 4820 2115 4888 jam
2150 4819 2411 4875 studium
2440 4838 2452 4875 :
2488 4820 2781 4875 adhaarere
2830 4820 3053 4876 scilicet
3084 4822 3372 4892 majorum
3411 4821 3618 4889 dictis;
3651 4825 3708 4875 et

2002 4910 2051 4962 si
2101 4910 2233 4979 quid
2269 4910 2511 4980 dignum
2546 4911 2829 4979 potuisset
2856 4911 3055 4965 auditu
3106 4911 3413 4979 percipere,
3460 4925 3573 4964 non
3607 4925 3705 4963 se-

1998 4999 2183 5068 gniter
2214 4998 2485 5054 oblivioni
2520 5000 2766 5064 tradere,
2800 5000 2901 5054 sed
2948 5000 3136 5054 tenaci
3189 4999 3377 5069 potius
3410 4997 3702 5051 memorias

1997 5090 2415 5145 commendare
2450 5107 2462 5145 :
2500 5090 2920 5161 hauriebatque
2948 5092 3066 5160 jam
3098 5096 3237 5144 tunc
3269 5088 3567 5145 sitibundo
3598 5091 3701 5145 do-

1996 5180 2196 5235 clrinse
2230 5179 2445 5235 ﬂuenta
2478 5185 2729 5252 pectore,
2763 5196 2887 5251 quae
2923 5183 3053 5248 post
3083 5178 3703 5257 congruentitempore

1998 5269 2218 5325 mellito
2249 5274 2481 5342 gutture
2502 5274 2808 5324 eructaret.
2861 5268 2962 5322 Hic
3002 5267 3060 5323 in
3091 5267 3259 5323 annis
3296 5268 3702 5325 adolescentia:

2001 5427 2106 5482 pse.
2140 5413 2301 5467 edita
2332 5430 2362 5467 a
2394 5413 2566 5467 Paulo
2596 5411 2857 5465 monacho
2891 5411 3225 5467 Cassinensi.

1919 5513 1968 5576 B
2070 5484 2138 5554 (ο)
2170 5484 2385 5555 Nempe
2416 5488 2677 5552 quartus.
