4114 6178
293 273 373 331 43
796 200 797 203 Ἴ
968 260 1034 320 S.
1080 250 1455 316 GREGORII
1500 246 1755 308 MAGNI
1799 244 2009 310 VITA.
2056 239 2426 304 AUCTORE
2468 238 2731 299 PAULO
2776 234 3140 297 DIACONO.
3734 236 3807 294 44

291 406 368 477 (in
418 404 628 478 quibus
673 399 816 458 solet
858 413 927 454 ea
967 396 1105 451 aetas
1147 390 1270 448 vias
1325 385 1521 445 seaculi
1578 381 1822 455 ingredi)
1884 381 1995 436 Deo
2025 384 2081 448 Α
2114 377 2304 434 ﬂendo
2355 389 2491 431 usus
2532 378 2639 441 est,
2671 372 2940 473 .dicens:
3004 394 3031 423 τι
3081 369 3287 427 Infelix
3322 367 3542 478 1quippe
3582 367 3816 423 animus

293 470 469 569 cmpi-t
496 495 738 551 devotus
767 488 1030 553 existere,
1064 491 1119 539 et
1167 483 1239 537 ad
1289 492 1557 551 supernae
1597 475 1722 530 vites
1755 470 2000 544 patriam

294 586 436 643 totis
467 579 775 641 desideriis
806 574 1102 634 anhelare.

367 702 420 758 3.
454 700 565 756 Sed
597 698 740 754 dum
772 694 870 750 diu
901 693 1185 763 longeque
1216 680 1610 740 conversionis
1634 677 1880 752 gratiam
1899 674 2003 730 dif-

294 794 469 849 ferret
497 793 554 846 et
584 790 889 860 postquam
926 778 1141 836 caelesti
1173 780 1263 832 est
1292 770 1525 829 afflatus
1558 767 1862 860 desiderio,
1896 780 2001 819 ste-

292 880 472 939 culari
518 856 818 934 9-habitu
868 868 1098 940 contegi
1138 864 1351 921 melius
1420 863 1668 933 putaret,
1717 856 2003 927 velletque

292 966 565 1043 praesenti
600 962 817 1020 mundo
849 958 1018 1031 quasi
1051 954 1242 1028 specie
1272 958 1444 1008 tenus
1476 946 1782 1011 deservire,
1816 959 2001 1014 coepe-

291 1036 432 1117 runt
461 1054 646 1112 multa
675 1060 880 1109 contra
911 1062 1045 1102 eum
1073 1062 1141 1101 ex
1171 1040 1431 1114 ejusdem
1470 1036 1678 1093 mundi
1708 1051 1849 1090 cura
1870 1048 2003 1088 suc-

294 1162 572 1214 crescere,
604 1147 671 1199 ut
701 1143 761 1197 in
791 1156 857 1196 eo
889 1154 1005 1195 non
1026 1137 1151 1207 jam
1183 1131 1395 1205 specie,
1430 1129 1529 1184 sed
1562 1127 1651 1198 (ut
1682 1126 1802 1196 ipse
1840 1125 1907 1179 de
1940 1139 2004 1179 se

295 1237 527 1304 asserit)
558 1232 908 1289 retineretur
937 1232 994 1282 et
1025 1231 1235 1280 mente.
1261 1218 1519 1275 Tandem
1544 1232 1677 1272 cum
1699 1215 1775 1285 (a)
1799 1227 2005 1283 paren-

296 1334 422 1385 tum
452 1327 572 1396 jam
595 1321 815 1378 dudum
836 1316 994 1373 obitu
1023 1314 1267 1368 liberam
1293 1306 1787 1379 disponendarum
1814 1318 2004 1358 rerum

305 1431 547 1474 suarum
569 1412 813 1468 haberet
848 1406 1207 1469 facultatem,
1236 1398 1391 1471 quod
1415 1396 1576 1469 prius
1599 1397 1791 1448 mente
1819 1396 2002 1461 gesta-

298 1511 397 1565 bat
427 1504 683 1578 aperuit;
716 1497 990 1573 quodque
1013 1497 1137 1565 jam
1183 1493 1240 1546 in
1274 1487 1486 1545 divinis
1516 1488 1638 1540 erat
1678 1483 2003 1543 obtutibus,

296 1574 574 1657 humanis
606 1592 779 1648 etiam
800 1589 1024 1643 visibus
1063 1580 1340 1639 ostendit.
1374 1579 1504 1634 Mox
1548 1574 1759 1631 etenim
1804 1580 2009 1627 cuncta

296 1706 425 1761 quae
476 1686 687 1741 habere
738 1678 946 1753 potuit,
979 1677 1047 1729 ad
1104 1672 1332 1746 pietatis
1380 1684 1527 1739 opus
1575 1662 1893 1761 distribuit,
1947 1665 2011 1715 ut

297 1752 592 1833 éhristum
627 1752 921 1843 proinobis
945 1764 1160 1818 factum
1194 1772 1434 1830 egenum
1459 1770 1636 1826 egens
1658 1752 1780 1823 ipse
1810 1766 2012 1821 seque-

373 1982 425 2037 4.
458 1980 568 2035 Sex
611 1975 862 2044 denique
910 1970 971 2025 in
1018 1966 1212 2024 Sicilia
1256 1960 1606 2020 monasteria
1647 1960 2013 2024 construens,

302 2072 512 2127 fratres
544 2064 661 2120 illic
692 2061 921 2118 Christo
952 2056 1266 2115 servituros
1294 2049 1661 2125 aggregavit:
1696 2048 2011 2120 septimum

306 2174 438 2216 vero
469 2157 625 2211 intra
656 2150 821 2208 urbis
842 2149 1019 2218 hujus
1051 2161 1250 2202 muros
1273 2140 1547 2209 instituit,
1570 2139 1629 2194 in
1671 2153 1783 2207 quo
1817 2136 2014 2206 etipse

305 2248 648 2322 posmodum
672 2240 923 2314 regulari
958 2237 1200 2303 tramite,
1228 2234 1431 2289 multis
1472 2231 1585 2286 sibi
1617 2228 1856 2285 sociatis
1897 2226 2009 2281 trav

306 2318 520 2406 tribus,
552 2335 662 2391 sub
686 2330 914 2389 abbatis
959 2325 1203 2398 imperio
1235 2319 1521 2378 militavit.
1556 2318 1773 2385 Quibus
1806 2333 2014 2406 mona-

306 2405 512 2486 steriis
530 2427 759 2481 tantum
792 2420 862 2475 de
886 2415 1209 2473 redditibus
1227 2412 1573 2484 praediorum
1599 2423 1839 2464 suorum
1862 2405 2015 2461 dele-

305 2516 481 2591 gavit,
505 2515 791 2586 quantum
814 2510 1006 2581 posset
1034 2504 1153 2559 illic
1174 2499 1677 2558 commorantibus
1712 2498 1782 2551 ad
1820 2494 2013 2567 quoti-

305 2584 546 2662 dianum
580 2602 798 2657 victum
828 2595 1128 2654 sufﬁcere;
1161 2590 1381 2659 reliqua
1408 2602 1540 2644 vero
1572 2602 1706 2642 cum
1738 2584 1897 2641 omni
1938 2585 2012 2655 (b)

302 2696 509 2752 domus
540 2687 809 2762 praesidio
852 2681 1131 2750 vendidit,
1181 2695 1246 2735 ac
1290 2675 1649 2751 pauperibus
1697 2673 1955 2745 erogavit
1997 2689 2011 2739 ;

304 2782 781 2849 nobilitatemque
828 2774 1009 2841 illam,
1059 2784 1231 2842 quam
1284 2768 1354 2821 ad
1398 2764 1678 2820 saeculum
1711 2763 2014 2818 videbatur

304 2873 538 2937 habere,
569 2872 752 2923 totam
784 2864 857 2920 ad
881 2859 1337 2918 nanciscendam
1371 2869 1635 2925 supernas
1666 2852 1911 2924 gloriam
1934 2852 2014 2906 di-

305 2958 567 3034 gnitatis,
619 2954 816 3011 divina
864 2951 1050 3023 gratia
1098 2947 1397 3019 largiente,
1439 2942 1735 2999 convertit.
1797 2942 1866 2996 Et
1911 2940 2011 3012 qui

306 3031 438 3107 ante
471 3048 655 3104 serico
687 3048 952 3100 contextu
996 3055 1061 3095 ac
1105 3036 1353 3109 gemmis
1406 3032 1757 3088 micantibus
1807 3031 2011 3087 solitus

306 3143 431 3196 erat
452 3138 520 3210 (ε)
553 3152 651 3207 per
673 3132 872 3189 urbem
915 3129 1224 3201 procedere
1248 3124 1561 3188 trabeatus,
1603 3126 1734 3193 post
1755 3121 1850 3176 vili
1883 3136 2014 3175 con-

306 3233 497 3285 tectus
524 3223 803 3297 tegmine,
831 3216 1199 3276 ministrabat
1229 3230 1448 3286 pauper
1483 3213 1605 3283 ipse
1641 3210 2009 3282 pauperibus.

378 3338 430 3391 4.
455 3332 681 3390 Etenim
716 3332 936 3385 mutato
974 3328 1210 3394 repente
1248 3321 1444 3379 seaculi
1477 3320 1699 3385 habitu,
1730 3321 2015 3374 monaste-

308 3424 459 3481 rium
491 3420 676 3494 petiit,
708 3421 763 3474 et
788 3433 854 3472 ex
884 3414 1056 3486 hujus
1088 3411 1291 3467 mundi
1324 3409 1625 3479 naufragio
1659 3408 1854 3462 nudus
1885 3423 2014 3463 eva-

308 3514 405 3570 sit.
435 3513 499 3567 ln
532 3526 645 3580 quo
669 3514 828 3563 tanta
849 3502 1221 3576 perfectionis
1244 3500 1431 3572 gratia
1464 3499 1637 3570 coepit
1666 3495 2013 3563 conversari,

310 3607 372 3658 ut
401 3602 519 3672 jam
550 3603 688 3651 tunc
711 3595 770 3649 in
803 3592 950 3665 ipsis
976 3589 1159 3647 initiis
1186 3589 1568 3660 perfectorum
1596 3589 1794 3657 posset
1817 3600 2019 3639 nume-

310 3708 372 3747 ro
399 3686 658 3759 deputari
682 3685 783 3755 (Δ).
810 3684 1003 3739 Inerat
1050 3679 1304 3749 denique
1329 3677 1380 3734 ei
1414 3681 1571 3733 tanta
1591 3674 1937 3757 abstinentia
1958 3674 2015 3728 in

310 3754 799 3847 cium-vigilantia
830 3772 886 3825 in
920 3768 1302 3835 orationibus,
1336 3766 1648 3822 strenuitas
1670 3762 1727 3820 3
1767 3754 1821 3819 in
1856 3764 2013 3835 jeju-

310 3868 447 3933 niis,
492 3874 551 3920 ut
601 3862 897 3919 infirmato
947 3856 1247 3913 stomacho
1295 3856 1388 3911 vix
1438 3855 1754 3910 consistere
1802 3857 2016 3925 posset.

312 3956 655 4015 Sustinebat
686 3956 963 4023 praeterea
1012 3948 1274 4003 assiduas
1317 3945 1574 4015 corporis
1605 3945 1975 3999 infirmitates
2004 3959 2016 3996 :

312 4054 372 4103 et
404 4044 657 4101 maxime
687 4058 754 4097 ea
784 4038 1129 4111 pulsabatur
1160 4035 1447 4102 molestia,
1481 4048 1657 4104 quam
1692 4033 1885 4088 Graeco
1907 4033 2021 4087 elo-

314 4137 449 4207 quio
480 4133 687 4189 medici
721 4130 789 4194 (ε)
822 4126 1101 4199 syncopin
1137 4129 1383 4191 vocant;
1417 4125 1588 4191 cujus
1635 4121 2022 4176 incommodis

314 4229 396 4282 ita
426 4224 623 4279 dolore
645 4220 910 4274 vitalium
935 4215 1323 4279 cruciabatur,
1347 4217 1409 4267 ut
1430 4211 1645 4266 crebris
1666 4211 2019 4280 interceptus

314 4312 624 4383 angustiis,
673 4325 775 4379 per
822 4304 1048 4375 singula
1103 4318 1246 4373 pene
1298 4302 1570 4357 horarum
1622 4305 1918 4355 momenta
1947 4301 2018 4355 ad

314 4402 531 4459 exitum
564 4397 993 4468 propinquaret.

386 4510 439 4563 6.
472 4503 667 4570 Qualis
723 4511 918 4558 autem
970 4500 1028 4553 in
1080 4496 1434 4554 monasterio
1494 4496 1688 4563 fuerit,
1723 4512 2018 4567 quamque

316 4592 600 4653 laudabili
632 4592 822 4647 studio
858 4590 1037 4642 vitam
1088 4587 1338 4651 duxerit,
1372 4600 1439 4639 ex
1481 4584 1665 4653 ipsius
1710 4601 2019 4651 possumus

315 4685 508 4744 verbis
538 4681 826 4752 colligere,
861 4678 1078 4750 quibus
1127 4676 1248 4748 ipse
1294 4675 1350 4729 in
1403 4674 1738 4744 pontificatu
1765 4674 1885 4739 jam
1920 4692 2018 4746 po-

317 4778 490 4841 situs,
523 4774 655 4830 dum
687 4786 821 4826 cum
851 4771 1017 4825 Petro
1064 4760 1166 4822 suo
1199 4766 1438 4820 diacono
1469 4763 1891 4835 colloqueretur
1927 4764 2020 4837 (Γ),

389 4903 465 4973 (a)
501 4895 774 4973 Imo_s_olo
802 4898 1005 4973 patre;
1059 4896 1241 4973 mater
1286 4890 1441 4946 enim
1490 4889 1587 4945 diu
1632 4892 1829 4961 postea
1858 4888 2018 4957 vixit,

316 4965 583 5032 ex'J'oan.
616 4965 875 5036 Diac.,'l.
910 4982 949 5033 ι,
981 4980 1031 5020 c.
1064 4965 1118 5019 9.

387 5047 463 5115 (b)
493 5030 806 5107 Gussanv.,
824 5030 949 5115 cum
978 5036 1127 5115 omni
1146 5030 1562 5115 domqpravdja.
1589 5030 1874 5103 Bolland.,
1896 5047 2021 5086 cum

316 5104 468 5171 omni
496 5114 685 5169 domu:
712 5104 966 5183 praedio:
997 5104 1415 5162 reluctantibus
1445 5105 1574 5158 Mss.

390 5186 457 5256 (ε)
489 5184 682 5249 Guss.,
710 5198 809 5253 per
837 5182 1017 5256 urbes.

388 5244 468 5327 (α’)
499 5244 784 5327 Ροβιμῐιὲθο
812 5255 988 5308 verba
1020 5247 1317 5327 legiturin
1351 5246 1524 5327 quas.
1549 5261 1563 5300 :
1586 5244 1805 5301 Electus
1839 5249 2020 5300 autem

315 5318 595 5384 communi
615 5325 863 5396 fratrum
892 5318 1188 5396 concor—dia
1234 5319 1295 5374 in
1321 5318 1610 5396 abbatem,
1641 5332 1879 5396 praeesse
1898 5332 2020 5396 _non

315 5400 519 5455 renuit.
553 5387 756 5459 ln'erat,
778 5399 914 5457 etc.,
946 5409 1070 5463 quae
1120 5393 1338 5447 absunt
1367 5407 1400 5446 a
1440 5390 1577 5445 Mss.
1628 5397 1681 5444 et
1727 5387 1864 5443 huic
1896 5389 2019 5443 loco

317 5471 605 5537 incongue
634 5470 773 5522 sunt
800 5466 1037 5537 inserta.

388 5543 456 5610 (ε)
486 5530 755 5612 ἐύτκοπις
788 5536 948 5612 Celso
972 5535 1187 5612 ⁸(ιηίηιῖις
1212 5533 1440 5612 ἀρίεοίξρ
1471 5532 1703 5588 dicitur.
1730 5530 2016 5585 BOLLAND.

387 5605 463 5683 (Γ)
488 5605 681 5677 Guss.,
710 5610 895 5679 ﬂendo
924 5606 1070 5663 visus
1101 5610 1214 5668 est;
1248 5605 1557 5660 manifesto
1588 5620 1801 5659 errore.

2113 481 2278 521 meus
2320 461 2719 533 occupationis
2763 478 2881 517 sum
2931 461 3201 532 pulsatus
3243 456 3501 523 vulnere,
3554 455 3821 511 meminit

2111 553 2306 627 qualis
2335 551 2651 624 aliquando
2683 551 2743 606 in
2774 549 3126 606 monasterio
3162 548 3287 615 fuit,
3332 546 3626 618 quomodo
3658 544 3709 601 ei
3739 544 3820 599 la-

2113 645 2309 702 bentia
2340 647 2550 699 cuncta
2579 645 2779 698 subter
2815 645 3011 709 erant;
3046 641 3326 709 quantum
3358 637 3531 692 rebus
3553 651 3682 707 quae
3702 634 3821 690 vol-

2110 741 2325 792 vuntur
2355 733 2685 800 eminebat;
2728 732 2881 803 quod
2920 729 3078 785 nulla
3124 728 3237 784 nisi
3284 725 3541 782 caelestia
3570 725 3823 796 cogitare

2110 827 2524 892 consueverat;
2559 822 2709 894 quod
2756 821 2931 876 etiam
2963 824 3217 875 retentus
3248 832 3504 888 corpore,
3540 816 3668 886 ipsa
3699 816 3820 886 jam

2111 916 2302 971 carnis
2324 914 2579 970 claustra
2610 909 3096 981 contemplatione
3127 906 3449 974 transibat;
3483 906 3636 977 quod
3666 921 3819 960 mor-

2111 1007 2229 1061 tem
2279 1018 2533 1075 quoque,
2567 1017 2692 1073 quae
2740 1015 2886 1071 pene
2930 996 3158 1052 cunctis
3202 1011 3370 1067 poena
3401 998 3506 1060 est,
3554 992 3825 1050 videlicet

2113 1102 2175 1149 ut
2207 1095 2534 1165 ingressum
2566 1090 2713 1158 vitae,
2750 1094 2806 1145 et
2854 1088 3071 1143 laboris
3105 1086 3195 1142 sui
3230 1083 3533 1158 praemium
3568 1084 3818 1151 amabat,

2112 1187 2184 1240 At
2216 1199 2373 1239 nunc
2404 1199 2472 1238 ex
2521 1180 2823 1237 occasione
2873 1194 3025 1233 curae
3072 1175 3398 1249 pastoralis,
3452 1172 3821 1229 saecularium

2115 1274 2417 1329 hominum
2474 1270 2708 1343 negotia
2766 1269 3014 1340 patitur;
3077 1271 3133 1321 et
3190 1270 3319 1337 post
3365 1269 3482 1319 tam
3517 1263 3820 1334 pulchram

2115 1362 2329 1435 quietis
2380 1375 2497 1414 sua:
2553 1356 2829 1429 speciem,
2889 1353 3102 1409 terreni
3143 1360 3307 1407 actus
3356 1351 3589 1422 pulvere
3640 1351 3823 1406 {ceda-

2114 1458 2229 1506 tur.
2282 1447 2580 1520 Perpendo
2629 1448 2825 1515 itaque
2875 1442 3029 1513 quod
3072 1444 3279 1507 tolero,
3329 1440 3619 1511 perpendo
3669 1440 3824 1511 quod

2116 1540 2310 1596 amisi.
2364 1537 2622 1607 Cumque
2669 1535 2904 1589 intueor
2953 1531 3095 1586 illud
3146 1531 3296 1601 quod
3333 1529 3578 1600 perdidi,
3624 1528 3690 1582 ﬁt
3721 1528 3830 1583 hoc

2115 1629 2354 1702 gravius
2376 1626 2528 1697 quod
2580 1628 2766 1695 porto.
2819 1623 2963 1677 Ecce
3013 1621 3228 1675 etenim
3282 1634 3437 1673 nunc
3468 1617 3667 1689 magni
3706 1634 3829 1672 ma-

2042 1722 2087 1787 Β
2122 1720 2202 1773 ris
2259 1717 2539 1772 ﬂuctibus
2596 1713 2851 1785 quatior,
2910 1716 3082 1781 atque
3140 1710 3199 1764 in
3258 1707 3389 1763 navi
3440 1707 3651 1762 mentis
3682 1711 3828 1762 tem-

2123 1808 2365 1880 pestatis
2416 1806 2615 1861 validae
2665 1801 2932 1875 procellis
2980 1800 3197 1869 illidor,
3229 1805 3285 1853 et
3331 1813 3462 1853 cum
3500 1795 3709 1867 prioris
3741 1796 3831 1851 vi—

2121 1903 2190 1953 tae
2250 1896 2456 1966 recolo,
2490 1894 2656 1966 quasi
2715 1900 2843 1963 post
2884 1896 3113 1962 tergum
3164 1888 3417 1943 reductis
3467 1885 3673 1953 oculis,
3706 1885 3828 1940 viso

2125 1987 2316 2043 littore
2373 1988 2641 2057 suspiro;
2675 1982 2943 2054 quodque
3000 1978 3191 2034 adhuc
3247 1976 3475 2050 gravius
3533 1982 3645 2042 est,
3689 1976 3827 2031 dum

2121 2078 2429 2135 immensis
2459 2076 2729 2131 ﬂuctibus
2780 2072 3046 2128 turbatus
3091 2070 3261 2135 feror,
3309 2068 3404 2123 vix
3440 2069 3560 2138 jam
3592 2071 3825 2139 portum

2122 2167 2282 2222 valeo
2340 2167 2533 2220 videre
2586 2179 2757 2234 quem
2812 2160 3035 2231 reliqui.
3076 2179 3105 2209 »
3166 2158 3295 2213 Haec
3333 2160 3529 2212 autem
3586 2156 3709 2226 ipse
3759 2157 3829 2211 de

2124 2274 2209 2322 se,
2261 2274 2376 2311 non
2418 2256 2740 2326 profectum
2769 2250 3043 2321 jactando
3085 2247 3395 2311 virtutum,
3427 2247 3526 2301 sed
3561 2244 3826 2301 deflendo

2124 2346 2314 2417 potius
2347 2344 2653 2407 defectum,
2706 2343 2917 2395 referre
2960 2340 3360 2404 consueverat,
3394 2350 3567 2405 quem
3601 2349 3831 2404 semper

2124 2452 2185 2490 se
2232 2451 2332 2504 per
2382 2432 2727 2504 pastoralem
2761 2444 2956 2483 curam
3006 2425 3326 2481 incurrisse
3373 2423 3693 2478 metuebat.
3721 2423 3832 2478 Sed

2124 2521 2393 2594 quamvis
2426 2520 2561 2575 talia
2591 2519 2661 2573 de
2690 2532 2755 2572 se
2777 2532 2848 2571 ex
2878 2530 3101 2585 magna:
3131 2510 3484 2567 humilitatis
3515 2510 3833 2567 intentione

2125 2612 2353 2679 dixerit,
2378 2627 2483 2665 nos
2516 2616 2709 2664 tamen
2740 2607 2971 2661 credere
3021 2605 3184 2659 decet
3214 2602 3359 2658 nihil
3390 2616 3524 2656 eum
3554 2600 3828 2656 monasti-

2122 2720 2204 2760 cae
2236 2700 2605 2773 perfectionis
2636 2698 2958 2769 perdidisse
2987 2696 3285 2750 occasione
3325 2709 3475 2748 curae
3505 2692 3829 2764 pastoralis,

2123 2794 2241 2848 imo
2302 2792 2583 2861 potiorem
2645 2796 2781 2842 tunc
2831 2785 3155 2855 sumpsisse
3192 2783 3507 2854 profectum
3537 2781 3607 2836 de
3637 2780 3831 2837 labore

2125 2880 2516 2939 conversionis
2550 2876 2888 2942 multorum,
2922 2890 3096 2944 quam
3146 2873 3218 2929 de
3257 2870 3505 2944 propriae
3536 2871 3829 2943 quondam

2125 2972 2316 3044 quiete
2348 2966 2804 3025 conversationis
2831 2964 3119 3020 habuerit.

2195 3063 2249 3116 7.
2283 3060 2392 3117 Sed
2427 3058 2672 3129 qualiter
2703 3056 2796 3111 hic
2827 3059 3067 3111 sanctus
3098 3053 3184 3108 vir
3212 3051 3279 3107 ad
3325 3050 3665 3106 diaconatus
3696 3051 3832 3106 offi-

2122 3154 2303 3218 cium,
2336 3155 2393 3205 et
2420 3152 2546 3219 post
2571 3147 2636 3201 ad
2673 3144 3043 3217 pontificatus
3065 3144 3297 3197 culmen
3327 3140 3671 3205 ascenderit,
3697 3139 3830 3196 sub-

2124 3255 2368 3311 sequens
2400 3253 2589 3293 sermo
2614 3234 2949 3289 declarabit.
2979 3231 3230 3301 Denique
3262 3245 3505 3285 cernens
3528 3229 3826 3285 Romanus

2125 3327 2403 3400 pontifex,
2436 3326 2539 3396 qui
2568 3329 2709 3377 tunc
2738 3320 3006 3377 Ecclesiae
3038 3325 3296 3390 praeerat,
3321 3318 3603 3373 virtutum
3636 3317 3826 3388 gradi-

2127 3419 2234 3473 bus
2255 3414 2594 3485 Gregorium
2635 3411 2707 3467 ad
2730 3412 2845 3466 alta
2875 3410 3284 3474 conscendere,
3318 3423 3447 3463 eum
3472 3424 3505 3463 a
3537 3413 3827 3463 monaste-

2125 3508 2210 3562 rio
2241 3508 2620 3569 abstractum,
2655 3500 3031 3558 ecclesiastici
3064 3498 3286 3555 ordinis
3326 3498 3515 3554 ofﬁcio
3546 3497 3823 3553 sublima-

2127 3601 2206 3654 vit
2227 3598 2328 3670 (ο),
2368 3596 2719 3668 levitamque
2767 3593 3078 3664 septimum
3130 3593 3200 3649 ad
3245 3609 3421 3648 suum
3467 3590 3822 3662 adjutorium

2126 3691 2365 3758 ascivit;
2390 3703 2494 3743 nec
2521 3686 2706 3743 multo
2739 3690 2868 3756 post
2888 3700 2991 3755 pro
3014 3683 3312 3754 responsis
3329 3681 3731 3739 ecclesiasticis
3754 3681 3824 3735 ad

2126 3780 2330 3837 urbem
2354 3775 2911 3846 ConstantinOpolim
2928 3775 3005 3846 (ἡ)
3029 3770 3829 3844 apocrisiariumdirexit.Ncc

2124 3868 2457 3936 tamenille,
2490 3866 2755 3937 quamvis
2788 3864 2845 3919 in
2874 3871 3098 3919 terreno
3133 3864 3570 3916 conversaretur
3597 3858 3828 3930 palatio,

2126 3958 2257 4013 vitae
2303 3957 2549 4012 cmlestis
2621 3953 2938 4009 intermisit
2999 3950 3383 4024 propositum.
3440 3950 3632 4004 Secuti
3690 3952 3831 4004 sunt

2127 4061 2383 4116 namque
2414 4060 2544 4099 eum
2579 4043 2747 4097 multi
2770 4058 2837 4097 ex
2867 4038 3219 4097 monasterio
3241 4039 3444 4094 fratres
3464 4036 3577 4105 sui,
3602 4053 3831 4109 germa-

2129 4153 2200 4190 na
2232 4133 2483 4189 devincti
2525 4131 2820 4187 charilate.
2854 4130 3013 4193 Quod
3048 4128 3245 4183 divina
3282 4129 3494 4183 factum
3527 4127 3831 4198 dispensa-

2126 4226 2283 4279 tione
2331 4222 2724 4294 conspicitur;
2775 4224 2834 4273 ut
2877 4235 3077 4274 eorum
3123 4217 3388 4273 videlicet
3434 4214 3715 4287 exemplo,
3761 4217 3832 4269 ad

2128 4311 2402 4368 orationis
2428 4309 2718 4382 placidum
2744 4307 2909 4362 littus
2941 4306 3026 4379 (ἑ),
3061 4305 3229 4378 quasi
3268 4304 3531 4360 anchorae
3574 4305 3709 4358 fune
3739 4319 3830 4359 re-

2051 4396 2098 4461 D
2128 4401 2549 4472 stringeretur;
2581 4402 2636 4454 et
2667 4398 2805 4453 dum
2839 4411 3145 4451 causarum
3176 4394 3537 4450 saecularium
3575 4393 3830 4449 incessa-

2130 4491 2231 4546 bili
2265 4490 2433 4562 pulsu
2467 4492 2790 4557 fluctuaret,
2824 4487 2893 4543 ad
2928 4486 3159 4541 illorum
3193 4484 3545 4539 consortium
3564 4482 3725 4537 velut
3745 4487 3834 4538 tu-

2129 4580 2344 4636 tissimi
2379 4585 2583 4651 portus
2609 4578 2824 4641 sinum,
2848 4576 2895 4631 ιι
2934 4581 3063 4647 post
3095 4572 3311 4630 terreni
3342 4579 3507 4628 actus
3539 4570 3837 4628 volumina

2130 4672 2457 4741 ﬂuctusque
2490 4669 2793 4739 refugeret.
2838 4668 2902 4722 Et
2931 4667 3062 4722 licet
3092 4665 3237 4720 illud
3283 4680 3411 4719 eum
3443 4664 3832 4719 ministerium

2131 4778 2198 4817 ex
2246 4758 2598 4817 monasterio
2659 4759 3015 4813 abstractum
3065 4773 3098 4811 a
3146 4754 3407 4828 pristina:
3458 4754 3669 4825 quietis
3720 4753 3837 4808 vita

2200 4887 2276 4955 (g)
2297 4885 2603 4955 Diaconos,
2624 4888 2849 4954 septem
2870 4881 3066 4939 solitos
3088 4881 3295 4955 adesse
3317 4878 3578 4951 pontifici
3601 4878 3839 4955 scripsit

2130 4950 2368 5012 sanctus
2407 4950 2709 5012 Cornelius
2750 4972 2918 5025 papa,
2952 4958 3151 5009 contra
3194 4950 3500 5018 Novatum,
3534 4950 3687 5021 apud
3720 4951 3833 5004 Eu-

2130 4972 2368 5012 sanclus
2407 4972 2709 5012 uorneuus
2792 4972 2918 5025 apa,
2952 4972 3006 5009 cc

2129 5029 2277 5094 seb.,
2312 5030 2350 5083 Ι.
2381 5044 2435 5082 vr
2468 5027 2605 5081 hist.
2638 4972 2811 5094 Eceﬁ,
2845 5043 2895 5080 ο.
2919 5026 3006 5080 35.

2203 5090 2277 5171 (h)
2312 5100 2391 5154 De
2443 5099 2546 5171 hac
2594 5114 2743 5171 vocer
2777 5090 3255 5171 consulejnota_m
3285 5091 3631 5171 _tertiamﬁad
3665 5090 3833 5171 epist.

2129 5160 2295 5225 libris
2327 5169 2524 5235 Morel,
2550 5170 2936 5238 praemissam,
2960 5168 3066 5221 col.
3097 5168 3145 5220 1.
3182 5165 3497 5238 Ex_.l_oanne
3519 5162 3703 5227 Diac.,
3729 5160 3835 5238 l._t,

2129 5260 2180 5297 c.
2211 5244 2301 5305 25,
2331 5231 2673 5296 Benedictus
2706 5258 2851 5311 papa
2876 5231 3216 5311 Gregorium
3253 5231 3833 5311 diaconurnmcreavit,

2130 5303 2398 5384 Pelagius
2421 5329 2550 5367 vero
2581 5303 3228 5384 apocrisiariummisit.
3258 5310 3333 5359 De
3355 5304 3468 5384 bac.
3492 5303 3839 5384 difficultate

2129 5373 2641 5456 quidusentiamus,
2674 5383 3003 5456 aperiemus
3034 5380 3094 5456 in_
3126 5375 3473 5456 Vita_saneti
3504 5373 3789 5456 Gregorii.

2199 5456 2269 5527 (ἰ)
2301 5455 2496 5519 Guss.,
2528 5446 2755 5521 vitiose,
2788 5454 2947 5527 quasi
2969 5451 3430 5527 arachorcr._Porro
3459 5446 3578 5501 haec
3596 5450 3834 5527 desum-

2128 5518 2395 5600 pinsunt
2424 5518 2489 5583 ex
2522 5527 2701 5597 Epist.
2735 5518 2811 5582 ad
2840 5522 3168 5579 Leandrum
3200 5518 3402 5576 Morel.
3436 5518 3668 5591 praevia.
