4088 6172
260 216 347 277 45
967 217 1032 275 S.
1080 213 1450 276 GREGORII
1494 214 1739 275 MAGNI
1788 214 1989 287 VlTA,
2039 216 2402 279 AUCTORE
2446 221 2710 284 PAULO
2758 224 3113 286 DlACONO.
3721 233 3801 292 46

264 369 563 411 mucrone
604 371 726 410 suae
773 352 1172 425 occupationis
1211 352 1669 425 exstinxerit(a),
1708 353 1858 409 inter
1888 370 1986 410 eos
2016 355 2067 422 Α
2102 371 2300 413 muros
2324 359 2483 415 urbis
2528 360 2818 431 inﬂueret,
2853 368 3027 435 atque
3050 365 3107 419 in
3148 381 3215 421 ea
3238 366 3548 423 maximam
3575 373 3800 441 partem

261 448 469 500 tamen
506 462 606 516 per
627 445 904 501 studiosae
938 443 1211 499 lectionis
1267 443 1591 515 alloquium
1643 444 1984 514 quotidianae

260 536 558 604 aspiratio
587 534 1056 606 compunctionis
1086 534 1405 588 animabat.
1433 534 1646 589 Horum
1680 550 1817 604 ergo
1849 552 1981 588 con-

260 628 456 680 sortio
490 643 605 681 non
637 626 823 681 solum
857 642 890 679 a
922 624 1162 679 terrenis
1203 630 1290 679 est
1323 624 1580 678 munitus
1625 625 1982 691 incursibus,

258 732 477 772 verum
506 717 684 772 etiam
705 717 775 771 ad
806 715 1054 771 ccelestis
1089 715 1215 769 vitae
1249 715 1519 769 exercitia
1550 715 1737 786 magis
1777 716 1987 785 magis-

261 823 383 878 que
417 823 767 862 succensus.

336 898 398 951 8.
435 899 605 953 Tunc
634 896 705 952 ab
735 896 952 954 eisdem
988 895 1268 951 fratribus
1297 895 1542 951 obnoxie
1575 900 1831 967 rogatus,
1865 912 1986 949 ma-

262 987 554 1058 ximeque
601 1005 634 1041 a
666 987 741 1058 (ὁ)
784 986 1064 1051 Leandre,
1114 984 1425 1040 venerabili
1483 986 1625 1050 viro,
1661 984 1986 1055 Hispalensi

264 1078 578 1147 episcopo,
620 1077 721 1146 qui
765 1092 869 1147 pro
909 1074 1102 1130 causis
1162 1074 1599 1145 Visigothorum
1644 1074 1870 1144 legatus
1921 1090 1986 1129 eo

261 1171 537 1237 tempore
568 1166 1125 1237 Constantinopolim
1159 1167 1489 1231 advenerat,
1533 1164 1871 1236 compulsus
1904 1170 1989 1219 est

264 1262 331 1311 ut
367 1257 593 1311 librum
630 1257 780 1310 beati
810 1255 920 1310 Job
955 1254 1157 1309 multis
1192 1254 1517 1309 involutum
1545 1255 1833 1325 mysteriis
1856 1270 1988 1309 eno-

260 1347 451 1401 daret.
484 1347 599 1400 Nec
630 1345 728 1400 ille
760 1360 968 1416 negare
1001 1344 1192 1415 potuit
1222 1360 1391 1415 opus,
1416 1344 1569 1413 quod
1601 1343 1710 1399 sibi
1734 1344 1984 1400 charita-

260 1442 315 1490 te
349 1434 799 1502 interveniente,
834 1448 998 1487 amor
1041 1432 1330 1487 fraternus
1379 1431 1577 1486 multis
1621 1432 1759 1486 utile
1803 1433 1985 1503 impo-

264 1527 452 1581 nebat
485 1528 767 1579 tuturum.
797 1524 907 1579 Sed
940 1522 1215 1578 eumdem
1250 1522 1466 1577 librum
1496 1523 1788 1593 quomodo
1819 1523 1989 1593 juxta

263 1614 534 1670 litteram
568 1613 1001 1685 intelligendus,
1049 1612 1302 1684 qualiter
1341 1613 1409 1665 ad
1444 1613 1661 1667 Christi
1699 1612 1985 1667 ecclesiae-

2100 447 2355 517 regionis
2376 456 2701 521 occuparet,
2729 453 2805 506 ita
2828 460 2887 507 ut
2918 454 3165 525 plurima
3188 455 3561 526 antiquarum
3592 459 3799 513 aedium

2103 537 2309 590 nimnia
2341 539 2628 607 dejiceret.
2663 543 2784 605 Qua
2813 542 2985 598 etiam
3020 560 3306 613 aquarum
3352 545 3643 611 violentia,
3668 548 3800 603 hor-

2099 642 2197 680 rea
2228 628 2489 683 Ecclesia:
2521 631 2789 685 subversa
2823 638 2980 699 sunt,
3017 636 3072 688 in
3109 636 3323 705 quibus
3372 636 3647 691 nonnulla
3680 655 3798 691 mo-

2098 716 2327 770 diorum
2352 720 2522 772 tritici
2563 722 2739 775 milliu
2775 724 3087 792 perierunt.
3122 725 3283 780 Tunc
3316 726 3608 796 siquidem
3646 727 3804 781 mul-

2100 805 2287 860 titudo
2320 811 2695 879 serpentium,
2732 828 2863 866 cum
2896 830 3105 883 magno
3133 817 3175 869 ὅ
3210 816 3454 871 dracone
3484 816 3540 870 in
3578 818 3802 871 modum

2098 898 2282 954 trabis
2313 900 2512 955 validas
2547 920 2642 972 per
2674 903 2845 974 hujus
2872 906 3132 962 ﬂuminis
3156 908 3382 963 alveum
3411 910 3467 964 in
3503 926 3662 965 mare
3705 913 3804 965 de-

2099 989 2356 1055 scendit;
2390 992 2491 1045 sed
2525 994 2818 1048 suffocatus
2852 996 3046 1050 bestia:
3081 998 3233 1051 inter
3257 998 3439 1053 salsos
3481 1000 3659 1055 maris
3693 1006 3807 1054 tur-

2098 1078 2217 1133 bidi
2244 1080 2453 1136 ﬂuctus
2486 1081 2541 1137 in
2573 1083 2767 1139 littore
2798 1087 2988 1155 ejecta:
3014 1096 3169 1142 sunt.
3200 1089 3521 1144 Subsecuta
3543 1096 3629 1145 est
3651 1108 3679 1146 c
3717 1108 3806 1146 ve-

2096 1171 2262 1239 stigio
2294 1173 2501 1241 clades,
2536 1192 2711 1245 quam
2744 1176 3133 1246 inguinariam
3167 1188 3409 1247 vocarit;
3447 1198 3581 1235 nam
3618 1184 3804 1238 medio

2098 1274 2298 1313 mense
2331 1262 2639 1317 undecimo
2683 1264 2994 1319 adveniens
3042 1267 3297 1336 primum
3342 1270 3605 1322 omnium
3643 1269 3804 1339 juxta

2095 1348 2237 1401 illud
2285 1352 2441 1418 quod
2487 1354 2542 1405 in
2604 1354 2896 1408 Ezechiele
2949 1354 3192 1425 legitur:
3229 1374 3259 1410 .1
3309 1361 3628 1413 sanctuario
3684 1375 3802 1413 meo

2096 1440 2346 1509 incipite.
2369 1441 2666 1513 Pelagium
2691 1461 2897 1514 papam
2924 1444 3253 1515 perculit,et
3282 1447 3347 1517 (Γ)
3379 1448 3502 1501 sine
3529 1464 3690 1502 mora
3713 1465 3803 1502 ex-

2098 1527 2316 1584 stinxit.
2351 1532 2469 1594 Quo
2501 1531 2773 1586 defuncto
2807 1537 2961 1587 tanta
2998 1543 3220 1605 strages
3255 1536 3451 1607 populi
3503 1537 3649 1592 facta
3690 1543 3803 1601 est,

2101 1623 2164 1671 ut
2205 1620 2421 1687 passim
2469 1621 2778 1676 subtractis
2820 1622 3268 1693 habitatoribus,
3312 1626 3521 1680 domus
3561 1626 3618 1681 in
3662 1626 3802 1681 urbe

261 1724 385 1777 que
418 1709 790 1761 sacramenta
818 1704 1183 1769 referendus,
1217 1718 1331 1774 quo
1364 1717 1537 1758 sensu
1573 1703 1891 1773 unicuique
1924 1704 1985 1757 ﬁ-
2022 1680 2068 1743 Β
2102 1706 2363 1777 plurimis
2399 1726 2592 1765 vacua:
2623 1717 3010 1768 remanerent.
3045 1714 3153 1767 Sed
3180 1680 3311 1783 quia
3330 1713 3582 1769 Ecclesia
3601 1716 3699 1769 Dei
3722 1716 3802 1769 si-

262 1796 494 1851 delium
520 1795 596 1849 sit
616 1795 927 1865 aptandus,
954 1809 1055 1865 per
1080 1793 1578 1864 trigintaquinque
1599 1791 1882 1847 librorum
1907 1809 1989 1847 se-

262 1886 422 1940 riem
462 1883 731 1939 miranda
765 1883 988 1937 ratione
1018 1880 1341 1953 perdocuit.
1376 1882 1441 1935 In
1474 1880 1690 1952 quibus
1715 1880 1877 1935 libris
1910 1880 1989 1935 ita

262 1976 339 2030 de
373 1974 696 2029 virtutibus
719 1972 992 2043 vitiisque
1023 1971 1320 2039 disseruit,
1356 1976 1419 2026 ut
1451 1988 1565 2027 non
1612 1971 1753 2027 solis
1792 1970 1989 2025 videa—

263 2070 369 2120 tur
402 2065 609 2119 eadem
642 2063 831 2119 verbis
852 2077 1161 2134 exponere,
1185 2062 1285 2117 sed
1324 2061 1531 2117 formis
1567 2061 1763 2133 aliquo
1815 2062 1987 2115 modo

262 2154 609 2209 visibilibus
640 2154 1063 2208 demonstrare.
1100 2151 1263 2207 Unde
1296 2168 1410 2207 non
1451 2156 1539 2207 est
1569 2151 1807 2204 dubium
1849 2166 1983 2205 eum

265 2243 695 2316 perfectionem
716 2241 979 2312 ipsarum
1002 2245 1332 2296 assecutum
1357 2256 1484 2295 esse
1508 2240 1811 2300 virtutum,
1844 2255 1983 2309 qua-

264 2351 405 2389 rum
435 2339 555 2387 tam
587 2332 902 2387 efficaciter
932 2331 1195 2385 intimare
1223 2330 1406 2385 valuit
1435 2331 1727 2386 effectum.

335 2424 397 2476 9.
432 2421 541 2485 Qui
571 2437 705 2477 cum
737 2420 927 2476 adhuc
948 2425 1104 2476 esset
1134 2420 1192 2474 in
1220 2421 1419 2476 eadem
1454 2422 1612 2490 regia
1656 2420 1796 2474 urbe
1821 2419 1980 2489 posi-

265 2518 395 2575 tus,
429 2515 763 2565 nascentem
781 2509 861 2565 ibi
881 2525 1088 2564 novam
1112 2510 1376 2564 heresim
1401 2510 1472 2565 de
1496 2514 1649 2563 statu
1689 2525 1980 2563 resurrec-

270 2600 482 2669 tionis,
516 2601 574 2655 in
606 2600 729 2671 ipso
758 2616 871 2669 quo
925 2604 1122 2655 exorta
1151 2603 1237 2653 est
1276 2598 1465 2665 initio,
1506 2600 1750 2668 juvante
1792 2600 1980 2669 gratia

264 2688 581 2745 catholica:
622 2686 899 2756 veritatis,
930 2686 1170 2741 attrivit.
1206 2685 1503 2756 Siquidem
1536 2688 1605 2758 (ο)
1633 2685 1976 2757 Eutychius,

264 2780 541 2849 ejusdem
575 2777 737 2832 urbis
767 2777 1102 2848 episcopus,
1133 2792 1346 2847 corpus
1379 2780 1642 2831 nostrum
1686 2776 1975 2847 dogmati-

260 2870 435 2924 zabat
468 2869 530 2923 in
560 2866 659 2922 illa
681 2866 1125 2922 resurrectionis
1150 2865 1334 2937 gloria
1366 2865 1975 2937 impalpahile,veutis

261 2972 521 3028 aereque
563 2955 840 3011 subtilius
880 2972 1008 3011 esse
1062 2955 1340 3011 futurum.
1373 2955 1531 3021 Quod
1576 2954 1671 3010 ille
1710 2955 1972 3022 audiens,

262 3057 319 3102 et
354 3046 577 3102 ratione
607 3044 864 3101 veritatis
898 3050 953 3101 et
973 3045 1238 3117 exemplo
1269 3046 1571 3100 dominicae
1600 3046 1971 3099 resurrectio-

263 3139 386 3203 nis,
419 3135 691 3207 probavit
721 3135 828 3190 hoc
859 3136 1073 3206 dogma
1105 3136 1438 3191 orthodoxae
1463 3135 1593 3190 fidei
1617 3136 1976 3190 omnimodis

262 3243 396 3283 esse
418 3226 798 3283 contrarium.
836 3225 1134 3281 Catholica
1163 3226 1379 3281 etenim
1412 3225 1556 3280 fides
1601 3225 1774 3280 habet
1817 3226 1972 3297 quod

260 3317 465 3388 ipsum
501 3331 711 3386 corpus
742 3318 1004 3370 nostrum
1052 3316 1109 3369 in
1142 3313 1242 3369 illa
1288 3314 1746 3370 immortalitatis
1792 3313 1976 3385 gloria

260 3407 677 3474 sublimatum,
701 3404 911 3461 subtile
930 3406 1162 3476 quidem
1187 3406 1265 3459 sit
1289 3422 1385 3474 per
1405 3405 1675 3460 effectum
1700 3406 1977 3475 spiritua-

261 3498 341 3553 lis
394 3496 689 3567 potentiae,
738 3496 838 3551 sed
887 3495 1172 3565 palpabile
1227 3511 1327 3567 per
1373 3496 1678 3550 veritatem
1730 3499 1968 3561 naturae,

258 3588 432 3656 juxta
454 3588 784 3657 exemplum
814 3584 1088 3639 dominici
1122 3585 1401 3655 corporis,
1436 3585 1507 3639 de
1536 3602 1649 3656 quo
1670 3602 1702 3640 a
1728 3586 1976 3640 mortuis

263 3678 546 3731 suscitato
577 3676 721 3729 dixit
750 3675 874 3745 ipse
904 3674 1205 3745 discipulis
1231 3691 1244 3727 :
1279 3675 1504 3743 Palpate
1533 3681 1584 3730 et
1616 3675 1813 3743 videte,
1846 3677 1976 3746 quia

259 3766 503 3837 spiritu:
530 3781 751 3821 carnem
771 3774 821 3821 et
850 3780 970 3821 ossa
994 3781 1103 3820 non
1129 3766 1311 3830 habet,
1341 3766 1481 3819 sicut
1510 3780 1595 3819 me
1625 3765 1819 3820 videtis
1875 3766 1977 3819 ha-

262 3858 391 3913 bere
419 3857 576 3924 (Luc.
610 3870 757 3921 xxiv,
789 3854 902 3921 39).
936 3853 999 3908 lu
1033 3854 1198 3923 cujus
1227 3854 1544 3908 assertione
1575 3852 1707 3907 fidei
1741 3869 1977 3908 venera-

261 3945 409 4002 bilis
438 3945 608 3999 Pater
655 3942 969 4014 Gregorius
1011 3942 1069 3996 in
1114 3946 1342 3997 tantum
1395 3946 1593 3996 contra
1638 3947 1973 3998 nascentem

262 4036 535 4092 heresim
570 4034 834 4089 laborare
864 4033 1182 4101 contendit,
1214 4036 1377 4088 tanta
1399 4032 1549 4087 hanc
1574 4034 1856 4088 instantia
1882 4035 1972 4102 ju-

259 4132 441 4183 vante
474 4124 648 4180 etiam
684 4123 945 4195 piissimo
977 4124 1327 4195 imperatore
1348 4123 1572 4178 Tiberio
1595 4123 1976 4179 Constantino

261 4217 348 4271 ita
379 4215 749 4277 comminuit,
788 4224 850 4269 ut
877 4212 1075 4268 nullus
1097 4212 1303 4268 exinde
1330 4213 1406 4269 sit
1425 4214 1693 4268 inventus
1718 4214 1815 4283 qui
1849 4214 1978 4282 ejus

264 4306 648 4360 resuscitator
677 4302 962 4358 existeret.

342 4395 429 4447 10.
479 4393 659 4463 Igitur
729 4398 1035 4461 postquam
1075 4391 1320 4445 Romam
1382 4392 1745 4445 venerandus
1806 4391 1975 4447 levita

260 4481 580 4551 Gregorius
599 4496 900 4551 regressus
921 4488 1023 4547 est,
1049 4478 1350 4551 aliquanto
1372 4480 1670 4549 iuterjecto
1694 4484 1805 4535 tem
1820 4498 1972 4551 pore,

261 4578 437 4629 tanta
466 4569 851 4627 inundatione
866 4569 1091 4624 Tiberis
1113 4570 1323 4625 ﬂuvius
1347 4571 1570 4627 alveum
1599 4587 1764 4625 suum
1791 4588 1976 4641 egres-

260 4680 370 4719 sus
403 4666 510 4729 est,
547 4660 624 4731 (ά)
654 4664 1000 4729 tantumque
1039 4660 1307 4726 excrevit,
1351 4666 1412 4715 ut
1442 4660 1569 4730 ejus
1595 4662 1747 4715 untla
1773 4662 1846 4732 (e)
1876 4677 1978 4731 per

332 4863 417 4931 (α)
451 4855 669 4921 Mabil.,
704 4856 851 4931 intris
879 4859 1064 4911 tamen
1094 4871 1203 4911 eos.
1239 4854 1412 4911 Guss.
1439 4863 1496 4911 et
1528 4856 1805 4912 Bollando
1829 4875 1975 4928 quos

261 4927 587 5004 sequimur:
612 4927 772 5004 praeit
805 4927 967 5004 Becc.

332 4997 417 5072 (b)
455 5002 532 5055 De
566 4997 826 5072 Leandre
852 4997 987 5072 vide
1017 5014 1145 5068 quae
1172 4998 1423 5072 diximus
1448 4999 1502 5052 in
1531 5005 1667 5055 nota
1691 5002 1971 5066 secunda,

258 5067 559 5143 ad'Epist.
584 5071 709 5143 jam
733 5067 1051 5143 laudatam,
1072 5085 1208 5143 quas
1228 5069 1533 5125 Moralium
1563 5072 1833 5140 prologus
1864 5079 1972 5127 est.

334 5138 673 5220 (c)'C_lar.ui-t
711 5138 916 5220 multis
948 5138 1245 5220 miraculis
1274 5150 1508 5220 sanctus
1539 5138 1974 5220 Eutychiustin

262 5211 430 5287 Mss,
464 5212 750 5287 Euticius)
781 5211 953 5267 etiam
986 5212 1059 5267 ob
1093 5212 1262 5267 fidem
1295 5213 1561 5268 exsilium
1606 5211 1829 5286 passus.
1865 5216 1969 5269 Co-

263 5284 472 5349 litnr‘6
497 5284 729 5355 Aprilis.

372 5361 451 5430 td)
483 5354 687 5430 Guss.,
710 5364 870 5425 atque
898 5354 1839 5430 adeoinvaluitﬂliservat.Boll.id
1874 5374 1967 5411 an.

258 5426 748 5498 509'contigisse,
783 5442 979 5482 mense
1011 5426 1373 5498 Novembris,
1409 5430 1502 5483 cui
1526 5430 1894 5485 assentimur.

335 5505 416 5574 (e)
446 5496 760 5558 Guss..cui
788 5498 976 5553 favent
1006 5496 1228 5554 Belvac.
1268 5504 1323 5553 et
1358 5499 1543 5574 8660.,
1573 5519 1752 5571 super.
1799 5500 1967 5568 lbid.,

258 5571 550 5638 maLﬁmas
569 5574 815 5643 regiones
844 5577 1158 5645 occuparet,
1199 5571 1419 5629 cmteris
1458 5574 1963 5642 dissentientibus;

2102 1812 2172 1851 ne
2215 1803 2436 1853 rectore
2468 1816 2595 1854 esse
2627 1817 2740 1855 non
2776 1805 3016 1871 poterat,
3053 1802 3284 1857 beatum
3320 1804 3805 1874 Gregoriumlicet

2100 1887 2237 1942 totis
2279 1889 2498 1944 viribus
2546 1890 2911 1960 renitentem,
2945 1892 3108 1964 plebs
3152 1903 3336 1950 tamen
3369 1896 3560 1950 omnis
3605 1896 3799 1967 elegit.

2100 1979 2280 2042 Quem
2318 1978 2409 2034 ille
2441 1979 2662 2051 apicem
2702 1983 2979 2037 attentius
3032 1986 3229 2055 fugere
3273 1990 3528 2051 tentans,
3562 2003 3691 2041 esse
3742 2002 3802 2041 se

2096 2066 2337 2122 omnino
2389 2068 2695 2140 indignum
2729 2071 2832 2126 tali
2882 2072 3099 2127 honore
3136 2073 3497 2143 clamitabat;
3533 2074 3801 2131 videlicet

2094 2162 2362 2212 metuens
2396 2175 2463 2213 ne
2489 2161 2691 2213 mundi
2724 2161 2929 2231 gloria,
2975 2178 3149 2232 quam
3192 2164 3355 2232 prius
3405 2165 3714 2235 abjecerat,
3747 2166 3798 2220 ei

2093 2247 2204 2301 sub
2236 2246 2624 2302 ecclesiastici
2658 2248 2845 2303 colore
2871 2251 3172 2321 regiminis
3204 2251 3398 2323 aliquo
3434 2254 3605 2308 modo
3655 2254 3799 2308 sub-

2092 2351 2289 2405 repere
2315 2343 2529 2406 posset.
2566 2337 2729 2394 Unde
2760 2338 2980 2393 factum
3016 2345 3104 2394 est
3138 2345 3199 2394 ut
3231 2342 3531 2410 epistolam
3567 2343 3637 2397 ad
3682 2344 3797 2398 im—

2093 2432 2411 2496 peratorem
2439 2427 2779 2482 Mauricium
2814 2429 3111 2500 dirigeret,
3145 2432 3313 2500 cujus
3348 2431 3533 2485 ﬁlium
3561 2449 3626 2487 ex
3652 2433 3796 2489 lava-

2090 2530 2184 2570 cro
2208 2521 2411 2570 sancto
2446 2522 2807 2585 susceperat;
2834 2518 3111 2587 adjurans
3143 2524 3200 2573 et
3225 2519 3403 2574 multa
3426 2537 3591 2590 prece
3615 2522 3791 2592 depo-

2089 2620 2280 2667 scens,
2316 2622 2385 2658 ne
2418 2622 2673 2675 unquam
2696 2622 3000 2660 assensum
3037 2606 3267 2677 populis
3296 2610 3591 2678 praeberet,
3626 2615 3688 2664 ut
3728 2628 3791 2667 se

2089 2693 2264 2762 hujus
2284 2693 2521 2748 honoris
2543 2693 2724 2766 gloria
2755 2694 3121 2751 sublimaret.
3146 2697 3256 2751 Sed
3286 2698 3580 2768 prafectus
3608 2700 3786 2770 urbis,

2087 2785 2163 2853 (g)
2211 2784 2540 2838 Germanus
2586 2784 2839 2850 nomine,
2898 2786 3025 2854 ejus
3084 2788 3355 2842 nuntium
3405 2788 3784 2859 anticipavit:

2085 2874 2622 2945 comprehensoque
2654 2890 2717 2928 eo
2771 2892 2835 2928 ac
2886 2874 3166 2945 disruptis
3215 2876 3489 2945 epistolis,
3542 2879 3787 2934 consen-

2089 2980 2219 3017 sum
2255 2979 2427 3032 quem
2458 2962 2707 3033 populus
2740 2964 2947 3018 fecerat
2979 2964 3311 3034 imperatori
3342 2966 3569 3021 direxit.
3600 2969 3790 3023 Atille

2087 3052 2299 3124 gratias
2332 3052 2446 3106 Deo
2477 3068 2653 3122 agens
2678 3069 2780 3123 pro
2814 3053 3068 3108 amicitia
3109 3054 3361 3118 diaconi,
3396 3072 3461 3110 eo
3502 3058 3655 3125 quod
3705 3057 3790 3111 lo-

2088 3158 2213 3194 cum
2248 3141 2295 3195 ei
2328 3140 2626 3194 deferendi
2654 3140 2894 3197 honoris
2931 3145 2993 3195 ut
3025 3142 3282 3212 cupierat
3308 3145 3629 3214 reperisset,
3656 3146 3790 3200 data

2088 3230 2241 3285 illico
2275 3230 2677 3300 praeceptione,
2712 3231 2901 3302 ipsum
2938 3231 3165 3285 institui
3201 3233 3490 3303 praecepit.

2158 3320 2243 3373 11.
2273 3319 2354 3389 (h)
2378 3319 2635 3391 Cumque
2660 3319 2715 3373 in
2748 3320 2856 3375 hoc
2886 3326 3128 3375 restaret
3161 3327 3224 3375 ut
3247 3322 3702 3395 benediceretur,
3739 3330 3803 3380 et

2087 3408 2209 3463 lues
2261 3407 2542 3480 populum
2605 3410 2949 3474 devastaret,
2995 3411 3234 3465 verbum
3296 3413 3364 3466 ad
3419 3412 3641 3481 plebem
3688 3431 3790 3486 pro

2085 3499 2311 3570 agenda
2340 3499 2678 3568 poenitentia
2708 3499 2817 3554 hoc
2850 3501 3021 3554 modo
3056 3517 3294 3555 exorsus
3326 3507 3443 3556 est:
3472 3524 3495 3554 α
3532 3503 3791 3575 Oportet,

2087 3587 2291 3642 fratres
2317 3587 2705 3653 dilectissimi,
2741 3595 2801 3641 ut
2823 3587 3051 3659 ﬂagella
3081 3589 3203 3656 Dei,
3235 3606 3361 3659 quae
3383 3598 3639 3645 metuere
3661 3610 3789 3647 ven-

2089 3685 2214 3732 tura
2244 3677 2577 3744 debuimus,
2612 3677 2825 3734 saltem
2879 3680 3185 3749 praesentia
3215 3686 3269 3735 et
3310 3686 3545 3752 experta
3586 3683 3791 3740 timea-

2090 3782 2240 3819 mus.
2301 3766 2709 3821 Conversionis
2759 3767 2926 3821 nobis
2971 3767 3193 3821 aditum
3252 3769 3415 3824 dolor
3459 3771 3694 3841 aperiat,
3735 3776 3791 3827 et

2086 3855 2277 3909 cordis
2310 3855 2490 3909 nostri
2534 3856 2808 3910 duritiam
2842 3856 2967 3927 ipsa
2995 3873 3170 3926 quam
3206 3859 3450 3927 patimur
3482 3878 3642 3928 poma
3675 3860 3791 3915 dis-

2087 3943 2289 3997 solvat.
2328 3942 2399 3997 Ut
2428 3944 2583 3997 enim
2619 3945 2898 4014 propheta
2958 3950 3099 3999 teste
3132 3949 3462 4015 praedictum
3496 3954 3577 4003 est
3608 3965 3619 4002 :
3659 3951 3786 4003 Per-

2086 4033 2231 4087 venit
2261 4033 2483 4103 gladius
2524 4049 2690 4104 usque
2741 4037 2811 4088 ad
2859 4036 3107 4089 animam
3137 4038 3357 4099 (Jerem.
3398 4054 3470 4101 iv,
3509 4038 3610 4106 10).
3648 4039 3789 4093 Ecce

2089 4122 2301 4176 etenim
2336 4127 2538 4178 cuncta
2572 4124 2760 4193 plebs,
2794 4123 3042 4178 caelestis
3072 4124 3169 4178 iraa
3211 4141 3488 4180 mucrone
3537 4128 3786 4197 percuti-

2088 4214 2202 4277 tur,
2236 4216 2291 4265 et
2322 4212 2620 4281 repentina
2644 4212 2857 4283 singuli
2884 4214 3037 4267 caede
3062 4222 3378 4268 vastantur.
3413 4215 3525 4269 Nec
3547 4215 3789 4285 languor

2008 4326 2050 4389 Ι)
2090 4307 2325 4355 mortem
2358 4303 2651 4373 prmvenit,
2685 4304 2785 4357 sed
2834 4302 3130 4372 languoris
3174 4320 3383 4372 moras,
3426 4313 3484 4359 ut
3529 4306 3788 4373 cernitis,

2087 4405 2242 4443 mors
2275 4390 2398 4460 ipsa
2424 4392 2739 4459 praecurrit.
2766 4396 3075 4446 Percussus
3108 4394 3352 4462 quisque
3386 4398 3517 4447 ante
3540 4396 3785 4465 rapitur,

2086 4496 2263 4549 quam
2307 4483 2376 4534 ad
2427 4481 2681 4535 lamenta
2722 4482 3072 4552 poenitentiae
3122 4488 3507 4539 convertatur.
3543 4486 3788 4539 Pensate

2086 4570 2439 4639 ergo,qualis
2474 4572 2541 4625 ad
2576 4580 2952 4642 conspectum
2998 4572 3243 4626 districti
3266 4572 3484 4642 judicis
3508 4576 3786 4643 pervenit,

2085 4658 2175 4713 cui
2211 4675 2326 4713 non
2358 4664 2521 4714 vacat
2570 4661 2705 4714 ﬂere
2762 4660 2915 4731 quod
2968 4662 3123 4716 fecit.
3158 4663 3521 4717 llabitalores
3572 4663 3788 4733 quique

2085 4864 2139 4913 et
2170 4866 2523 4915 monumenta
2557 4878 2654 4929 pro
2679 4862 2905 4915 moenia.
2932 4863 3065 4924 Quae
3092 4867 3288 4917 narrat
3320 4862 3413 4916 hic
3463 4861 3699 4929 Paulus,
3720 4878 3789 4919 ex

2084 4931 2254 4992 Greg.
2288 4932 2421 4985 Tur.
2458 4932 2495 4985 l.
2532 4950 2582 5001 x,
2615 4950 2662 4986 c.
2706 4935 2750 5000 t,
2785 4934 3066 5003 descripta
3102 4938 3253 4988 sunt.

2155 5003 2225 5071 (Γ)
2258 5003 2536 5057 Januario
2569 5006 2705 5058 anni
2737 5004 2861 5071 590,
2891 5022 2955 5058 ac
2984 5002 3041 5059 vr
3084 5008 3217 5059 Idus
3263 5003 3455 5070 Febr,
3489 5002 3783 5075 Pelagium

2085 5081 2381 5145 mortuum
2412 5091 2538 5130 esse
2568 5076 2744 5130 tradit
2774 5076 3139 5130 Anastasius.
3178 5077 3458 5129 BOLLAND.

2156 5147 2228 5213 (ῃ)
2254 5148 2373 5200 Imo
2409 5148 2650 5202 fortasse
2673 5147 3001 5201 Germanus
3025 5146 3304 5215 sanguine
3331 5148 3620 5217 fraterque
3644 5150 3782 5202 Gre-

2082 5217 2251 5285 gurii,
2268 5233 2434 5287 quem
2455 5220 2689 5272 fratrem
2716 5219 2987 5272 habuisse
3009 5218 3382 5286 probavimus
3402 5219 3458 5272 in
3490 5221 3615 5287 ejus
3630 5218 3782 5282 Vita,

2081 5286 2120 5340 l.
2156 5305 2193 5353 1,
2230 5286 2365 5351 c.71,
2400 5306 2456 5345 n.
2487 5291 2540 5344 5.
2579 5290 2758 5343 Locus
2791 5289 2958 5358 Greg.
2995 5289 3130 5344 Tur.
3168 5290 3322 5344 unde
3372 5290 3491 5345 haec
3518 5286 3777 5360 sumpta,

2080 5367 2167 5413 est
2200 5360 2529 5429 ambiguus.

2152 5432 2228 5500 (li)
2266 5434 2455 5498 (lusa,
2489 5447 2719 5501 cumun
2749 5437 2959 5505 tempus
2986 5435 3253 5494 instaret;
3276 5438 3331 5488 et
3361 5435 3427 5488 ad
3465 5449 3674 5505 marg,
3703 5433 3775 5487 al.

2078 5511 2331 5569 restaret,
2358 5518 2424 5557 cx
2457 5518 2614 5557 mera
2638 5503 2990 5573 conjectura.
