4114 6178
330 265 404 322 ιτ
998 255 1062 316 s.
1114 250 1488 314 GREGORII
1535 245 1784 310 MAGNI
1829 244 2041 315 VITA,
2089 244 2452 305 AUCTORE
2496 244 2752 306 PAULO
2797 245 3169 310 DIACONO.
3760 241 3839 320 δέ

326 413 440 453 non
510 412 579 452 ex
618 398 781 468 parte
828 390 1270 457 subtrahuntur,
1307 387 1405 442 sed
1448 383 1663 456 pariter
1712 388 2021 449 corruunt;
2059 384 2107 449 Α
2140 385 2359 450 tantur,
2392 380 2575 435 donec
2625 385 2952 453 opportune
2994 388 3050 438 et
3081 384 3348 457 gloriose,
3384 394 3448 444 ut
3487 393 3629 447 ordo
3674 408 3840 449 sacer

322 488 535 543 domus
566 503 762 544 vacuas
782 486 1218 554 relinquuntur;
1248 478 1500 533 filiorum
1529 477 1728 529 funera
1758 479 2024 544 parentes

324 577 636 649 aspiciunt,
659 581 715 632 et
735 576 828 631 sui
850 590 947 629 eos
970 573 1038 627 ad
1064 570 1364 625 interitum
1389 564 1647 621 hmredes
1671 565 1887 634 prisced
1899 568 2022 618 unt.

324 665 737 737 Unusquisque
767 678 903 733 ergo
953 665 1219 717 nostrum
1251 658 1321 711 ad
1379 653 1728 726 poenitentiae
1768 651 2026 706 lamenta

321 756 641 829 confugiat,
676 756 816 810 dum
842 753 976 807 ﬂere
1000 756 1133 806 ante
1166 746 1596 818 percussionem
1629 746 1811 798 vacat.
1848 743 2023 797 Revo-

322 863 522 905 cemus
544 849 678 901 ante
700 842 897 901 oculos
929 840 1142 896 mentis
1174 836 1456 910 quidquid
1500 835 1744 889 errando
1776 833 2022 887 commi-

320 937 543 1003 simus;
576 940 632 990 et
672 933 825 1006 quod
855 931 1123 1001 nequiter
1171 928 1420 999 egimus,
1452 924 1642 979 ﬂendo
1686 922 2018 993 puniamus.

320 1024 745 1080 Prseveniamus
804 1020 1007 1076 faciem
1054 1018 1181 1088 ejus
1232 1015 1290 1069 in
1334 1012 1724 1078 confessione;
1768 1015 1824 1066 et
1871 1011 2020 1066 sicut

316 1112 598 1185 propheta
627 1110 933 1166 admonet:
967 1108 1225 1162 Levemus
1247 1102 1409 1158 corda
1438 1108 1628 1156 nostra
1665 1115 1790 1153 cum
1830 1101 2019 1153 mani-

315 1202 411 1257 bus
440 1200 509 1255 ad
534 1198 827 1256 Dominum
850 1198 1067 1269 (Thren.
1096 1211 1180 1262 ιιι,
1214 1193 1323 1262 At).
1357 1190 1440 1245 Ad
1468 1188 1780 1245 Dominum
1805 1188 2019 1259 quippe

312 1291 487 1345 corda
509 1305 642 1345 cum
677 1287 945 1342 manibus
974 1284 1181 1349 levare,
1214 1288 1304 1337 est
1334 1279 1617 1335 orationis
1643 1283 1855 1332 nostras
1892 1283 2014 1331 stu-

312 1380 476 1435 dium
515 1395 647 1434 cum
684 1378 889 1431 merito
912 1376 1073 1429 bonae
1097 1371 1454 1443 operationis
1482 1368 1721 1437 erigere.
1750 1367 1855 1420 Dat
1890 1381 2018 1435 pro-

312 1470 483 1533 fecto,
511 1468 611 1521 dat
641 1463 879 1521 tremori
916 1468 1112 1517 nostro
1157 1460 1451 1527 ﬁduciam,
1486 1458 1581 1528 qui
1618 1472 1718 1526 per
1760 1455 2016 1524 prophe-

310 1562 429 1613 tam
470 1556 705 1611 clamat:
741 1553 879 1610 Noto
902 1556 1128 1607 mortem
1175 1548 1499 1620 peccatoris,
1532 1546 1622 1601 sed
1669 1552 1731 1599 ut
1780 1560 2008 1599 conver-

311 1654 459 1701 tatur
495 1652 547 1700 et
601 1646 746 1699 vivat
800 1642 1014 1714 (Ezet'h.
1071 1656 1270 1705 xxxrn,
1306 1638 1414 1708 11).
1449 1635 1654 1691 Nullus
1687 1642 1882 1688 autem
1945 1633 2014 1689 de

310 1734 689 1805 iniquitatum
713 1747 949 1786 suarum
970 1729 1333 1783 immanitate
1356 1728 1639 1794 desperet.
1664 1723 2011 1778 Veternosas
2053 1760 2094 1822 Β

312 1839 567 1893 namque
597 1823 643 1877 6
676 1821 1064 1875 Ninivitarum
1113 1817 1314 1888 culpas
1354 1815 1629 1870 triduana
1678 1812 2016 1884 pmnitentia

312 1914 589 1969 abstersit
617 1930 628 1967 :
664 1916 719 1966 et
752 1926 1067 1965 conversus
1097 1907 1245 1962 latro
1277 1906 1403 1960 vitae
1449 1904 1707 1976 praamia,
1741 1904 1917 1957 etiam
1955 1902 2014 1956 in

307 2001 439 2073 ipsa
469 2001 759 2056 sententia
789 2016 906 2055 suis
941 1998 1166 2063 mortis,
1199 1995 1468 2052 emeruit.
1495 1993 1789 2048 Mutemus
1834 1992 2017 2063 igitur

308 2093 503 2159 corda,
532 2095 588 2146 et
621 2105 1021 2162 praesumanus
1066 2104 1169 2143 nos
1203 2088 1327 2156 jam
1363 2083 1690 2155 percepisse
1721 2082 1875 2154 quod
1910 2098 2013 2152 pe-

308 2182 518 2249 timus;
543 2180 715 2235 eitius
748 2180 818 2234 ad
845 2177 1273 2248 precemjudex
1294 2175 1571 2239 flectitur,
1607 2174 1712 2227 sia
1736 2173 2012 2242 pravitate

310 2285 417 2324 sua
431 2268 665 2324 animus
683 2266 1009 2338 corrigitur.
1024 2264 1376 2319 Imminente
1398 2278 1532 2331 ergo
1552 2267 1719 2315 tanta:
1750 2259 2014 2313 animad-

308 2357 591 2413 versionis
614 2355 825 2427 gladio,
859 2372 965 2411 nos
997 2353 1349 2426 importunis
1383 2352 1619 2406 fletibus
1651 2350 2007 2404 insistemus.

309 2446 390 2501 Ea
410 2462 661 2517 namque
691 2462 817 2516 quas
835 2444 1061 2514 ingrata
1092 2459 1218 2497 esse
1241 2441 1577 2496 hominibus
1602 2438 2013 2509 importunitas

309 2535 479 2604 solet,
510 2534 705 2591 Judici
726 2533 984 2589 veritatis
1012 2532 1214 2602 placet,
1249 2531 1386 2601 quia
1417 2531 1548 2601 pius
1580 2545 1645 2583 ac
1687 2527 2012 2584 misericors

307 2625 593 2680 Dominus
622 2623 745 2679 vult
774 2639 886 2678 ase
918 2622 1184 2692 precibus
1228 2619 1395 2689 exigi,
1431 2619 1531 2690 qui
1578 2622 1859 2689 quantum
1894 2633 2010 2673 me~

309 2729 527 2782 remur,
562 2730 677 2769 non
708 2711 827 2770 vult
858 2710 1051 2767 irasci.
1090 2710 1233 2765 Hine
1265 2708 1479 2763 etenim
1501 2724 1599 2779 per
1640 2707 2009 2763 Psalmistam

307 2803 455 2858 dixit
488 2820 500 2857 :
534 2804 729 2858 [avoca
758 2817 844 2857 me
871 2802 931 2855 in
960 2800 1049 2855 die
1081 2798 1455 2854 tribulationis
1498 2801 1622 2864 tuae,
1676 2806 1725 2851 et
1773 2798 2009 2867 eripiam

303 2896 379 2959 te,
409 2895 459 2946 et
479 2890 857 2961 magniﬁcabis
898 2904 1002 2943 me.
1038 2889 1166 2959 Ipse
1197 2903 1331 2958 ergo
1372 2885 1483 2942 sibi
1531 2886 1698 2940 testis
1738 2890 1826 2939 est
1873 2886 2009 2955 quia

304 2980 714 3037 invocantibus
749 2979 1008 3034 misereri
1045 2978 1356 3044 desiderat,
1390 2976 1483 3047 qui
1520 2977 1796 3031 admonet
1826 2981 1888 3029 ut
1921 2976 2009 3029 in-

302 3076 559 3125 vocetur.
597 3069 861 3137 Proinde,
901 3070 1103 3123 fratres
1146 3067 1494 3132 cbarissimi,
1528 3066 1773 3120 contrito
1813 3065 2004 3129 corde,

301 3164 359 3216 et
388 3159 665 3216 correctis
687 3158 1062 3231 operibus,ab
1084 3157 1210 3228 ipso
1231 3158 1384 3212 feriae
1408 3161 1627 3227 quartae
1651 3155 1906 3211 diluculo
1932 3159 2004 3225 (a)

298 3248 505 3305 litania
527 3248 849 3319 septiformi
878 3250 1085 3302 devota
1107 3248 1174 3301 ad
1201 3245 1488 3318 lacrymas
1521 3245 2005 3313 interveniarnus;

307 3342 375 3393 ut
405 3337 697 3392 districtus
737 3337 915 3407 judex
945 3352 1078 3391 cum
1129 3335 1329 3406 culpas
1374 3338 1603 3388 nostras
1645 3351 1751 3388 nos
1801 3334 2008 3405 punire

307 3426 655 3493 considerat,
691 3425 817 3497 ipse
848 3442 882 3479 a
921 3424 1209 3479 sententia
1251 3423 1552 3492 propositae
1612 3423 2008 3478 damnationis

309 3518 525 3585 pareat.
563 3538 584 3567 ι
632 3514 816 3577 Quam
862 3513 1319 3569 exhortationem
1368 3511 1517 3566 beati
1566 3512 1825 3583 Gregorii
1876 3512 2005 3566 ideo

308 3605 445 3659 huic
467 3604 750 3676 npusculo
800 3604 1169 3659 inserendam
1223 3601 1581 3674 putavimus,
1618 3606 1743 3655 uta
1788 3607 2005 3672 quanta

302 3694 655 3765 perfectione
688 3692 1116 3765 praedicationis
1147 3692 1381 3747 initium
1433 3692 1769 3762 sumpserit,
1808 3707 2002 3746 mons-

272 3812 273 3815 η
299 3788 608 3838 traremus.

371 3873 457 3926 12.
494 3872 676 3943 Igitur
702 3871 841 3926 dum
876 3888 1093 3942 magna
1125 3870 1434 3926 multitudo
1458 3870 1849 3937 sacerdotum,
1871 3887 1998 3925 mo-

297 3960 639 4027 nachorum,
701 3959 1027 4030 diversique
1078 3975 1251 4014 sexus
1291 3964 1348 4013 et
1400 3957 1606 4020 artatis,
1648 3960 1811 4027 juxta
1858 3975 1998 4029 prte-

293 4050 617 4121 ceptionem
664 4050 815 4103 beati
863 4049 1115 4117 Gregorii
1171 4049 1262 4103 die
1305 4048 1623 4103 constituta
1676 4047 1990 4101 Dominum

293 4145 568 4210 rogatura
591 4139 866 4203 venisset,
899 4138 958 4193 in
993 4137 1362 4191 tantumlues
1396 4136 1519 4204 ipsa
1550 4134 1743 4189 divino
1768 4136 1991 4205 judicio

290 4229 564 4295 desaeviit,
611 4233 674 4281 ut
717 4229 867 4281 intra
909 4228 1078 4281 unius
1118 4227 1275 4281 horse
1325 4226 1607 4296 spatium,
1639 4226 1774 4280 dum
1827 4243 1993 4282 voces

290 4317 453 4385 plebs
475 4318 544 4369 ad
574 4316 875 4371 Dominum
898 4316 1344 4387 supplicationis
1366 4317 1673 4382 emitteret,
1698 4316 1992 4387 octoginta

287 4404 556 4459 homines
590 4405 659 4459 ad
696 4411 903 4458 terram
936 4408 1271 4460 corruentes
1311 4406 1577 4477 spiritum
1628 4405 1986 4460 exhalarent.

2137 471 2413 538 exposcit,
2440 472 2491 525 in
2523 487 2587 527 eo
2620 471 2813 527 divina
2846 473 3042 529 munia
3065 476 3752 545 complerentur.0btinet
3786 484 3836 540 is

2137 577 2170 613 a
2200 559 2654 629 negotiatoribus
2686 565 2748 614 ut
2796 559 2852 614 in
2878 567 3101 618 cratera
3132 565 3464 621 occultatus
3499 570 3837 626 educeretur

2133 649 2205 702 ab
2238 648 2408 713 Urbe,
2442 654 2615 719 atque
2646 650 2723 705 ita
2760 650 2990 707 latebris
3035 654 3227 708 triduo
3261 672 3319 711 se
3368 658 3701 725 occultavit,
3732 662 3833 715 do-

2135 753 2239 793 nec
2272 738 2437 793 illum
2459 739 2704 809 jejuniis
2737 743 2791 794 et
2823 742 3204 813 orationibus,
3239 746 3489 815 populus
3514 748 3835 817 Romanus,

2134 827 2405 883 columna
2429 828 2593 896 lucis,
2618 830 2787 884 tertia
2811 847 2987 902 super
3008 848 3138 888 eum
3163 840 3329 891 nocte
3355 837 3579 893 coalitus
3598 840 3834 909 emissa,

2132 918 2415 973 obtinuit:
2438 934 2565 988 quae
2607 934 2716 973 non
2744 936 2916 990 parvo
2960 923 3146 976 noctis
3174 925 3363 994 spatio
3386 944 3416 979 a
3440 943 3674 983 summo
3706 929 3835 983 coeli

2133 1023 2314 1078 usque
2347 1008 2414 1061 ad
2449 1009 2718 1062 eumdem
2755 1008 3112 1078 ipsumlinea
3146 1017 3301 1067 recta
3332 1015 3639 1086 effulgens,
3674 1034 3837 1088 quae-

2131 1098 2597 1153 rentibusvotum
2622 1098 2875 1170 optabile
2908 1101 3349 1157 demonstravit.
3374 1105 3483 1159 Sed
3506 1111 3565 1161 et
3593 1108 3825 1162 cuidam

2129 1187 2489 1242 anachoreta:
2520 1187 2655 1241 Urbi
2689 1188 2962 1259 contigue
2994 1190 3185 1260 angeli
3218 1194 3597 1249 ascendentes
3628 1197 3833 1250 etdes-

2127 1276 2439 1331 candentes
2472 1293 2568 1345 per
2602 1280 2891 1347 przefatam
2925 1280 3258 1336 columnam
3295 1298 3470 1354 super
3496 1285 3659 1341 illum
3695 1293 3838 1342 sunt

2129 1366 2256 1419 visi.
2291 1366 2397 1429 Qui
2450 1384 2583 1421 mox
2624 1367 2758 1421 felix
2806 1385 3155 1441 sacrumque
3192 1388 3435 1427 sumens
3478 1375 3833 1446 auspicium,

2126 1455 2196 1509 de
2228 1470 2290 1508 ea
2324 1472 2497 1524 quam
2534 1456 2675 1511 vidit
2701 1457 2756 1511 in
2780 1458 3004 1512 somnis
3031 1464 3267 1515 sanctus
3296 1462 3475 1517 Jacob
3507 1464 3683 1531 scala,
3721 1466 3833 1519 ibi-

2126 1546 2375 1617 demque
2407 1547 2643 1601 domum
2679 1546 2906 1602 Domini
2958 1548 3102 1603 dixit
3137 1551 3275 1615 fore,
3310 1560 3588 1609 rectorem
3621 1556 3833 1612 domus

2125 1636 2247 1704 Dei,
2283 1653 2406 1706 quae
2439 1642 2526 1691 est
2555 1636 2816 1701 ecclesia,
2852 1639 2965 1693 imo
2998 1640 3189 1709 ipsum
3226 1642 3321 1696 Dei
3356 1644 3638 1713 templum
3688 1645 3833 1701 inibi

2125 1740 2253 1778 esse
2290 1724 2689 1779 absconditum
2727 1724 3087 1780 exclamavit.
3114 1730 3483 1801 Tandemque
3512 1732 3733 1788 electus
3765 1750 3835 1789 ac

2128 1814 2370 1869 dilectus
2414 1815 2634 1868 domini
2691 1814 3005 1883 invenitur,
3054 1820 3299 1889 capitur,
3350 1822 3623 1889 trahitur,
3657 1828 3711 1877 et
3761 1826 3832 1879 ad

2129 1903 2275 1958 beati
2305 1904 2455 1957 Petri
2478 1904 2720 1974 apostoli
2754 1905 3052 1960 basilicam
3086 1908 3345 1977 ducitur;
3372 1910 3569 1981 ibique
3594 1913 3661 1966 ad
3688 1930 3834 1984 pon-

2130 1992 2356 2047 tificalis
2388 1994 2582 2063 gratiae
2614 1993 2867 2048 officium
2902 2002 3293 2067 consecratus,
3330 2016 3474 2071 papa
3506 2002 3669 2057 urbis
3700 2004 3836 2059 effi-

2128 2082 2298 2137 citur.

2200 2172 2283 2225 14.
2314 2172 2436 2235 Quo
2470 2172 2525 2226 in
2558 2177 2817 2243 tempore
2848 2189 2979 2228 cum
3014 2192 3046 2229 a
3076 2175 3299 2232 Joanne
3338 2181 3688 2235 Ravennatis
3738 2198 3837 2236 ur-

2128 2260 2215 2314 bis
2238 2261 2509 2330 episeopu
2544 2263 2929 2331 reprehensus
2964 2264 3185 2332 fuisset,
3218 2282 3325 2319 cur
3356 2285 3386 2320 a
3420 2270 3837 2335 pastoralioﬂi-

2127 2348 2213 2402 cio
2233 2348 2623 2404 delitescendo
2642 2368 2703 2405 se
2726 2352 3051 2407 subducere
3073 2351 3189 2409 vire
3209 2358 3322 2409 tam
3348 2356 3591 2413 idoneus
3611 2359 3834 2416 voluis-

2126 2442 2232 2503 set,
2294 2437 2400 2492 hac
2449 2440 2750 2493 occasione
2795 2441 3131 2511 compulsus
3188 2443 3459 2499 volumen
3510 2447 3832 2519 egregium,

2129 2527 2165 2579 7
2207 2526 2276 2596 (c)
2327 2528 2474 2597 quod
2516 2526 2824 2581 Pastoralis
2856 2529 3203 2600 appellatur,
3237 2535 3597 2604 composuit:
3624 2537 3681 2590 in
3716 2553 3831 2607 quo

2124 2615 2437 2671 manifesta
2467 2616 2595 2671 luce
2625 2618 2888 2689 patefecit
2920 2619 3109 2689 qualis
3158 2622 3227 2675 ad
3261 2622 3515 2679 ecclesiae
3567 2626 3826 2697 regimen

2122 2706 2367 2768 assumi,
2394 2706 2644 2776 qualiter
2674 2707 2782 2777 ipsi
2809 2713 3057 2763 rectores
3087 2710 3294 2781 vivere,
3328 2729 3445 2783 qua
3475 2714 3829 2774 discretione

2123 2794 2385 2864 singulas
2446 2811 2707 2865 quasque
2763 2796 3121 2854 audientium
3172 2816 3452 2870 personas
3511 2803 3826 2875 instruere,

2121 2890 2340 2954 quanta
2393 2885 2858 2940 consideratione
2922 2889 3212 2959 propriam
3274 2891 3533 2961 quotidie
3572 2894 3828 2951 debeant

2119 2973 2490 3043 fragilitatem
2546 2991 2802 3043 pensare.
2840 2978 2943 3031 Sed
2982 2982 3039 3033 et
3082 2978 3353 3036 homilias
3384 2982 3823 3052 Evangeliorum

2120 3080 2362 3118 numero
2394 3065 2783 3135 quadraginta
2812 3068 3160 3137 composuit,
3194 3086 3337 3140 quas
3361 3070 3420 3125 in
3456 3072 3683 3128 duobus
3713 3076 3823 3131 Co-

2121 3154 2347 3208 dicibus
2380 3170 2555 3224 aquae
2589 3163 2737 3209 sorte
2788 3157 3072 3212 distinxit.
3108 3159 3313 3215 Libros
3357 3163 3528 3217 etiam
3565 3165 3827 3237 Dialogo-

2120 3260 2249 3297 rum
2285 3249 2535 3313 quatuor
2564 3245 2764 3312 edidit,
2799 3246 2855 3299 in
2890 3247 3099 3316 quibus
3132 3256 3334 3321 rogatu
3388 3253 3540 3307 Petri
3587 3255 3822 3311 diaconi

2119 3333 2230 3397 sui,
2264 3333 2500 3388 virtutes
2523 3340 2885 3403 sanctorum,
2911 3353 3059 3406 quos
3083 3337 3138 3393 in
3166 3339 3331 3395 Italia
3348 3340 3620 3397 clariores
3652 3359 3823 3400 nosse

2116 3415 2204 3471 vel
2234 3416 2435 3471 audire
2469 3422 2753 3487 potuerat,
2789 3418 2859 3472 ad
2894 3422 3226 3491 exemplum
3268 3424 3583 3480 viventium
3632 3433 3823 3496 poste-

2117 3504 2197 3559 ris
2221 3504 2474 3575 cellegit;
2511 3510 2573 3560 ut
2603 3505 2749 3560 sicut
2778 3507 2835 3560 in
2870 3506 3035 3562 libris
3080 3510 3521 3580 Expositionum
3572 3531 3817 3571 suarum

2112 3595 2324 3665 quibus
2348 3594 2759 3649 sitvirtutibus
2810 3596 3201 3654 insudandum
3235 3603 3486 3671 edocuit,
3520 3606 3598 3660 ita
3636 3606 3815 3662 etiam

2112 3683 2423 3755 descriptis
2436 3690 2769 3741 sanctorum
2796 3686 3117 3757 miraculis,
3138 3708 3267 3761 qum
3280 3693 3564 3750 virtutum
3581 3712 3813 3751 earum-

2109 3773 2238 3827 dem
2263 3774 2594 3829 sitclaritas
2636 3777 2980 3832 ostenderet.
3016 3779 3263 3835 Primam
3315 3799 3544 3854 quoque
3591 3793 3643 3839 et
3685 3787 3813 3842 ulti-

2110 3881 2265 3918 mam
2324 3865 2635 3919 Ezechielis
2678 3868 2967 3937 prophetaa
3020 3878 3228 3939 partes,
3290 3888 3416 3942 qua;
3466 3874 3813 3933 videbantur

2108 3953 2495 4021 obscuriores,
2524 3970 2623 4023 per
2644 3954 2920 4010 homilias
2942 3958 3141 4024 viginti
3175 3961 3641 4032 duas,quantum
3662 3965 3811 4023 lucis

2108 4042 2267 4094 intus
2305 4042 2552 4095 habeant
2582 4044 3004 4100 demonstravit
3034 4047 3130 4118 (ά).
3166 4048 3414 4121 Scripsit
3447 4061 3719 4122 praeterea
3752 4061 3811 4111 et

2106 4127 2218 4182 alia
2249 4128 2508 4194 nonulla,
2534 4130 2631 4184 sed
2684 4135 2740 4183 et
2793 4132 3065 4202 epistolas
3112 4137 3459 4208 complures,
3506 4158 3633 4212 quas
3691 4143 3808 4197 sin-

2102 4217 2347 4287 gulatim
2382 4224 2591 4273 cuncta
2624 4220 2867 4289 edicere,
2891 4224 3187 4280 brevitatis
3218 4229 3432 4295 studio,
3467 4231 3658 4284 omisi.

2175 4309 2258 4360 15.
2296 4308 2451 4370 Quod
2485 4324 2549 4362 eo
2583 4312 2766 4378 magis
2820 4313 3032 4365 mirum
3084 4320 3195 4378 est,
3228 4320 3314 4371 tot
3344 4334 3478 4372 eum
3522 4336 3586 4373 ac
3640 4326 3807 4377 tanta

2101 4397 2345 4451 condere
2377 4398 2673 4452 volumina
2705 4402 2981 4469 potuisse,
3018 4403 3116 4472 qui
3149 4407 3307 4459 omni
3338 4407 3804 4477 ferejuventutis

284 4494 393 4549 Sed
429 4510 542 4548 non
577 4494 802 4549 destitit
842 4496 1113 4549 sacerdos
1160 4475 1360 4550 tantus
1411 4496 1620 4566 populo
1655 4494 1988 4564 praedicare,
2026 4475 2067 4537 Β
2099 4501 2209 4541 suae
2243 4492 2520 4553 tempore.
2558 4492 2621 4540 ut
2649 4489 2836 4543 verbis
2875 4490 3059 4560 ipsius
3098 4491 3326 4564 loquar,
3360 4475 3579 4551 crebris
3617 4496 3801 4553 visceo

285 4600 355 4638 ne
386 4584 456 4637 ab
490 4582 748 4639 oratione
794 4589 1105 4653 cessarent,
1140 4585 1323 4641 donec
1377 4585 1743 4641 miseratione
1793 4584 1988 4640 divina

283 4673 463 4745 pestis
497 4672 622 4742 ipsa
654 4672 998 4742 quiesceret.

354 4761 437 4813 13.
472 4758 735 4833 Cumque
758 4759 948 4833 adhuc
981 4760 1209 4833 futurus
1229 4760 1472 4817 antistes
1506 4760 1648 4833 fugae
1668 4760 1981 4817 latibulum

278 4835 621 4903 [imperaret
641 4832 739 4901 (b),
766 4830 902 4886 Urbi
925 4831 1256 4888 sollicitudo
1280 4838 1335 4889 et
1364 4834 1545 4904 portis
1571 4830 1776 4904 vigilias
1799 4833 1979 4905 depu-

345 5012 563 5079 (a)Al.,
619 5012 845 5082 septimi
896 5013 1122 5069 mensis.
1182 5012 1376 5080 Guss.,
1411 5012 1525 5077 hic,
1558 5015 1747 5069 devota
1780 5024 1974 5084 mente,

274 5084 529 5155 referens
550 5084 619 5137 ad
656 5090 905 5139 mentem
942 5086 1094 5155 quod
1119 5085 1283 5153 Greg.
1306 5086 1438 5139 dicit
1465 5084 1535 5139 de
1554 5086 1797 5139 Litania.
1826 5087 1971 5141 Ibid.

272 5152 467 5227 habet,
504 5169 642 5227 cum
704 5152 981 5227 tacrymis'.
1053 5157 1121 5210 Et
1173 5152 1359 5211 infra:
1418 5158 1590 5224 ipsam
1648 5160 1973 5211 sententiam

272 5225 468 5277 damn.
492 5225 857 5298 temperando
887 5233 1097 5296 parcat,
1133 5228 1352 5283 caeteris
1382 5232 1501 5281 tam
1561 5227 1731 5282 editis
1792 5246 1967 5298 quam

272 5309 445 5374 manu
465 5294 728 5374 exaratis
750 5294 1299 5374 contradicentibus.
1337 5300 1508 5374 Porro
1531 5294 1865 5374 semiformis
1895 5300 1969 5353 li-

266 5366 431 5447 t-ani‘a
464 5364 911 5447 ideqdicta-est,
956 5370 1143 5447 inquit
1173 5370 1325 5447 idem
1377 5364 1810 5447 Paulnslp'iacq
1836 5370 1965 5447 1.111

267 5436 346 5511 de
368 5435 859 5511 GestisLangob.,
884 5435 1278 5511 cap.25,quia
1309 5443 1499 5496 omnis
1534 5442 1693 5495 urbis
1722 5435 1965 5511 populus

266 5525 298 5562 a
335 5508 503 5581 beato
536 5507 810 5581 Gregorio
844 5510 897 5561 in
923 5507 1370 5581 septem—partes
1402 5507 1817 5580 deprecaturus
1851 5514 1963 5569 Do-

267 5579 493 5635 minum
527 5579 874 5634 estdivisus.
916 5579 1060 5652 Lege
1105 5579 1275 5652 Grcg.
1310 5585 1439 5635 Tur.
1469 5579 1592 5638 loco
1628 5585 1881 5655 laudato,
1908 5590 1962 5641 et

2097 4590 2227 4629 rum
2260 4577 2626 4630 cruciabatur
2649 4576 2967 4645 doloribus,
3007 4579 3181 4650 boris,
3210 4586 3626 4653 momentisque
3676 4604 3799 4643 om-

2096 4665 2267 4720 nibus
2292 4666 2468 4719 fraeta
2501 4666 2788 4720 stomachi
2820 4668 3033 4723 virtute
3066 4668 3441 4740 lassescebat,
3470 4674 3642 4730 lentis
3673 4677 3795 4747 qui-

2092 4754 2249 4819 dem,
2300 4755 2399 4807 sed
2442 4758 2633 4809 tamen
2673 4760 2969 4811 continuis
3020 4758 3275 4814 febribus
3325 4762 3655 4828 anhelabat,
3684 4768 3798 4821 tre-

2089 4861 2280 4915 quens
2309 4848 2486 4901 etiam
2520 4863 2652 4902 eum
2685 4864 2989 4917 gressuum
3023 4850 3186 4906 dolor
3229 4853 3602 4911 vehementer
3645 4857 3798 4914 allii-

2083 5028 2250 5079 Joan.
2277 5024 2580 5091 Diac.,l.1,
2608 5041 2656 5079 c.
2691 5027 2776 5080 42.

2157 5098 2233 5165 (h)
2267 5100 2326 5180 In
2362 5097 2918 5180 cod...Moissrice_nsi,
2963 5098 3640 5180 multisprastermissis,
3677 5127 3792 5180 pra:

2074 5174 2326 5239 pararet,
2353 5168 2626 5229 trahitur,
2663 5174 2897 5237 capitur,
2925 5175 3056 5234 etc.,
3094 5179 3156 5225 ut
3186 5168 3355 5230 infra.

2151 5242 2218 5307 (Γ)
2246 5240 2411 5318 βεδε.
2448 5252 2507 5318 e_t_
2532 5240 2626 5292 alii
2666 5258 2825 5307 mss,
2871 5243 2964 5311 qui
2998 5244 3290 5299 Pastomlis
3321 5264 3410 5317 ap.
3447 5245 3610 5311 Boll.,
3645 5252 3789 5318 quod

2078 5309 2216 5363 liber
2237 5312 2534 5381 Pastoralis
2567 5327 2691 5381 app.

2146 5382 2220 5451 (It)
2258 5382 2418 5450 Apud
2457 5380 2847 5437 Guss.'solum
2886 5386 3157 5453 :Scripsit
3186 5396 3444 5456 praeterea
3464 5394 3782 5456 superPro-

2072 5456 2490 5532 caruimusuper
2550 5455 2787 5532 cantica
2821 5455 3205 5532 canticorum,
3255 5459 3319 5512 de
3360 5455 3666 5529 Prophetz’s,
3721 5467 3783 5520 de

2069 5523 2259 5648 [librisl
2286 5525 2513 5595 Regum,
2547 5526 2610 5580 de
2639 5527 2937 5597 lleptatico,
2968 5531 3014 5581 et
3048 5528 3169 5582 alia
3212 5523 3487 5587 nonnulla
3519 5550 3536 5585 :
3570 5523 3778 5608 Episto-

2094 5611 2171 5649 αδ.
2207 5610 2234 5649 e
2266 5612 2316 5649 c.
