4088 6172
254 254 336 312 49
958 253 1023 310 S.
1072 246 1435 310 GBEGORII
1482 244 1725 305 MAGNI
1771 242 1981 320 VlTA,
2028 241 2392 303 AUCTORE
2436 244 2699 305 PAULO
2746 243 3113 308 DIACONO.
3710 254 3792 318 50

250 387 453 457 gebat.
482 390 697 442 Verum
726 385 879 440 inter
902 384 1020 440 hac
1044 383 1181 437 dum
1206 380 1488 437 sollicitus
1520 378 1961 452 pensaretquia,
2000 384 2047 447 Α
2079 378 2273 434 studio
2294 394 2392 449 pro
2432 378 2778 450 colligendis
2810 382 3195 451 particulatim
3243 384 3499 443 ﬁdelium
3550 388 3779 446 anima-

248 476 561 547 Scriptura
595 481 764 540 teste,
788 474 965 531 omnis
995 472 1145 542 ﬁlius
1165 472 1266 542 qui
1302 473 1587 541 recipitur,
1621 470 1965 542 flagellatur,

244 566 444 633 (Hebr.
482 583 580 633 x11,
609 566 687 636 6),
726 582 837 636 quo
865 562 1029 617 malis
1063 560 1446 631 praesentibus
1476 559 1674 613 durius
1743 571 1967 629 preme-

244 657 438 719 batur,
472 673 541 709 eo
569 657 639 709 de
662 663 871 709 aeterna
894 652 1113 707 certius
1140 650 1591 720 praesumptione
1616 648 1962 715 respirabat.

240 744 557 814 Fatigabat
586 760 719 797 eum
748 747 1021 813 praeterea
1041 740 1107 793 de
1137 738 1479 793 ordinandis
1504 735 1673 790 Urbis
1728 735 1964 805 vigiliis.

243 852 317 890 ne
341 836 416 889 ab
445 834 709 889 hostibus
731 835 1053 903 caperetur,
1076 829 1405 885 sollicitudo
1426 827 1717 883 continua.
1740 827 1814 896 (a)
1834 824 1965 879 Ure-

243 925 392 979 bant
414 940 653 995 quoque
702 924 1058 977 incessanter
1089 920 1214 987 ejus
1256 918 1517 971 animum
1554 916 1801 970 liliorum
1830 914 1965 969 hinc

245 1018 384 1070 inde
418 1015 766 1069 discrimina
794 1012 1078 1067 nuntiata.
1112 1010 1223 1065 Sed
1258 1016 1447 1063 tamen
1475 1008 1570 1062 ille
1615 1008 1765 1063 inter
1799 1012 1879 1061 tot
1910 1014 1965 1062 et

247 1106 386 1160 talia
408 1105 814 1177 deprehensus
853 1101 1244 1165 incommoda,
1288 1116 1583 1170 nunquam
1619 1100 1735 1153 otio
1768 1098 1963 1151 indul-

242 1200 441 1265 gebat,
476 1196 620 1267 quin
675 1200 776 1250 aut
828 1194 1081 1247 ﬁliorum
1118 1192 1470 1246 utilitatibus
1501 1189 1826 1255 inserviret,
1863 1194 1965 1244 aut

241 1288 472 1357 aliquid
519 1286 761 1355 dignum
812 1284 1074 1339 Ecclesiae
1108 1283 1406 1347 scriberet,
1443 1286 1541 1334 aut
1577 1296 1673 1350 per
1702 1284 1964 1333 contem-

246 1376 529 1447 plationis
559 1376 805 1445 gratiam
840 1374 965 1427 cmli
1000 1373 1238 1428 secretis
1279 1372 1604 1425 interesset.

319 1466 407 1519 16.
437 1464 708 1535 Denique
756 1480 888 1517 cum
922 1464 991 1517 de
1023 1469 1136 1516 tota
1170 1476 1312 1532 pene
1366 1460 1521 1514 italia
1555 1460 1963 1529 Langobardo-

246 1574 384 1610 rum
406 1556 636 1623 gladios
663 1561 983 1609 metuentes
1008 1552 1239 1623 plurimi
1274 1553 1530 1622 undique
1550 1551 1621 1605 ad
1642 1551 1962 1605 Romanam

246 1646 455 1698 urbem
494 1643 875 1711 confluerent,
910 1643 1176 1696 solertem
1203 1657 1304 1709 pro
1338 1641 1615 1694 omnibus
1642 1655 1837 1693 curam
1872 1654 1965 1707 ge-

247 1736 434 1803 rebat,
461 1740 520 1788 et
551 1734 838 1787 universis
871 1748 1004 1786 cum
1047 1731 1200 1785 verbi
1233 1729 1445 1800 pabulo
1478 1729 1733 1799 corporis
1767 1727 1962 1783 subsi-
2002 1760 2044 1822 Β

245 1823 344 1877 dia
379 1824 778 1877 ministrabat.
804 1822 867 1875 lu
902 1825 1131 1875 tantum
1158 1835 1403 1887 namque
1427 1820 1552 1887 ejus
1578 1818 1838 1873 animum
1864 1817 1963 1871 mi-

244 1914 584 1967 sericordiae
611 1929 770 1967 amor
800 1912 1109 1975 devicerat,
1134 1915 1195 1964 ut
1230 1926 1339 1963 non
1368 1910 1558 1963 solum
1588 1909 1795 1962 horum
1821 1924 1967 1978 quos

246 2006 576 2073 praesentes
608 2001 855 2055 habebat
892 1999 1335 2054 necessitatibus
1360 2006 1706 2064 occurreret,
1741 2000 1838 2053 sed
1876 1998 1967 2051 in-

247 2108 431 2161 super
464 2091 635 2158 longe
668 2091 873 2161 positis
905 2105 1071 2160 opem
1107 2106 1227 2143 suae
1259 2088 1538 2159 largitatis
1569 2089 1965 2157 impenderet;

248 2180 399 2235 adeo
436 2186 503 2235 ut
535 2182 707 2235 etiam
744 2179 801 2234 in
837 2187 1029 2233 monte
1056 2178 1212 2233 Sinai
1246 2177 1344 2232 Dei
1379 2177 1609 2233 famulis
1640 2176 1970 2232 constitutis

250 2262 504 2340 quaeque
536 2277 699 2325 erant
721 2277 1047 2339 opportuna
1072 2268 1515 2323 transmitteret.
1549 2267 1694 2321 Nam
1722 2266 1817 2320 alii
1842 2266 1971 2337 qui-

250 2359 384 2413 dem
424 2359 732 2430 pontifices
791 2358 1200 2413 construendis
1257 2356 1655 2426 ornandisque
1698 2373 1834 2412 auro
1886 2356 1969 2410 vel

252 2454 503 2520 argento
562 2448 827 2503 ecclesiis
861 2463 1094 2517 operam
1121 2447 1340 2502 dabant
1375 2466 1387 2513 ;
1424 2446 1515 2500 hic
1554 2451 1749 2501 autem
1799 2450 1854 2500 et
1881 2446 1971 2501 his

251 2538 595 2602 insistebat,
627 2542 683 2592 et
714 2536 877 2608 quasi
912 2536 1002 2592 his
1029 2535 1261 2591 omissis
1294 2540 1451 2590 totus
1481 2552 1616 2607 erga
1647 2536 1973 2591 animarum

256 2629 422 2682 lucra
454 2629 723 2696 vacabat,
756 2632 814 2682 et
861 2627 1140 2698 quidquid
1177 2626 1433 2697 pecuniae
1493 2626 1698 2681 habere
1734 2630 1973 2695 poterat,

255 2716 508 2772 sedulus
531 2717 885 2787 dispergere,
905 2721 962 2771 et
982 2717 1118 2771 dare
1156 2717 1509 2787 pauperibus
1538 2718 1779 2771 curabat
1800 2717 1973 2787 (Psal.

254 2823 392 2874 cm,
424 2807 505 2875 9),
538 2810 606 2860 ut
630 2806 865 2875 justitia
903 2807 1029 2875 ejus
1068 2804 1120 2860 8
1180 2810 1440 2861 maneret
1471 2807 1527 2860 in
1562 2807 1836 2862 saculum
1870 2825 1976 2862 sa:-

254 2896 395 2959 culi,
430 2901 490 2951 et
520 2911 694 2950 cornu
728 2896 857 2965 ejus
895 2894 1248 2951 exaltaretur
1280 2895 1337 2950 in
1370 2895 1593 2967 gloria;
1628 2897 1707 2951 ita
1738 2902 1800 2951 ut
1829 2897 1971 2952 illud

253 2986 412 3041 beati
435 2986 549 3041 Job
576 2985 861 3041 veraciter
882 2986 1073 3041 dicere
1098 2991 1293 3057 posset
1353 3004 1365 3041 :
1400 2988 1712 3043 Benedictio
1738 2990 1978 3058 perituri

250 3094 423 3149 super
458 3093 547 3132 me
576 3076 847 3144 veniebat,
878 3086 929 3133 et
957 3094 1049 3132 cor
1080 3076 1255 3133 vidum
1287 3080 1591 3134 consolatus
1622 3096 1760 3133 sum.
1794 3079 1968 3134 Justi-

252 3170 330 3221 tia
364 3168 605 3222 indutus
634 3183 777 3235 sum,
810 3174 857 3221 et
875 3168 1067 3222 uestiui
1098 3184 1181 3223 me
1230 3170 1371 3222 sicut
1402 3170 1739 3233 vestimento,
1772 3176 1824 3222 et
1846 3169 1966 3222 dia-

248 3258 472 3312 demate
510 3259 736 3328 judicio
790 3273 927 3313 meo.
976 3258 1175 3313 Oculus
1211 3260 1301 3328 fui
1326 3273 1488 3325 caeco,
1539 3268 1587 3313 et
1617 3274 1709 3329 pes
1752 3258 1964 3313 claudo.

247 3347 417 3400 Pater
447 3362 603 3401 eram
632 3361 957 3417 pauperum,
992 3356 1042 3401 et
1074 3362 1293 3402 causam
1325 3364 1489 3417 quam
1521 3348 1849 3411 nesciebam,
1882 3347 1964 3401 di-

245 3434 619 3506 ligentissime
648 3436 1040 3505 inuestigabam
1074 3435 1194 3493 (Job
1223 3453 1375 3501 xxix,
1414 3437 1478 3489 13
1508 3436 1661 3505 seq.).
1697 3436 1761 3489 Et
1795 3432 1965 3506 paulo

244 3529 378 3596 post
414 3541 427 3579 :
469 3524 529 3579 Si
577 3524 790 3580 comedi
820 3524 1089 3580 bucellam
1140 3542 1315 3580 meam
1363 3528 1536 3591 solus,
1570 3535 1623 3580 et
1654 3543 1761 3579 non
1783 3540 1963 3580 come-

244 3616 320 3668 dit
345 3614 604 3684 pupillus
634 3630 705 3668 ex
733 3631 817 3679 ea,
852 3616 983 3684 quia
1014 3617 1087 3670 ab
1111 3617 1355 3685 infantia
1394 3632 1515 3671 mea
1552 3618 1723 3671 crevit
1753 3631 1963 3670 mecum

242 3704 558 3771 miseratio,
606 3707 657 3757 et
702 3704 767 3758 de
796 3707 948 3759 utero
980 3708 1172 3760 matris
1206 3720 1344 3761 mea?
1386 3721 1601 3774 egressa
1636 3715 1713 3761 est
1757 3722 1962 3761 mecum

238 3792 367 3855 tlob
402 3809 559 3859 xxxi,
588 3793 675 3857 17,
722 3794 825 3861 18).

316 3882 407 3937 17.
441 3882 524 3936 Ad
594 3883 761 3952 cujus
811 3882 1042 3952 pietatis
1115 3888 1170 3939 et
1201 3884 1441 3953 justitiaa
1501 3900 1647 3956 opus
1695 3884 1957 3955 pertinet,

238 3973 394 4041 quod
420 3969 740 4042 Anglorum
773 3979 1006 4042 gentem
1038 3988 1139 4043 per
1186 3975 1593 4045 praedicatores
1640 3990 1785 4046 quos
1822 3972 1960 4029 illuc

237 4060 477 4127 direxit,
512 4058 582 4113 de
613 4057 883 4115 dentibus
914 4061 1131 4131 antiqui
1184 4061 1361 4117 hostis
1412 4062 1684 4133 eripiens,
1730 4067 1960 4119 (sternis

238 4149 535 4206 libertatis
570 4150 705 4204 fecit
735 4167 863 4205 esse
897 4151 1232 4222 participes.
1275 4154 1497 4208 Etenim
1532 4155 1665 4223 quia
1713 4154 1812 4225 qui
1849 4155 1975 4209 Deo

237 4244 440 4295 nostro
472 4238 723 4295 ﬁdeliter
741 4240 1012 4309 adhaeret,
1038 4256 1270 4313 semper
1290 4258 1357 4298 ex
1386 4244 1514 4313 ejus
1539 4242 1803 4314 largifluo
1830 4260 1960 4299 mu-

236 4346 375 4385 nere
407 4329 478 4383 ad
504 4328 713 4383 altiora
752 4330 1113 4400 conscendit,
1142 4331 1284 4386 dum
1316 4331 1423 4387 iste
1464 4337 1705 4389 sanctus
1733 4333 1957 4388 ardenti

310 4473 389 4542 (a)
420 4471 565 4527 Gus.
590 4488 887 4548 euomere
909 4472 1070 4548 solus
1102 4491 1136 4548 :_
1166 4474 1438 4548 Urebatur
1460 4492 1671 4547 quoque
1686 4478 1804 4548 ejus
1835 4478 1957 4532 ani-

240 4562 361 4601 mus
391 4551 617 4613 propter
644 4544 908 4611 ﬁliorum.
942 4544 1071 4599 hinc
1114 4546 1264 4613 inde,
1315 4552 1422 4601 etc.
1448 4544 1681 4603 Utinam
1708 4544 1719 4548 ’
1750 4548 1954 4605 saltem

241 4616 565 4685 aliquando
588 4631 703 4685 quo
736 4631 847 4670 ms.
881 4618 1086 4670 Codice
1120 4622 1379 4671 uteretur
1419 4618 1739 4675 indicasset
1772 4618 1784 4673 l

312 4688 391 4757 (b)
426 4686 628 4752 Guss.,
654 4688 1553 4762 nemineconsentiente,contigit
1575 4700 1635 4746 ut
1666 4692 1963 4762 Gregorius

238 4768 539 4828 antequam
567 4758 878 4827 pontiﬁcale
906 4760 1073 4812 decus
1119 4767 1312 4814 nactus
1342 4758 1553 4827 luisset,
1603 4779 1726 4819 cum
1746 4758 1962 4820 caeteris

239 4829 569 4896 advenisset,
603 4846 667 4882 ac
689 4829 907 4884 vidisset
932 4832 1077 4884 inter
1098 4832 1233 4896 alia,
1267 4837 1400 4897 etc.,
1440 4834 1535 4888 ubi
1572 4834 1800 4889 laborat
1831 4855 1962 4893 sen-

241 4919 361 4961 sus.
396 4902 518 4955 imo
552 4899 785 4970 penitus
835 4901 1046 4956 deticit.

309 4971 614 5040 (c)Guss.,
647 4980 835 5026 utrum
864 4972 924 5026 in
958 4973 1149 5028 eadem
1181 4975 1382 5029 insula.

312 5046 393 5111 (it)
415 5043 592 5097 Guss.
629 5048 886 5113 tantaque
915 5047 1255 5116 frontispicii
1284 5050 1473 5112 gratia
1495 5054 1727 5103 mentem
1758 5052 1824 5104 ah
1860 5050 1960 5107 int.

240 5116 536 5190 _B_olland.,
588 5120 850 5190 tantaque
886 5119 1089 5190 fronti
1135 5119 1331 5190 speciei
1392 5122 1591 5188 gratia.
1650 5122 1963 5190 Sequimur

243 5186 380 5241 Mss.
412 5191 602 5242 Becc..
627 5185 864 5249 Conch.,
885 5187 1103 5242 Belvac.
1130 5197 1179 5242 et
1199 5188 1374 5245 alios.
1393 5185 1493 5243 llic
1514 5196 1706 5246 tamen
1732 5185 1960 5248 Belvac.

240 5274 450 5328 parum
481 5256 743 5334 deﬂectit
771 5276 801 5311 a
823 5260 1066 5325 caeteris,
1093 5260 1264 5334 habet
1293 5264 1448 5314 enim
1477 5279 1488 5315 :
1518 5270 1782 5334 tantaque
1802 5266 1962 5330 [ron-

241 5334 310 5384 tis
340 5330 522 5402 specie
550 5344 681 5402 gens
706 5336 894 5397 grata,
938 5337 1177 5385 mentem
1199 5331 1272 5385 ab
1304 5334 1539 5388 internis
1568 5330 1814 5402 gaudiis,
1848 5342 1959 5390 etc.

312 5399 664 5470 (e)Guss.,id
695 5407 773 5454 est
802 5402 1189 5469 provinciales.
1214 5402 1419 5457 Miram
1456 5399 1594 5459 sane
1626 5399 1965 5462 vocis'Dciri

237 5471 788 5545 interpretationem
812 5472 824 5524 l
853 5472 987 5545 Eam
1010 5480 1200 5545 tamen
1226 5472 1415 5544 legere
1440 5478 1620 5545 potuit
1645 5479 1702 5532 in
1738 5479 1959 5533 Belvac.

238 5544 325 5599 Ad
361 5544 517 5597 hanc
554 5558 751 5597 vocem
787 5542 938 5598 Deiri
976 5544 1167 5599 Mabil.
1202 5542 1323 5601 haec
1370 5542 1535 5601 habet
1572 5565 1584 5601 :
1634 5550 1785 5605 Modo
1816 5552 1962 5606 Ebo-

236 5614 723 5689 racensesAnglis
748 5615 903 5689 Yorli
935 5616 1101 5689 Shire
1148 5618 1529 5689 appellantur.
1565 5625 1702 5689 Lege
1744 5622 1961 5686 Bedam,

239 5686 278 5744 l.
324 5704 388 5743 ιιι
428 5685 663 5753 Hist.,c.
700 5685 750 5753 i,
775 5690 831 5742 et
862 5686 1121 5753 Bolland.
1147 5685 1310 5744 Deira
1340 5690 1527 5761 Anglis
1559 5685 1851 5762 Deirland,
1883 5685 1963 5750 est

2080 468 2189 522 bus
2220 472 2529 538 satageret,
2589 468 2827 526 donavit
2859 470 2942 525 illi
2986 471 3116 542 pius
3160 471 3453 545 dominus,
3507 484 3571 533 ut
3601 484 3781 536 totam

2080 558 2296 626 pariter
2325 558 2640 629 Anglorum
2665 564 2893 631 gentem
2921 568 3294 619 converteret.
3329 564 3512 637 Cujus
3543 583 3787 624 conver-

2079 646 2281 729 sionis,
2318 653 2381 702 ut
2412 652 2645 718 putatur
2695 651 2841 705 facta
2891 652 3169 709 divinitus
3228 654 3348 711 haec
3397 658 3623 713 occasio
3657 658 3784 714 fuit.

2078 742 2221 789 Dum
2258 736 2347 789 die
2381 739 2629 807 quadam
2672 741 3119 799 advenientibus
3152 761 3337 816 nuper
3368 748 3790 803 mercatoribus

2079 826 2264 881 multa
2284 827 2509 882 venalia
2541 828 2598 882 in
2635 831 2820 884 forum
2850 830 3040 887 Romae
3065 836 3277 890 collata
3300 836 3570 907 fuissent,
3595 837 3791 893 multi-

2076 932 2188 985 que
2203 916 2273 971 ad
2305 917 2620 973 emendum
2642 919 2779 974 hinc
2804 921 2938 976 inde
2958 923 3339 992 conﬂuerent,
3366 926 3441 999 (b)
3467 927 3713 998 contigit
3734 932 3791 983 et

2076 1004 2415 1076 Gregorium
2448 1017 2579 1062 ante
2598 1008 2819 1064 scilicet
2850 1027 3025 1080 quam
3062 1015 3395 1083 pontificale
3410 1017 3589 1073 decus
3611 1016 3788 1074 habe-

2077 1099 2183 1161 ret,
2211 1110 2308 1163 per
2338 1097 2527 1151 forum
2568 1100 2884 1154 transitum
2922 1100 3128 1169 facere,
3156 1120 3220 1158 ac
3246 1104 3461 1162 vidisse
3492 1108 3641 1162 inter
3672 1106 3787 1162 alia

2073 1199 2285 1253 pueros
2342 1187 2573 1241 venales
2615 1189 2854 1257 positos,
2903 1188 3170 1247 lacteicor
3211 1194 3385 1264 poris.
3448 1212 3514 1252 ac
3557 1196 3791 1253 venusti

2075 1273 2285 1337 vultus,
2320 1275 2560 1345 capillos
2602 1293 2836 1350 quoque
2881 1282 3151 1353 praecipui
3190 1285 3454 1339 candoris
3479 1284 3785 1341 habentes.

2074 1364 2228 1426 Quos
2260 1380 2387 1418 cum
2436 1366 2737 1436 aspiceret,
2782 1369 3177 1438 interrogavit,
3234 1380 3297 1427 ut
3338 1375 3524 1440 aiunt,
3558 1375 3627 1431 de
3666 1394 3783 1446 qua

2076 1454 2309 1525 regione
2342 1456 2427 1511 vel
2471 1462 2623 1511 terra
2682 1465 2878 1514 essent
2940 1461 3121 1519 allati.
3160 1463 3502 1535 Dictumque
3533 1470 3623 1520 est
3651 1467 3788 1535 quia

2075 1546 2143 1599 de
2179 1545 2477 1600 Britannia
2509 1547 2719 1613 insula,
2772 1550 3164 1619 cujusincolze
3196 1553 3292 1607 tali
3347 1569 3546 1610 omnes
3581 1556 3785 1611 decore

2077 1636 2345 1689 niterent.
2384 1636 2607 1693 Rursus
2634 1638 2999 1708 interrogavit
3019 1644 3095 1713 (c)
3119 1647 3314 1697 utrum
3340 1643 3786 1700 iideminsulani

2076 1723 2387 1779 Christiani
2416 1732 2632 1788 essent.
2667 1745 2734 1783 an
2762 1746 3117 1801 paganorum
3144 1732 3438 1788 erroribus
3480 1732 3782 1804 implicati.

2076 1814 2419 1885 Dictumque
2450 1820 2708 1887 estquod
2743 1824 2936 1875 essent
2976 1822 3198 1889 pagani.
3232 1824 3303 1876 At
3360 1821 3455 1877 ille
3486 1823 3693 1879 intimo
3715 1842 3784 1880 ex

2074 1903 2245 1957 corde
2278 1901 2453 1973 longa
2498 1908 2733 1962 trahens
2786 1908 3054 1979 suspiria,
3080 1911 3189 1964 Heu
3222 1914 3242 1963 !
3281 1912 3422 1966 Proh
3468 1912 3621 1967 dolor
3653 1913 3783 1969 lin-

2076 1996 2220 2065 quit,
2254 1995 2392 2066 quod
2424 1997 2721 2051 iamlucidi
2746 1998 2924 2052 vultus
2947 1997 3196 2054 homines
3218 2000 3570 2055 tenebrarum
3590 2008 3788 2057 auctor

2076 2089 2335 2157 possidet,
2371 2092 2445 2161 (ιί)
2470 2098 2736 2160 tantaque
2751 2091 2947 2157 frontis
2976 2090 3176 2158 sepcies
3213 2104 3430 2161 aegram
3482 2096 3713 2148 mentem
3735 2098 3786 2150 et

2077 2188 2145 2241 ab
2168 2185 2403 2238 internis
2433 2179 2649 2250 gaudiis
2672 2195 2903 2234 vacuam
2928 2186 3105 2248 gestat
3138 2184 3157 2233 .'
3188 2179 3410 2235 Rursus
3441 2196 3573 2251 ergo
3612 2181 3789 2238 inter-

2079 2275 2301 2346 rogavit
2332 2274 2483 2343 quod
2516 2275 2672 2327 esset
2703 2270 3049 2325 vocabulum
3084 2270 3273 2341 gentis
3310 2269 3487 2326 illius.
3522 2274 3783 2342 Respon-

2079 2382 2203 2423 sum
2253 2373 2360 2429 est,
2392 2365 2548 2434 quod
2590 2361 2757 2430 Angli
2800 2366 3162 2417 vocarentur.
3201 2365 3272 2414 At
3313 2360 3408 2416 ille
3453 2362 3661 2427 :Bene,
3692 2361 3783 2416 in-

2081 2458 2232 2528 quit,
2256 2472 2383 2509 nam
2408 2457 2457 2508 et
2488 2452 2801 2519 angelicam
2840 2450 3281 2520 habeatfariem,
3312 2458 3367 2506 et
3399 2452 3536 2507 tales
3563 2452 3789 2522 angelo-

2081 2562 2206 2599 rum
2229 2547 2288 2597 in
2318 2543 2465 2597 caelis
2495 2542 2640 2597 decet
2670 2556 2784 2595 esse
2813 2540 3138 2595 cohaeredes.
3175 2538 3328 2607 Quod
3357 2541 3541 2607 habet,
3576 2540 3789 2611 inquit,

2079 2649 2276 2690 nomen
2310 2631 2410 2686 illa
2438 2630 2741 2702 provincia,
2774 2628 2839 2682 de
2860 2645 2964 2697 qua
2997 2630 3090 2682 isti
3117 2635 3249 2682 sunt
3280 2629 3447 2682 allati
3476 2632 3501 2681 ἵ
3528 2628 3796 2699 Respon-

2083 2740 2213 2779 sum
2241 2726 2349 2790 est,
2385 2720 2523 2791 quia
2557 2717 2703 2773 Deiri
2738 2716 3353 2787 vocarentur(e)iidem
3385 2716 3795 2787 provinciales.

2081 2813 2270 2869 Atille
2305 2817 2470 2875 Bene,
2502 2810 2714 2881 inquit,
2760 2807 2927 2875 Deiri,
2978 2807 3044 2862 de
3091 2810 3177 2862 ira
3218 2806 3388 2874 eruti,
3448 2812 3496 2862 et
3531 2810 3599 2863 ab
3628 2810 3797 2863 mise-

2082 2904 2395 2960 ricordiam
2423 2902 2636 2957 Christi
2654 2900 2853 2955 vocati.
2881 2899 3011 2966 Rex,
3036 2899 3136 2965 ait,
3168 2898 3468 2969 provinciae
3494 2898 3650 2954 illius
3667 2914 3797 2970 quo-

2078 2995 2235 3049 modo
2260 2998 2487 3047 vocatur
2514 2993 2538 3042 .9
2560 2990 2928 3059 Responsum
2944 2992 3032 3042 est
3062 2987 3129 3058 (Ι)
3149 2987 3298 3057 quod
3332 2986 3454 3041 Alle
3472 2993 3790 3043 vocaretur.

2084 3082 2269 3138 Atille
2296 3081 2564 3135 alludens
2593 3079 2664 3134 ad
2688 3093 2894 3133 nomen
2929 3077 3011 3131 ait
3042 3093 3056 3132 :
3082 3076 3153 3147 (g)
3178 3076 3418 3132 Laudem
3450 3077 3546 3132 Dei
3577 3077 3795 3133 Creato-

2080 3176 2159 3228 ris
2190 3172 2305 3227 illis
2336 3174 2391 3225 in
2422 3169 2675 3241 partibus
2692 3168 3149 3238 oportetcantari.

2151 3266 2236 3319 18.
2272 3262 2686 3331 Accedensque
2736 3259 2806 3313 ad
2846 3256 3183 3328 pontificem
3217 3257 3394 3327 huius
3427 3258 3696 3312 Romanae
3728 3261 3787 3313 et

2076 3352 2406 3425 apostolica;
2439 3350 2619 3415 sedis,
2674 3348 2891 3418 rogavit
2923 3354 2984 3401 ut
3015 3348 3172 3417 genti
3216 3346 3535 3419 Anglorum
3576 3346 3635 3401 in
3670 3346 3786 3402 Bri-

2071 3444 2333 3499 tanniam
2364 3441 2592 3512 aliquos
2634 3438 2795 3495 verbi
2829 3436 3153 3504 ministros,
3182 3452 3282 3507 per
3314 3452 3462 3507 quos
3482 3437 3553 3491 ad
3593 3436 3792 3495 Chris-

2072 3543 2190 3588 tum
2243 3535 2715 3587 converterentur
2766 3526 3037 3593 mitteret,
3099 3542 3368 3581 asserens
3416 3530 3473 3581 et
3524 3525 3787 3597 seipsum

2069 3624 2128 3679 in
2162 3624 2268 3678 hoc
2298 3638 2445 3693 opus
2477 3619 2714 3674 domino
2766 3622 3113 3688 cooperante
3163 3616 3578 3686 perliciendum
3622 3633 3787 3687 para-

2066 3716 2194 3768 tum
2244 3727 2390 3777 esse,
2419 3710 2465 3765 si
2490 3713 2684 3763 tamen
2716 3706 2897 3762 eidem
2951 3705 3268 3777 apostolico
3311 3722 3470 3777 papae
3511 3706 3559 3759 θ
3593 3704 3703 3760 hoc
3727 3708 3793 3761 ut

2070 3801 2232 3856 fieret
2266 3798 2677 3869 complaceret.
2734 3795 2814 3865 (h)
2846 3793 3009 3857 Quod
3067 3810 3199 3848 cum
3224 3794 3275 3849 ei
3301 3794 3488 3865 primo
3534 3794 3791 3865 pontifex

2067 3891 2309 3946 minime
2340 3888 2662 3954 annuisset,
2687 3886 2872 3940 victus
2894 3885 3128 3939 tandem
3159 3885 3626 3955 infatigabilibus
3656 3885 3785 3954 ejus

2067 3980 2337 4051 precibus
2360 3975 2633 4032 assensit.
2668 3973 2773 4037 Qui
2797 3974 3020 4027 civibus
3043 3972 3416 4042 profectionis
3439 3989 3557 4027 sua:
3589 3972 3781 4027 celans

2072 4070 2359 4142 negotium
2388 4064 2884 4138 (quandoquidem
2918 4062 2968 4117 si
3000 4062 3053 4117 id
3088 4062 3403 4129 novissent,
3440 4061 3780 4117 nullatenus

2063 4159 2148 4215 illi
2182 4173 2413 4230 quoque
2446 4160 2611 4229 pacto
2642 4151 3114 4225 acquievissent),
3148 4151 3381 4223 quando
3408 4150 3653 4208 celerius
3671 4166 3778 4221 po-

2064 4248 2202 4314 tuit,
2232 4247 2342 4301 iter
2373 4262 2505 4301 cum
2531 4242 2850 4315 apostolica
2884 4241 3285 4297 benedictione
3333 4239 3605 4313 arripuit.

2139 4340 2223 4395 19.
2261 4340 2389 4393 Haec
2423 4339 2641 4392 interea
2679 4336 2747 4391 ad
2780 4332 3045 4389 notitiam
3079 4332 3276 4403 populi
3322 4331 3588 4388 veniunt.
3626 4329 3780 4388 Una-

2064 4500 2192 4555 pars
2241 4483 2404 4552 regni
2428 4478 2951 4555 Northumbrorum,
2978 4476 3141 4555 cuius
3178 4476 3357 4531 altera
3377 4474 3783 4555 perspernicia

2068 4546 2343 4609 dicitur;
2401 4554 2641 4623 Capitur
2701 4549 2863 4623 Deira
2912 4547 3080 4623 etigm
3120 4563 3220 4623 pro
3258 4562 3426 4623 regno
3486 4546 3781 4623 litorthum-

2074 4627 2225 4680 brirr.
2285 4626 2364 4678 Ita
2414 4618 2559 4692 apud
2616 4619 2945 4674 monachum
2987 4620 3309 4686 Engolism.,
3493 4618 3778 4692 Vitvar.

2074 4699 2212 4765 Mag.
2238 4688 2605 4765 Eardulphus
2638 4708 2734 4765 rex
2768 4689 3440 4765 ﬁordanimbrorum,_id
3464 4692 3576 4765 _es_t
3600 4688 3670 4741 de
3701 4688 3781 4765 l_r-

2076 4758 2250 4823 lanvda
2282 4758 2470 4819 insula
2500 4765 2631 4835 (imo
2662 4764 2731 4814 de
2777 4763 3095 4835 Deirlandaﬁ
3116 4762 3432 4835 provincia)
3464 4758 3777 4813 Britannia

2078 4840 2311 4911 pulsus,
2338 4838 2408 4893 ad
2441 4834 2851 4911 imperatorem
2866 4851 2966 4911 an.
3000 4834 3111 4911 808_
3136 4834 3309 4911 venit.

2155 4914 2221 4979 (Π
2254 4910 2339 4963 ΑΙ.
2375 4901 2556 4963 thel.
2594 4908 2753 4979 Belias
2790 4906 2935 4979 Elle,
2962 4905 3114 4979 quod
3150 4901 3601 4979 habetBelvac.__
3647 4950 3659 4979 ’ν

2251 4981 2511 5035 Bolland.
2553 4988 2606 5033 et
2637 4978 2837 5045 Guss.,
2868 4978 2936 5051 ᾳιί
2972 4968 3318 5051 laudemuDei
3345 4978 3493 5051 erat,
3528 4968 3772 5050 alleluia

2072 5042 2410 5123 oporteret...
2472 5052 2774 5106 decantari.
2826 5042 2927 5123 'Et
2980 5064 3151 5123 sane_
3182 5048 3379 5123 liquet
3432 5042 3771 5123 Gregorium

2072 5112 2343 5178 a'llusisse
2366 5126 2434 5177 ad
2470 5123 2707 5177 verbum
2730 5122 2977 5180 alleluia,
3003 5119 3151 5184 quod
3189 5112 3500 5183 significat,
3535 5112 3779 5168 Laudate

2076 5198 2262 5251 Deum.

2143 5269 2224 5335 (h)
2258 5268 2317 5320 ln
2349 5268 2487 5321 Cod.
2524 5265 2791 5320 Moissac.
2820 5267 2882 5335 et
2918 5262 2971 5313 in
3026 5260 3105 5335 al1
3134 5261 3469 5323 Audomar.,
3494 5274 3609 5329 quo
3641 5256 3773 5335 Bol-

2072 5329 2231 5393 land".
2259 5355 2401 5393 usus
2433 5344 2519 5393 est
2571 5354 2583 5388 :
2618 5335 2763 5401 Quod
2795 5334 2923 5385 dum
2972 5330 3230 5400 perﬁcere
3258 5347 3366 5385 non
3397 5336 3594 5399 posset,
3645 5329 3777 5398 quia

2072 5414 2177 5464 etsi
2244 5410 2497 5477 pontifex
2526 5400 2855 5477 concederet,
2890 5402 3154 5477 illeiquod
3184 5404 3416 5474 petierat
3437 5400 3776 5477 νάιοι-(Διι-

2074 5473 2321 5545 domar.,
2358 5481 2447 5533 illi
2480 5479 2617 5548 quod
2666 5475 2936 5546 petierat).
2988 5476 3109 5548 Non
3163 5480 3343 5529 tamen
3392 5475 3531 5528 ciues
3582 5473 3776 5548 Roma.

2071 5568 2189 5620 nos,
2214 5558 2285 5605 ut
2307 5544 2420 5605 tam
2451 5544 2605 5619 longe
2636 5544 2701 5603 ab
2732 5549 2866 5602 urbe
2894 5546 3188 5620 secederet,
3228 5548 3446 5620 putaret
3465 5616 3473 5620 _
3492 5544 3777 5620 permitte-

2072 5616 2427 5687 re.'Moiss.,
2476 5616 2596 5676 Mox
2643 5626 2703 5675 ut
2750 5621 2864 5690 ipse
2918 5618 3273 5690 pontiﬁcatus
3317 5616 3506 5690 ofﬁcio
3554 5616 3774 5684 functus

2070 5701 2173 5761 est,
2205 5709 2339 5763 opus
2370 5693 2466 5750 diu
2494 5688 2859 5750 desideratum
2875 5688 3121 5762 perfecit,
3151 5694 3215 5745 ut
3245 5688 3414 5744 infra.
