4088 6172
308 306 415 366 51
974 304 1041 363 S.
1089 300 1460 363 GREGORII
1509 301 1764 361 MAGNI
1807 299 2025 372 VlTA,
2072 297 2433 360 AUCTORE
2479 294 2739 359 PAULO
2781 293 3150 357 DIACONO.
3742 287 3822 345 52

311 441 457 495 nimi
482 439 749 495 condicto
773 455 976 495 omnes
1000 437 1182 493 urbici
1217 454 1281 491 ac
1304 437 1650 505 suburbani,
1672 435 1751 489 vel
1790 435 2005 507 quiquo
2038 436 2087 500 Α
2122 437 2251 489 Ecce
2284 436 2476 503 lingua
2505 435 2835 500 Britanniae,
2885 450 3000 504 quae
3032 430 3174 487 nihil
3205 429 3363 486 aliud
3408 434 3629 486 noverat
3658 441 3826 496 quam

307 530 607 585 audientes
639 544 939 585 occurrere
1000 533 1335 600 potuerunt,
1370 544 1495 583 sese
1558 528 1614 579 in
1666 531 1779 579 tres
1817 529 2007 595 partes

308 620 607 685 dividunt,
656 626 706 673 et
756 617 1145 688 proﬁciscenti
1194 616 1509 688 apostolico
1543 616 1771 687 Pelagio
1803 615 1873 669 ad
1905 614 2007 668 Ec-

306 708 544 763 clesiam
595 708 782 763 sancti
836 708 1007 774 Petri,
1074 706 1317 762 terribili
1376 722 1512 761 voce
1573 706 1941 760 conclamant
1992 720 2007 759 :

306 799 428 866 Eia,
472 798 781 868 apostolico,
827 798 961 868 quid
998 799 1158 867 egisti
1194 799 1219 848 ἵ
1268 795 1523 850 Sanctum
1558 797 1786 850 Petrum
1836 794 2009 864 oﬂen-

303 886 451 951 disti,
503 888 727 942 Romam
770 886 1117 950 destruxisti,
1171 886 1489 957 Gregorium
1536 902 1645 941 non
1692 890 1803 939 tam
1842 883 2008 939 dimi-

303 977 426 1030 sisti
455 972 619 1049 quam
639 976 921 1046 expulisti.
949 974 1050 1030 His
1072 992 1206 1046 ergo
1240 975 1478 1030 vocibus
1504 973 1859 1030 horribiliter
1882 989 2007 1043 per-

302 1069 499 1120 motus
550 1066 809 1137 pontifex
880 1066 1279 1137 populumque
1328 1064 1836 1120 vehementissime
1888 1079 2011 1117 me-

303 1159 498 1224 tuens,
533 1159 663 1227 post
688 1171 822 1209 eum
855 1171 1087 1210 summa
1125 1171 1257 1209 cum
1290 1154 1680 1217 festinatione,
1712 1156 1768 1208 et
1793 1151 2010 1224 obliga-

301 1244 479 1299 tionis
525 1250 589 1299 ut
645 1245 991 1316 quantocius
1034 1249 1274 1300 Romam
1307 1244 1521 1299 rediret
1584 1242 2010 1312 interdictione,

305 1332 533 1388 direxit.

372 1422 462 1476 20.
495 1422 604 1478 Sed
638 1426 947 1494 antequam
984 1424 1144 1479 missi
1199 1440 1331 1479 eum
1366 1423 1647 1489 adissent,
1686 1423 1859 1477 trium
1892 1423 2010 1477 die-

307 1526 432 1567 rum
476 1512 599 1581 jam
648 1513 908 1568 confecto
956 1513 1184 1580 itinere,
1235 1516 1374 1569 dum
1429 1513 1581 1567 idem
1637 1512 1722 1567 vir
1765 1512 2012 1580 domini,

303 1602 639 1673 Gregorius,
678 1606 741 1656 ut
770 1602 881 1657 iter
921 1604 1226 1674 agentibus
1262 1605 1436 1659 moris
1468 1610 1576 1669 est,
1610 1605 1762 1659 circa
1793 1607 2010 1657 sextam

306 1690 503 1744 horam
528 1690 586 1744 in
620 1692 871 1760 quodam
908 1697 1072 1763 prato
1113 1692 1285 1748 sociis
1318 1693 1673 1763 quibusdam
1707 1691 2012 1762 quiescen-

2118 525 2422 579 barbarum
2450 523 2727 591 frendere,
2787 526 2895 590 iam
2938 522 3141 578 dudum
3197 521 3256 575 in
3298 518 3506 576 divinis
3561 516 3825 571 laudibus

2118 616 2343 672 Hebraea
2373 619 2534 686 caspit
2579 616 2744 670 verba
2800 630 3013 670 sonare.
3069 616 3203 668 Ecce
3234 612 3507 683 quondam
3545 608 3820 671 tumidus,

2118 707 2227 773 iam
2283 708 2587 760 substratus
2653 714 2965 760 sanctorum
3028 703 3254 774 pedibus
3344 703 3507 758 servit
3558 700 3819 763 Oceanus,

2118 798 2341 866 ejusque
2372 797 2634 851 barbaros
2660 804 2853 860 motus,
2888 810 3016 864 quos
3059 795 3264 850 terreni
3290 794 3566 864 principes
3597 789 3824 846 edoma-

2119 905 2180 944 re
2234 890 2387 955 fcrro
2417 888 2796 958 nequiverant,
2857 886 2949 939 hos
3002 900 3102 955 per
3165 882 3409 937 divinam
3465 878 3822 949 formidinem

2118 983 2462 1040 sacerdotum
2519 994 2615 1033 ora
2672 975 3011 1047 simplicibus
3068 973 3247 1029 verbis
3307 972 3482 1041 ligant
3529 987 3549 1031 ;
3618 978 3671 1024 et
3727 967 3826 1037 qui

2117 1081 2358 1132 catervas
2415 1070 2779 1141 pugnantium
2829 1066 3066 1135 inﬁdelis
3121 1080 3466 1134 nequaquam
3534 1063 3821 1121 meluerat,

2121 1167 2397 1232 jamnunc
2453 1159 2627 1229 ﬁdelis
2675 1156 2972 1211 humilium
3032 1156 3249 1224 linguas
3281 1152 3456 1208 timet.
3499 1150 3645 1221 Quia
3676 1148 3824 1202 enim

2120 1254 2380 1325 perceptis
2402 1247 2711 1306 caelestibus
2742 1246 2937 1315 verbis,
2969 1241 3388 1299 clarescentibus
3420 1254 3628 1311 quoque
3650 1238 3824 1290 mira-

2120 1347 2257 1400 culis
2291 1344 2462 1397 virtus
2484 1341 2535 1395 ei
2564 1339 2772 1393 divina?
2826 1336 3155 1406 cognitionis
3206 1332 3549 1402 infunditur,
3584 1327 3826 1400 ejusdem

2124 1432 2442 1489 Divinitatis
2473 1435 2679 1484 terrore
2708 1428 3047 1495 refrenatur,
3092 1430 3153 1479 ut
3193 1439 3358 1494 prave
3394 1436 3554 1491 agere
3596 1420 3827 1485 metuat,

2122 1539 2186 1578 ac
2221 1524 2347 1578 totis
2388 1518 2669 1575 desideriis
2717 1514 2786 1570 ad
2808 1515 3131 1569 :eternitatis
3178 1513 3429 1580 gratiam
3470 1509 3658 1565 venire
3695 1522 3827 1561 con-

2121 1612 2385 1680 cupiscat.
2421 1607 2585 1674 Quod
2620 1609 2806 1660 totum
2840 1608 2904 1659 ut
2938 1604 3116 1670 ﬁeret,
3151 1602 3228 1657 ita
3260 1601 3447 1658 cidem
3488 1599 3659 1654 beato
3686 1599 3823 1650 Gre-

2122 1703 2282 1776 gorio
2314 1699 2496 1771 gratia
2518 1696 2713 1752 divina
2734 1692 3040 1761 concessit,
3068 1695 3131 1746 ut
3162 1690 3364 1745 merito
3398 1688 3468 1744 ab
3498 1685 3819 1776 Anglorum

304 1779 483 1846 tibus,
529 1779 659 1834 aliis
692 1784 886 1836 autem
920 1782 1327 1837 assistentibus
1359 1782 1447 1837 vel
1489 1784 1819 1853 quibusque
1843 1783 2014 1837 rebus
2048 1814 2091 1877 Β
2123 1774 2352 1867 impune
2411 1789 2616 1844 debeat
2664 1783 2966 1858 apostolus
2999 1780 3272 1852 appellari
3319 1796 3333 1835 :
3365 1778 3503 1850 quia
3536 1776 3644 1877 etsi
3694 1774 3829 1831 aliis

307 1869 657 1925 necessariis
724 1870 1022 1941 occupatis
1073 1872 1297 1926 sederet
1344 1875 1401 1926 et
1446 1870 1677 1942 legeret,
1747 1871 1901 1926 venit
1943 1872 2013 1925 ad

307 1980 439 2018 eum
472 1963 725 2033 locusta,
754 1971 806 2018 et
834 1965 982 2019 dans
1014 1965 1227 2019 saltum
1262 1967 1485 2036 paginis
1513 1982 1683 2036 quam
1717 1983 2015 2037 percurre-

307 2054 425 2123 bat,
461 2054 695 2109 insedit.
741 2058 1107 2125 Cernensque
1138 2072 1265 2110 eam
1309 2056 1510 2110 beatus
1552 2056 1863 2127 Gregorius
1898 2067 2014 2112 tam

308 2151 611 2198 mansuete
650 2142 775 2198 loco
820 2160 929 2214 quo
960 2145 1254 2200 assedcrat
1308 2161 1670 2216 permanere,
1722 2146 1894 2217 coepit
1943 2149 2017 2215 (a)

310 2232 600 2289 collaztans
626 2233 925 2289 sodalibus
954 2234 1141 2305 ipsius
1192 2252 1402 2289 nomen
1444 2236 1812 2307 reciprocans
1852 2238 2018 2308 quasi

310 2323 674 2394 interpretari
710 2340 721 2378 :
760 2325 1007 2392 Locusta,
1042 2325 1398 2396 inquam,(b)
1423 2342 1485 2379 eo
1524 2327 1844 2396 dicipotesl,
1877 2343 2017 2397 qua-

311 2414 358 2464 si
387 2412 499 2466 loco
522 2422 609 2467 sta
636 2429 655 2473 ,'
680 2416 733 2467 ct
756 2413 1138 2484 subjungens,
1162 2414 1368 2481 sciatis,
1395 2415 1607 2485 inquit,
1645 2431 1753 2470 non
1773 2431 2018 2487 progres-

311 2503 427 2555 sius
459 2518 554 2558 nos
594 2505 697 2557 iter
747 2511 981 2573 ereptum
1031 2504 1194 2558 licere
1240 2506 1579 2574 protendere.
1639 2507 2018 2561 Verumtamen

311 2594 545 2661 surgite,
564 2600 616 2647 et
631 2594 890 2662 jumenta
910 2596 1158 2663 sternite,
1179 2598 1237 2648 ut
1258 2600 1516 2666 quantum
1545 2595 1766 2650 licuerit
1788 2612 1890 2667 quo
1910 2600 2024 2651 ten-

313 2679 494 2733 dimus
514 2694 883 2751 properemus.
916 2683 1060 2736 llum
1082 2686 1275 2737 autem
1301 2684 1435 2739 hinc
1455 2689 1655 2738 mutuo
1679 2685 2018 2739 confabula-

315 2773 533 2836 rentur,
568 2776 621 2824 et
652 2785 843 2825 secum
871 2778 1217 2841 quaererent,
1251 2780 1636 2843 pervenerunt
1659 2776 1822 2830 missi
1854 2791 2019 2845 apos-

314 2859 473 2914 tolici
501 2860 666 2929 cquis
697 2862 1044 2916 sudantibus
1064 2866 1120 2916 et
1143 2864 1456 2917 admodum
1483 2864 1754 2934 fatigatis,
1790 2866 2018 2919 statim-

316 2962 426 3017 que
452 2945 535 2999 illi
555 2963 684 3001 cum
710 2964 918 3017 magna
945 2949 1236 3005 celeritate
1267 2952 1571 3023 epistolam
1598 2970 1774 3023 quam
1799 2953 2015 3008 detule-

315 3038 448 3090 rant
480 3045 880 3106 porrexerunt,
914 3055 1026 3108 qua
1067 3039 1335 3108 perlecta,
1379 3042 1460 3094 ita
1490 3046 1584 3106 est,
1622 3042 1828 3112 inquit,
1862 3043 2017 3103 socii,

312 3128 370 3178 ut
401 3125 794 3195 praedixeram,
828 3129 1051 3183 Romam
1080 3130 1314 3185 celerius
1344 3134 1731 3189 remeabimus.

384 3214 473 3271 21.
508 3215 751 3287 Talique
801 3217 1004 3273 ordine
1042 3218 1273 3274 interim
1326 3220 1503 3276 dilato
1536 3239 1649 3277 sua:
1696 3223 2017 3279 devotionis

313 3303 542 3371 effectu,
577 3321 709 3361 mox
750 3310 813 3361 ut
840 3308 964 3379 ipse
1014 3310 1383 3377 pontiﬁcatus
1413 3312 1601 3368 ofﬁcio
1646 3314 1877 3369 functus
1908 3318 2015 3381 est,

316 3410 464 3465 opus
487 3395 586 3449 diu
611 3396 1001 3452 desideratum
1036 3400 1292 3469 perfecit,
1319 3400 1460 3457 alios
1485 3403 1719 3473 quidem
1745 3405 2020 3475 praedica-

316 3490 470 3538 tores
506 3484 765 3554 mittens,
799 3488 898 3542 sed
935 3488 1057 3558 ipse
1095 3490 1586 3562 prazdicutioncm,
1615 3498 1677 3548 ut
1709 3495 2018 3550 fructiﬁca-

318 3575 425 3638 ret,
449 3572 573 3628 suis
611 3574 1111 3632 exhortationibus
1144 3595 1208 3633 ac
1233 3581 1506 3650 precibus
1538 3598 1638 3637 seu
1675 3582 2018 3639 muneribus

316 3661 587 3718 fulciens.
634 3663 896 3735 Denique
919 3666 1126 3722 direxit
1150 3669 1219 3722 ad
1243 3671 1505 3726 eamdem
1543 3672 1795 3727 insulam
1822 3688 2018 3728 servos

316 3750 413 3817 Dei
436 3752 503 3822 (ε)
538 3752 847 3824 Mellitum,
873 3757 1267 3825 Augustinum
1295 3764 1349 3814 et
1373 3762 1675 3830 Joannem,
1707 3780 1839 3819 cum
1879 3762 2024 3817 mul-

319 3841 391 3895 tis
423 3839 552 3895 aliis
588 3842 757 3897 Deum
794 3844 1132 3901 timentibus
1158 3850 1459 3905 monachis
1495 3852 1634 3922 ;qui
1667 3853 1821 3907 intra
1854 3853 2021 3909 breve

319 3930 599 3999 temporis
625 3932 992 4006 spatium,(c)
1041 3952 1227 4005 regem
1261 3937 1427 3993 illum
1446 3942 1616 4010 quiin
1646 3942 1831 4012 capite
1858 3944 2021 3997 insu-

322 4020 387 4073 la
411 4021 742 4077 morabatur
780 4038 911 4078 cum
954 4041 1057 4080 suo
1090 4031 1302 4097 populo
1343 4039 1769 4086 converterunt.
1805 4033 2023 4097 Quibus

323 4109 604 4164 Dominus
636 4115 859 4166 tantam
894 4112 1287 4171 faciendorum
1322 4118 1731 4174 miraculorum
1774 4121 2023 4191 gratiam

324 4200 588 4265 contulit,
625 4210 682 4255 ut
716 4202 956 4258 verbum
1002 4205 1133 4260 ﬁdei
1184 4208 1337 4276 quod
1370 4224 1465 4262 ore
1497 4212 1912 4279 praedicabant,
1946 4213 2024 4267 si-

326 4304 573 4359 gnorum
607 4290 859 4346 efﬁcacia
908 4293 1337 4350 conﬁrmarent.
1389 4297 1545 4352 Unde
1589 4300 1802 4355 factum
1837 4307 1925 4356 est
1965 4307 2029 4358 ut

327 4372 527 4447 paucis
568 4378 931 4436 elabentibus
974 4384 1164 4454 annis,
1198 4386 1367 4441 etiam
1398 4387 1467 4458 (e)
1500 4390 1685 4445 caeteri
1720 4391 1912 4447 insulse
1940 4394 2028 4465 ip-

328 4471 449 4526 sius
479 4485 664 4542 reges,
693 4490 825 4528 cum
859 4474 948 4530 his
980 4477 1077 4547 qui
1112 4478 1193 4533 eis
1225 4485 1390 4535 erant
1419 4483 1685 4553 subjecti,
1710 4484 1781 4538 ai
1813 4486 2029 4542 Christi

2049 3179 2099 3245 Ο

2124 1900 2238 1939 non
2273 1885 2359 1936 est
2388 1879 2704 1951 apostolus,
2738 1874 2840 1930 sed
2872 1878 3061 1928 tamen
3092 1870 3209 1925 illis
3231 1874 3315 1925 est
3348 1888 3361 1936 ;
3390 1884 3523 1924 nam
3551 1867 3825 1939 signacu-

2124 1975 2244 2029 lum
2270 1968 2616 2042 apostolatus
2638 1968 2766 2036 ejus
2788 1964 2899 2035 ipsi
2931 1962 3139 2017 suntin
3167 1959 3410 2015 Domino
3435 1958 3487 2029 (Ι
3504 1956 3621 2011 Cor.
3650 1971 3727 2023 xx,
3750 1954 3825 2023 2).

2193 2065 2283 2117 22.
2314 2061 2443 2115 Jam
2476 2074 2606 2113 vero
2640 2060 2835 2110 utrum
2870 2051 3165 2122 aliquibus
3195 2050 3282 2104 vir
3310 2048 3420 2104 iste
3452 2047 3599 2103 tanti
3632 2042 3825 2101 meriti

2128 2150 2425 2210 miraculis
2474 2147 2769 2213 claruerit,
2813 2144 3102 2215 superfluo
3152 2138 3455 2212 quaeritur,
3503 2136 3655 2208 quod
3702 2134 3831 2190 luce

2127 2242 2339 2299 clarius
2372 2240 2600 2294 constat
2629 2234 2785 2306 quod
2816 2233 2863 2287 is
2887 2232 2985 2303 qui
3009 2231 3283 2285 virtutum
3316 2227 3484 2299 signa
3505 2225 3630 2281 suis
3663 2224 3833 2279 meri-

2126 2334 2199 2388 tis
2229 2331 2431 2398 valuit,
2465 2325 2595 2382 aliis
2628 2339 2855 2395 quoque
2902 2320 3132 2377 Christo
3184 2318 3466 2389 largiente
3511 2314 3830 2385 acquirere,

2128 2422 2177 2478 si
2208 2417 2491 2488 exegisset
2509 2412 2934 2485 opportunitas,
2988 2407 3213 2464 facilius
3246 2408 3467 2477 poterat
3508 2404 3625 2458 haec
3656 2400 3829 2459 etiam

2128 2512 2253 2583 ipse
2285 2503 2617 2579 promereri.
2651 2501 2763 2557 Sed
2796 2516 2866 2555 nc
2900 2499 2987 2554 his
3021 2497 3276 2568 quicum
3301 2492 3523 2549 Judaeis
3554 2491 3721 2563 signa
3749 2491 3833 2583 vi-

2130 2580 2321 2657 sibilia
2351 2598 2419 2652 ad
2467 2592 2890 2652 ostendendam
2932 2587 3294 2645 sanctitatem
3328 2586 3624 2655 expetunt,
3651 2580 3827 2637 satis-

2131 2690 2301 2747 factio
2334 2686 2500 2747 desit,
2535 2688 2590 2740 et
2620 2682 2734 2736 illis
2780 2680 2881 2753 qui
2927 2681 3261 2735 sanctorum
3301 2673 3581 2745 exemplis
3613 2671 3681 2726 ad
3710 2687 3829 2726 me-

2130 2781 2274 2835 liora
2316 2775 2550 2832 accendi
2586 2777 2641 2829 et
2698 2769 2931 2841 provehi
2965 2770 3230 2839 quaerunt
3275 2763 3577 2819 aediﬁcatio
3622 2759 3831 2832 prosit,

2130 2870 2398 2941 quaedam
2447 2870 2687 2921 autumo
2718 2861 3037 2926 referenda,
3088 2873 3214 2929 quae
3255 2871 3353 2926 per
3381 2869 3513 2910 eum
3550 2850 3832 2941 Dominus

2130 2939 2203 3016 ad
2242 2956 2608 3013 excitandum
2644 2955 2700 3006 et
2730 2948 3217 3005 corroborandurn
3259 2948 3467 2999 nostras
3498 2939 3715 2996 mentis
3746 2942 3835 2993 te-

2132 3064 2350 3121 porem,
2386 3050 2441 3100 et
2469 3046 2555 3114 (ut
2595 3042 2679 3098 sic
2713 3041 2933 3095 dictum
2967 3038 3069 3104 sit)
3110 3036 3254 3090 forte
3307 3030 3708 3087 infidelitatem
3741 3045 3837 3121 po-

2133 3119 2241 3193 tius
2274 3153 2445 3208 quam
2481 3132 2895 3205 ignorantiam,
2931 3128 3053 3183 ﬁeri
3083 3129 3140 3180 et
3171 3122 3531 3180 manifestari
3560 3119 3835 3176 decrevit.

2198 3230 2287 3282 23.
2322 3230 2497 3279 Mater
2532 3222 2775 3276 familias
2800 3218 3062 3290 quaedam
3088 3212 3298 3271 nobilis
3329 3218 3454 3269 erat
3485 3211 3544 3265 in
3568 3209 3676 3265 hac
3701 3208 3840 3263 civi-

2125 3325 2240 3376 tate
2312 3319 2593 3381 Romana,
2645 3328 2770 3382 quea
2819 3307 3117 3379 religionis
3168 3310 3222 3360 et
3280 3300 3601 3360 devotionis
3649 3298 3839 3354 studio

2126 3411 2194 3480 (ί)
2227 3405 2550 3462 oblationes
2577 3403 2782 3470 facere,
2802 3402 2858 3454 et
2876 3397 2967 3453 die
2990 3394 3291 3452 Dominica
3323 3393 3391 3448 ad
3412 3389 3710 3447 ecclesiam
3733 3388 3835 3480 dc-

2124 3477 2293 3564 ferre,
2326 3506 2675 3561 summoque
2702 3487 2959 3561 pontiﬁci
2992 3484 3416 3547 ecclesiasticae,
3453 3477 3831 3536 consuetudi-

2127 3591 2219 3646 nis
2251 3593 2308 3645 ct
2359 3581 2773 3641 familiaritatis
2815 3578 3076 3650 ejusdem
3131 3574 3317 3648 gratia
3346 3574 3550 3628 offerre
3582 3569 3825 3626 solebat.

2125 3682 2258 3746 Quae
2291 3694 2423 3733 cum
2455 3673 2707 3745 quadam
2740 3671 2832 3726 die
2863 3685 2930 3725 ex
2960 3682 3120 3723 more
3158 3665 3229 3721 ad
3277 3659 3824 3719 communicandum

2126 3770 2197 3824 de
2246 3783 2420 3824 manu
2470 3761 2770 3835 apostolici
2831 3759 3033 3815 ordine
3093 3771 3199 3811 suo
3258 3752 3571 3816 accederet,
3625 3748 3830 3819 illique

2128 3859 2384 3932 pontifex
2403 3856 2575 3910 offam
2601 3849 2885 3906 Dominici
2913 3845 3171 3915 corporis
3196 3840 3566 3913 porrexisset,
3587 3838 3828 3891 dicens:

2127 3928 2201 4020 fg)
2237 3950 2438 4017 Corpus
2475 3943 2699 3996 Domini
2726 3939 2897 3993 nostri
2914 3938 3038 3991 Jesu
3070 3933 3280 3988 Christi
3324 3931 3495 4000 prosit
3518 3928 3616 4020 tibi
3644 3929 3705 3980 in
3740 3942 3833 3981 re-

2129 4019 2432 4093 missionem
2482 4031 2729 4086 omnium
2780 4031 3147 4096 peccatorum,
3214 4027 3265 4075 et
3319 4020 3493 4072 vitam
3540 4019 3831 4082 aeternam,

2130 4121 2570 4187 subrisit.Quod
2592 4119 2678 4173 vir
2698 4114 2931 4173 Domini
2952 4127 3219 4178 cernens,
3248 4108 3328 4163 illi
3353 4105 3833 4164 communionem

2132 4231 2358 4274 sacram
2399 4208 2658 4277 retraxit,
2701 4211 2757 4262 et
2802 4202 3107 4276 separatim
3165 4215 3343 4271 super
3390 4198 3569 4253 altare
3621 4194 3836 4267 posuit,

2134 4320 2381 4376 eamque
2411 4302 2652 4357 diacono
2686 4295 3027 4353 servandam
3073 4290 3398 4362 usquedum
3431 4286 3615 4343 cuncti
3637 4283 3838 4339 ﬁdeles

2135 4393 2634 4453 communicarent
2676 4386 2936 4443 tradidit.
2970 4381 3205 4454 Expleto
3238 4396 3371 4435 vero
3417 4393 3580 4433 sacro
3615 4378 3839 4447 myste-

2141 4490 2242 4557 rio,
2278 4481 2653 4555 interrogavit
2691 4494 2817 4534 eam
2843 4477 3046 4531 beatus
3077 4471 3408 4543 Gregorius,
3443 4468 3642 4523 dicens
3676 4481 3688 4518 :
3723 4465 3839 4557 Dic,

328 4559 558 4615 Domini
606 4562 777 4618 ﬁdem
836 4567 1193 4623 accederent.
1253 4575 1324 4626 Dc
1374 4550 1542 4643 cujus
1570 4550 1757 4644 gentis
1796 4592 2029 4632 conver-
2064 4550 2110 4611 D
2141 4550 2289 4649 rogo,
2321 4574 2451 4649 quid
2480 4550 2630 4628 cordi
2654 4575 2745 4625 tuo
2775 4565 3073 4630 emerserit,
3113 4578 3237 4618 cum
3267 4559 3736 4649 communicatum
3768 4555 3845 4607 ri-

330 4652 493 4708 sioue
524 4653 697 4708 simul
749 4665 801 4711 et
855 4658 1264 4716 miraculorum
1324 4664 1621 4736 prodigiis,
1655 4683 1779 4737 quae
1814 4667 2029 4723 ibidem

333 4744 569 4811 ﬁebant,
604 4743 684 4799 ita
713 4745 914 4801 beatus
955 4748 1263 4817 Gregorius
1295 4752 1352 4806 in
1385 4753 1547 4809 libris
1568 4754 1883 4811 Moralibus
1923 4756 2037 4812 I0

334 4833 593 4904 perhibet
622 4835 772 4903 (Lib.
808 4854 982 4909 xxvn,
1015 4839 1162 4893 olim.
1196 4857 1241 4895 c.
1276 4842 1329 4906 6,
1378 4859 1521 4898 nunc
1554 4862 1607 4898 η.
1640 4845 1751 4917 21),
1788 4848 1985 4902 dicens
2018 4849 2031 4886 ³

404 4980 483 5049 (a)
516 4978 599 5034 Ita
635 4980 892 5037 Bolland.
929 4999 1061 5037 cum
1114 4985 1343 5042 Belvac.
1384 4992 1439 5040 et
1471 4990 1688 5045 Gemet.
1741 4991 2035 5048 Mabillon.

338 5050 799 5117 legitcollectans.
839 5054 1113 5111 Neutrum
1160 5057 1329 5111 habet
1363 5059 1715 5115 Gussanvill.

411 5122 487 5189 (b)
518 5122 685 5187 Boll.,
719 5126 852 5182 here.

415 5196 488 5273 (e).
516 5192 676 5273 Prior
707 5198 993 5273 nominari
1020 5200 1212 5256 debuit
1234 5203 1621 5273 Augustinus.
1663 5205 1915 5260 Mellitus
1948 5223 2037 5263 se-

340 5263 530 5343 cundo
582 5264 853 5347 locohfuit
896 5272 1112 5325 missus
1159 5273 1217 5327 in
1265 5263 1591 5347 subsidium
1634 5278 1938 5347 Augustini
1984 5284 2041 5333 et

341 5332 653 5420 sociorum,
710 5336 787 5390 De
825 5340 1059 5420 Joanne
1100 5360 1228 5420 gero
1282 5346 1427 5401 nihil
1478 5346 1691 5418 legitur
1725 5332 1839 5404 aut
1888 5332 2036 5420 apud

337 5406 560 5459 Joanne
592 5406 746 5460 Diae.
778 5417 880 5463 aut
912 5416 1061 5475 apud
1101 5414 1331 5471 Bedam.

417 5476 495 5545 (ιι)
537 5476 896 5545 Cantiorum,
932 5483 1321 5542 Ethelbertum
1361 5490 1615 5545 nomine.

422 5548 494 5634 (e)
530 5548 880 5634 lta‘3lliss..At
906 5553 1271 5634 blombritius
1304 5564 1501 5631 (quem
1529 5563 1787 5634 sequitur
1817 5564 2040 5634 Guss.),

346 5624 553 5706 caetera
573 5624 737 5706 etiam
770 5624 998 5706 insulae,
1036 5632 1094 5706 et
1127 5624 1369 5706 ipsarum
1407 5650 1570 5701 reges.
1608 5624 1759 5689 Inter
1790 5634 1895 5690 hos
1928 5624 2043 5706 pri;

351 5706 482 5771 mus
505 5690 1164 5771 tuitsanctusEdvvinus
1184 5690 1711 5760 Northumvbrorum
1736 5721 1854 5771 rex,
1870 5690 2046 5762 ducta

351 5764 410 5818 in
445 5779 681 5819 uxorem
717 5772 917 5824 sancta
960 5768 1333 5842 Ethelburga,
1384 5773 1695 5833 Ethelberti
1745 5764 1895 5849 regis
1929 5778 2048 5834 ﬁlia

2143 4645 2271 4725 sisti
2293 4645 2409 4720 ξίΑι
2444 4662 2543 4718 illa
2566 4678 2578 4714 :
2603 4659 2918 4727 Rceognovi,
2944 4650 3573 4725 inquit,portiunculam
3599 4645 3759 4700 illam
3775 4660 3846 4700 ea:

2139 4759 2330 4815 eadem
2361 4751 2635 4810 oblatione
2664 4750 2835 4819 fuisse
2864 4760 3029 4817 quam
3070 4758 3163 4813 ego
3196 4739 3448 4796 manibus
3475 4736 3609 4793 meis
3637 4736 3766 4806 feci,
3795 4741 3848 4789 et

2143 4847 2245 4903 tibi
2275 4845 2447 4902 obtuli
2474 4859 2494 4904 ,'
2526 4845 2575 4896 et
2596 4856 2717 4893 cum
2750 4852 2870 4892 eam
2902 4838 2951 4890 te
2997 4830 3370 4889 intellexerim
3409 4842 3603 4898 corpus
3634 4823 3850 4881 Domini

2215 4992 2278 5060 (f)
2311 4989 2453 5044 Nota
2476 5002 2544 5040 ex
2575 4982 2747 5038 veteri
2773 4994 2952 5060 “more
2975 4975 3181 5060 laicos,
3218 4966 3850 5060 ‘ctiammuliergesj‘cf-

2145 5045 2288 5118 ferre
2312 5061 2510 5115 solitos
2532 5069 2741 5127 panem
2762 5052 2905 5127 (imo
2937 5054 2993 5104 et
3014 5047 3234 5127 vinum)
3263 5045 3332 5099 ad
3358 5045 3851 5127 communionem:

2145 5112 2288 5190 ἰξίὰᾶ
2312 5112 2651 5200 Cyprianus,
2686 5125 2723 5180 l.
2745 5112 2814 5200 de
2839 5136 2994 5200 oper.
3020 5124 3077 5200 et
3097 5112 3503 5200 eleemosynis,
3543 5112 3854 5200 esnprobrat

2145 5149 2288 5190 H100
2312 5149 2350 5186 υ
2394 5149 2651 5200 prtanus,
2686 5149 2723 5180 ι.
2745 5149 2814 5178 uc
2839 5149 2994 5192 UpUl'.
3020 5149 3077 5174 at.
3097 5149 3503 5198 UICUUJU?JuID,
3543 5149 3852 5195 ςτιμι-υυιιη

2145 5205 2302 5261 diviti
2354 5149 2603 5265 {eminam
2645 5196 2799 5267 quod
2831 5196 2889 5247 in
2921 5192 3263 5267 Dominicum
3291 5201 3407 5267 sine
3441 5185 3852 5267 sacriﬁfndvef

2339 5252 2753 5345 quod—‘part‘gm
2783 5266 2846 5320 de
2876 5262 3146 5345 sacriﬁcio
3177 5258 3315 5345 quod
3344 5270 3553 5345 pquper
3583 5252 3858 5345 obtulerat

2146 5326 2607 5413 su'merEtiLe'gc
2665 5340 2833 5409 Greg.
2886 5326 3131 5401 Turon.,
3184 5326 3221 5385 l.
3267 5326 3351 5385 de
3382 5327 3532 5383 Clor.
3577 5326 3853 5397 confess.,

2148 5420 2485 5561 egi-Jortin.
2524 5484 2700 5561 Diog,
2732 5480 2834 5561 lib:
2866 5495 2928 5541 11,
2962 5492 3013 5561 c‘.
3056 5476 3159 5561 51,.
3178 5473 3293 5527 alia
3319 5469 3859 5561 rerbareferttsci:

2149 5543 2299 5628 acii,
2362 5560 2560 5626 Corpus
2619 5543 2833 5609 Domini
2890 5546 3067 5628 nostri
3129 5547 3253 5628 Jes_u
3315 5543 3525 5628 Christi
3579 5545 3859 5628 conservet

2146 5615 2585 5694 animamtuam,
2635 5639 2757 5695 quae
2814 5619 3023 5703 magis.
3055 5618 3339 5702 accedunt
3395 5615 3465 5671 ad
3514 5615 3855 5671 hodiernam

2151 5703 2457 5763 formulam
2492 5699 2697 5754 dandae
2728 5699 3182 5750 communionis.
