4088 6172
271 244 359 303 53
957 240 1021 301 S.
1070 239 1445 303 GREGORII
1494 237 1737 300 MAGNI
1780 234 1988 302 VITA.
2035 231 2400 295 AUCTORE
2447 229 2705 294 ΡΜ]ιο
2750 230 3117 295 DIACONO.
3719 245 3798 302 δι

272 378 607 450 appellasse,
637 375 860 432 subrisi.
884 377 1042 432 Tunc
1065 379 1304 433 sanctus
1325 374 1556 432 Domini
1583 372 1839 447 pontifex
1869 387 1987 428 ser-
2022 373 2073 438 Α
2104 373 2190 425 tes
2220 385 2447 442 semper
2474 368 2719 437 habens,
2747 385 2881 425 cum
2902 371 3280 444 explicuisset
3309 388 3511 431 eorum
3542 376 3802 434 celebra-

274 481 513 521 monem
542 464 750 520 exinde
775 464 907 519 fecit
938 464 1009 519 ad
1034 463 1340 536 populum,
1374 469 1431 520 et
1453 467 1713 519 hortatus
1744 465 1833 517 est
1858 474 1991 516 eum

274 564 339 609 ut
374 555 726 627 suppliciter
755 553 1068 609 Dominum
1100 558 1385 620 exoraret,
1419 558 1706 624 quatenus
1738 552 1807 607 ad
1838 548 1990 603 mul-

266 652 469 700 torum
494 645 672 699 fidem
697 643 1213 708 corroborandam,
1232 642 1425 699 carnis
1450 642 1634 697 oculis
1667 640 1994 697 ostenderet

269 735 413 806 quid
452 732 777 788 inﬁdelitas
807 732 988 803 hujus
1020 731 1285 787 mulieris
1316 733 1525 787 mentis
1556 731 1740 786 oculis
1773 734 1826 784 et
1859 726 1993 781 fidei

270 820 612 877 luminibus
646 824 738 876 ‘II
779 821 1112 891 conspicere
1146 821 1461 875 debuisset.
1498 821 1653 885 Quod
1688 834 1821 873 cum
1850 816 1992 871 fuis-

275 914 369 965 set
406 914 665 980 oratum,
700 910 825 981 ipse
854 926 969 964 una
1000 925 1131 963 cum
1168 909 1382 981 populo
1415 913 1471 964 et
1500 909 1703 963 eadem
1755 904 1995 961 muliere

275 1000 347 1055 ab
378 1000 641 1055 oratione
674 1015 1013 1072 exsurgens,
1045 998 1119 1054 ad
1148 997 1329 1054 altare
1346 999 1573 1053 cunctis
1596 996 1992 1061 cernentibus,

275 1095 329 1144 et
350 1104 483 1145 sese
511 1088 585 1144 ad
616 1089 971 1144 cernendum
1005 1088 1238 1143 cceleste
1289 1087 1691 1159 spectaculum
1738 1085 1993 1157 compri-

275 1179 600 1247 mentibus,
636 1177 998 1247 corporalem
1031 1177 1244 1248 pallam
1278 1177 1356 1249 (a)
1392 1178 1618 1242 revelat,
1643 1182 1699 1232 et
1723 1178 1993 1231 universo

276 1268 497 1339 populo
530 1270 778 1339 ipsaque
811 1267 1053 1321 muliere
1074 1272 1409 1333 contuente,
1433 1269 1654 1337 partem
1688 1266 1854 1335 digiti
1889 1282 1990 1319 au-

273 1357 552 1411 ricularis
601 1357 889 1426 sanguine
949 1360 1314 1411 cruentatam
1377 1355 1616 1421 invenit,
1666 1362 1719 1409 et
1766 1354 1994 1410 mulieri

272 1446 463 1500 dixit:
493 1446 669 1513 Disce,
703 1446 953 1516 inquam,
1005 1446 1233 1500 veritati
1284 1446 1364 1500 vel
1420 1444 1575 1500 modo
1605 1445 1728 1515 jam
1776 1444 1995 1500 credere

273 1535 645 1590 contestanti:
670 1534 845 1589 Panis
872 1550 1046 1605 quem
1069 1550 1170 1603 ego
1197 1534 1290 1601 do,
1308 1551 1440 1589 caro
1464 1550 1594 1588 mea
1614 1538 1724 1602 est,
1758 1537 1813 1588 et
1854 1550 1991 1588 san-

273 1624 409 1694 guis
437 1640 607 1679 meus
637 1639 769 1678 vere
800 1631 881 1678 est
903 1635 1072 1693 potus
1098 1623 1279 1694 (Juan.
1316 1640 1389 1691 v1,
1419 1622 1531 1694 51).
1578 1623 1680 1678 Sed
1728 1624 1994 1693 praescius

2100 457 2309 528 tiones,
2371 475 2619 532 quorum
2680 458 2942 531 reliquiae
2990 461 3355 534 petebantur,
3410 465 3801 535 particulatim

2099 548 2331 603 eosdem
2362 566 2585 618 pannos
2617 558 3002 617 consecratos,
3036 567 3211 624 super
3236 552 3446 623 quibus
3486 560 3682 611 sancta
3712 574 3800 613 ce-

2100 636 2439 705 lebraverat,
2492 638 2712 705 divisit,
2765 643 2822 696 et
2870 640 3119 712 singulis
3151 641 3497 713 singillatim
3530 644 3604 717 (d)
3637 645 3803 701 buxis

2101 727 2410 799 imposuit;
2447 728 2808 800 monitisque
2841 730 2924 785 eis
2955 731 3148 803 sigillo
3176 749 3296 788 suae
3314 738 3528 789 sanctae
3548 737 3804 791 auctori-

2100 814 2263 884 tatis,
2289 814 2632 885 petitoribus
2656 832 2765 870 usu
2797 816 3193 875 ecclesiastico
3238 819 3499 875 tradidit.
3553 822 3661 889 Qui
3707 822 3809 879 de-

2099 901 2224 958 bita
2254 920 2387 959 cum
2429 904 2815 973 veneratione,
2841 904 3240 962 benedictione
3262 908 3441 980 petita
3463 913 3521 965 et
3549 915 3813 982 accepta,

2099 993 2507 1065 suscipientes,
2557 995 2795 1066 profecti
2837 1000 2978 1051 sunt
3024 996 3173 1052 viam
3235 1014 3400 1053 suam
3462 1001 3807 1071 gaudentes.

2098 1082 2207 1137 Sed
2240 1082 2379 1138 dum
2422 1099 2523 1155 per
2577 1083 2909 1156 aliquantos
2955 1085 3078 1141 dies
3111 1086 3495 1158 regressionis
3531 1106 3651 1145 suae
3700 1090 3810 1148 iter

2099 1182 2417 1243 carperent,
2464 1174 2513 1229 ei
2548 1174 2643 1244 qui
2696 1175 2923 1247 primus
2978 1177 3196 1231 ceteris
3245 1176 3589 1248 habebatur,
3620 1181 3808 1238 amica

2100 1260 2454 1318 humanitati
2473 1264 2770 1335 subripuit
2796 1264 3129 1333 curiositas,
3148 1266 3407 1339 dixitque
3426 1268 3723 1327 sodalibus
3745 1287 3809 1329 se

2100 1352 2275 1406 stulte
2309 1354 2449 1406 tanti
2485 1353 2709 1407 itineris
2750 1353 2977 1408 subisse
3010 1353 3290 1425 laborem,
3337 1373 3471 1411 cum
3524 1359 3813 1416 nescirent

2100 1440 2242 1511 quid
2268 1441 2500 1511 pretiosi
2536 1442 2775 1497 domino
2807 1460 2915 1499 suo
2970 1444 3267 1500 referrent.
3302 1448 3665 1504 Pedetentim
3710 1467 3812 1505 au-

2098 1536 2217 1587 tem
2278 1542 2571 1588 crescente
2621 1533 2926 1590 collatione
2992 1536 3323 1606 verborum,
3384 1542 3441 1595 et
3491 1538 3812 1599 virescente

2101 1623 2476 1693 suggestione
2499 1624 2812 1690 sociorum,
2838 1624 3153 1681 contractis
3194 1627 3528 1699 apostolicae
3560 1630 3809 1702 dignita-

276 1712 549 1769 Conditor
592 1719 779 1769 noster
826 1715 1172 1781 inﬁrmitatis
1211 1724 1432 1779 nostrae,
1463 1729 1527 1769 ea
1571 1719 1843 1784 potestate
1886 1730 1995 1784 qua
2027 1714 2074 1779 B
2106 1713 2182 1768 tie
2213 1711 2667 1784 sigillis,apertis
2701 1718 2840 1770 sunt
2862 1714 3205 1785 buxtulie,et
3235 1716 3292 1772 in
3327 1717 3579 1791 singulis
3607 1720 3805 1793 singu-

270 1806 474 1859 cuncta
500 1806 633 1873 fecit
660 1819 730 1857 ex
776 1803 973 1870 nihilo,
1004 1807 1055 1858 et
1100 1819 1293 1873 corpus
1321 1802 1424 1857 sibi
1452 1818 1523 1857 ex
1570 1819 1735 1859 carne
1780 1819 1993 1874 semper

279 1895 551 1962 Virginis,
584 1899 843 1965 operante
871 1900 1057 1948 sancto
1089 1892 1303 1965 Spiritu
1346 1894 1662 1963 fabricavit,
1685 1894 1760 1964 (b)
1790 1909 1991 1964 panem

272 1988 325 2038 el
357 1987 549 2039 vinum
584 2001 726 2055 aqua
750 1986 996 2050 mistum,
1026 1990 1285 2039 manente
1313 1982 1541 2055 prapria
1564 1987 1740 2048 specie
1772 1987 1829 2037 in
1862 2000 1990 2038 car-

269 2090 403 2129 nem
436 2082 490 2128 et
516 2075 851 2142 sanguinem
882 2090 1042 2128 suum
1075 2073 1145 2128 ad
1184 2072 1516 2129 catholicam
1545 2088 1759 2143 precem
1789 2074 1852 2129 ob
1897 2090 1991 2129 re-

264 2164 626 2225 parationem
660 2170 907 2218 nostram
947 2163 1194 2234 Spiritus
1232 2165 1319 2217 sui
1365 2164 1811 2233 sanctiﬁcatione
1860 2179 1991 2219 con-

270 2254 459 2307 vertit.
500 2252 762 2323 Indeque
787 2253 1088 2307 universos
1114 2252 1296 2322 jussit
1326 2252 1580 2307 divinam
1623 2252 1848 2323 precari
1890 2268 1989 2322 po-

266 2342 523 2396 tentiam
560 2346 621 2396 ut
648 2341 709 2396 in
744 2341 987 2397 formam
1015 2340 1322 2412 pristinam
1346 2345 1789 2398 sacrosanctum
1810 2343 1992 2398 refor-

270 2436 465 2487 maret
505 2432 879 2505 mysterium;
917 2435 1203 2503 quatenus
1252 2431 1481 2486 mulieri
1516 2433 1585 2487 ad
1636 2433 1993 2489 sumendum

270 2522 484 2577 fuisset
516 2521 813 2592 possibile,
838 2522 993 2593 quod
1030 2526 1087 2577 et
1117 2522 1336 2578 factum
1368 2525 1472 2577 est.
1507 2520 1671 2576 Unde
1715 2523 1993 2593 saepefata

271 2611 479 2668 mulier
511 2612 831 2682 plurimum
864 2614 922 2666 in
954 2627 1118 2667 sacra
1132 2610 1411 2682 religione
1434 2628 1497 2666 ac
1522 2611 1635 2667 ﬁde
1659 2613 1993 2683 proficiens,

278 2700 731 2772 participatione
776 2700 1057 2757 dominici
1097 2701 1441 2756 sacramenti
1500 2707 1841 2757 consecrata
1884 2708 1990 2757 est.

2098 1802 2169 1859 lae
2202 1804 2379 1875 panni
2413 1808 2651 1875 repertae
2683 1808 2820 1860 sunt
2849 1806 2949 1861 I2
2983 1805 3645 1881 portiunculaa.Moxque
3674 1827 3810 1868 cum

2101 1893 2502 1963 indignatione
2533 1897 2773 1949 Romam
2802 1894 3561 1964 regressi,archidiaconum
3595 1900 3815 1957 adeunt

2102 1990 2568 2057 conquerentes:
2605 1985 2665 2041 Ut
2694 1984 2847 2057 quid,
2881 1985 3177 2057 inquiunt,
3203 1986 3457 2043 dominus
3484 1991 3815 2061 apostolicus

2101 2075 2173 2145 (e)
2198 2081 2313 2130 tam
2336 2074 2624 2145 vilipendit
2644 2076 2929 2131 dominum
2947 2082 3319 2148 nostrum,qui
3343 2084 3557 2135 tantam
3573 2083 3811 2152 gratiam

2099 2181 2157 2220 se
2198 2166 2343 2235 apud
2381 2181 2504 2220 eum
2542 2166 2841 2221 obtinuisse
2880 2174 3233 2237 speraverat;
3264 2168 3410 2240 quod
3447 2172 3525 2225 sic
3570 2171 3807 2227 voluerit

2098 2256 2187 2310 illi
2216 2254 2464 2323 illudere,
2496 2261 2549 2309 et
2580 2271 2676 2311 nos
2699 2255 3117 2311 dehonorationi
3142 2264 3195 2313 et
3229 2258 3518 2329 offensioni
3557 2276 3676 2317 suae
3703 2263 3809 2317 ad-

2101 2345 2325 2401 dicere?
2352 2346 2766 2401 A'Jstimavimus
2808 2345 3078 2418 siquidem
3126 2362 3223 2403 nos
3264 2362 3386 2405 ossa
3432 2351 3810 2421 apostolorum

2101 2436 2185 2491 vel
2216 2440 2532 2508 martyrum
2558 2436 2803 2509 pretiosa
2839 2437 2968 2494 hinc
2995 2439 3165 2509 ferre,
3198 2438 3343 2493 sicut
3380 2438 3641 2497 decuerat
3682 2446 3809 2497 tan-

2104 2532 2220 2580 tum
2252 2528 2451 2597 virum,
2484 2530 2569 2581 uti
2593 2526 2843 2581 dominus
2862 2534 3049 2583 noster
3077 2534 3181 2593 est,
3210 2544 3243 2583 a
3266 2534 3424 2583 tanta
3447 2531 3813 2587 nihilominus

2100 2612 2225 2667 sede
2256 2615 2488 2684 quaesita
2528 2620 2638 2667 tam
2673 2613 2838 2683 longo
2876 2618 2931 2666 et
2957 2611 3290 2683 diﬂicillimo
3339 2616 3479 2670 satis
3509 2618 3728 2687 itinere,
3759 2621 3813 2672 et

2101 2699 2254 2758 datae
2282 2708 2413 2757 sunt
2441 2702 2595 2757 nobis
2624 2703 2797 2773 panni
2825 2702 3045 2756 modicae
3074 2704 3465 2774 portiunculw,
3497 2720 3560 2759 ac
3596 2708 3645 2758 si
3690 2707 3808 2761 hu-

274 2791 343 2845 Et
374 2806 586 2846 omnes
607 2789 709 2861 qui
731 2790 1011 2856 viderant,
1038 2790 1099 2845 in
1132 2789 1328 2845 divino
1353 2806 1550 2847 amore
1580 2796 1635 2847 et
1671 2790 1996 2847 orthodoxa
2092 2792 2339 2864 jusmodi
2365 2793 2653 2863 panniculi
2672 2808 2843 2861 genus
2871 2792 3014 2864 apud
3042 2810 3143 2847 nos
3188 2795 3515 2865 nequivisset
3546 2796 3810 2853 inveniri.

274 2882 625 2937 credulitate
657 2881 966 2937 ferventius
997 2887 1389 2938 excreverunt.

343 2972 437 3027 24.
471 2971 719 3035 Quidam
743 2989 976 3043 quoque
1007 2972 1415 3030 nobilissimus
1438 2974 1760 3029 secundum
1796 2977 1992 3032 carnis

2104 2884 2227 2937 Nisi
2255 2886 2406 2938 enim
2436 2892 2601 2938 cauta
2643 2882 2956 2938 sollicitudo
2999 2884 3158 2938 nobis
3186 2883 3541 2952 subvenisset,
3584 2886 3813 2958 utquod

2103 2974 2427 3041 gerebamus
2466 2988 2927 3041 cognosceremus,
2955 2980 3010 3027 et
3059 2976 3138 3028 sic
3184 2972 3379 3029 stolide
3411 2973 3481 3028 ad
3526 2973 3813 3031 dominum

277 3064 716 3134 prosapiam,et
748 3063 1194 3134 potentissimus
1221 3065 1389 3133 juxta
1406 3064 1624 3134 regiam
1660 3065 1719 3121 in
1741 3082 1844 3121 suo
1871 3083 1994 3122 mo-
2026 3091 2076 3157 Ο
2104 3069 2363 3117 nostrum
2391 3063 2549 3117 nobis
2575 3063 2888 3132 contigisset
2916 3064 3119 3131 venire,
3153 3061 3380 3118 dubium
3414 3079 3521 3119 non
3550 3070 3631 3119 est
3658 3067 3810 3137 peri.

270 3151 346 3206 do
370 3151 895 3222 magniﬁcentiam,
919 3166 1050 3207 cum
1077 3168 1176 3222 per
1197 3152 1596 3209 internuntios
1618 3154 1990 3210 familiarita-

260 3246 378 3297 tem
411 3240 748 3312 apostolicas
776 3241 933 3297 sedis
963 3242 1210 3313 adeptus
1241 3248 1415 3312 esset,
1448 3248 1503 3297 et
1543 3244 1835 3315 frequenti
1869 3245 1980 3299 ad-

254 3329 586 3385 monitione
606 3329 1007 3400 epistolarum,
1033 3331 1210 3386 etiam
1234 3348 1265 3386 a
1289 3332 1454 3388 beato
1479 3331 1749 3402 Gregorio
1793 3342 1977 3389 trans-

254 3421 590 3477 missurum
612 3420 1021 3493 instructions,
1046 3436 1184 3491 erga
1204 3421 1300 3477 Dei
1326 3426 1383 3477 et
1400 3426 1733 3478 sanctorum
1759 3423 1984 3480 cultum

254 3511 626 3567 sufficienter
649 3511 856 3566 fuisset
882 3512 1165 3581 imbutus,
1194 3511 1357 3566 misit
1389 3529 1490 3583 per
1513 3520 1781 3570 strenuos
1804 3518 1861 3570 et
1890 3515 1986 3570 de-

255 3604 431 3656 votos
455 3600 669 3656 missos
699 3600 987 3672 condigna
1007 3600 1079 3672 (c)
1110 3600 1312 3656 exenia
1341 3602 1410 3656 ad
1441 3602 1635 3657 sedem
1668 3603 1985 3673 pontiﬁca-

258 3692 408 3757 lem,
444 3694 647 3761 petens
679 3688 959 3760 reliquias
978 3690 1278 3746 beatorum
1305 3694 1709 3762 apostolorum
1740 3710 1806 3748 ac
1833 3710 1982 3749 mar-

261 3786 467 3850 tyrum
500 3780 613 3834 sibi
648 3779 985 3835 transmitti.
1010 3780 1189 3850 Cujus
1220 3780 1438 3851 legatos
1482 3786 1720 3837 sanctus
1753 3788 1983 3854 aposto-

264 3869 425 3925 licus
456 3868 872 3924 honorabiliter
906 3877 961 3926 et
990 3869 1273 3941 gratuiter
1311 3871 1662 3943 suspiciens,
1714 3871 1977 3943 aliquan-

263 3960 368 4015 diu
402 3974 603 4015 secum
640 3958 855 4015 morari
888 3959 1039 4027 fecit,
1073 3963 1246 4031 atque
1294 3959 1691 4018 indesinenter
1745 3968 1977 4020 sancto-

264 4065 403 4105 rum
448 4048 842 4121 apostolorum
892 4049 1228 4116 memorias,
1275 4066 1341 4105 ac
1388 4052 1715 4108 cmmeteria
1764 4058 1979 4124 marty-

254 4156 388 4196 rum
424 4155 494 4193 ex
525 4153 685 4194 more
725 4138 942 4210 prisco,
976 4155 1078 4211 pro
1121 4138 1463 4210 hujusmodi
1506 4143 1731 4213 negotio
1765 4143 1976 4201 missas

254 4227 637 4297 celebrando,
668 4233 724 4283 et
754 4226 1032 4300 reliquias
1067 4228 1125 4284 in
1159 4244 1359 4285 eorum
1416 4232 1788 4288 veneratione
1837 4250 1972 4289 con-

2104 3154 2289 3208 culum
2328 3154 2551 3209 honoris
2583 3161 2633 3209 et
2686 3155 2888 3224 gratia:
2924 3168 3043 3215 suae
3083 3169 3177 3209 nos
3218 3153 3462 3210 debuisse
3498 3156 3809 3214 incurrere.

2102 3243 2255 3306 Quos
2284 3243 2727 3298 archidiaconus
2760 3244 3020 3298 modesta
3046 3243 3443 3314 increpatione
3482 3245 3802 3317 redarguit,

2102 3332 2285 3387 curin
2320 3337 2537 3387 tantam
2570 3332 3085 3404 praesumptionem
3118 3333 3438 3404 eruperint,
3473 3338 3536 3388 ut
3568 3339 3805 3405 aposto-

2099 3421 2213 3476 lica
2253 3421 2443 3491 sigilla
2478 3428 2941 3494 corrumperent,
2980 3420 3222 3478 hortans
3269 3439 3366 3478 eos
3414 3428 3478 3480 ut
3524 3424 3803 3495 redirent,

2098 3516 2154 3568 et
2184 3529 2307 3582 quas
2331 3518 2673 3584 acceperant
2721 3513 2959 3568 domino
3008 3529 3115 3568 suo
3166 3529 3299 3568 cum
3349 3512 3569 3570 honore
3610 3514 3799 3572 defer-

2097 3608 2244 3658 rent.
2271 3604 2379 3659 Sed
2406 3604 2463 3659 hi
2516 3604 2846 3660 nullatenus
2896 3604 3135 3658 monitis
3176 3605 3303 3673 ejus
3342 3605 3799 3676 acquiescentes,

2096 3709 2282 3764 usque
2314 3695 2383 3749 ad
2407 3693 2607 3749 domni
2638 3692 2898 3765 Gregorii
2931 3708 3138 3749 venere
3180 3692 3580 3765 praesentiam;
3608 3694 3799 3751 facto-

2094 3801 2206 3855 que
2238 3792 2558 3858 comperto,
2583 3785 3009 3858 patientissime
3048 3802 3248 3842 eorum
3300 3784 3434 3843 tulit
3464 3786 3790 3858 stultitiam,

2090 3891 2305 3945 eosque
2371 3876 2755 3932 sacrosanctis
2804 3876 3122 3931 missarum
3173 3875 3467 3931 solemniis
3526 3877 3797 3949 praecepit

2090 3965 2389 4021 interesse.
2425 3964 2587 4020 Unde
2608 3980 2741 4020 cum
2772 3965 2843 4019 ad
2876 3964 3069 4020 locum
3102 3965 3191 4020 sui
3217 3964 3507 4021 sermonis
3529 3970 3622 4021 est
3655 3981 3798 4022 ven-

2090 4058 2240 4122 tum,
2266 4053 2474 4110 suadet
2498 4053 2709 4126 populo
2740 4053 2841 4109 Dei
2866 4059 3198 4109 sanctorum
3237 4053 3487 4125 gratiam
3532 4067 3792 4118 exorare,

2087 4148 2375 4215 quatenus
2418 4144 2478 4199 in
2529 4143 2634 4199 hac
2678 4159 2738 4199 re
2770 4143 3041 4213 dignetur
3087 4141 3460 4213 apertissime
3491 4141 3574 4198 sic
3621 4158 3790 4198 suam

2086 4236 2408 4305 potentiam
2460 4235 2797 4305 patefacere,
2849 4236 2914 4289 ut
2960 4232 3098 4304 quid
3134 4236 3415 4288 mereatur
3464 4230 3631 4300 fides,
3664 4232 3781 4287 evi-

248 4320 545 4377 secrando
566 4317 942 4387 circumiens,
978 4319 1363 4391 prmfatoaque
1394 4317 1617 4391 legatos
1658 4321 1768 4377 sibi
1791 4324 1972 4377 comi-
2084 4324 2320 4380 dentius
2354 4325 2546 4380 minus
2578 4322 2795 4380 creduli
2826 4326 2882 4381 et
2904 4323 3241 4395 ignorantes
3294 4320 3521 4394 possint
3562 4336 3788 4395 cogno-

2081 4513 2210 4569 nius
2239 4519 2293 4568 et
2324 4514 2423 4568 alii
2476 4512 2841 4584 antiquitatis
2889 4512 3153 4578 studiosi,
3188 4510 3246 4567 in
3298 4510 3591 4569 veteribus
3638 4510 3783 4571 scri-

2079 4586 2342 4656 ptoribus
2364 4603 2396 4640 a
2427 4602 2485 4642 se
2515 4585 2686 4641 editis
2720 4584 3081 4656 reliquerunt
3113 4586 3392 4651 exenium,
3434 4587 3652 4642 exenia.

2162 4657 2239 4727 (d)
2270 4659 2491 4712 Boxum
2526 4673 2628 4712 seu
2669 4656 2913 4711 buxtula
2953 4656 3245 4727 significat
3280 4656 3489 4711 thecam
3530 4673 3598 4711 ex
3629 4657 3781 4711 buxo

2074 4731 2416 4795 confectam,
2451 4728 2665 4784 Gallice
2688 4731 2846 4795 boite,
2879 4728 3071 4782 Mabil.
3102 4727 3236 4782 Tria
3285 4727 3449 4796 Mss.,
3483 4728 3687 4795 buxtis,
3720 4733 3781 4783 at

2074 4799 2472 4867 Montbritius,
2507 4801 2733 4855 buretis.
2770 4800 2937 4854 Aliud
2971 4799 3101 4865 Ms.,
3133 4799 3313 4856 buxis.
3346 4799 3468 4854 Alia
3497 4799 3632 4868 duo,
3675 4799 3778 4853 bu-

2068 4873 2186 4926 stis.
2221 4872 2332 4927 Sed
2357 4888 2489 4927 mox
2520 4871 2577 4926 in
2610 4872 2885 4927 omnibus
2910 4876 3069 4937 Mss,
3102 4872 3377 4927 dicuntur
3409 4871 3777 4927 bunum..."

2071 4942 2370 5014 Reliquias
2401 4943 2587 5000 sancti
2620 4942 2807 4999 Mauri
2840 4943 3017 4998 fuisse
3046 4944 3107 4998 in
3158 4941 3402 5014 buxtula
3450 4939 3657 5014 lignea
3688 4954 3776 4995 re-

2070 5009 2606 5103 conditasscri‘psit
2636 5024 2873 5100 sanctus
2893 5015 3014 5103 Od'o
3045 5015 3178 5103 ψ.
3203 5014 3261 5068 in
3284 5009 3585 5103 mi'rac'uli's
3608 5011 3773 5103 ejus-

2069 5087 2203 5212 :qu
2220 5085 2418 5169 editis,
2472 5081 2538 5142 Γό
2573 5086 2851 5157 januarii,
2882 5104 2930 5143 c.
2956 5088 3006 5141 4.
3054 5087 3340 5141 Bormann.
3364 5081 3428 5138 In
3464 5082 3617 5138 Belv.
3645 5081 3770 5154 leg.

2106 5175 2180 5212 ua:
2210 5175 2254 5212 zs
2286 5199 2300 5212 .

2106 5160 2254 5213 uatis
2286 5199 2300 5213 .

2138 5230 2205 5301 (e)
2232 5230 2333 5285 Hic
2356 5230 2688 5302 frequenter
2718 5230 2881 5286 Rom.
2916 5227 3172 5301 pontifex
3202 5226 3537 5299 apostolicus
3569 5225 3771 5299 appel-

2065 5299 2235 5357 latur.
2291 5302 2405 5357 Hoc
2445 5304 2618 5357 etiam
2671 5301 2906 5356 nomine
2968 5301 3121 5368 apud
3182 5298 3411 5356 Graecos
3456 5298 3772 5370 scriptores

2064 5346 2618 5446 statuisset:
2640 5346 3768 5455 νὲἰλὲἕὰξῖτιιζὲῑυῖιίιῐζῙῷῗιξὲῥίἕξῖᾲὶζ

2063 5447 2133 5500 ad
2195 5446 2442 5501 Leonem
2522 5460 2760 5515 papam:
2794 5444 2907 5499 Tibi
2950 5460 3129 5515 primo
3179 5459 3423 5515 omnium
3470 5442 3768 5515 apostolico

2063 5461 2133 5500 ad
2195 5461 2442 5501 Leonem
2522 5461 2760 5515 papam:
2795 5461 2907 5499 μοι
2950 5461 3129 5515 primo
3179 5461 3423 5499 omnium
3472 5461 3767 5513 aposwuca

2061 5519 2231 5586 capiti
2262 5523 2449 5571 nostro
2480 5517 2741 5571 nuntiare
2764 5519 3065 5573 necessario
3096 5514 3435 5586 optavimus.
3469 5512 3538 5586 Et
3567 5513 3667 5568 lib.
3703 5528 3767 5578 ιι,

2059 5584 2230 5661 epist.
2283 5588 2375 5654 35,
2420 5586 2777 5661 Epiphanio:
2810 5588 2929 5645 Misi
2964 5584 3228 5661 epistolas
3257 5586 3395 5642 duas
3432 5584 3504 5640 ad
3552 5591 3768 5657 aposto-

2062 5658 2253 5715 licum.
2308 5660 2391 5715 lta
2422 5658 2662 5731 passim.

320 4510 403 4581 (α)
434 4508 723 4586 Bolland.,
754 4510 1086 4586 relevat._De
1117 4511 1402 4585 corporali
1428 4512 1725 4586 palla,qua
1745 4514 1971 4571 scilicet

320 4528 403 4581 ia)
434 4528 723 4577 uouana.,
754 4528 981 4566 relevat.
1006 4528 1086 4567 ue
1117 4528 1402 4585 corpora“
1428 4528 1725 4639 pana,qua
1745 4528 1966 4571 scilicet

249 4599 470 4657 corpus
493 4581 706 4636 Christi
748 4582 1154 4657 involvebatur
1197 4588 1253 4639 et
1299 4588 1425 4657 tege
1470 4590 1623 4657 atur,
1669 4588 1878 4657 legitur
1907 4588 1966 4642 in

243 4653 404 4710 libro
428 4654 712 4729 εδει-βαίη
746 4653 805 4708 in
825 4654 1198 4729 ordinatione
1227 4653 1564 4729 subdiaconi
1584 4653 1813 4715 {Pal—ta:
1850 4675 1967 4729 quae

243 4729 382 4782 sunt
415 4727 472 4779 in
498 4724 864 4781 substratorio
896 4728 954 4779 in
983 4727 1094 4782 alio
1120 4743 1245 4782 vase
1286 4728 1483 4783 debent
1519 4730 1718 4797 lavari,
1752 4732 1813 4785 in
1852 4724 1963 4786 alio

247 4797 578 4868 corporales
605 4797 790 4867 pallae.
826 4796 926 4854 Ubi
954 4799 1128 4866 pallae
1157 4800 1465 4870 corporales
1488 4800 1694 4859 levatae
1706 4796 1963 4873 luerunt,

250 4876 365 4925 etc.

317 4941 398 5011 (b)
417 4939 535 5017 llic
568 4938 756 5017 babes
786 4941 1473 5017 transsubstantiationis
1505 4944 1736 5017 dogma,
1790 4942 1961 5017 longe

246 5010 385 5069 ante
417 5010 801 5085 Paschasium
837 5011 1206 5081 Radbertum,
1245 5030 1416 5085 quem
1449 5010 1636 5083 ipsiu's
1665 5010 1960 5073 auctorem

244 5085 481 5156 tingunt
511 5082 864 5140 Calvinianm
910 5088 1078 5140 sectis
1112 5082 1388 5153 ministri,
1430 5082 1604 5143 claris
1637 5087 1827 5143 verbis
1874 5106 1960 5144 as-

247 5162 473 5214 sertum
486 5195 499 5209 .

303 5230 380 5297 (e)
402 5226 607 5291 Guss.,
628 5227 1195 5302 munera,explicans
1226 5227 1470 5285 fortasse
1491 5229 1629 5301 quid
1656 5229 1955 5302 signitice-

234 5306 333 5355 tur
366 5315 470 5369 per
500 5300 720 5372 egeenia.
755 5299 1089 5372 Legendum
1120 5299 1347 5357 videtur
1388 5299 1582 5372 potius
1616 5299 1805 5357 men—ia.
1843 5304 1958 5357 Xe-

231 5372 404 5445 nium
447 5370 741 5445 enimest
770 5369 985 5427 munus
1011 5369 1166 5445 ξένῳ,
1202 5372 1256 5426 id
1292 5369 1648 5445 est—hospiti,
1679 5375 1951 5429 missum.

230 5443 325 5499 Ita
350 5440 833 5523 quoque_legitur
871 5440 1044 5523 epist.
1077 5440 1225 5523 olim.
1246 5444 1426 5523 62L],
1454 5440 1696 5523 v,'nunc
1723 5446 1950 5523 6_5,__l_ib.

229 5532 309 5581 v1,
346 5520 467 5569 tam
494 5511 561 5585 in
594 5511 735 5585 Mss.
768 5511 943 5585 quam
966 5514 1024 5570 in
1076 5514 1282 5570 Editis.
1316 5516 1384 5570 Et
1412 5511 1618 5572 in'vet.
1650 5517 1787 5572 Cod.
1819 5516 1953 5573 libri

232 5584 565 5657 Pastoralis
590 5584 813 5657 Eccles’.
866 5586 1017 5643 Belv.
1056 5585 1269 5643 seculo
1320 5604 1355 5642 x
1400 5588 1610 5644 exarati
1652 5588 1863 5657 legitur
1891 5588 1951 5644 in

236 5658 503 5714 carmine
535 5656 616 5730 de
648 5656 886 5730 llugone
917 5659 1095 5730 episc.
1125 5673 1138 5713 :
1174 5658 1341 5715 Xenia
1368 5660 1689 5726 constituis,
1716 5656 1952 5729 Christe,

240 5734 319 5787 tui
347 5735 429 5787 est
460 5728 660 5800 operis.
695 5728 922 5786 Passim
952 5728 1151 5787 tamen
1194 5730 1250 5787 J.
1284 5730 1650 5800 Sirmondus,
1685 5728 1952 5789 Mabilloé
