4088 6172
316 232 393 320 es
982 258 1049 317 s.
1094 252 1473 316 caaeoan
1510 246 1753 314 'MAGNl
1798 252 2016 323 VITA,
2064 248 2426 313 suoroau
2467 246 2723 308 PAULO
2768 242 3134 306 DIACONO.
3740 239 3821 299 se

268 394 275 397 ”
314 363 494 457 scere.
525 398 594 453 Et
631 398 765 453 data
794 395 1071 464 oratione,
1103 393 1321 466 accepit
1352 393 1423 448 ab
1454 409 1519 448 eo
1561 391 1856 448 cultellum
1904 389 2004 460 qui
2042 393 2087 454 Α
2122 387 2191 441 od
2228 385 2537 440 vindictam
2578 383 2702 452 ejus
2732 381 3129 453 (d)apodixem
3162 377 3303 433 artis
3334 391 3447 432 suae
3469 380 3824 431 exercerent.

312 492 694 545 temeraverat
732 486 921 559 signa,
955 492 1007 541 et
1056 500 1232 554 super
1283 482 1460 538 altare
1513 482 1768 553 corporis
1817 480 2008 535 sancti

268 576 271 577 ⁷
308 579 465 635 Petri
495 582 789 648 acceptam
822 592 997 631 unam
1033 574 1205 647 panni
1232 574 1576 645 portionem,
1612 587 1713 643 per
1751 570 2009 626 medium

312 686 579 742 pungens
610 669 822 733 secuit;
856 682 924 721 ex
957 683 1073 737 qua
1124 664 1319 720 statim
1370 664 1613 733 sanguis
1662 660 2011 727 decucurrit,

267 751 277 759 ’
313 764 368 816 et
399 775 632 816 omnem
664 758 930 814 eamdem
962 757 1037 826 (a)
1070 753 1499 827 portiunculam
1535 752 1875 809 cruentavit.
1909 750 2016 804 Vi-

262 837 284 843 "
313 850 513 905 dentes
543 857 733 904 autem
765 844 1147 918 suprascripti
1182 843 1442 914 legatarii
1476 845 1533 898 et
1582 858 1782 897 omnes
1817 838 2015 913 populi

314 937 671 1009 stupendum
700 942 753 989 et
791 948 1065 988 arcanum
1098 930 1225 985 ﬁdei
1268 947 1443 985 sacrae
1478 928 1846 992 miraculum,
1873 926 2016 982 ceci-

263 1026 273 1039 '
315 1027 520 1081 derunt
547 1023 713 1095 proni
747 1024 804 1077 in
836 1026 1073 1088 terram,
1099 1021 1407 1075 adorantes
1445 1018 1777 1085 Dominum,
1825 1022 1882 1071 et
1934 1017 2013 1071 di-

316 1118 550 1171 centes:
602 1112 877 1168 Mirabilis
940 1112 1080 1166 Deus
1119 1111 1179 1164 in
1212 1108 1414 1164 sanctis
1452 1110 1600 1173 suis;
1633 1109 1770 1162 Deus
1814 1105 2013 1169 Israel,

318 1204 431 1275 ipse
462 1203 612 1258 dabit
641 1203 897 1257 virtutem
926 1207 975 1255 et
1019 1198 1403 1270 fortitudinem
1449 1198 1593 1267 plebi
1618 1211 1763 1257 suae;
1798 1194 2017 1251 benedi-

264 1278 269 1287 ί
319 1300 437 1348 ctus
480 1298 622 1349 Deus
659 1290 840 1359 (Psal.
876 1306 1046 1355 van,
1096 1289 1209 1360 36).
1262 1287 1328 1342 Et
1376 1287 1527 1343 facto
1576 1285 1806 1341 silentio
1868 1283 2021 1339 inter

320 1382 435 1438 alia
466 1381 598 1437 ﬁdei
632 1380 1006 1445 documenta,
1042 1377 1184 1433 dixit
1227 1377 1298 1433 ad
1330 1393 1426 1432 eos
1449 1376 1654 1431 beatus
1685 1373 2017 1446 Gregorius,

260 1548 265 1553 Ι
320 1471 420 1543 qui
451 1477 582 1527 ante
611 1470 718 1525 has
746 1467 1111 1524 venerandae
1158 1466 1434 1537 reliquias
1484 1465 1643 1537 parvi
1694 1465 2019 1519 duxerant:

318 1560 539 1631 Scitote,
569 1562 800 1632 fratres,
833 1562 970 1631 quia
1015 1559 1073 1613 in
1104 1560 1509 1614 consecratione
1536 1557 1776 1626 corporis
1814 1562 1865 1609 et
1892 1572 2022 1609 san-

319 1651 502 1722 guinis
533 1653 756 1706 Domini
804 1647 983 1704 nostri
1012 1649 1137 1703 Jesu
1170 1648 1392 1711 Christi,
1425 1663 1548 1701 cum
1592 1645 1656 1700 ob
1703 1645 2019 1713 sanctiﬁca-

2118 476 2225 539 Qui
2264 492 2395 530 eum
2434 474 2572 528 facie
2603 474 2959 544 ignorantes,
2990 472 3129 526 dum
3164 470 3410 540 quadam
3444 467 3537 522 die
3569 465 3636 520 ad
3686 480 3820 535 pro-

2121 566 2441 621 ccssionem
2474 581 2539 618 ex
2566 579 2719 618 more
2751 562 2935 634 pergit
2966 563 3166 617 beatus
3196 556 3526 629 Gregorius,
3557 554 3642 609 illi
3681 551 3831 608 emi.

2124 672 2234 711 nus
2258 670 2421 709 secus
2461 653 2770 707 transitum
2809 655 3023 707 stantes
3047 651 3156 705 sibi
3182 665 3313 704 eum
3341 649 3546 716 rogant
3567 643 3825 699 insinua-

2125 746 2189 800 ri.
2214 744 2433 808 Quibus
2463 758 2806 813 responsum
2832 742 3126 810 estipsum
3152 754 3278 794 esse
3299 737 3400 808 qui
3419 736 3577 790 solus
3602 732 3831 806 pontifi-

2126 835 2234 890 cali
2265 832 2545 903 dignitate
2592 831 2877 903 equitans,
2916 830 3326 901 praecedentem
3382 834 3434 881 et
3466 825 3829 894 subsequen-

2127 932 2238 977 tem
2274 936 2520 975 cuneum
2580 920 3105 975 ecclesiasticorum
3161 917 3411 970 virorum
3465 915 3727 979 haberet;
3773 915 3831 967 et

2129 1014 2419 1067 intuentes
2443 1026 2592 1075 eum,
2630 1013 2860 1081 repente
2892 1024 3108 1080 equum
3142 1006 3295 1061 illius
3326 1003 3627 1059 maleﬁciis
3650 1001 3775 1056 suis
3798 1018 3830 1056 a

2129 1100 2487 1158 daemonibus
2521 1102 2708 1156 vexari
2752 1102 3029 1157 fecerunt.
3064 1098 3385 1165 Statimque
3428 1096 3631 1148 beatus
3680 1091 3826 1146 Gre-

2130 1193 2327 1271 gorius
2357 1196 2620 1249 invocato
2654 1191 2885 1246 nomine
2922 1187 3148 1243 Domini
3194 1185 3379 1241 nostri
3412 1183 3544 1239 Jesu
3588 1180 3825 1247 Christi,

2131 1269 2185 1344 et
2216 1287 2368 1342 edito
2401 1286 2563 1355 signo
2596 1280 2811 1350 crucis,
2853 1279 2924 1333 ab
2957 1292 3103 1348 equo
3137 1273 3462 1345 pertubavit
3509 1269 3826 1337 daemonia;

2132 1377 2559 1448 respiciensque
2589 1372 2647 1425 in
2683 1378 2924 1441 partem,
2959 1383 3090 1421 mox
3122 1372 3179 1419 ut
3213 1378 3415 1433 magos
3448 1366 3535 1417 est
3567 1363 3828 1416 contem-

2132 1446 2347 1540 platus,
2382 1466 2452 1536 (θ)
2478 1463 2558 1517 illi
2593 1459 2803 1528 czccsti,
2826 1463 2881 1513 et
2914 1458 2983 1511 ab
3007 1456 3227 1512 eisdem
3262 1451 3567 1511 daemoniis
3600 1446 3829 1521 pervasi

2132 1535 2466 1613 ceciderunt
2514 1556 2854 1606 retrorsum.
2910 1546 3071 1602 Uade
3120 1544 3403 1601 intellexit
3456 1540 3544 1595 vir
3600 1535 3829 1593 Domini

2135 1662 2335 1702 eorum
2359 1643 2415 1698 id
2444 1643 2834 1715 perpetratum
2867 1635 3159 1707 nequitia;
3190 1639 3246 1689 et
3272 1649 3400 1688 cum
3429 1629 3710 1701 jussisset
3734 1641 3834 1682 eos

264 1736 275 1743 ’
318 1743 519 1796 tionem
552 1738 920 1810 reliquiarum
951 1737 1008 1791 in
1042 1737 1244 1791 honore
1278 1736 1646 1808 apostolorum
1695 1734 1780 1789 vel
1809 1738 2018 1802 marty-
2051 1713 2096 1776 Β
2128 1738 2200 1793 ad
2231 1752 2292 1791 se
2315 1713 2468 1803 duci,
2501 1729 2836 1800 interrogati
2867 1727 2943 1781 rei
2970 1726 3228 1781 ordinem
3265 1721 3673 1794 prodiderunt;
3709 1716 3837 1787 qui-

320 1847 447 1885 rum
496 1829 669 1900 ipsius
728 1830 924 1899 quibus
988 1826 1296 1897 specialiter
1352 1826 1803 1896 assignabantur,
1862 1838 2025 1895 super

322 1922 731 1974 sacrosanctum
769 1916 946 1969 altare
988 1914 1252 1968 libamina
1303 1913 1700 1984 offerebantur,
1730 1928 1942 1982 semper
1963 1911 2027 1964 il—

326 2011 506 2065 lorum
534 2009 761 2076 sanguis
793 2007 890 2062 hoc
918 2021 1128 2076 pannos
1160 2006 1412 2074 intravit,
1453 2007 1548 2077 qui
1577 2006 1781 2077 eﬂusus
1830 2011 1911 2058 est
1930 2018 2027 2073 pro

324 2101 546 2155 nomine
593 2097 797 2153 Christi
843 2097 1065 2151 Domini
1111 2097 1303 2150 nostri.
1347 2096 1411 2151 Et
1456 2096 1756 2149 aediﬁcetis
1806 2094 1863 2148 in
1914 2093 2029 2148 fide

327 2190 558 2249 cunctis
588 2188 687 2261 qui
723 2187 1005 2254 viderant,
1043 2187 1405 2256 munitisque
1436 2186 1646 2240 iterum
1675 2185 1933 2239 buxtulis
1956 2184 2029 2237 si-

266 2280 269 2281 ⁷
328 2296 441 2352 gno
474 2276 1741 2348 suo,tradiditeisincomparabiliamunera
1759 2274 1871 2328 voti
1913 2273 2028 2343 sui,

324 2376 535 2428 etcum
562 2369 767 2438 gaudio
792 2367 1026 2436 reversi,
1060 2365 1178 2421 haec
1212 2382 1309 2437 per
1341 2366 1605 2421 ordinem
1646 2364 1882 2420 domino
1922 2380 2028 2419 suo

325 2459 774 2525 nuntiarunt,et
822 2456 914 2511 sui
937 2454 1208 2510 desiderii
1256 2458 1581 2525 compotem
1631 2454 2027 2508 reddiderunt.

326 2547 708 2620 Quipretiosa
739 2553 1071 2601 sanctorum
1110 2544 1427 2614 patrocinia
1466 2547 1789 2598 reverenter
1838 2558 2033 2597 susce-

327 2639 431 2710 pit,
483 2634 902 2692 honorabiliter
956 2634 1016 2688 in
1058 2633 1181 2688 loco
1227 2631 1547 2689 venerabili
1595 2632 1885 2700 condidit;
1916 2647 2032 2703 quo

282 2786 285 2789 _
325 2728 609 2784 Dominus
655 2724 1046 2797 frequentiora
1077 2740 1252 2795 quam
1286 2723 1345 2778 in
1379 2723 1565 2779 sancti
1608 2723 1760 2777 Petri
1792 2722 2036 2777 ecclesia

329 2817 611 2874 miracula
638 2816 868 2888 operari
900 2815 1174 2886 dignatur
1196 2814 1263 2867 ad
1299 2814 1527 2869 laudem
1562 2816 1617 2866 et
1648 2812 1891 2883 gloriam
1930 2828 2034 2867 no-

329 2908 505 2962 minis
537 2905 749 2961 sui13
782 2920 966 2974 usque
998 2903 1056 2958 in
1090 2903 1429 2958 hodiernum
1465 2904 1640 2957 diem.

402 2997 493 3052 25.
535 2995 701 3050 Pater
749 2992 1133 3048 nihilominus
1180 2990 1428 3047 familias
1467 2996 1589 3047 erat
1632 2994 1820 3046 Romae
1871 2992 2036 3045 valde

2133 1827 2243 1881 bus
2284 1820 2586 1894 respondit
2635 1818 3009 1874 beatissimus
3060 1813 3352 1870 Pontifex:
3388 1812 3656 1879 Perpetuo
3699 1806 3838 1861 caeci

2136 1933 2245 1971 esse
2288 1915 2509 1978 debetis,
2552 1927 2620 1966 ne
2662 1910 2921 1974 videntes,
2964 1908 3041 1961 ad
3072 1913 3383 1962 consuetam
3421 1901 3834 1973 perversitatem

2136 2006 2316 2061 redire
2363 2003 2602 2058 tentetis.
2639 2003 2699 2054 tn
2739 2000 2964 2054 nomine
3013 2000 3193 2050 autem
3220 1995 3438 2049 Domini
3486 1990 3661 2046 nostri
3709 1988 3833 2042 Jesu

2136 2096 2362 2159 Christi,
2394 2097 2652 2163 operante
2700 2089 2852 2144 beato
2894 2089 3073 2150 Petro,
3109 2085 3269 2139 liberi
3315 2100 3348 2136 α
3396 2079 3687 2135 vexatione
3727 2076 3834 2130 de-

2134 2201 2358 2241 monum
2405 2184 2547 2238 sitis.
2576 2180 2679 2245 Qui
2714 2178 3018 2234 confestim
3056 2194 3087 2231 a
3120 2172 3485 2230 daemonibus
3514 2164 3835 2232 emundati,

2137 2281 2194 2332 et
2224 2274 2543 2337 credentes,
2580 2270 2737 2325 fonte
2761 2265 3003 2323 salutari
3035 2263 3253 2336 perfusi
3299 2266 3465 2326 sunt;
3500 2275 3566 2314 ac
3608 2271 3836 2329 perma-

2139 2368 2308 2421 nente
2340 2361 2587 2418 caecitate
2619 2356 2901 2423 damnati,
2938 2355 3181 2427 jubente
3227 2352 3392 2407 beato
3432 2346 3726 2419 Gregorio,
3771 2343 3842 2399 de

2141 2462 2341 2509 caetero
2383 2451 2534 2522 stipe
2566 2457 2699 2505 sunt
2740 2444 3131 2502 ecclesiastica
3163 2441 3306 2497 aliti.

2209 2543 2299 2597 26.
2343 2540 2453 2597 Sed
2485 2542 2541 2594 et
2574 2543 2853 2609 tyrannus
2873 2533 3109 2607 quidam
3137 2530 3383 2586 multam
3403 2523 3839 2598 oppressionem

2143 2649 2275 2688 cum
2305 2645 2449 2702 pene
2471 2624 2825 2699 importabili
2853 2620 3299 2694 importunitate
3337 2616 3511 2689 quieti
3540 2612 3843 2685 ingerebat

2142 2727 2355 2780 sanctae
2387 2721 2658 2775 Romana
2690 2713 2981 2780 Ecclesiae,
3016 2710 3535 2784 possessionesque
3567 2705 3753 2759 eidem
3789 2708 3845 2756 et

2142 2811 2431 2881 mancipia
2463 2808 2819 2880 pertinentes
2866 2799 3270 2859 crudelissime
3319 2795 3680 2852 devastabat.
3716 2794 3840 2858 Qua

2142 2904 2210 2957 de
2243 2918 2302 2956 re
2336 2899 2484 2955 beati
2539 2894 2825 2968 pontificis
2878 2909 2977 2964 per
3025 2888 3403 2946 internuntios
3448 2882 3849 2939 admonitione

2146 2993 2466 3061 correptus,
2515 2986 2719 3057 majori
2769 2984 2984 3040 exarsit
3030 2979 3296 3045 insania;
3351 2977 3494 3031 adeo
3539 2977 3603 3028 ut
3648 2971 3847 3026 urbem

334 3085 509 3140 rebus
532 3081 879 3152 ditissimus,
904 3082 1003 3137 sed
1028 3080 1301 3152 religione
1325 3081 1752 3153 nimisegenus,
1778 3081 1896 3152 qui,
1923 3098 2037 3136 non
2069 3053 2118 3117 Ο
2148 3053 2626 3153 depopulandam
2654 3074 2856 3130 adiret.
2890 3072 2993 3127 Cui
3026 3066 3355 3127 advenienti
3386 3065 3589 3121 beatus
3628 3061 3852 3131 Grego-

333 3174 493 3231 vitiis
528 3173 727 3229 minus
774 3171 983 3243 plenus
1027 3187 1203 3243 quam
1255 3172 1448 3238 rebus,
1482 3188 1615 3227 cum
1650 3187 1790 3226 uxor
1838 3188 1941 3226 sua
1987 3170 2038 3225 ei
2082 3167 2086 3173 ’

272 3271 284 3279 ’
337 3262 756 3335 displicuisset,
789 3262 927 3317 fecit
949 3260 1059 3316 sibi
1091 3261 1162 3315 ab
1194 3277 1262 3315 ea
1292 3268 1491 3316 contra
1524 3266 1874 3333 praeceptum
1916 3259 2040 3316 Sal-

330 3359 546 3416 vatoris
573 3358 757 3414 nostri
788 3356 1119 3414 divortium.
1155 3356 1267 3412 Res
1288 3373 1419 3413 vero
1443 3357 1675 3413 beatum
1697 3358 2038 3429 Gregorium

275 3454 279 3456 ⁷
330 3450 512 3505 latere
545 3464 657 3504 non
707 3446 912 3519 potuit,
961 3446 1101 3518 quia
1147 3451 1204 3503 et
1232 3447 1573 3519 magnitudo
1627 3447 1783 3515 mali,
1818 3451 1873 3503 et
1918 3463 2042 3502 ma-

332 3538 531 3614 gnatio
560 3537 637 3610 (b)
671 3552 1052 3609 personarum
1085 3554 1145 3593 se
1178 3536 1346 3592 facile
1380 3537 1652 3609 prodidit.
1686 3537 1789 3593 Cui
1835 3538 2042 3593 beatus

275 3633 282 3639 ’
331 3628 651 3700 Gregorius
698 3627 896 3683 multis
942 3631 998 3683 et
1028 3627 1402 3684 suavissimis
1454 3628 1897 3697 monitionibus,
1940 3645 2041 3684 seu

342 3718 591 3775 districti
623 3716 802 3774 divini
838 3716 1126 3772 examinis
1158 3718 1498 3787 terroribus,
1533 3717 1957 3774 studiosissime
1989 3722 2045 3773 et

335 3808 682 3880 saepissime,
718 3807 835 3863 imo
868 3806 1265 3864 indesinenter
1290 3809 1643 3879 persuadere
1667 3808 1961 3863 contendit
1985 3815 2045 3862 ut

336 3913 575 3954 uxorem
608 3914 774 3954 suam
799 3897 855 3952 in
888 3898 1131 3969 gratiam
1165 3899 1233 3970 (c)
1271 3902 1497 3970 pactam
1534 3900 1830 3970 reciperet,
1864 3915 1895 3953 a
1935 3914 2047 3968 qua

280 3982 285 3987 ’
338 4004 574 4060 quoquo
607 3989 777 4044 modo
801 3986 992 4042 divelli
1027 3987 1142 4043 nisi
1185 3993 1393 4056 morte,
1426 3993 1525 4042 aut
1567 3990 1873 4043 amborum
1909 4004 2045 4043 con-

286 4080 287 4083 “
341 4094 522 4133 sensu
566 4078 959 4132 intercedente
1009 4075 1305 4147 nequiret;
1340 4077 1438 4131 sed
1492 4078 1542 4132 is
1584 4077 1870 4133 diabolica
1905 4094 2047 4148 prai-

337 4171 548 4222 ventus
578 4164 1089 4220 irremediabiliter
1116 4166 1453 4236 pertinacia,
1488 4167 1708 4221 monita
1734 4167 1855 4236 ejus
1885 4183 2050 4237 spre-

339 4254 440 4309 vit.
478 4256 659 4320 Quem
691 4255 895 4309 beatus
928 4254 1242 4324 Gregorius
1275 4253 1591 4324 apostolica
1610 4256 1946 4310 auctoritate
1978 4256 2048 4311 ab

290 4336 303 4342 ’
344 4342 591 4398 ecclesia
622 4344 730 4398 sub
764 4343 1153 4413 anathemate,
1181 4343 1293 4398 nisi
1316 4342 1701 4414 resipisceret,
1726 4352 2051 4415 sequestra-

2150 3150 2272 3227 rius
2303 3150 2367 3224 ut
2396 3167 2821 3237 colloqueretur
2841 3161 3112 3228 occurrit,
3151 3162 3497 3226 tantamque
3536 3150 3651 3207 vim
3703 3151 3852 3205 nutu

2151 3262 2341 3317 divino
2387 3259 2514 3329 ejus
2548 3256 2739 3312 verbis
2792 3254 2983 3308 inesse
3014 3253 3283 3321 expertus
3318 3246 3532 3308 fuit,ut
3578 3256 3711 3296 cum
3745 3240 3855 3294 hu-

2152 3349 2401 3406 millima
2432 3343 2799 3417 indulgentia
2822 3341 3092 3411 religioso
3124 3335 3438 3408 apostolico
3469 3331 3851 3397 satisfaceret,

2151 3447 2204 3495 et
2231 3456 2289 3494 se
2319 3438 2586 3505 deinceps
2618 3434 2724 3490 sibi
2756 3431 3076 3496 subditum,
3110 3433 3165 3483 ct
3195 3430 3406 3483 sanctae
3450 3424 3722 3478 Romanis
3754 3418 3855 3474 Ec-

2152 3528 2338 3584 clesiae
2384 3527 2654 3581 devotum
2706 3520 2991 3578 famulum
3038 3516 3465 3591 spopondisset.
3505 3513 3555 3567 ls
3605 3509 3852 3577 denique

2153 3625 2353 3692 postea
2393 3634 2576 3689 usque
2625 3617 2695 3672 ad
2736 3615 2953 3671 exitum
2996 3613 3096 3666 14
3144 3609 3494 3673 infirmatus,
3541 3598 3857 3658 venerandi

2154 3728 2312 3784 papa.-
2347 3710 2666 3767 orationem
2698 3705 2979 3778 poposcit,
3006 3701 3252 3771 atquein
3301 3709 3643 3767 responsum
3688 3706 3853 3746 acce-

2155 3779 2408 3874 pit—quod
2432 3800 2479 3855 ei
2503 3797 2784 3853 Dominus
2807 3794 3001 3850 adhuc
3023 3790 3271 3862 spatium
3304 3781 3654 3874 poenitentiae
3680 3779 3859 3874 largi-

2157 3869 2343 3955 retur;
2378 3894 2434 3944 et
2469 3893 2529 3943 ut
2553 3886 2781 3958 plenius
2812 3881 3255 3944 convalesceret,
3290 3875 3406 3930 illis
3443 3871 3654 3945 quibus
3677 3869 3866 3925 nutri-

2158 3986 2250 4035 tus
2286 3980 2469 4033 fuerat
2499 3975 2645 4030 cibis
2676 3971 2979 4042 indulgere
3004 3968 3282 4030 studeret,
3314 3960 3605 4034 quijussis
3631 3959 3859 4015 obtem-

2159 4084 2365 4142 perans
2392 4063 2708 4132 convaluit,
2742 4070 2799 4116 et
2824 4061 2881 4115 in
2917 4057 3202 4128 reliquum
3237 4053 3496 4109 devotius
3518 4048 3675 4105 vixit.

2226 4159 2317 4211 27.
2354 4156 2511 4211 Idem
2552 4170 2685 4209 vero
2742 4148 3199 4224 perfectissimus
3240 4148 3297 4199 et
3329 4138 3704 4212 acceptabilis
3746 4138 3861 4192 Deo

2158 4248 2452 4316 sacerdos,
2476 4262 2609 4301 cum
2642 4243 2894 4315 quadam
2918 4239 3010 4295 die
3032 4253 3132 4309 per
3173 4235 3361 4291 forum
3408 4228 3664 4301 Trajani,
3706 4226 3861 4299 quod

2160 4352 2331 4409 Opere
2361 4336 2609 4391 mirifico
2624 4335 2850 4389 constat
2882 4345 3012 4386 esse
3029 4328 3410 4390 exstructum,
3432 4323 3497 4392 (ί)
3515 4318 3870 4391 procederet.

342 4430 443 4487 vit.
479 4432 660 4495 Quam
679 4432 1343 4489 excommunicationem
1370 4433 1521 4488 idem
1546 4434 1862 4490 admodum
1894 4453 2044 4507 aegre
2074 4423 2118 4487 D
2150 4436 2203 4484 et
2235 4427 2489 4499 insignia
2517 4421 2926 4481 misericordia:
2973 4419 3101 4489 ejus
3134 4413 3510 4486 conspiceret,
3543 4410 3693 4464 inter
3736 4424 3866 4479 quas

294 4525 303 4533 '
343 4523 559 4586 ferens,
593 4525 649 4576 et
696 4526 933 4593 peccata
964 4522 1212 4592 peccatis
1258 4521 1652 4592 accumulans,
1676 4524 1819 4579 duos
1852 4540 2053 4598 magos

350 4609 614 4682 pecuniis
646 4626 713 4666 ex
741 4609 954 4682 placito
985 4610 1156 4679 locat,
1192 4620 1251 4668 ut
1281 4611 1341 4668 in
1374 4616 1642 4668 sanctum
1666 4612 2053 4684 apostolicum

424 4800 504 4943 ἕο)
530 4799 782 4868 Belvac.,
815 4802 1164 4869 particulam.

448 4873 497 4943 b)
531 4873 614 4927 Ita
634 4871 768 4928 Mss.
800 4873 1014 4939 Germ.,
1046 4873 1164 4928 Bect

448 4873 497 4944 b)
531 4873 614 4927 Ita
630 4871 768 4955 Mss.
800 4873 1014 4939 Germ.,
1046 4873 1230 4955 Becg,
1252 4874 1491 4955 Conch.‘,
1518 4875 1789 4955 Moissae.
1824 4874 2057 4930 Bollan-

356 4946 486 5011 dus,
509 4946 717 5015 agnitio
746 4960 1123 5016 personarum.
1148 4946 1345 5013 Guss.,
1380 4951 1510 5017 quia
1540 4951 1588 5001 et
1621 4948 1755 5000 mali
1782 4955 1833 5002 et
1874 4961 2056 5017 perso-

355 5032 557 5089 narum
608 5017 955 5084 magnitudo.
1022 5017 1290 5073 Fortasse
1347 5021 1497 5089 quod
1558 5035 1672 5073 non
1744 5019 2058 5088 probarent

356 5087 660 5141 barbaram
707 5105 901 5143 vocem
952 5088 1245 5158 Magnatio.
1295 5087 1550 5145 Deducta
1596 5087 1826 5144 videtur
1867 5106 1899 5145 a
1944 5090 2053 5143 Ma-

356 5166 553 5231 gnete,
578 5161 743 5231 quasi
767 5162 1048 5231 Magnetis
1080 5166 1267 5216 status
1284 5170 1337 5216 et
1367 5162 1643 5217 conditio.

427 5228 499 5295 (c)
524 5228 689 5296 Boll.,
714 5233 771 5283 in
801 5228 1041 5303 gratiam
1074 5235 1536 5303 pacatam.Guss.
1580 5232 1769 5287 omisit
1799 5237 2056 5301 paratam

358 5308 406 5385 et
426 5303 661 5366 pactam,
697 5303 847 5370 quod
882 5302 1096 5385 legitur
1124 5309 1179 5358 in
1228 5307 1358 5385 Mss.
1394 5305 1627 5385 nostris,
1662 5304 1880 5385 optimo
1925 5305 2056 5374 qui-

358 5371 502 5457 de’mh
522 5374 917 5457 sensuz‘quasi
947 5371 1130 5457 pactis
1159 5378 1517 5457 matrimonii
1560 5371 1927 5457 promissam.

360 5440 654 5583 εἰρὲιέἱέἓέ
700 5440 913 5513 Οτὶεοδ,
951 5440 1257 5515 -ἀπόδειξις,
1298 5440 1736 5515 demonstratio,
1765 5446 2052 5518 probatio,

500 5529 676 5567 lmen.

430 5584 511 5667 (ε.)¹
540 5583 721 5667 Digna
743 5586 926 5667 magis
956 5589 1253 5667 pmna.Sic
1277 5588 1491 5667 Paulus
1524 5592 1780 5663 Elymam
1815 5604 2053 5661 magum

360 5659 612 5713 cacitate
644 5659 942 5727 percussit,
976 5663 1103 5713 Act.
1135 5676 1256 5724 xm,
1294 5662 1378 5716 10.

432 5726 496 5799 (Ι)
526 5728 822 5787 Procedere
852 5731 910 5787 in
940 5732 1276 5787 auctoribus
1308 5733 1491 5790 sacris
1523 5733 1854 5805 signiﬁcare
1883 5732 2054 5802 solet,

2162 4497 2541 4573 memorabile
2598 4512 2742 4570 illud
2795 4509 3162 4582 comperiret,
3222 4501 3490 4559 videlicet
3537 4497 3690 4570 quod
3736 4511 3870 4552 cum

2164 4606 2317 4663 idem
2338 4605 2492 4663 orbis
2524 4604 2793 4677 princeps
2824 4600 2882 4656 in
2915 4596 3362 4671 expeditionem,
3399 4587 3872 4647 circumvallatus

2165 4795 2237 4850 ad
2252 4791 2554 4849 ecclesiam
2570 4786 2815 4847 solemni
2832 4786 2945 4842 ritu
2963 4797 3199 4859 pergere
3218 4798 3229 4834 :
3250 4794 3364 4859 quo
3382 4790 3557 4859 sensu
3574 4770 3873 4859 potesthic

2164 4847 2443 4935 intelligi;
2470 4878 2605 4918 nam
2629 4863 2688 4935 in
2728 4847 3226 4935 illa_proces§_ione
3257 4847 3570 4935 Gregorins
3604 4847 3876 4935 pervenit

2163 4918 2602 5008 a—d’siepuul'crum
2633 4931 2793 5008 beati
2837 4918 3017 5008 fatri,
3031 4931 3103 5008 ιιι
3131 4918 3615 5008 exseqnentibus
3653 4918 3873 5008 (liquet.

2162 4988 2427 5066 ("36621113
2446 4988 2613 5062 notas
2646 5000 2963 5058 doctissimi
2994 4988 3259 5053 Menardi
3288 4988 3362 5066 a'd
3396 4990 3608 5066 librum
3653 4988 3875 5042 Sacra-

2165 5059 2478 5149 ιῖῐέὲῐιῖζὶιᾱ
2498 5059 2564 5133 ιιι
2594 5076 2731 5130 Idus
2773 5068 3150 5149 SeptembIjS,
3181 5066 3279 5149 ubi
3312 5062 3519 5149 lenita:
3539 5059 3614 5149 agi
3636 5073 3875 5149 “arefa-

2164 5129 2703 5209 simi-emitlaaterum
2758 5129 2881 5214 quae
2915 5142 3010 5195 hic
3042 5129 3314 5214 dicuntur
3346 5129 3706 5214 iteTrajapo
3738 5129 3878 5214 libe-

2164 5202 2814 5291 ra'toitlicet’Bollandb
2852 5211 3287 5291 nonnullisque
3348 5205 3477 5291 aliis
3524 5202 3869 5291 probentur,

2164 5273 2679 5367 ἱτῖὸέυεὶώίβυὶῐίιει
2710 5273 3329 5367 tabula'exploduntgp
3359 5273 3871 5367 anBaernB-ad-an.

2128 5343 2886 5433 ιὅόἓιῖῖιῖ-ἶέοᾜιὴγεεᾳηΑθιᾳςι
2917 5343 3235 5433 ΒΘΙἸιιιιιιι...
3394 5362 3451 5433 ιι,
3485 5345 3557 5399 de
3606 5343 3867 5433 Dur-gat?

2324 5415 2469 5503 "Quae
2490 5415 2661 5490 etiam
2681 5415 3123 5503 refellimus,_ex
3146 5415 3489 5503 indubitatis
3522 5416 3710 5503 sancti
3731 5415 3876 5503 Gre-

2202 5488 2309 5567 brii
2340 5488 2707 5563 testimoniis
2755 5502 2812 5556 in
2861 5499 2987 5568 ejus
3021 5488 3164 5568 Vita
3210 5491 3441 5568 Gallice
3475 5488 3712 5568 scripta,
3741 5491 3873 5542 tum

2190 5562 2464 5650 ξἰι-ξονζἿ,
2500 5594 2558 5633 n.
2585 5576 2681 5650 Att,
2714 5577 2839 5650 tum
2869 5562 2909 5625 1'.
2936 5584 3022 5635 ιιι,
3054 5584 3103 5624 c.
3134 5566 3190 5637 5,
3223 5581 3283 5621 ιι.
3305 5564 3361 5635 7,
3393 5564 3451 5619 et
3480 5562 3541 5617 in
3571 5574 3873 5617 commen-

2163 5638 2305 5712 tario
2338 5654 2409 5709 de
2439 5638 2701 5721 ejusdem
2730 5638 2882 5699 Vita.
2939 5650 2943 5657 ‘
