4088 6172
199 248 268 306 57
421 234 431 242 ’
860 250 934 345 ⁴8.
984 247 1362 311 GREGORII
1405 247 1654 311 MAGNI
1701 246 1911 322 VITA,
1965 247 2333 311 AUCTORE
2377 247 2641 309 PAULO
2688 245 3053 308 DIACONO.
3630 242 3725 331 τ58

196 380 451 438 militum
506 383 729 449 cuneis,
771 390 1053 456 pergeret,
1100 384 1317 441 ibidem
1368 384 1597 441 obviam
1648 384 1915 441 habuerit
1943 388 1999 452 Α
2028 388 2320 455 reticente,
2366 387 2516 443 idem
2578 386 2847 443 minister
2889 387 3017 457 ejus
3062 383 3209 455 stylo
3242 381 3638 453 perforaverit,
3677 378 3739 439 et

194 472 655 528 vetustissimam
683 474 940 539 viduam,
964 473 1126 530 senio
1148 474 1442 545 simulque
1466 474 1663 530 dolore
1684 490 1748 528 ac
1770 490 1911 545 pau-

193 566 420 632 pertate
452 564 778 618 confectam
822 565 992 633 cujus
1038 562 1307 635 lacrymis
1356 572 1525 634 atque
1555 565 1795 619 vocibus
1831 565 1913 619 sic

191 652 584 722 compellatur
610 670 622 707 :
659 655 915 723 Princeps
946 654 1197 723 piissime
1241 655 1497 724 Traiane,
1529 670 1646 709 ecce
1668 654 1758 709 hic
1786 662 1911 707 sunt

190 740 444 795 homines
466 745 567 813 qui
586 741 740 797 modo
758 741 901 796 mihi
922 744 1147 797 unicum
1169 743 1369 812 filium,
1391 744 1685 798 senectutis
1706 743 1912 798 scilicet

189 844 328 887 mea
348 830 615 886 baculum
644 841 693 887 et
713 848 876 887 omne
895 832 1173 901 solatium,
1202 832 1520 887 occiderunt
1537 851 1557 897 ;
1578 848 1769 903 meque
1800 848 1912 886 una

187 938 308 975 cum
341 938 407 978 eo
457 924 696 979 volentes
723 925 992 989 occidere,
1030 924 1403 992 dedignantur
1454 925 1624 980 etiam
1651 924 1792 979 mihi
1810 940 1911 995 pro

191 1026 252 1064 eo
280 1014 562 1066 rationem
591 1012 843 1083 aliquam
876 1011 1123 1067 reddere.
1156 1012 1257 1067 Cui
1283 1012 1380 1068 ille
1412 1012 1702 1080 festinato,
1737 1018 1801 1068 ut
1824 1028 1912 1069 res

192 1100 487 1171 exigebat,
546 1101 943 1171 pertransiens
978 1117 990 1155 :
1026 1102 1160 1156 Cum
1188 1102 1423 1170 rediero,
1481 1102 1688 1173 inquit,
1739 1104 1912 1159 dicito

191 1190 352 1257 mihi,
376 1198 431 1245 et
460 1192 669 1263 faciam
701 1193 801 1247 tibi
838 1208 1052 1248 omnem
1103 1193 1392 1257 iustitiam.
1430 1194 1579 1248 Tum
1614 1192 1717 1248 illa
1759 1210 1772 1248 :
1806 1194 1910 1248 Do-

188 1280 355 1347 mine,
394 1280 613 1352 inquit,
645 1288 695 1336 et
734 1282 785 1337 si
814 1286 875 1337 tu
929 1299 1035 1338 non
1069 1282 1319 1349 redieris,
1361 1298 1455 1353 ego
1496 1283 1632 1354 quid
1651 1285 1856 1353 faciam
1888 1286 1913 1336 .9

190 1370 270 1425 Ad
305 1387 493 1441 quam
518 1387 716 1426 vocem
768 1371 1051 1436 substitit,
1103 1377 1158 1427 et
1189 1389 1318 1427 reos
1367 1389 1561 1427 coram
1591 1390 1651 1428 se
1699 1372 1908 1429 adduci

188 1460 349 1516 fecit.
384 1459 608 1531 Neque,
641 1477 773 1515 cum
824 1468 1229 1532 suggereretur
1258 1480 1291 1517 a
1334 1462 1559 1517 cunctis
1589 1463 1911 1519 accelerare

191 1549 520 1620 negotium,
552 1565 817 1621 gressum
850 1567 883 1605 a
916 1550 1039 1605 loco
1072 1551 1272 1616 movit,
1295 1567 1599 1621 quousque
1639 1557 1695 1606 et
1725 1552 1908 1607 viduae

192 1657 222 1693 a
251 1639 418 1705 ﬁsco,
472 1640 627 1710 quod
682 1640 955 1709 juridicis
999 1640 1404 1695 sanctionibus
1455 1641 1753 1696 decretum
1798 1648 1909 1711 est,

2023 482 2229 531 eventu
2265 494 2366 547 per
2391 478 2641 533 foramen
2670 475 3061 547 conspiciens,
3085 473 3226 529 vidit
3252 472 3581 529 columbam
3605 472 3735 526 nive

2024 569 2417 623 candidiorem
2452 584 2627 637 super
2658 568 2783 636 ejus
2807 570 2979 639 caput
3010 565 3331 634 sedentem,
3358 568 3734 633 rostrumque

2019 656 2203 727 ipsius
2235 658 2316 711 ori
2352 657 2449 711 diu
2484 667 2673 712 tenere
2701 656 3071 727 appositum:
3104 670 3231 725 quae
3260 670 3394 709 cum
3429 668 3491 708 se
3522 654 3594 707 ab
3627 667 3728 706 ore

2021 745 2281 815 ejusdem
2298 751 2610 810 amoveret,
2644 744 2962 816 incipiebat
2992 751 3230 799 sanctus
3265 744 3519 813 pontifex
3545 738 3725 811 loqui,

2020 840 2075 889 et
2098 853 2130 889 a
2158 836 2383 890 notario
2415 836 2726 907 graphium
2758 834 2905 889 ceris
2936 833 3214 904 imprimi.
3247 836 3390 888 Cum
3423 848 3554 888 vero
3593 829 3735 885 reti-

2021 924 2184 979 cebat
2215 924 2398 981 sancti
2426 925 2675 995 Spiritus
2699 940 3011 995 organum,
3047 923 3313 978 minister
3334 923 3460 992 ejus
3492 921 3729 977 oculum

2022 1013 2291 1067 foramini
2326 1014 2534 1068 iterum
2568 1014 2916 1083 applicabat,
2949 1028 3197 1083 eumque
3216 1029 3279 1066 ac
3312 1012 3358 1065 si
3382 1012 3440 1065 in
3465 1011 3730 1066 oratione

2020 1103 2220 1159 levatis
2254 1106 2321 1158 ad
2354 1103 2564 1158 cmlum
2601 1104 2869 1159 manibus
2916 1103 3092 1158 simul
3127 1107 3183 1158 et
3212 1101 3415 1169 oculis,
3443 1103 3725 1158 columbas

2019 1198 2276 1247 rostrum
2330 1209 2483 1248 more
2535 1192 2702 1248 solito
2761 1192 3211 1263 conspicabatur
3258 1209 3354 1248 ore
3403 1195 3729 1263 suscipere.

2019 1284 2177 1349 Quod
2232 1285 2484 1352 tandem,
2536 1284 2738 1339 eodem
2810 1283 3021 1355 spiritu
3098 1283 3402 1349 revelante,
3478 1282 3733 1354 pontifex

2018 1379 2253 1429 sanctus
2285 1374 2567 1445 cognovit.
2610 1378 2668 1429 et
2705 1373 3210 1429 vehementissime
3242 1372 3427 1428 tristis
3466 1373 3728 1439 effectus,

2016 1462 2430 1519 interminatus
2449 1468 2538 1519 est
2560 1465 2901 1519 auctoritate
2924 1462 3242 1534 apostolica
3260 1462 3524 1518 miraculi
3544 1462 3733 1519 divini

2018 1552 2075 1606 in
2107 1569 2167 1608 se
2201 1553 2512 1622 perpetrati
2543 1552 2800 1621 conscio,
2824 1568 2895 1607 ne
2928 1553 2990 1608 in
3021 1553 3136 1607 vita
3159 1568 3267 1607 sua
3297 1550 3355 1606 id
3379 1551 3553 1606 alicui
3576 1568 3723 1622 quo-

2019 1657 2130 1711 quo
2190 1642 2361 1697 modo
2422 1642 2787 1713 patefaceret.
2850 1640 3015 1708 Quod
3048 1640 3097 1695 is
3147 1639 3384 1696 interim
3439 1645 3723 1696 secretum

188 1728 443 1801 persolvi
481 1745 584 1799 pro
618 1745 676 1783 re
703 1730 838 1785 fecit
870 1746 885 1795 ;
917 1728 993 1799 (tt)
1027 1729 1378 1799 domumque
1418 1730 1903 1800 supplicationum
1941 1736 1983 1797 Β
2012 1730 2369 1797 custodiens,
2394 1735 2525 1803 post
2545 1730 2979 1787 deiunctionem
3012 1729 3370 1786 sanctissimi
3430 1729 3503 1800 (d)
3526 1746 3720 1785 sacer-

188 1817 466 1888 precibus
492 1822 547 1873 et
578 1817 808 1872 ﬂetibus
832 1834 1000 1888 super
1023 1818 1187 1874 factis
1218 1819 1344 1873 suis
1368 1820 1711 1890 pmnitcntes
1736 1821 1917 1875 visce-

187 1906 291 1961 rali
324 1905 649 1962 clementia
696 1908 901 1973 ﬂexus,
935 1926 1050 1964 non
1096 1912 1217 1963 tam
1262 1912 1544 1979 potestate
1575 1926 1751 1980 quam
1787 1927 1914 1981 pre-

187 2004 326 2053 catu
363 2006 417 2052 et
457 1997 699 2053 lenitate
730 1998 979 2065 vinctos,
1005 1998 1428 2069 przetorialibus
1461 2002 1677 2054 catenis
1715 2001 1913 2056 absol-

191 2088 287 2143 vit.
311 2089 509 2159 Hujus
533 2089 613 2144 rei
646 2091 828 2160 gratia
850 2094 1233 2157 compunctus
1258 2090 1608 2146 venerabilis
1633 2091 1909 2162 pontifex,

186 2180 364 2250 coepit
396 2179 743 2251 lacrymosis
790 2180 1105 2251 gemitibus
1150 2198 1347 2236 secum
1381 2181 1533 2237 inter
1580 2182 1750 2237 verba
1790 2200 1912 2255 pre-

183 2267 407 2331 cantia,
444 2268 570 2323 haec
603 2267 890 2338 siquidem
919 2268 1249 2340 prophetica
1280 2270 1703 2340 etEvangelica
1736 2268 1911 2325 revol-

182 2374 309 2413 vere
344 2358 614 2417 oracula,
652 2374 664 2410 :
704 2359 797 2425 Tu,
824 2358 1068 2423 Domine,
1098 2357 1297 2413 dixisti
1341 2376 1358 2413 :
1389 2359 1639 2415 Judicate
1664 2357 1910 2431 pupillo,

173 2446 469 2513 defendite
500 2447 724 2502 viduam
756 2465 775 2509 ;
802 2452 851 2502 et
882 2449 1081 2510 venite,
1114 2456 1163 2503 et
1185 2451 1404 2519 arguite
1434 2466 1518 2502 me
1552 2448 1689 2519 (ἶσα.
1723 2465 1765 2516 ι,
1801 2448 1908 2518 17).

172 2538 237 2591 Et
271 2537 418 2591 alibi
460 2553 474 2589 :
522 2536 820 2604 Dimittite,
866 2545 915 2592 et
944 2537 1257 2593 dimittetur
1292 2538 1439 2593 vobis
1470 2555 1490 2599 ;
1526 2554 1594 2593 ne
1622 2542 1912 2593 immemor

164 2630 273 2699 sis,
308 2643 523 2698 quaeso,
552 2637 796 2697 peccator
843 2642 939 2697 ego
969 2627 1407 2696 indignissimus,
1460 2632 1682 2700 prapter
1710 2645 1907 2684 nomen

174 2717 377 2785 gloriae
400 2722 539 2783 tute,
570 2727 621 2773 et
652 2716 992 2779 ﬁdelissima
1048 2718 1435 2788 promissionis
1467 2723 1598 2783 tuae,
1643 2720 1699 2773 in
1733 2719 1907 2791 hujus

175 2805 523 2860 deoatissimi
562 2807 669 2860 viri
714 2807 882 2877 facto,
933 2808 1134 2877 pietati
1188 2812 1296 2862 tum
1340 2808 1627 2863 humiliter
1660 2808 1906 2879 supplico

175 2897 367 2959 (Marc.
414 2912 497 2960 vx,
553 2896 669 2965 27).
718 2895 1179 2968 Perveniensquo
1248 2897 1319 2952 ad
1367 2897 1702 2968 sepulcrum
1754 2898 1905 2954 beati

176 2984 361 3051 Petri,
384 2984 467 3038 ibi
502 2984 726 3039 diutius
757 2984 963 3051 oravit,
996 2990 1050 3040 et
1083 2985 1255 3054 ﬂevit,
1285 2990 1459 3056 atque
1492 2986 1665 3042 veluti
1700 3001 1903 3042 somno

2021 1821 2169 1877 dotis
2200 1820 2540 1892 compulsus
2600 1821 2985 1892 quorumdam
3018 1819 3253 1886 invidia,
3309 1819 3405 1890 qui
3445 1820 3728 1875 obtrecta-

2021 1912 2161 1966 bant
2182 1911 2366 1965 virum
2389 1910 2815 1979 beatissimum,
2836 1908 3310 1981 praesumptionis
3326 1912 3555 1965 tumore
3570 1906 3730 1965 tanta

2020 2017 2084 2055 ac
2116 2000 2253 2056 talia
2285 2001 2356 2056 de
2406 1999 2729 2056 cmlestium
2800 2017 3143 2056 arcanorum
3198 1997 3492 2071 mysteriis
3543 1998 3725 2055 fuisse

2019 2090 2297 2158 locutum,
2333 2089 2452 2145 haec
2476 2091 2555 2145 ita
2587 2106 2647 2145 se
2682 2107 2782 2159 per
2812 2090 3007 2145 omnia
3042 2089 3256 2144 vidisse
3288 2087 3531 2144 fideliter
3564 2104 3729 2144 enar-

2019 2181 2192 2235 ravit.

2085 2270 2175 2322 29.
2212 2267 2453 2339 Migralo
2478 2284 2733 2339 namque
2762 2269 2832 2323 ad
2860 2268 3176 2323 Dominum
3209 2282 3360 2337 saepe
3390 2264 3541 2321 dicto
3566 2279 3725 2319 reve-

2018 2357 2367 2414 rendissimo
2417 2359 2711 2430 pontifice,
2761 2375 2892 2413 cum
2951 2359 3133 2412 fames
3183 2355 3548 2411 validissima
3605 2369 3724 2409 non

2018 2450 2185 2503 modo
2211 2447 2272 2503 in
2303 2447 2413 2502 hac
2458 2447 2693 2502 civitate
2728 2447 3012 2514 Romana,
3044 2461 3239 2501 verum
3272 2450 3327 2499 et
3356 2446 3413 2499 in
3444 2443 3719 2499 omnibus

2014 2539 2168 2593 circa
2198 2536 2531 2607 regionibus
2555 2537 2700 2592 satis
2732 2551 3023 2607 superque
3045 2539 3431 2605 grassaretur,
3464 2538 3519 2587 et
3540 2533 3588 2587 is
3621 2531 3723 2602 qui

2014 2627 2062 2680 ei
2100 2628 2158 2681 in
2202 2629 2335 2682 sede
2368 2627 2681 2699 pontiﬁcali
2713 2626 2786 2698 (e)
2818 2632 3181 2682 successerat
3230 2627 3434 2681 horrea
3458 2622 3726 2695 Ecclesiae

2014 2718 2345 2773 ementibus
2370 2718 2659 2771 frumenta
2687 2716 2955 2788 aperiret,
2979 2721 3035 2770 et
3056 2715 3173 2769 illis
3194 2732 3341 2785 quos
3356 2712 3561 2768 beatus
3584 2711 3722 2766 Gre-

2011 2807 2208 2878 gorius
2241 2823 2342 2878 per
2376 2806 2727 2861 monasteria
2774 2810 2830 2860 et
2874 2804 3231 2860 xenodocbia
3280 2820 3384 2858 seu
3418 2799 3719 2857 diaconias

2009 2896 2097 2952 vel
2130 2896 2445 2967 hospitalia
2486 2895 2792 2967 stipendiis
2842 2894 3081 2950 alendos
3115 2890 3517 2950 ecclesiasticis
3568 2888 3728 2944 ordi-

2009 2990 2241 3041 naverat
2273 2986 2587 3055 clauderet,
2639 2989 2938 3055 cmperunt
2984 3000 3209 3051 omnes,
3258 2982 3430 3039 famis
3468 2976 3725 3050 compel-

178 3081 487 3144 correptus
518 3072 577 3128 in
611 3075 857 3130 extasim
896 3080 986 3130 est
1016 3080 1242 3148 raptus,
1288 3092 1400 3147 quo
1440 3093 1502 3131 se
1553 3093 1652 3147 per
1683 3076 1895 3132 revela-
1931 3108 1973 3175 Β
2012 3075 2166 3131 lente
2222 3075 2438 3145 inopia,
2482 3074 2787 3147 apostolici
2829 3091 3000 3130 aures
3049 3073 3375 3144 inquietare
3432 3068 3687 3125 dicentes
3719 3082 3735 3123 :

179 3163 401 3217 tionem
436 3162 773 3217 exauditum
808 3163 982 3219 discit
1014 3172 1109 3231 ;et
1144 3181 1213 3219 ne
1238 3165 1629 3234 ulteriusjum
1660 3165 1798 3219 talia
1832 3166 1901 3221 de

181 3267 478 3323 quoquam
500 3251 628 3305 sine
650 3245 1000 3323 baptismate
1041 3270 1207 3308 sacro
1231 3253 1503 3309 defuncto
1527 3260 1903 3326 praesumeret

176 3348 391 3413 petere,
410 3342 1040 3414 promeruitcastigari.
1067 3344 1189 3409 Qua
1209 3344 1266 3398 in
1291 3360 1370 3410 re,
1397 3344 1531 3399 licet
1559 3344 1635 3415 (b)
1660 3347 1902 3402 aminus

177 3432 451 3502 perfecta:
504 3430 638 3485 ﬁdei
669 3440 721 3486 et
753 3430 1001 3487 curiosis
1048 3432 1308 3502 quaedam
1355 3434 1582 3489 valeant
1614 3434 1811 3504 quaeri,
1847 3440 1904 3490 et

180 3527 340 3590 plura
376 3522 453 3575 ab
482 3520 575 3574 bis
598 3521 695 3591 qui
723 3522 969 3576 credunt
991 3522 1215 3577 veritati
1242 3522 1490 3578 ﬁdeliter
1520 3522 1756 3591 dicenti,
1783 3540 1903 3596 quae

175 3612 317 3679 apud
372 3611 623 3664 homines
661 3610 1023 3681 impossibilia
1062 3615 1189 3666 sunt
1258 3612 1343 3666 vel
1386 3611 1659 3682 videntur,
1712 3614 1904 3683 facilia

182 3704 303 3752 sunt
326 3698 480 3769 apud
526 3699 835 3768 Dominum,
876 3698 1184 3755 salubriter
1230 3699 1548 3769 explanari,
1614 3702 1795 3757 tutius
1825 3707 1907 3758 ta-

187 3805 315 3845 men
350 3789 580 3845 videtur
612 3790 669 3845 in
698 3790 806 3847 hoc
837 3799 966 3847 actu
999 3791 1205 3847 divinae
1250 3792 1482 3862 pietatis
1513 3797 1571 3847 et
1603 3793 1903 3863 potestatis

176 3879 474 3950 judicium
509 3880 791 3948 venerari,
825 3884 882 3936 et
911 3897 945 3936 a
990 3881 1221 3936 nemine
1252 3881 1485 3936 discuti.

252 3970 348 4023 28.
413 3969 674 4041 Denique
733 3986 765 4025 a
833 3969 991 4025 fideli
1048 3973 1105 4025 et
1135 3969 1402 4040 religioso
1452 3971 1598 4037 viro,
1667 3986 1735 4027 ac
1767 3971 1904 4027 huic

184 4062 385 4114 nostro
417 4057 575 4113 Patri
608 4056 987 4115 sanctissimo
1039 4075 1141 4130 pro
1172 4075 1289 4114 suis
1332 4058 1632 4131 religionis
1664 4066 1719 4116 et
1752 4060 1906 4117 utili-

178 4150 319 4205 tatis
382 4150 591 4205 merito
648 4149 818 4207 valde
848 4151 1429 4222 (c)familiarissimo,
1476 4151 1725 4208 ﬁdeliter
1771 4156 1905 4223 post

178 4241 405 4296 obitum
443 4240 569 4311 ejus
622 4242 791 4297 nobis
830 4247 1129 4299 narratum
1179 4242 1515 4310 didicimus,
1573 4244 1730 4315 quod
1762 4259 1900 4300 cum

181 4329 281 4385 15
306 4329 467 4385 idem
498 4345 598 4384 vas
610 4328 909 4386 electionis
932 4335 990 4385 et
1012 4330 1415 4387 habitaculum
1438 4332 1621 4387 sancti
1644 4331 1902 4403 Spiritus

2014 3166 2237 3219 Domine
2298 3165 2612 3235 apostolico,
2662 3180 2792 3235 quos
2856 3174 3017 3235 pater
3080 3166 3262 3218 noster
3304 3161 3553 3216 decessor
3600 3166 3727 3212 tuus

2006 3262 2221 3309 sanctus
2252 3253 2542 3326 Gregorius
2572 3254 2830 3307 hactenus
2858 3252 3066 3307 studuit
3096 3265 3341 3319 pascere,
3372 3251 3468 3303 tua
3498 3247 3565 3317 (Ῑ)
3598 3262 3738 3301 san-

2006 3346 2162 3398 ctitas
2199 3346 2351 3413 fame
2408 3361 2518 3398 non
2566 3343 2717 3398 sinat
2770 3344 2971 3413 perire.
3044 3341 3199 3404 Quos
3248 3336 3729 3394 vociferationum

2009 3433 2293 3488 clamores
2323 3432 2475 3487 idem
2509 3432 2753 3487 moleste
2801 3432 3013 3498 terens,
3065 3428 3361 3499 respondit
3393 3443 3406 3481 :
3440 3427 3499 3483 Si
3530 3428 3736 3497 Grego-

2008 3525 2131 3578 rius
2158 3522 2226 3577 ad
2246 3527 2577 3593 [amamsux
2592 3521 2771 3576 laudis
2794 3525 3019 3576 cunctos
3040 3520 3268 3590 papulas
3317 3516 3536 3572 curavit
3560 3516 3734 3570 susci-

2012 3627 2159 3682 pere,
2187 3626 2282 3665 nos
2323 3626 2507 3667 omnes
2538 3626 2647 3665 non
2674 3625 2963 3681 possumus
3005 3622 3246 3680 pascere,
3280 3605 3477 3676 sicque
3507 3618 3722 3658 νδουοε

2012 3701 2331 3756 sivitabire.
2368 3704 2501 3768 Quae
2527 3700 2698 3755 verba
2719 3697 3115 3769 responsionis
3145 3712 3281 3753 cum
3316 3693 3537 3765 saepius
3570 3692 3639 3748 ad
3676 3706 3739 3746 se

2011 3790 2398 3846 clamantibus
2446 3790 2665 3845 iterans
2715 3788 3005 3855 redderet,
3057 3785 3325 3857 apparuit
3372 3783 3423 3839 ei
3467 3784 3527 3839 in
3597 3782 3723 3837 visu

2011 3887 2247 3937 sanctus
2278 3880 2588 3951 Gregorius
2621 3879 2811 3945 tertio,
2856 3878 3146 3949 illumque
3174 3876 3344 3931 tertio
3395 3874 3607 3930 blande
3642 3874 3730 3927 in-

2013 3988 2255 4043 crepans
2286 3986 2464 4042 super
2503 3986 2611 4024 sua
2643 3970 2997 4024 detractione
3028 3972 3086 4023 et
3115 3966 3303 4037 ipsius
3336 3965 3581 4031 tenacia,
3618 3980 3724 4018 seu

2014 4061 2363 4116 miserorum
2389 4058 2733 4130 indigentia,
2758 4056 3061 4112 admonuit
3081 4058 3256 4125 atque
3284 4054 3590 4124 corripuit.
3616 4051 3727 4117 Qui

2013 4167 2117 4206 nec
2144 4167 2243 4206 cor
2272 4151 2341 4205 ad
2377 4148 2841 4205 misericordiam
2892 4146 3072 4211 ﬂexit,
3105 4160 3210 4200 nec
3240 4142 3326 4200 ori
3348 4144 3419 4197 ab
3450 4144 3723 4198 obrecta—

2014 4239 2168 4295 tione
2199 4239 2475 4295 adhibere
2504 4236 2836 4294 custodiam
2872 4234 3074 4304 voluit,
3108 4250 3213 4290 nec
3246 4247 3487 4289 manum
3514 4231 3586 4287 ad
3619 4230 3728 4286 lar-

2012 4329 2249 4400 gitatem
2291 4328 2565 4385 extendit.
2614 4325 2777 4382 Unde
2824 4325 2906 4380 illi
2937 4330 3141 4396 quarto
3189 4338 3479 4396 apparens
3515 4321 3721 4377 beatus

178 4418 467 4473 visionem
500 4418 768 4473 ultimam
804 4420 1097 4491 prophetas
1130 4418 1450 4476 Ezechielis
1487 4419 1898 4491 interpretare-
1932 4422 1977 4487 D
2009 4419 2320 4489 Gregorius
2352 4416 2711 4473 horribiliter
2736 4431 2871 4472 eum
2903 4414 3219 4485 redarguit,
3248 4418 3306 4468 et
3334 4412 3704 4479 comminans

179 4510 302 4571 tur,
352 4523 681 4579 appensum
730 4508 925 4564 velum
976 4510 1131 4566 inter
1162 4509 1355 4582 ipsum
1398 4514 1455 4564 et
1503 4510 1777 4566 eumdem
1804 4526 1904 4567 ex-

180 4603 480 4669 eeptorem
516 4602 800 4655 tractatus
849 4599 960 4666 sui,
990 4600 1089 4655 illo
1144 4615 1240 4671 per
1285 4600 1590 4656 intervalla
1622 4600 1910 4672 prolixius

251 4797 333 4868 (α)
368 4796 906 4881 Helva-domumque
933 4800 1377 4881 supplicantium
1394 4801 1667 4881 precibus
1683 4805 1734 4857 et
1763 4803 1910 4881 ﬂeti-

186 4871 282 4923 bus
325 4884 496 4939 super
542 4870 683 4938 facti
722 4870 819 4926 sui
856 4874 1268 4943 paenitentiam,
1324 4870 1583 4929 viscerali
1617 4870 1910 4930 clementia

184 4943 393 5013 ﬂexus,
430 4955 540 4995 non
570 4944 799 4997 tantum
834 4949 1126 5013 potestate.

253 5013 329 5084 (b)
358 5011 447 5066 Ita
489 5011 855 5069 restituimus
899 5030 966 5069 ex
1004 5013 1221 5070 Belvac.
1260 5019 1316 5071 et
1347 5016 1563 5071 Gemet.
1601 5031 1739 5071 nccc
1770 5031 1910 5072 ann.

183 5083 317 5139 cum
354 5083 838 5159 priuslegeretur
867 5085 925 5140 in
948 5086 1154 5159 Editis,
1184 5104 1220 5143 a
1260 5090 1398 5142 viris
1426 5089 1569 5157 perf.
1602 5088 1722 5157 ﬁd.,
1755 5088 1907 5159 quod

183 5162 271 5210 est
302 5156 489 5210 etiam
521 5155 580 5209 in
609 5155 747 5212 Mss.
772 5156 935 5213 Becc.
968 5162 1024 5213 et
1051 5158 1126 5212 a1.

250 5227 317 5297 (ε)
350 5226 456 5281 Hic
511 5226 771 5300 Gregorii
822 5228 1124 5285 familiaris
1174 5232 1231 5285 et
1266 5234 1537 5300 exceptor
1568 5234 1658 5285 est
1706 5229 1910 5285 Petrus

182 5297 507 5372 Diaconus,
544 5297 676 5355 cum
727 5316 842 5370 quo
875 5301 954 5372 in
1008 5300 1281 5368 Dialogis
1310 5297 1680 5372 colloquitur.
1736 5302 1809 5357 De
1841 5317 1908 5357 eo

182 5368 428 5425 consule
454 5369 679 5444 Mabill.
714 5368 964 5444 saeculo:
989 5372 1226 5440 Bened.,
1260 5390 1314 5444 p.
1341 5368 1643 5429 ﬁgi—Hinc
1665 5373 1727 5427 in
1752 5373 1907 5429 Belv.

182 5448 238 5497 et
263 5445 499 5567 gemet.
532 5441 749 5514 legitur
783 5442 1148 5515 simpliciter,
1172 5441 1489 5511 narratum,
1523 5446 1742 5501 omissa
1770 5460 1907 5502 voce

186 5530 255 5567 no
325 5530 371 5567 s.

186 5530 371 5569 110018.

270 5586 347 5660 ((1)
379 5583 912 5660 Sacerdotesdicti
961 5586 1098 5660 olim
1133 5603 1246 5643 non
1280 5588 1527 5659 quilibet
1563 5586 1902 5660 presbyteri,

193 5658 295 5731 sed
321 5656 618 5731 episcopi,
632 5656 755 5731 Aqui
785 5657 1119 5731 civitatibus
1160 5656 1488 5731 price—rant;
1539 5656 1639 5731 qui
1678 5656 1812 5716 vero
1844 5656 1903 5715 in

194 5728 335 5785 vicis
354 5731 415 5785 et
445 5727 686 5803 oppidis
712 5728 893 5787 sacris
926 5727 1407 5802 praticiebantur,
1447 5730 1487 5787 ii
1528 5727 1904 5804 appellaban-

2019 4524 2152 4565 eum
2182 4510 2243 4564 in
2274 4508 2461 4581 capite
2487 4506 2794 4579 percussit,
2848 4505 3020 4575 cujus
3049 4502 3249 4559 dolore
3279 4507 3517 4558 vexatus
3549 4500 3684 4573 paul
3704 4495 3737 4535 ⁰

2020 4603 2152 4671 post
2181 4600 2496 4655 defunctus
2528 4601 2637 4653 est.

2020 4803 2119 4880 tur
2138 4794 2473 4880 P"°.9bY‘°“l
2508 4818 2522 4862 ς
2546 4795 2745 4880 eadem
2766 4807 2909 4880 P908
2941 4790 3111 4880 “Pd?
3135 4786 3729 4880 9.92:¥£.@32£ZE‘:“

2019 4858 2396 4925 doctissimus
2442 4858 2518 4921 εἰ(
2548 4858 2895 4920 Sirmondus
2935 4865 3005 4919 ad
3068 4858 3472 4933 Apollinarem
3516 4858 3719 4912 Sidon.

2020 4940 2059 4995 l.
2094 4957 2151 5007 v,
2194 4941 2367 5012 epist.
2415 4938 2471 5012 7,
2507 4937 2771 5012 Romana
2817 4929 3137 5012 republica
3163 4929 3333 5012 idolis
3383 4929 3572 5010 adhuc
3611 4943 3730 5011 ser-

2018 5006 2551 5077 vientefFlamines
2598 5008 2656 5081 in
2706 5006 3043 5081 municipiis
3090 5010 3274 5081 erant,
3312 5006 3725 5081 innprovinciis

2018 5072 2222 5139 autem
2241 5082 2582 5137 sacerdotes.
2613 5080 2826 5153 Laudat
2860 5072 2949 5153 hic
2986 5072 3333 5153 S_ir_mond_us
3367 5073 3641 5153 Paestum
3667 5072 3727 5153 in

2018 5156 2389 5223 Panegyrico,
2425 5158 2483 5208 et
2511 5151 2704 5206 Novel.
2759 5148 3027 5223 Martiani
3060 5147 3124 5223 lt,
3154 5159 3221 5223 ne
3250 5142 3497 5197 Flamini
3527 5143 3725 5198 muni-

2014 5215 2504 5297 cipali'sacerdoti
2546 5224 2824 5295 provincia
2874 5219 3057 5273 liceret
3106 5215 3304 5271 habere
3345 5230 3579 5270 uxorem
3624 5230 3727 5269 au-

2016 5300 2229 5354 cillam.

2087 5371 2157 5439 (e)
2182 5369 2533 5425 Sabinianus
2564 5365 2625 5439 is
2664 5367 2809 5439 erat.

2088 5428 2154 5512 if}
2186 5441 2417 5496 Titulus
2433 5439 2527 5493 hic
2561 5432 3112 5512 hono_ris,nu_ncsoli
3134 5447 3295 5512 papas
3311 5428 3717 5512 delatu‘s,o.lim

2016 5500 2443 5589 concedebatur
2490 5524 2602 5562 non
2645 5504 2837 5589 solum
2884 5503 3015 5589 aliis
3067 5500 3521 5589 episc‘opis.‘sed
3550 5500 3724 5589 etiam

2058 5584 2395 5661 resbyteris,
2428 5581 2547 5661 imo
2594 5585 2649 5661 et
2705 5577 2847 5661 ipsis
2890 5571 3172 5661 diaconis.
3219 5571 3540 5661 Ennodius,
3584 5571 3627 5661 11
3665 5586 3722 5654 v,

2015 5646 2318 5739 Epist.'t3_,
2350 5650 2670 5733 Hormisdte
2702 5646 2803 5737 qui
2834 5653 2956 5706 erat
3003 5653 3227 5704 tantum
3258 5646 3539 5701 diaconus
3570 5646 3715 5698 scri-

2015 5728 2101 5784 bit
2133 5742 2146 5782 :
2180 5730 2330 5784 novit
2360 5728 2562 5798 optime
2599 5727 2869 5781 sanctitas
2896 5728 3098 5779 vestra.
3672 5786 3673 5789 η

3179 5808 3193 5835 ς
3564 5786 3673 5817 ..ἐκ
