4088 6172
387 280 463 340 59
1048 282 1113 342 S.
1161 281 1529 343 GREGORII
1575 281 1818 344 MAGNI
1863 280 2069 355 VITA,
2114 281 2480 345 AUCTORE
2521 281 2826 344 JOANNE
2873 281 3231 344 DIACONO.
3841 275 3927 334 60

461 413 590 469 "(se
633 414 883 471 breviter
943 415 1014 472 de
1070 416 1187 472 vita
1225 416 1315 475 vel
1357 417 1581 474 actibus
1632 417 1788 473 beati
1840 416 2100 488 Gregorii
2129 418 2184 483 Α

391 504 546 560 dicta
575 510 730 561 sunt.

458 595 739 651 Ceterum
757 597 1015 669 quandiu
1043 599 1246 653 mundi
1270 597 1448 668 hujus
1476 598 1665 655 orbita
1689 598 2096 668 volvitur,ejus

389 683 680 740 laudabile
749 685 1018 742 meritum
1089 703 1322 759 semper
1389 687 1595 758 accipit
1663 688 2096 752 incrementum,

389 773 526 842 quia
552 773 736 845 ipsius
775 775 898 830 sine
943 775 1119 831 dubio
1169 777 1365 848 gloriae
1399 775 1730 845 ascribitur,
1781 774 1935 846 quod
1981 775 2101 829 haec

391 861 654 918 Romana
684 863 883 919 civitas
909 881 1025 920 una
1057 879 1188 920 cum
1213 866 1429 920 sanctis
1459 864 1740 936 apostolis
1762 866 1891 934 ejus
1916 864 2099 934 proci-

390 951 498 1005 bus
554 956 820 1007 constare
868 951 1118 1022 videtur,
1169 951 1257 1008 vel
1299 954 1430 1023 quia
1479 952 1792 1024 Anglorum
1848 950 2104 1007 Ecclesia

391 1056 540 1096 nova
597 1057 828 1113 semper
877 1040 1074 1098 sobole
1132 1042 1497 1110 fecundatur,
1584 1042 1672 1098 vel
1735 1043 1886 1114 quod
1943 1041 2101 1096 illius

390 1130 671 1187 doctrinis
703 1147 806 1203 per
834 1133 1034 1188 orbem
1068 1133 1406 1189 universum
1442 1132 1605 1188 multi
1638 1151 1670 1188 a
1702 1132 1952 1204 peccatis
1992 1130 2104 1187 I6

390 1219 665 1293 elongati,
715 1221 784 1276 ad
834 1221 1043 1278 Christi
1104 1223 1472 1280 clementiam
1527 1227 1961 1292 convertuntur,
2015 1223 2102 1278 vel

390 1309 542 1378 quod
568 1309 703 1367 boni
733 1311 952 1383 quique
985 1313 1108 1382 ejus
1158 1312 1530 1368 suasionibus
1579 1312 1950 1376 inﬂammati,
1994 1328 2098 1368 cm-

394 1399 597 1456 lestem
632 1403 875 1474 patriam
907 1404 1303 1461 desideranter
1335 1404 1661 1476 inquirunt.
1696 1403 1802 1469 Qui
1839 1404 2105 1458 beatissi-

395 1505 529 1546 mus
552 1492 809 1562 pontifex
833 1497 962 1564 post
995 1510 1169 1565 quam
1184 1495 1380 1550 sedem
1410 1493 1681 1549 Romanae
1704 1499 1760 1548 et
1775 1494 2103 1564 apostolicae

393 1577 659 1636 Ecclesiae
708 1581 878 1637 annis
936 1582 1232 1648 tredecim,
1285 1583 1584 1638 mensibus
1643 1599 1759 1648 sex,
1794 1586 1850 1638 et
1889 1581 2099 1636 diebus

395 1670 616 1740 decem,
646 1670 1065 1740 gloriosissime
1096 1672 1262 1738 rexit,
1309 1689 1377 1728 ex
1425 1673 1532 1728 hac
1574 1673 1700 1729 luce
1746 1674 2098 1739 subtractus,

2922 415 3004 468 Ex
3031 411 3233 468 eodem.

2278 507 2391 560 Hoc
2415 507 2611 562 eodem
2645 511 2906 575 tempore
2937 503 3092 559 idem
3135 503 3337 557 beatus
3367 498 3680 572 Gregorius
3712 499 3913 569 Augu-

2206 598 2448 664 stinum,
2482 602 2538 652 et
2566 597 2874 662 Mellitum,
2900 600 2956 650 et
2993 595 3278 649 Joannem
3311 608 3444 647 cum
3489 590 3617 646 aliis
3651 588 3923 659 pluribus

2210 687 2509 743 monachis
2558 687 2900 742 timentibus
2954 685 3157 752 Deum,
3208 683 3267 738 in
3304 679 3658 736 Britanniam
3707 678 3868 734 misit
3910 699 3924 747 ;

2208 794 2529 848 eorumque
2577 775 2983 847 praedicatione
3041 773 3254 845 Anglos
3303 773 3372 827 ad
3436 769 3734 825 Christum
3779 784 3924 824 con-

2209 868 2395 923 vertit.

2955 957 3035 1010 Ea:
3065 955 3269 1010 eodem.

2282 1053 2495 1108 Iisdem
2527 1051 2734 1106 diebus
2766 1047 3236 1119 sapientissimus
3267 1062 3328 1100 ac
3361 1044 3730 1100 beatissimus
3760 1044 3924 1111 Papa

2211 1140 2520 1212 Gregorius
2561 1139 2830 1194 Romanae
2881 1137 3042 1192 urbis
3092 1136 3398 1205 episcopus
3449 1133 3591 1205 (Lib.
3647 1150 3720 1200 IV,
3752 1131 3920 1199 0.1),

2215 1235 2344 1303 post
2374 1231 2489 1285 alia
2537 1230 2721 1283 multa
2767 1243 2892 1298 quae
2917 1227 2985 1280 ad
3039 1224 3341 1279 utilitatem
3386 1228 3598 1278 sanctae
3647 1219 3920 1276 Ecclesiae

2213 1321 2544 1392 scripserat,
2579 1320 2752 1375 etiam
2788 1319 2960 1372 libros
2992 1320 3244 1387 quatuor
3293 1314 3362 1369 de
3403 1313 3552 1367 Vitis
3580 1318 3920 1366 sanctorum

2215 1411 2545 1482 composuit
2579 1426 2590 1464 ε
2627 1425 2795 1480 quem
2837 1406 3090 1462 codicem
3121 1404 3440 1475 Dialogum,
3476 1403 3612 1473 quia
3642 1417 3772 1456 eum
3799 1399 3926 1453 col-

2214 1501 2463 1573 loquens
2485 1516 2615 1555 cum
2660 1515 2765 1555 suo
2806 1498 3050 1552 diacono
3082 1497 3246 1550 Petro
3275 1493 3547 1559 ediderat,
3592 1489 3926 1561 appellavit.

2211 1595 2323 1646 Uos
2356 1597 2546 1644 autem
2572 1588 2753 1642 libros
2780 1587 3048 1658 praefatus
3081 1601 3227 1655 papa
3257 1581 3665 1638 Theodelindaa
3703 1577 3924 1649 regina:

2214 1679 2399 1742 misit,
2432 1683 2631 1750 utpote
2664 1694 2837 1748 quam
2871 1675 3112 1744 sciebat,
3146 1683 3198 1728 et
3233 1673 3439 1727 Christi
3475 1670 3607 1724 ﬁdei
3640 1668 3924 1736 deditam,

395 1769 568 1831 atque
594 1759 668 1817 ad
708 1765 983 1818 aeternam
1033 1765 1197 1835 regni
1246 1764 1496 1820 ccelestis
1552 1765 1748 1820 sedem
1791 1766 2105 1819 translatus
2137 1741 2180 1806 Β
2212 1774 2270 1826 et
2291 1771 2346 1824 in
2374 1741 2540 1824 bonis
2564 1741 2793 1822 actibus
2834 1781 2962 1819 esse
2987 1741 3356 1834 praecipuam.
3383 1764 3491 1815 Per
3514 1759 3662 1813 hanc
3685 1771 3924 1828 quoque

396 1857 502 1906 est.
562 1850 840 1922 Sepultus
902 1868 1035 1907 vero
1083 1856 1173 1907 est
1219 1852 1277 1906 in
1343 1853 1587 1909 ecclesia
1654 1853 1801 1908 Petri
1853 1852 2099 1925 apostoli

399 1944 534 1995 ante
560 1941 957 2011 secretarium,
977 1946 1183 2014 quarto
1204 1943 1406 1998 iduum
1436 1943 1797 2010 Martiarum,
1823 1947 2100 2014 regnante

393 2027 641 2086 Domino
661 2035 856 2087 nostro
877 2031 1016 2088 Jesu
1035 2032 1285 2099 Christo,
1316 2032 1416 2104 qui
1449 2049 1582 2088 cum
1612 2034 1774 2088 Patre
1805 2037 1860 2088 et
1881 2033 2097 2104 Spiritu

395 2128 616 2188 sancto,
650 2121 791 2176 vivit
812 2126 869 2177 et
893 2132 1090 2195 regnat
1111 2124 1284 2190 Deus,
1321 2139 1421 2195 per
1451 2123 1646 2179 omnia
1677 2123 1890 2179 saecula
1921 2139 2102 2178 saecu-

392 2209 602 2265 lorum.
638 2212 836 2267 Amen.

801 2303 883 2359 Ex
920 2303 1101 2359 eodem
1133 2304 1304 2360 Paulo
1335 2307 1595 2360 Diacono.

461 2388 523 2444 In
555 2388 894 2460 pestilentiae
950 2392 1281 2448 calamitate
1331 2394 1704 2450 beatissimus
1754 2392 2092 2464 Gregorius.

389 2478 489 2548 qui
540 2483 682 2536 tunc
740 2480 914 2537 levita
969 2487 1110 2549 erat,
1163 2500 1196 2538 a
1254 2484 1479 2539 cunctis
1539 2483 1888 2556 generaliter
1945 2498 2095 2554 papa

388 2565 605 2622 electus
637 2573 726 2624 est
754 2570 897 2640 (Lib.
935 2587 986 2639 ν,
1027 2588 1073 2625 c.
1112 2571 1196 2637 li,
1236 2573 1367 2627 Hist.
1401 2574 1614 2645 Lang.).
1649 2572 1753 2636 Qui
1787 2573 1923 2627 dum
1957 2589 2094 2644 sep-

373 2655 661 2735 tiformen
694 2657 952 2715 litaniam
986 2661 1335 2727 ordinasset,
1367 2662 1520 2716 intra
1552 2662 1725 2717 unius
1765 2663 1916 2718 horae
1955 2679 2093 2734 spa-

388 2745 557 2813 tium,
610 2747 747 2802 dum
801 2749 996 2820 populi
1045 2750 1223 2805 Deum
1259 2757 1653 2822 precarentur,
1701 2753 1994 2823 octoginta
2025 2771 2091 2809 ex

389 2833 471 2888 eis
500 2834 692 2890 subito
725 2836 793 2891 ad
829 2840 1044 2891 terram
1077 2843 1435 2908 corruentes,
1483 2839 1754 2909 spiritum
1789 2841 2088 2896 exhalave-

388 2927 544 2978 runt.
578 2924 945 2995 Septit‘ormis
986 2932 1180 2982 autem
1242 2928 1443 2982 litania
1474 2928 1601 2983 ideo
1641 2929 1793 2986 dicta
1822 2935 1929 2998 est,
1955 2932 2090 3003 quia

390 3017 568 3072 totius
619 3015 788 3073 Urbis
839 3019 1090 3090 populus
1137 3037 1168 3074 a
1222 3021 1388 3075 beato
1446 3021 1715 3093 Gregorio
1767 3023 1824 3078 in
1871 3030 2092 3096 septem

390 3113 581 3176 partes
627 3105 809 3162 Deum
862 3109 1299 3179 deprecaturus,
1358 3109 1582 3166 divisus
1630 3116 1736 3166 est.
1783 3112 1843 3169 In
1906 3116 2093 3186 primo

392 3211 649 3267 namque
680 3196 855 3253 choro
889 3198 998 3253 fuit
1029 3199 1216 3255 omnis
1239 3199 1428 3256 clerus
1464 3219 1478 3270 ;
1511 3200 1569 3256 in
1603 3205 1860 3260 secundo
1892 3222 2097 3262 omnes

393 3284 632 3342 abbates
685 3302 819 3342 cum
853 3288 1156 3344 monachis
1193 3289 1317 3345 suis
1352 3307 1364 3357 ;
1398 3289 1456 3344 in
1489 3291 1656 3347 tertio
1687 3308 1890 3348 omnes
1922 3294 2100 3350 abba-

394 3373 548 3429 tissa:
580 3391 715 3430 cum
748 3377 1295 3450 congregationibus
1343 3380 1466 3436 suis
1498 3401 1511 3449 ;
1539 3381 1598 3436 in
1656 3387 1858 3452 quarto
1897 3400 2098 3441 omnes

359 3537 362 3541 _
395 3464 647 3521 infantes
681 3487 695 3536 ς
727 3466 785 3521 in
811 3468 1015 3538 quinto
1046 3486 1246 3525 omnes
1271 3469 1374 3525 viri
1401 3469 1532 3526 laici
1570 3487 1583 3538 ;
1618 3472 1677 3527 in
1707 3476 1865 3529 sexto
1896 3490 2097 3532 omnes

393 3554 580 3612 vidua:
602 3574 615 3622 ;
636 3559 691 3612 et
714 3557 771 3612 in
796 3560 1048 3629 septimo
1070 3575 1271 3615 omnes
1306 3560 1578 3616 mulieres
1602 3564 1942 3634 conjugatze.
1967 3564 2098 3621 Ideo

393 3651 585 3702 autem
618 3648 688 3702 de
734 3647 902 3703 beato
953 3649 1224 3721 Gregorio
1303 3649 1466 3720 plura
1514 3652 1704 3708 dicere
1742 3654 2095 3722 omittimus,

392 3735 530 3807 quia
552 3737 675 3806 jam
708 3743 844 3793 ante
892 3737 1112 3810 aliquot
1166 3757 1349 3796 annos
1378 3741 1505 3811 ejus
1543 3742 1760 3811 Vitam,
1792 3742 1908 3798 Deo
1941 3746 2098 3800 auxi-

389 3824 590 3893 liante,
641 3828 1070 3894 contexuimus,
1110 3829 1171 3885 iu
1231 3847 1367 3902 qua,
1402 3848 1532 3904 qua;
1570 3832 1814 3889 dicenda
1849 3833 2094 3905 fuerant,

380 3913 541 3984 justa
594 3917 898 3973 tenuitatis
960 3921 1169 3973 nostrae
1224 3920 1393 3988 vires,
1471 3921 1743 3979 universa
1791 3924 2093 3996 descripsi'

391 4022 540 4062 mus.

394 4314 405 4325 .
464 4244 940 4326 (plangendum,
998 4246 1308 4326 septimam.
1379 4245 1596 4302 Phocas
1643 4260 1883 4326 regnare
1922 4246 2093 4326 coepit

390 4314 594 4397 indict.
644 4314 1165 4397 cujusoprpinde
1213 4332 1402 4397 annus
1458 4314 1749 4397 βεϐοηᾳάυέ
1781 4314 2092 4397 respondet

390 4386 694 4442 indietioni
725 4388 783 4443 7.
819 4386 1040 4444 Deinde
1070 4393 1298 4444 constat
1322 4393 1590 4445 sanctum
1613 4386 1952 4461 Gregorium
1983 4406 2094 4447 caa-

2212 1861 2469 1931 reginam
2496 1856 2741 1912 multum
2767 1854 3040 1909 utilitatis
3065 1852 3320 1907 Ecclesia
3347 1849 3448 1904 Dei
3471 1850 3774 1904 consecuta
3797 1849 3922 1913 est;

2212 1966 2345 2005 nam
2379 1963 2523 2019 pene
2574 1962 2775 2002 omnes
2825 1943 3213 1998 Ecclesiarum
3251 1937 3640 1995 sublimitates
3691 1937 3920 2006 Lango-

2211 2037 2396 2105 bardi,
2433 2053 2556 2092 cum
2584 2035 2777 2090 adhuc
2824 2032 3164 2104 gentilitatis
3195 2045 3384 2086 errore
3437 2031 3788 2092 tenerentur,
3824 2025 3921 2079 in-

2208 2133 2482 2185 vaserunt
2511 2150 2526 2194 ;
2551 2125 2650 2180 sed
2676 2126 2805 2194 ejus
2837 2121 3055 2177 salubri
3089 2118 3515 2191 supplicatione
3574 2132 3670 2171 rex
3693 2130 3922 2186 permo-

2211 2228 2320 2285 tus,
2346 2223 2403 2272 et
2419 2214 2763 2272 catholicam
2783 2212 2955 2267 ﬁdem
2984 2210 3188 2275 tenuit,
3217 2216 3267 2264 et
3287 2208 3498 2264 multas
3521 2205 3918 2276 possessiones

2205 2308 2473 2364 Ecclesiae
2505 2305 2747 2377 largitus
2797 2308 2930 2370 est;
2986 2311 3156 2373 atque
3196 2300 3516 2371 episcopos,
3574 2297 3671 2368 qui
3713 2295 3771 2349 in
3816 2295 3921 2349 de-

2207 2397 2508 2470 pressione
2539 2399 2595 2450 et
2626 2393 2953 2466 abjectione
2983 2395 3167 2456 erant,
3202 2390 3271 2445 ad
3297 2388 3631 2460 dignitatem
3658 2393 3709 2440 et
3741 2384 3922 2439 hono-

2207 2507 2327 2547 rem
2361 2487 2609 2544 reduxit.

2875 2575 2911 2629 I
2937 2573 2981 2630 7
3013 2573 3236 2630 Ibidem.

2275 2670 2386 2725 Rex
2423 2670 2617 2724 autem
2654 2664 2965 2737 Agilulfus,
3027 2663 3310 2719 exstincto
3357 2659 3728 2728 Mauritione,
3766 2657 3916 2713 Tici-

2202 2776 2346 2815 num
2381 2758 2692 2830 repedavit.
2726 2755 2839 2810 Nec
2891 2753 3068 2808 multo
3101 2755 3230 2823 post
3274 2752 3623 2821 suggerente
3664 2747 3915 2802 maxime

2198 2848 2585 2905 Theodelinda
2608 2845 2824 2916 regina,
2857 2844 3102 2913 conjuge
3142 2841 3289 2909 ejus,
3331 2839 3480 2894 sicut
3535 2853 3664 2893 eam
3708 2838 3913 2891 beatus

2202 2937 2514 3009 Gregorius
2546 2935 2669 2991 suis
2694 2933 2957 3005 epistolis
2981 2932 3195 3003 saepius
3228 2929 3627 2989 admonuerat,
3653 2942 3784 2981 cum
3817 2939 3911 2980 eo-

2205 3029 2335 3083 dem
2366 3027 2486 3081 viro
2513 3023 2884 3080 sanctissimo
2937 3038 3086 3093 papa
3116 3020 3392 3090 Gregorio
3432 3025 3604 3088 atque
3634 3014 3913 3070 Romanis

2209 3131 2408 3189 pacem
2445 3114 2844 3170 ﬁrmissimam
2893 3110 3132 3183 pepigit.

2923 3197 3153 3251 Ibidem.

2282 3294 2446 3348 Tunc
2469 3292 2674 3347 beatus
2698 3288 3008 3361 Gregorius
3032 3303 3179 3358 papa
3213 3285 3483 3356 migravit
3503 3285 3571 3340 ad
3596 3282 3914 3350 Christum,

2217 3381 2325 3438 I8
2359 3382 2630 3453 cumjam
2681 3380 2900 3434 Phocas
2951 3394 3052 3448 per
3099 3375 3477 3430 indictionem
3528 3373 3603 3444 (a)
3647 3377 3907 3427 octavam

2209 3491 2362 3529 anno
2379 3475 2646 3545 regnaret
2664 3471 2940 3527 secundo.
2967 3468 3146 3538 Cujus
3171 3467 3228 3521 in
3249 3465 3440 3521 locum
3465 3463 3534 3519 ad
3557 3460 3913 3533 apostolatus

2208 3562 2462 3620 ofﬁcium
2496 3560 2847 3616 Sabinianus
2877 3561 2968 3613 est
2998 3557 3322 3612 ordinatus.
3348 3553 3478 3608 Fuit
3500 3556 3690 3607 autem
3727 3549 3914 3604 hiems

2209 3654 2410 3726 frigida
2434 3652 2611 3707 nimis
2647 3671 2660 3718 ;
2690 3658 2743 3705 et
2776 3654 3017 3705 mortuae
3049 3651 3189 3702 sunt
3210 3645 3351 3700 vites
3383 3660 3527 3716 pene
3558 3643 3615 3696 in
3640 3638 3912 3696 omnibus

2209 3743 2372 3800 locis.
2406 3743 2622 3798 Messes
2654 3757 2878 3812 quoque
2933 3754 3215 3809 percussae
3250 3734 3488 3789 uredine
3537 3731 3756 3803 passim
3788 3745 3914 3783 eva-

2205 3849 2407 3890 nuere.
2457 3831 2669 3887 Debuit
2745 3829 2958 3885 ctenim
3027 3826 3283 3881 mundus
3351 3823 3560 3876 famem
3633 3819 3910 3888 sitimque

2205 3924 2347 3996 pati,
2380 3923 2633 3993 quando,
2691 3919 3003 3974 decedente
3051 3918 3214 3971 tanto
3247 3914 3502 3978 doctore,
3541 3908 3772 3965 animas
3804 3907 3908 3962 ho-

2205 4014 2431 4069 minum
2453 4009 2775 4084 spiritualis
2796 4007 3084 4064 alimoniae
3108 4003 3376 4076 penuria,
3408 4002 3649 4072 sitisque
3671 3999 3912 4056 ariditas

2205 4102 2437 4158 invasit.

2205 4246 2361 4319 pisse
2389 4260 2584 4316 regere
2609 4241 2929 4300 Ecclesiam
2962 4239 3163 4296 indict.
3214 4239 3269 4306 9,
3295 4237 3630 4319 rexisseque
3661 4249 3762 4306 per
3781 4239 3909 4319 .tre-

2203 4307 2391 4375 decim
2434 4307 2618 4372 {unos
2648 4321 2703 4372 et
2747 4331 2846 4371 sex
2895 4328 3146 4380 menses,
3181 4327 3247 4366 ac
3279 4310 3565 4382 migrasse
3598 4308 3658 4363 in
3690 4307 3901 4363 ccelum

2204 4405 2400 4447 mense
2431 4388 2658 4454 Martio,
2689 4391 2960 4445 currente
2989 4384 3193 4440 indict.
3224 4383 3280 4437 7.

387 4503 3897 4546 Μ

1926 4605 2354 4721 SANCTI

1107 4784 2283 4988 GBEGORII
2430 4781 3181 4983 MAGNI

1923 5054 2344 5200 VITA,

1284 5261 1324 5311 Δ
1353 5255 1617 5313 JOANNE
1647 5253 1955 5312 DIACONO
1987 5254 2290 5312 SCRIPTA
2323 5253 2550 5310 LIBRIS
2583 5251 2944 5318 QUATUOR.

1097 5439 1420 5501 JOANNIS
1454 5439 1764 5501 DIACONI
1796 5439 1885 5499 CA
1901 5439 2116 5502 RMEN
2147 5439 2252 5499 AD
2283 5436 2647 5499 JOANNEM
2681 5433 2944 5495 PAPAM
2977 5429 3134 5493 VIII.

384 5567 497 5626 I9
518 5570 758 5642 Suscipe
780 5568 1118 5638 Romuleos,
1141 5570 1700 5640 Pastorveuerande,
1722 5571 2079 5645 triumphos,
2109 5576 2156 5640 D
2257 5569 2332 5626 Ut
2352 5570 2531 5642 jubar
2561 5567 2841 5626 auricomi
2871 5564 3014 5622 solis
3053 5564 3111 5619 in
3143 5563 3282 5619 orbe
3311 5560 3475 5617 eluit.

448 5660 709 5734 Gregorii
741 5661 926 5717 sancti
958 5659 1189 5731 suscipe
1219 5664 1382 5732 gesta
1419 5663 1529 5721 tui.

375 5751 484 5820 Qui
508 5751 687 5810 nituit
715 5751 910 5825 factis,
937 5749 1151 5823 verbis,
1183 5749 1536 5823 scriptisque
1565 5754 1768 5823 beatis,

2190 5661 2420 5731 Forma,
2456 5660 2655 5726 decus,
2687 5655 2986 5728 speculum
3016 5653 3123 5709 tibi
3154 5653 3245 5721 sit,
3269 5654 3380 5721 via,
3413 5653 3531 5708 vita
3562 5664 3661 5724 per
3681 5661 3887 5711 avum,

2261 5750 2322 5808 Si
2351 5749 2522 5824 cupis
2550 5751 2832 5808 atomum
2869 5743 3016 5803 ferre
3045 5741 3458 5802 sacerdotium.
