4114 6178
222 254 290 316 61
636 258 698 319 S.
744 259 1124 324 GREGORII
1169 261 1431 323 MAGNI
1475 261 1694 341 VlTA,
1742 261 2104 326 AUCTORE
2149 265 2454 326 JOANNE
2501 265 2844 328 DlACONO
2891 269 3331 332 PREFATIO.
3671 239 3751 332 62

218 394 364 450 Nam
401 396 504 467 qui
540 413 653 452 non
687 398 866 470 hujus
898 400 1162 472 sequitur
1199 400 1445 471 vestigia
1475 400 1708 471 praesul,

323 487 479 542 Ante
511 487 694 543 Deum
727 490 937 561 praesul
971 507 1084 546 non
1126 490 1254 551 erit,
1288 491 1405 546 imo
1441 507 1634 560 pecus.

219 573 370 629 Hinc
403 578 723 634 Psalmista
753 581 908 636 canit
937 580 1234 636 hominem
1267 581 1529 636 similare
1560 580 1826 642 caballis,

325 662 607 733 Ignavum
642 668 857 734 stultis,
893 667 992 740 qui
1028 669 1138 723 sub
1175 668 1387 724 honore
1432 669 1594 739 perit.

218 752 584 810 Nocturnum
618 758 888 814 dedimus
919 764 1121 814 sancto
1140 763 1495 830 cautumque
1526 758 1828 818 diurnum.

327 841 705 903 Carminibus
735 848 958 903 clarum
999 848 1479 920 concinimusque
1511 847 1719 904 virum.

219 928 324 984 30
345 937 542 994 Redde
563 937 767 1005 vicem,
793 938 1150 1010 scriptor(a),
1184 954 1424 995 servans
1452 937 1598 998 cola,
1625 946 1937 1009 commata,

848 1034 1020 1084 uncta

804 1045 1043 1100 puneta,

284 1126 373 1180 Ne
406 1129 511 1178 tua
568 1119 916 1176 mendosum
950 1118 1164 1190 pagina
1198 1125 1387 1174 servet
1417 1134 1587 1191 opus.

288 1268 369 1336 (α)
405 1267 494 1320 Ita
522 1264 699 1320 Codd.
725 1264 1192 1336 Bigot.,TuAron..
1229 1278 1328 1336 seu
1365 1266 1554 1318 sancti
1591 1263 1843 1322 Martini,
1881 1268 1935 1317 et

213 1333 433 1393 aliiﬁln
471 1338 620 1390 Edit.
659 1335 882 1398 Mabil.,
916 1333 1143 1389 reddens
1171 1334 1314 1400 eota,
1361 1340 1656 1401 commata,
1688 1344 1932 1405 punclos.

285 1410 360 1481 (b)
396 1409 467 1464 Hi
493 1416 618 1464 octo
649 1423 852 1462 versus
875 1405 1063 1460 ultimi
1098 1406 1441 1461 omittuntur
1478 1407 1536 1460 in
1569 1408 1703 1461 Mss.
1747 1406 1932 1462 sancti

1965 404 2022 468 A
2054 402 2128 471 (ὁ)
2165 403 2383 459 Ludere
2415 421 2507 460 me
2540 403 2710 460 libuit
2733 404 3026 461 variabilis
3057 405 3258 462 ordine
3288 408 3503 480 campi,

2157 493 2472 564 Postquam
2505 512 2674 565 prosa
2708 495 2872 566 fugit,
2909 512 3079 550 musa
3106 496 3304 565 iocosa
3333 497 3504 553 redit.

2051 581 2176 633 llaec
2212 582 2352 634 mihi
2389 589 2445 635 tu
2483 583 2706 640 tribuis,
2742 585 2939 638 doctor
2970 585 3220 654 pretiose
3251 585 3512 659 Gregori,

2155 671 2259 734 Qui
2288 671 2437 724 bona
2469 672 2572 726 das
2598 672 2850 741 famulis,
2876 673 2976 729 sed
3013 674 3156 728 mala
3185 674 3366 735 nulla,
3400 675 3538 731 tuis.

2047 755 2298 812 Vestitus
2329 760 2496 830 ccepi,
2531 763 2716 817 nudus
2748 767 2850 818 tua
2879 764 3080 818 munia
3113 763 3254 832 dixi,

2158 848 2337 904 Indue
2369 864 2459 904 me
2494 851 2676 911 factis,
2720 851 3152 923 vallaribusque
3183 855 3323 909 tuis.

2048 937 2115 989 Et
2138 937 2271 1006 quia
2304 939 2563 994 mortalis
2595 941 2808 994 desunt
2848 941 3195 997 commercia
3225 942 3437 1012 carnis,

2156 1026 2236 1080 Da
2260 1027 2402 1082 mihi
2434 1029 2543 1083 sub
2580 1029 2827 1099 pedibus
2869 1047 3036 1100 posse
3070 1031 3264 1100 jacere
3297 1031 3438 1088 tuis.

2047 1262 2503 1319 MartiniTurou.
2524 1263 2952 1320 Desuntomnia
2971 1264 3231 1320 carmina
3252 1264 3311 1321 in
3337 1265 3437 1321 Ed.
3459 1265 3750 1324 Gussanv.

2046 1340 2100 1390 et
2130 1336 2263 1390 aliis
2297 1340 2499 1403 prater
2525 1334 2720 1391 Mabil.

1653 1764 2223 1855 Pll/EFATIO
2259 1772 2318 1836 ³-

273 2145 628 2202 Bealissimo
660 2163 724 2201 ac
776 2146 1112 2204 felicissimo
1164 2146 1382 2200 Domno
1423 2142 1656 2202 Joanni,
1707 2147 1923 2198 sanctae
1958 2147 2004 2212 Β
2035 2144 2297 2213 ejusdem
2346 2143 2618 2203 doctoris,
2689 2161 2806 2214 qua
2864 2142 3074 2198 librum
3144 2139 3377 2211 Regulae
3439 2133 3753 2209 pastoralis

191 2235 508 2292 catholicae
559 2240 614 2292 et
655 2235 983 2306 apostolicae
1036 2235 1308 2290 Romanis
1350 2230 1618 2287 Ecclesiae
1667 2231 1919 2302 praesuli,

188 2327 460 2382 Joannes
496 2325 742 2381 ultimus
773 2325 1097 2381 levitarum.

262 2416 472 2487 1Nuper
493 2417 565 2471 ad
606 2415 832 2486 vigilias
853 2415 1009 2470 beati
1031 2413 1289 2484 Gregorii
1317 2414 1413 2484 (b),
1458 2411 1703 2468 Romani
1728 2412 1917 2483 ponti-

191 2506 341 2563 ficis,
377 2504 705 2576 Anglorum
739 2505 928 2576 gentis
977 2501 1244 2575 apostoli,
1290 2501 1532 2557 lectione
1562 2503 1630 2557 de
1678 2501 1916 2556 Paulino

187 2595 454 2650 civitatis
518 2593 752 2648 Nolana;
801 2591 1044 2664 praesule
1109 2589 1668 2647 consuetudinaliter
1715 2604 1914 2660 perso-

188 2684 571 2751 nante,visns
605 2699 663 2739 es
696 2700 728 2737 a
760 2681 1188 2738 venerabilibus
1213 2681 1520 2752 episcOpis,
1541 2681 1735 2736 divino
1767 2695 1910 2751 quo-

187 2775 322 2829 dam
353 2772 644 2828 instinctu
696 2783 1041 2834 commotus,
1075 2771 1374 2843 requirere
1400 2787 1502 2826 cur
1542 2775 1740 2825 tantus
1774 2766 1913 2841 pon-

184 2865 346 2929 tifex,
377 2863 481 2934 qui
511 2864 827 2918 multorum
856 2867 1191 2918 sanctorum
1216 2861 1376 2915 Vitas
1427 2865 1704 2920 texuerat,
1738 2861 1912 2931 gestis

184 2953 445 3025 propriis
478 2953 535 3007 in
563 2953 794 3023 propria
815 2953 1095 3008 duntaxat
1116 2951 1376 3007 Ecclesia
1406 2950 1687 3005 caruisset
1718 2967 1731 3017 ;
1758 2967 1908 3020 pree-

184 3041 395 3096 sertim
421 3057 559 3096 cum
584 3045 636 3095 et
661 3041 813 3110 apud
836 3040 1113 3106 Saxones,
1138 3043 1194 3094 et
1213 3039 1366 3109 apud
1397 3038 1906 3106 Langobardorum

183 3132 290 3186 sibi
340 3147 594 3202 prorsus
643 3130 1101 3185 infensissimam
1135 3134 1394 3200 gentem,
1427 3127 1604 3198 gestis
1653 3128 1902 3198 propriis

184 3222 408 3291 ubique
443 3220 708 3291 polleret.
736 3219 992 3290 Cumque
1013 3218 1372 3274 venerabiles
1413 3217 1665 3287 episCOpi
1701 3217 1801 3272 has
1833 3218 1906 3272 ab

184 3311 462 3381 utrisque
494 3309 769 3379 gentibus
800 3308 995 3364 haberi
1020 3309 1280 3379 quidem,
1315 3308 1414 3363 sed
1449 3307 1907 3377 compendiosis-

182 3401 348 3466 sime,
391 3399 840 3470 responderent,
893 3415 1077 3454 meam
1121 3415 1351 3470 quoque
1401 3397 1740 3469 parvitatem
1776 3415 1908 3453 con-

182 3492 476 3554 sciscens,
538 3505 894 3562 praceperas
960 3493 1024 3545 ut
1086 3489 1279 3544 Vitam
1329 3488 1514 3560 ipsius
1572 3489 1642 3544 de
1690 3466 1977 3544 scrinioc

182 3584 404 3634 sanctae
470 3580 622 3634 sedis
666 3580 1018 3651 apostolicae,
1066 3583 1228 3634 tanto
1277 3577 1527 3650 plenius,
1575 3585 1794 3649 quanto
1846 3584 1904 3635 et

183 3672 408 3725 certius
474 3685 704 3739 carpere
760 3670 1145 3726 studuissem.
1176 3671 1282 3725 Sed
1337 3671 1476 3726 dum
1526 3686 1629 3740 ego
1658 3671 1901 3741 propriae

182 3759 414 3813 inertiae
448 3760 737 3818 conscius,
773 3775 867 3814 me
899 3759 1039 3814 meis
1074 3759 1386 3831 prioribus,
1431 3775 1496 3814 ac
1529 3775 1630 3829 per
1668 3759 1778 3814 hoc
1808 3776 1902 3815 sa-

181 3848 605 3917 pientioribus,
641 3849 734 3920 qui
757 3849 934 3904 vitam
964 3849 1114 3918 ejus,
1139 3848 1272 3904 licet
1295 3849 1560 3908 breviter,
1581 3852 1773 3904 tamen
1806 3849 1901 3920 pio

176 3942 420 4003 conatu,
453 3938 962 4009 pulcherrimoque
1006 3937 1156 4007 stylo
1173 3937 1619 4009 descripserant,
1638 3937 1900 3993 conferre

179 4028 421 4096 penitus
452 4027 806 4094 dubitarem,
859 4026 1177 4082 identidem
1222 4027 1482 4097 jubeudo
1530 4027 1903 4082 vehementer

176 4115 453 4170 hortatus
484 4131 562 4181 es,
605 4122 668 4171 ut
701 4117 980 4172 Romanis
1028 4115 1180 4171 sedis
1230 4115 1592 4186 pontiﬁcem,
1633 4116 1900 4186 ejusdem

177 4205 343 4259 sedis
389 4205 656 4274 praesulis
707 4206 1067 4276 auctoritate,
1118 4205 1528 4272 describerem,
1587 4205 1682 4261 cui
1747 4205 1901 4261 Deus

178 4294 561 4365 omnipotens
586 4295 1018 4365 probandorum
1052 4310 1150 4350 seu
1175 4293 1636 4365 repellendorum
1662 4294 1905 4364 scripto-

178 4399 305 4438 rum
337 4384 612 4439 omnium
637 4384 949 4454 specialem
976 4384 1201 4440 dederit
1224 4383 1424 4455 procul
1450 4383 1628 4439 dubio
1653 4388 1901 4454 potesta-

179 4479 316 4528 tem.
381 4473 581 4542 Itaque
633 4477 750 4527 tam
791 4473 1125 4545 imperiosis
1179 4473 1617 4529 auctoritatibus
1664 4472 1902 4530 tandem

183 4559 555 4632 compulsus,
606 4561 697 4616 vix
746 4561 1000 4632 primum
1069 4561 1285 4617 librum
1345 4561 1707 4633 Gregoriansa
1759 4561 1902 4618 Vitae

180 4667 302 4707 com
315 4651 642 4723 pleveram,
656 4653 894 4722 quando
909 4653 1084 4713 hunc,
1121 4653 1177 4707 in
1193 4653 1453 4723 ejusdem
1469 4651 1682 4721 vigiliis
1710 4667 1904 4708 annua

180 4740 468 4810 vertigine
502 4737 804 4806 revolulis,
833 4744 935 4796 tua
963 4740 1229 4812 probavit
1252 4740 1465 4812 pariter
1493 4757 1558 4796 ac
1581 4740 1900 4812 publicavit

182 4828 274 4884 2|
320 4828 668 4884 auctoritas.
724 4830 875 4901 Ergo
926 4829 1230 4886 sollicitior
1293 4833 1478 4887 factus
1541 4830 1610 4885 ad
1671 4834 1896 4896 caetera,

185 4935 370 4989 pauca
405 4919 476 4973 de
509 4917 724 4985 multis,
756 4924 812 4974 te
860 4921 1173 4989 incentore,
1207 4926 1261 4977 te
1293 4923 1659 4992 praeceptore,
1693 4925 1749 4975 te
1781 4921 1900 4977 fau-

184 5014 324 5077 tore,
355 5011 770 5083 tequejudice,
805 5011 1100 5085 colligens,
1143 5013 1200 5069 in
1237 5012 1405 5069 libris
1435 5019 1701 5086 quatuor,
1731 5013 1899 5069 auxi-

187 5098 361 5156 liante
380 5099 649 5169 Domino,
673 5104 956 5160 coarctavi
982 5121 995 5173 ;
1015 5109 1071 5162 et
1092 5105 1411 5162 secundum
1429 5104 1896 5162 distributionem

263 5298 341 5374 (ᾳ)
373 5299 581 5370 Bigot.,
614 5301 675 5354 in
708 5316 855 5356 nom.
887 5302 1254 5359 sanctissim
1282 5306 1333 5359 et
1379 5302 1492 5358 ind.
1529 5303 1676 5359 Trin.
1710 5303 1902 5374 incipit

193 5371 468 5439 prologue,
501 5377 610 5426 etc.

260 5442 528 5523 (maliest
548 5444 778 5523 Romani
799 5463 832 5501 a
853 5444 1010 5502 Colb.
1038 5446 1241 5518 Bigot..
1264 5447 1484 5504 Gemet.
1524 5451 1581 5504 et
1600 5447 1901 5519 Andegav.

195 5515 378 5568 sancti
402 5513 618 5570 Albini.

265 5585 339 5659 (ς)
364 5585 678 5659 _Gernetic.,
723 5592 960 5659 perfecte
990 5591 1200 5646 docens.
1233 5652 1236 5656 ,

269 5655 343 5724 (d)
363 5656 424 5712 In
452 5656 672 5716 Gemet.
694 5655 751 5715 et
780 5655 964 5731 B’igot.
997 5663 1160 5718 deest
1186 5663 1418 5720 similia.

2033 2233 2456 2305 quadripartita
2488 2234 2708 2289 ratione
2754 2232 3115 2290 distinxerat,
3155 2245 3262 2301 ego
3293 2242 3521 2300 quoque
3554 2225 3752 2292 illum,

2031 2323 2284 2394 qualiter
2309 2325 2378 2378 ad
2405 2323 2635 2379 culmen
2661 2321 2962 2394 regiminis
2995 2319 3236 2386 venerit,
3262 2318 3322 2374 in
3348 2318 3534 2390 primo
3567 2313 3747 2385 hujus

2029 2413 2222 2485 operis
2268 2413 2414 2469 libro
2459 2413 2725 2485 perhibui
2791 2429 2804 2478 ;
2843 2416 2900 2467 et
2947 2412 3019 2466 ad
3070 2411 3179 2466 hoc
3233 2409 3339 2464 rite
3381 2404 3752 2477 perveniens,

2028 2503 2275 2574 qualiter
2302 2503 2522 2570 vixerit,
2558 2503 2617 2557 in
2649 2502 2904 2558 secundo
2928 2499 3178 2555 disserui
3215 2515 3228 2566 ;
3257 2502 3313 2553 et
3344 2498 3491 2552 bene
3523 2495 3742 2560 vivens,

2027 2591 2274 2663 qualiter
2303 2592 2590 2658 docuerit,
2622 2591 2680 2645 in
2705 2590 2873 2645 tertio
2896 2588 3196 2658 designavi
3235 2586 3418 2658 ;et(c)
3451 2589 3605 2641 recte
3637 2583 3740 2638 do-

2025 2699 2186 2750 cens,
2221 2681 2624 2736 inﬁrmitatem
2658 2695 2823 2735 suam
2863 2678 3124 2749 quotidie
3155 2680 3372 2748 quanta
3402 2672 3740 2729 considera-

2024 2773 2180 2827 tione
2211 2770 2562 2843 cognoverit,
2595 2770 2654 2824 in
2707 2772 2913 2840 quarto
2959 2766 3241 2824 conclusi.
3274 2765 3470 2836 Neque
3503 2776 3749 2833 magno-

2024 2877 2158 2932 pere
2184 2868 2443 2932 tempora
2475 2860 2835 2931 temporibus
2889 2855 3129 2926 contuli,
3179 2856 3276 2911 sed
3310 2854 3483 2910 rebus
3523 2849 3682 2909 simil
3698 2850 3744 2906 i-

2022 2951 2131 3005 bus
2162 2951 2235 3021 (d)
2269 2950 2482 3006 similia
2512 2948 2794 3019 coaptavi,
2829 2948 3109 3018 quoniam
3143 2961 3338 3002 revera
3361 2960 3476 2999 non
3507 2945 3739 2997 tantum

2020 3041 2255 3110 quando
2289 3040 2541 3110 fecisset,
2577 3040 2677 3096 sed
2710 3049 2996 3109 quantum
3044 3036 3290 3103 fecisset,
3335 3033 3619 3090 sollicitus
3641 3031 3741 3087 de-

2020 3130 2227 3185 florare
2251 3131 2468 3186 curavi.
2520 3131 2583 3186 In
2615 3130 2830 3201 quibus
2881 3142 3218 3202 quanquam
3270 3124 3450 3180 multa
3478 3126 3534 3178 et
3571 3121 3734 3176 varia

2018 3227 2342 3280 memoratu
2367 3223 2542 3292 digna
2583 3221 2653 3292 (e)
2687 3220 2876 3275 studio
2904 3215 3202 3274 brevitatis
3231 3213 3550 3272 omiserim,
3576 3209 3725 3265 nihil

2020 3312 2263 3370 memini
2305 3326 2399 3367 me
2430 3310 2717 3383 posuisse,
2768 3309 2921 3380 quod
2954 3307 3304 3377 scriptorum
3334 3306 3594 3358 veterum
3627 3314 3734 3355 ne-

2018 3403 2544 3476 queatauctoritate
2565 3399 2816 3467 defendi,
2840 3397 3094 3468 exceptis
3119 3393 3232 3450 illis
3256 3390 3556 3448 miraculis
3580 3405 3728 3461 qua,

2017 3498 2230 3550 nostris
2257 3491 2618 3563 temporibus
2639 3491 2786 3544 facta
2813 3491 2905 3559 (f),
2931 3485 3046 3541 293
3081 3483 3280 3541 multis
3304 3483 3493 3538 adhuc
3536 3495 3736 3551 super-

2012 3583 2259 3650 stitibus,
2299 3581 2445 3636 vivis
2484 3579 2723 3635 vocibus
2771 3577 3161 3633 celebrantur.
3193 3572 3252 3628 Si
3285 3572 3376 3629 cui
3413 3576 3630 3637 tamen,
3670 3570 3735 3624 ut

2011 3673 2243 3735 assolet,
2279 3673 2462 3727 visum
2496 3670 2670 3725 fuerit
2699 3667 2886 3734 aliter,
2938 3667 3009 3722 ad
3042 3662 3466 3738 plenitudinem
3521 3657 3728 3715 scrinii

2009 3763 2179 3818 vestri
2231 3777 2554 3819 recurrens.
2607 3763 2688 3815 tot
2727 3756 3040 3814 charticios
3108 3754 3288 3810 libros
3336 3749 3724 3822 epistolarum

2008 3851 2274 3924 ejusdem
2307 3850 2516 3916 Patris,
2553 3852 2696 3920 quot
2724 3863 2909 3902 annos
2953 3845 3233 3917 probatur
3272 3840 3504 3908 vixisse,
3536 3835 3724 3898 revol.

2009 3946 2123 3997 vat.
2157 3940 2225 3995 Et
2256 3940 2395 4010 quia
2441 3937 2709 4008 quaedam
2759 3936 3013 3994 illarum,
3047 3932 3203 3988 vario
3249 3935 3510 3998 tempore
3539 3927 3722 3982 desti-

2012 4035 2180 4097 nata,
2213 4028 2549 4084 varietatem
2581 4039 2862 4081 sensuum
2895 4023 3167 4086 retinent,
3215 4018 3548 4086 eaedemque
3579 4030 3728 4070 non-

2012 4118 2191 4174 nullis
2206 4119 2465 4189 integrm,
2486 4113 2838 4186 quibusdam
2851 4127 2983 4167 vero
3009 4114 3166 4179 parte
3178 4107 3375 4178 aliqua
3393 4104 3722 4161 diminutas.

2013 4225 2112 4279 pro
2147 4221 2548 4278 personarum,
2589 4203 2873 4268 locorum,
2905 4200 3025 4256 sive
3059 4206 3381 4268 temporum
3422 4194 3730 4266 dispensa-

2010 4298 2187 4362 tione,
2229 4297 2522 4365 videntur,
2573 4295 2685 4350 ﬁne
2751 4300 2919 4349 tenus
2987 4288 3288 4360 relegendo
3332 4284 3652 4356 conspiciat
3703 4299 3720 4351 ;

2011 4388 2211 4460 sicque
2233 4389 2465 4443 demum
2501 4385 2752 4442 lucidam
2783 4382 3084 4440 veritatem
3107 4394 3478 4450 cognoscens,
3506 4391 3598 4430 me
3619 4376 3724 4429 aut

2010 4494 2143 4533 cum
2174 4477 2414 4533 amasiis
2463 4475 2754 4541 defendat,
2787 4477 2889 4530 aut
2939 4487 3073 4528 cum
3115 4467 3427 4526 ausoribus
3455 4471 3665 4537 arguat
3697 4481 3713 4532 ;

2012 4582 2348 4639 quanquam
2380 4566 2438 4622 in
2457 4581 2521 4622 eo
2555 4565 2708 4636 quod
2746 4567 2846 4619 tuo
2869 4560 3091 4632 judicio
3134 4559 3352 4630 placeo,
3384 4553 3612 4614 cunctis
3633 4568 3725 4608 ve-

2012 4657 2241 4712 ritatem
2273 4655 2578 4712 tuentibus
2608 4671 2701 4712 me
2732 4656 3008 4725 perpetuo
3042 4649 3392 4722 placiturum
3426 4646 3544 4702 fore
3572 4659 3719 4716 pra:-

2010 4763 2256 4805 sumam.
2283 4746 2414 4803 Peto
2438 4745 2614 4818 igitur
2635 4749 2701 4801 ut
2730 4743 2878 4800 sicut
2899 4743 3015 4799 tuis
3031 4739 3394 4812 jussionibus
3416 4734 3719 4792 humiliter

2011 4836 2303 4910 parui,sic
2333 4836 2487 4892 beati
2539 4834 2794 4908 Gregorii
2830 4833 3124 4905 precibus,
3167 4835 3221 4886 et
3256 4830 3314 4884 in
3363 4828 3471 4882 hoc
3502 4820 3714 4880 saeculo

2008 4927 2079 4983 ab
2130 4925 2474 4982 aemulorum
2513 4924 2766 4989 insidiis,
2817 4931 2869 4980 et
2920 4923 2981 4978 in
3014 4921 3208 4977 futuro
3256 4936 3288 4973 a
3345 4915 3717 4988 peccatorum

2007 5017 2254 5072 nexibus
2303 5031 2527 5072 merear
2573 5012 3027 5071 misericorditer
3077 5007 3308 5066 liberari
3353 5019 3450 5077 per
3515 5002 3715 5056 .Iesum

2008 5109 2302 5165 Christum
2333 5105 2647 5165 Dominum
2685 5108 2976 5162 nostrum.
3008 5103 3193 5155 Amen
3224 5096 3325 5166 (α).

2079 5315 2149 5385 (e)
2179 5306 2701 5385 Andegav.,_uudio
2747 5303 3017 5385 veritatis.
3393 5368 3456 5385 nr

2177 5368 2372 5446 Edita”
2400 5368 2700 5437 multorum
2738 5376 2916 5430 adhuc
2962 5371 3343 5445 superstitum.
3393 5368 3711 5440 Sequimur

2011 5460 2153 5515 Mss.
2197 5459 2459 5513 omnium
2503 5463 2881 5508 consensum,

2080 5531 2158 5602 (g)
2194 5530 2326 5602 Post
2350 5523 2568 5602 praefat.
2599 5522 2661 5602 in
2686 5521 2877 5602 .Bigot.
2903 5518 3114 5602 legitur
3144 5532 3160 5598 ξ

2072 5590 2309 5664 Gregorii
2345 5590 2498 5661 papae
2527 5594 2616 5664 iiet
2647 5590 3084 5664 hiuc’descrip‘tip
3113 5590 3256 5664 vitae,

2003 5709 2011 5733 ε
2070 5651 2330 5712 Nobilitas
2345 5651 2568 5723 'ge'neris
2598 5655 2751 5721 cujus
2791 5651 3136 5719 prtamiititur
3175 5651 3310 5701 istic.
