4088 6172
172 259 238 317 65
704 258 764 318 S.
816 254 1189 317 GREGOBII
1237 252 1498 316 MAGNI
1543 254 1747 333 VITA,
1795 254 2027 316 AUCT.
2073 253 2380 315 JOANNE
2428 252 2787 317 DIACONO.
2835 255 3066 317 LIBER
3109 256 3156 315 l.
3612 256 3690 317 66

166 410 295 447 cura
328 408 737 459 succrescere;
772 392 851 447 ita
874 399 935 447 ut
975 406 1090 447 non
1116 391 1263 462 jam,
1295 390 1447 446 sicut
1487 392 1881 462 proposuerat,
1912 392 1965 457 Α
2001 405 2156 457 nere,
2194 393 2257 445 ut
2278 390 2349 445 ad
2374 389 2527 445 diem
2554 388 3114 461 alterumjejunium
3138 391 3453 448 transferre
3474 392 3694 463 potuis-

165 482 375 554 specie,
414 484 515 537 sed
544 484 600 537 in
643 500 707 538 eo
742 483 1090 538 retineretur
1118 486 1173 536 et
1203 485 1414 535 mente.

223 574 273 624 5.
295 573 559 627 Tandem
594 578 759 643 patre
792 572 1057 632 orbatus,
1094 570 1190 627 ubi
1215 569 1454 626 liberam
1488 569 1881 640 disponenda—

163 679 285 717 rum
322 678 530 717 rerum
566 679 809 718 suarum
834 667 1040 717 nactus
1065 669 1151 716 est
1174 660 1535 731 facultatem,
1560 676 1658 715 sex
1684 676 1881 713 mona-

165 751 334 805 steria
368 752 432 805 in
459 752 667 807 Sicilia
692 752 1002 817 fabricans,
1023 750 1452 805 sufficientibus
1482 749 1756 804 fratribus
1781 750 1883 804 24

165 840 512 907 cumulavit,
540 840 758 912 quibus
780 845 1009 897 tantum
1036 839 1385 912 praediorum
1410 838 1675 897 contulit.
1704 854 1881 909 quan-

164 939 287 985 tum
326 941 532 1002 posset
558 932 628 986 ad
662 932 878 987 victum
904 931 1307 1002 quotidianum
1334 930 1447 985 Deo
1471 929 1589 984 illic
1623 929 1879 984 militan-

165 1020 305 1073 tium
350 1021 484 1075 sine
547 1020 870 1093 indigentia
930 1021 1232 1091 suffragari
1276 1019 1517 1090 (Gregor.
1558 1022 1689 1073 Tur.
1719 1018 1813 1073 lib.
1844 1036 1879 1072 κ

165 1112 366 1165 Hister.
426 1127 552 1182 cap.
592 1115 665 1176 1).

225 1200 275 1252 6.
314 1200 860 1270 Septimum,intra
894 1200 1164 1255 Romana:
1201 1199 1357 1254 urbis
1393 1200 1624 1268 moenia,
1658 1197 1767 1253 sub
1785 1197 1879 1253 bo-

163 1306 289 1344 nere
312 1289 510 1344 sancti
539 1291 776 1344 Andrea:
800 1288 1067 1361 apostoli,
1093 1289 1263 1359 juxta
1303 1290 1601 1344 basilicam
1644 1292 1872 1343 sancto-

160 1395 282 1431 rum
311 1378 573 1433 Joannis
598 1384 651 1433 et
672 1378 828 1433 Pauli
853 1379 921 1433 ad
947 1378 1161 1433 clivum
1198 1378 1423 1443 Scauri,
1451 1377 1875 1432 monasterium

162 1470 213 1520 in
238 1469 479 1539 preprio
505 1470 742 1524 domate
777 1468 1093 1524 fabricavit.
1132 1468 1191 1521 In
1228 1484 1363 1539 quo,
1402 1466 1618 1522 relictis
1655 1467 1874 1534 sericis,

163 1574 295 1613 auro
315 1558 702 1629 gemmisque
736 1558 1097 1613 radiantibus
1130 1561 1298 1629 togis,
1333 1558 1627 1628 simulque
1682 1554 1872 1629 supel-

162 1648 453 1704 lectilibus
479 1646 727 1719 reliquis
747 1648 799 1702 in
824 1665 990 1703 usum
1019 1664 1337 1719 pauperum
1372 1650 1391 1681 ⁸
1414 1647 1770 1719 praerogatis,
1807 1663 1875 1701 ex

162 1734 335 1806 hujus
366 1738 582 1792 mundi
615 1738 919 1809 naufragio
954 1738 1144 1793 nudus
1180 1737 1379 1801 evasit,
1407 1738 1623 1809 diuque
1654 1738 1875 1793 deside-

160 1832 344 1880 ratum
401 1827 817 1882 monachicum
853 1827 1088 1898 capiens
1118 1826 1549 1892 indumentum,
1589 1826 1873 1897 primo(b)

169 1916 268 1970 sub
294 1916 628 1973 Hilarionis
660 1918 867 1972 deinde
910 1918 1018 1973 sub
1062 1917 1415 1981 Maximiani,
1454 1917 1871 1972 venerabilium

162 2006 423 2075 Patrum,
451 2006 761 2077 regimine,
785 2006 979 2061 multis
997 2006 1105 2060 sibi
1126 2006 1360 2062 sociatis
1386 2006 1685 2074 fratribus,
1712 2023 1873 2077 regu—

164 2094 250 2148 lari
286 2095 540 2149 tramite
572 2095 866 2150 militavit.
903 2096 1037 2150 Post
1065 2111 1197 2150 vero
1217 2112 1350 2149 cum
1384 2096 1621 2150 subesse
1656 2094 1874 2162 mallet,

165 2185 406 2237 fratrum
464 2185 653 2239 votiva
703 2185 1009 2239 concordia
1058 2185 1419 2250 imminente,
1467 2201 1714 2256 praeesse
1761 2202 1875 2240 non

166 2276 378 2339 renuit,
412 2274 569 2328 sicut
597 2274 651 2329 in
679 2275 1165 2344 consequentibus
1195 2275 1518 2346 apparebit.

230 2364 279 2418 Τ.
305 2364 449 2417 Erat
483 2363 537 2417 ei
569 2363 917 2419 abstinentia
937 2370 1095 2419 tanta
1127 2365 1407 2432 ciborum,
1432 2366 1715 2421 sedulitas
1740 2383 1875 2420 ora-

168 2450 379 2504 tiorum
408 2457 464 2505 et
494 2451 880 2520 jejuniorum,
906 2453 1246 2507 studiositas
1281 2458 1392 2506 tam
1428 2452 1751 2507 desiderata
1785 2471 1879 2508 sa-

174 2557 397 2595 crorum
434 2542 509 2611 (ε)
536 2540 842 2611 libroruin,
864 2542 1237 2597 utinfirmato
1262 2543 1559 2598 stomacho
1578 2542 1878 2599 lacessitus

173 2635 253 2688 vix
284 2632 618 2687 subsistere
648 2630 845 2701 procul
874 2631 1049 2686 dubio
1081 2632 1388 2687 videretur.
1410 2633 1550 2688 Nam
1589 2650 1715 2688 cum
1741 2650 1880 2704 quo-

176 2723 302 2776 dam
372 2724 643 2787 tempore
711 2718 1053 2772 incisionem
1123 2718 1404 2785 vitalium,
1466 2737 1637 2791 quam
1699 2720 1877 2775 Graeci

180 2810 455 2882 πγκοπήν
488 2808 714 2876 dicunt,
743 2812 1046 2878 pateretur,
1076 2809 1411 2881 crebrisque
1452 2811 1740 2881 angustiis
1784 2827 1883 2880 per

181 2900 443 2953 horarum
472 2896 863 2967 (d)momenta
885 2897 951 2950 ad
985 2896 1198 2951 exitum
1226 2899 1660 2969 propinquaret,
1696 2915 1762 2954 ac
1799 2899 1878 2951 ni-

181 2990 221 3042 si
248 3005 380 3043 eum
420 2988 634 3042 fratres
653 2987 988 3057 frequenter
1006 2987 1133 3041 cibo
1150 2988 1470 3054 reficerent,
1487 2989 1739 3044 vitalisei
1759 2990 1879 3059 spi-

180 3079 311 3133 ritus
337 3078 615 3132 funditus
638 3077 902 3147 intercipi
934 3078 1239 3141 videretur,
1277 3079 1572 3150 paschalis
1606 3096 1877 3151 superve-

179 3173 251 3225 nit
280 3170 514 3226 diesEt
536 3172 675 3223 dum
702 3170 1098 3225 sacratissimo
1123 3172 1397 3238 Sabbato,
1424 3175 1476 3227 in
1510 3190 1622 3243 quo
1658 3190 1881 3240 omnes,
1914 3138 1963 3203 ϐ

181 3262 332 3315 etiam
368 3259 599 3332 parvuli
640 3259 1139 3330 pueri,jejunant,
1164 3262 1575 3332 ipsejejunare
1610 3280 1721 3317 non
1760 3280 1884 3333 pos-

192 3356 281 3415 set,
315 3350 497 3420 ccepit
550 3347 683 3419 plus
734 3365 976 3405 mcerore
1020 3366 1192 3420 quam
1254 3351 1593 3407 infirmitate
1643 3353 1885 3407 deiicere

182 3440 308 3507 (Lib.
345 3457 405 3494 ιιι
441 3440 680 3506 Dialog.,
705 3454 823 3509 cap.
850 3438 957 3508 33).

250 3532 295 3584 Β.
333 3530 464 3584 Mox
502 3528 782 3583 accersito
817 3528 935 3583 viro
969 3531 1337 3587 sanctissimo
1379 3530 1732 3597 Eleutherio,
1778 3534 1887 3587 ilu-

190 3618 319 3675 dum
367 3635 552 3690 penes
576 3618 872 3687 Spoletum
933 3619 1128 3674 multis
1187 3621 1702 3694 praposito,;tunc
1756 3639 1885 3677 vero

195 3712 450 3779 ejusdem
486 3709 574 3762 sui
605 3709 939 3762 monasterii
967 3710 1269 3777 monacho,
1298 3729 1327 3764 a
1351 3729 1461 3781 quo
1485 3711 1747 3766 videlicet
1780 3730 1887 3766 au-

196 3800 364 3853 dierat
403 3804 695 3852 mortuum
733 3798 908 3852 fuisse
944 3800 1305 3863 suscitatum,
1340 3802 1657 3855 oratorium
1703 3801 1885 3871 petiit,

193 3905 429 3959 seseque
464 3905 591 3943 cum
618 3889 911 3960 lacrymis,
949 3894 1010 3942 ut
1034 3889 1239 3944 saltem
1274 3890 1484 3946 dieillo
1518 3894 1586 3945 ad
1613 3893 1887 3962 jejunan-

189 3982 315 4033 dum
350 3979 460 4031 sibi
495 3980 678 4032 virtus
706 3978 960 4042 daretur;
995 3977 1052 4031 in
1085 3980 1407 4033 orationem
1434 3981 1611 4036 dedit.
1646 3984 1715 4036 Et
1759 3989 1890 4055 post

192 4068 514 4139 paululum,
546 4066 830 4137 completa
862 4066 1138 4135 oratione,
1174 4069 1494 4139 digressus,
1520 4074 1743 4127 tantam
1775 4074 1890 4126 vir-

192 4163 366 4211 tutem
403 4172 576 4210 suum
611 4154 974 4209 stomachum
1030 4158 1355 4227 percepisse
1397 4161 1681 4227 cognovit,
1727 4166 1790 4217 ut
1840 4164 1889 4217 ei

194 4249 347 4301 cibus
378 4250 437 4299 et
473 4244 711 4298 morbus
735 4245 803 4299 de
839 4247 1117 4299 memoria
1150 4246 1409 4301 funditus
1434 4248 1744 4302 tolleretur.
1772 4250 1889 4304 Cm-

194 4338 267 4406 pit
298 4350 505 4390 secum
550 4334 743 4387 mirari
788 4334 916 4405 quis
958 4340 1127 4404 esset,
1163 4338 1297 4405 quis
1336 4337 1535 4404 fuerit;
1572 4344 1783 4392 etcum
1820 4341 1887 4395 ad

194 4428 451 4479 animum
482 4424 705 4477 redibat
752 4423 1084 4490 infirmitas,
1122 4425 1261 4478 nihil
1298 4424 1354 4479 in
1405 4443 1465 4480 se
1507 4444 1573 4481 ex
1624 4427 1715 4482 his
1766 4446 1889 4499 quae

1994 484 2082 536 set
2114 480 2207 551 (ε).
2243 480 2454 535 Verum
2491 496 2827 551 quanquam
2860 496 3005 551 pene
3037 481 3379 552 quotidiano
3426 481 3695 554 languore

1992 570 2328 634 tabesceret,
2363 568 2584 624 nullam
2618 574 2811 624 tamen
2845 570 3070 642 corpori
3102 587 3204 625 suo
3236 572 3509 643 cupiebat
3541 590 3695 629 com-

1994 659 2229 713 modare
2273 658 2549 730 quietem,
2574 675 2687 730 quo
2728 659 2921 714 minus
2945 664 3044 714 aut
3076 664 3287 729 oraret,
3325 666 3425 716 aut
3458 661 3691 734 legeret,

1991 752 2089 803 aut
2120 747 2417 815 scriberet,
2449 752 2549 803 aut
2579 748 2843 803 dictaret.

2059 838 2113 891 9.
2138 838 2201 894 In
2229 838 2408 908 hujus
2440 839 2589 893 sacri
2620 838 2955 894 monasterii
2988 839 3381 909 penetralibus
3420 842 3576 899 idem
3608 844 3694 899 vir

1990 930 2408 1001 omnipotentis
2462 929 2558 984 Dei
2608 930 2931 1000 Gregorius,
2984 946 3016 984 a
3072 934 3255 985 matre
3302 932 3494 1001 Silvia,
3556 942 3693 992 tunc

1994 1020 2276 1090 temporis
2300 1022 2472 1089 juxta
2502 1026 2725 1090 portam
2760 1020 2911 1074 beati
2941 1019 3100 1075 Pauli
3125 1022 3396 1092 apostoli,
3429 1024 3551 1080 loco
3591 1026 3691 1098 qui

1989 1110 2204 1165 dicitur
2233 1110 2391 1165 Cella
2439 1127 2605 1175 nova,
2638 1126 2752 1180 quo
2784 1109 3066 1166 hactenus
3099 1111 3416 1167 oratorium
3467 1115 3690 1170 nomini

1986 1200 2113 1271 ejus
2146 1199 2480 1254 dedicatum
2511 1204 2619 1266 est,
2651 1204 2707 1253 et
2738 1199 3025 1255 famosum
3046 1201 3233 1256 sancti
3263 1200 3428 1257 Babae
3461 1204 3685 1260 confes-

1985 1288 2132 1344 soris
2161 1290 2227 1359 (f)
2256 1288 2467 1343 Christi
2503 1287 2941 1355 monasterium,
2976 1290 3143 1360 cujus
3176 1289 3302 1345 laus
3334 1290 3392 1345 in
3425 1297 3583 1348 sexta
3631 1298 3689 1350 et

1985 1378 2233 1449 septima
2265 1378 2505 1447 synodo,
2531 1378 2909 1433 constitutum
2932 1378 3180 1446 videtur,
3202 1380 3467 1452 degente,
3490 1384 3688 1442 crudis

1982 1467 2381 1538 leguminibus
2405 1467 2768 1538 pascebatur.

2052 1556 2136 1611 10.
2163 1555 2266 1611 Ubi
2303 1556 2455 1611 hunc
2477 1558 2545 1611 de
2572 1574 2731 1612 more
2764 1556 3029 1628 quaedam
3066 1558 3412 1616 scribentem
3446 1562 3685 1633 angelus

1984 1647 2083 1703 Dei
2104 1646 2416 1718 reperiens,
2450 1648 2703 1702 misereri
2737 1647 2845 1702 sibi
2868 1647 3135 1703 flebiliter
3164 1650 3273 1704 sub
3307 1650 3507 1706 habitu
3542 1669 3687 1709 nan-

1987 1735 2130 1805 fragi
2165 1734 2626 1806 postulabat.Cui
2662 1736 2974 1807 Gregorius
3007 1754 3074 1792 ex
3103 1737 3305 1793 intimo
3337 1740 3508 1796 corde
3538 1757 3687 1798 com-

1984 1826 2231 1895 patiens,
2264 1824 2352 1879 bis
2378 1824 2558 1879 ternis
2590 1826 2661 1895 (g)
2693 1825 3330 1895 numismatibusdatis,
3357 1829 3517 1886 abire
3550 1846 3687 1901 pre-

1984 1914 2135 1985 cepit
2166 1916 2297 1984 (lnf.
2335 1916 2427 1967 lib.
2463 1931 2523 1982 ιι,
2556 1931 2603 1971 c.
2635 1916 2744 1984 23).
2779 1916 2899 1971 Nec
2948 1916 3131 1971 multo
3172 1922 3321 1987 post,
3354 1920 3555 1975 eadem
3596 1922 3689 1978 die

1985 2004 2138 2058 idem
2166 2005 2483 2075 naufragus
2508 2006 2698 2069 rediit,
2723 2021 2901 2075 seque
2930 2004 3109 2060 multa
3134 2006 3478 2077 perdidisse,
3505 2026 3689 2081 pauca

1988 2108 2119 2147 vero
2171 2095 2500 2164 suscepisse
2547 2093 2859 2163 perhibuit.
2894 2098 2937 2149 Α
2980 2111 3114 2165 quo,
3168 2096 3288 2166 pari
3322 2098 3490 2155 modo
3537 2101 3692 2156 senis

1990 2183 2445 2238 numismatibus
2464 2184 2733 2254 sumptis,
2761 2184 3128 2239 laetabundus
3152 2186 3571 2243 abscessit.Sed
3596 2190 3690 2246 die

1994 2276 2162 2327 tertia
2196 2272 2442 2341 rediens,
2478 2273 2788 2327 identidem
2832 2274 3188 2344 adjutorium
3224 2276 3543 2348 naufragus
3572 2279 3692 2333 im-

1992 2361 2259 2431 portunis
2288 2362 2526 2417 vocibus
2559 2362 2910 2434 requirebat.
2946 2364 3047 2417 Cui
3096 2363 3544 2421 liberalissimus
3586 2367 3693 2422 Pa-

1991 2455 2099 2519 ter,
2132 2452 2406 2507 accersito
2436 2452 2860 2520 vestiario,alia
2890 2469 2985 2507 sex
3019 2454 3372 2508 numismata
3396 2457 3521 2511 dari
3545 2474 3691 2527 prae-

1993 2542 2233 2613 cipiens,
2258 2543 2522 2613 cognovit
2543 2542 2600 2596 in
2624 2543 2895 2598 vestiario
2920 2544 3061 2597 nihil
3089 2544 3511 2600 numismatum
3539 2548 3694 2603 unde

1994 2636 2193 2704 posset
2221 2631 2505 2685 consolari
2533 2632 2880 2701 naufragum
2906 2632 3276 2687 remansisse.
3304 2634 3451 2697 Quid
3479 2636 3691 2691 faceret

1994 2721 2306 2776 nesciebat.
2342 2722 2641 2775 jEstuabat
2671 2720 2786 2775 Deo
2818 2720 3002 2775 devoti
3039 2723 3288 2792 pectoris
3339 2723 3539 2793 pietas,
3574 2740 3689 2780 non

1993 2812 2279 2867 sulferens
2310 2828 2552 2866 vacuam
2587 2811 2831 2882 proximi
2872 2811 3178 2881 reliquisse
3212 2812 3519 2868 miseriam.
3545 2814 3691 2869 Rur-

1994 2921 2095 2960 sus
2119 2903 2444 2958 vestiarium
2468 2918 2666 2968 suum,
2689 2902 2734 2956 si
2770 2902 2912 2957 forte
2942 2918 3039 2957 vas
3066 2902 3370 2972 quodlibet
3391 2909 3492 2959 aut
3515 2905 3692 2960 vesti-

1994 2997 2253 3048 mentum
2289 2992 2545 3058 haberet,
2580 2992 2966 3063 interrogans,
3001 2992 3211 3046 audivit
3247 2992 3323 3046 nil
3348 2993 3580 3062 penitus
3604 3010 3692 3048 re-

1995 3084 2211 3138 mansis
2234 3100 2263 3138 e
2295 3090 2496 3153 praeter
2534 3083 2734 3137 matris
2765 3089 3115 3153 argenteam,
3149 3099 3275 3152 quae
3313 3099 3439 3137 cum
3483 3084 3696 3139 infusis

1995 3176 2385 3247 leguminibus
2434 3174 2573 3229 mitti
2600 3174 2768 3229 solita
2790 3180 2932 3241 erat,
2958 3172 3281 3230 scutellam.
3309 3179 3437 3229 Mox
3453 3175 3699 3231 alacrior

1998 3267 2206 3333 factus,
2258 3265 2427 3335 Ergo,
2461 3264 2671 3334 inquit,
2744 3263 2938 3329 frater,
2989 3262 3140 3317 hanc
3184 3263 3363 3329 defer,
3401 3280 3469 3319 ne
3521 3265 3700 3319 tristis

1995 3356 2163 3409 abeat
2194 3354 2292 3425 qui
2335 3353 2614 3408 consolari
2672 3352 2878 3423 quaerit
2932 3367 3161 3422 pauper.
3199 3353 3394 3422 Itaque
3441 3353 3697 3408 delatam

1996 3443 2322 3508 scutellam,
2359 3443 2631 3514 Gregorio
2664 3441 2805 3497 satis
2840 3440 3102 3495 hilariter
3124 3441 3425 3513 largiente,
3456 3458 3696 3513 pauper,

1998 3534 2098 3604 qui
2132 3531 2651 3605 putabatur,laatus
2673 3530 3063 3602 amplectitur,
3098 3546 3212 3584 non
3237 3530 3362 3599 jam
3403 3532 3470 3585 ad
3528 3548 3699 3602 expe-

2001 3625 2192 3692 tenda,
2227 3624 2326 3677 sed
2362 3624 2429 3676 ad
2465 3621 2811 3677 conferenda
2836 3621 3109 3692 suffragia
3160 3621 3473 3675 rediturus.
3506 3623 3550 3675 A
3584 3637 3698 3690 quo

1998 3712 2265 3767 videlicet
2296 3709 2566 3782 angelica:
2591 3708 3208 3779 visitationistempore
3241 3710 3416 3762 tantis
3446 3710 3699 3764 miracu-

1997 3801 2091 3865 lis,
2127 3800 2305 3853 tantis
2320 3804 2407 3853 est
2430 3798 2738 3852 virtutibus
2758 3796 3106 3867 publicatus,
3133 3800 3193 3849 ut
3216 3796 3487 3851 omnibus
3501 3813 3699 3853 secum

1998 3888 2348 3953 viventibus,
2366 3885 2701 3958 etexemplo
2725 3884 3219 3951 fuerit,etterrori,
3238 3886 3451 3956 quippe
3465 3887 3565 3957 qui
3588 3903 3700 3941 non

2001 3980 2181 4043 solus,
2214 3978 2309 4031 sed
2346 3975 2636 4031 socialiter
2666 3990 2792 4028 cum
2826 3974 2993 4029 beato
3024 3975 3253 4029 Andrea
3280 3975 3560 4043 apostolo,
3594 3992 3701 4031 suo

2005 4068 2376 4133 monasterio,
2409 4066 2590 4138 signis
2612 4063 2994 4127 evidentibus,
3029 4064 3100 4117 sit
3126 4064 3421 4134 praefuisse
3445 4070 3701 4133 putatus.

2077 4160 2158 4212 11.
2192 4158 2335 4212 Nam
2386 4162 2448 4210 ut
2482 4172 2664 4226 pauca
2703 4154 2771 4208 de
2816 4153 3015 4207 multis
3047 4152 3277 4223 loquar,
3310 4154 3561 4224 quadam
3611 4155 3704 4209 die

2003 4251 2149 4305 duos
2182 4249 2387 4303 exinde
2413 4249 2614 4302 fratres
2641 4244 2823 4309 misit,
2848 4246 2942 4314 qui
2969 4244 3186 4314 aliquid
3210 4259 3401 4299 emere
3426 4260 3527 4315 pro
3550 4245 3707 4314 ejus-

2004 4339 2133 4393 dem
2157 4336 2493 4393 monasterii
2518 4334 2761 4389 utilitate
2793 4332 3146 4403 debuissent,
3184 4349 3339 4388 unus
3361 4335 3581 4402 junior.
3607 4334 3704 4405 qui

2004 4427 2343 4496 prudentior
2376 4425 2700 4488 videbatur,
2734 4424 2879 4477 alter
2908 4422 3120 4487 senior,
3154 4422 3253 4492 qui
3285 4426 3478 4478 custos
3504 4423 3703 4491 junio-

198 4514 544 4569 meminerat
578 4529 815 4583 recognt
832 4530 985 4568 scere
1019 4514 1385 4583 praevalebat.
1422 4516 1683 4587 Cumque
1708 4518 1764 4572 in
1805 4519 1886 4572 di-
1923 4515 1967 4578 D
1998 4519 2075 4573 ris
2108 4520 2279 4571 esset.
2312 4516 2690 4570 Perrexerunt
2723 4512 2982 4584 utrique;
3009 4518 3063 4566 et
3095 4513 3165 4568 de
3190 4513 3392 4582 pretio,
3418 4514 3573 4584 quod
3609 4529 3702 4568 ac-

192 4605 510 4675 spositione
548 4601 1173 4675 monasteriioccupata
1206 4622 1365 4659 mens
1389 4616 1557 4669 esset,
1591 4606 1889 4663 oblivisce-

191 4693 345 4748 batur
384 4692 653 4747 funditus
684 4692 1041 4763 aegritudinis
1075 4693 1276 4747 suze.Si
1312 4711 1443 4749 vero
1488 4696 1692 4750 rediret
1724 4698 1887 4765 aegri-

190 4784 315 4839 tudo
340 4785 412 4838 ad
454 4781 816 4849 memoriam,
841 4798 971 4835 cum
1008 4792 1120 4837 tam
1156 4783 1356 4837 fortem
1392 4801 1452 4838 se
1474 4800 1598 4839 esse
1629 4788 1887 4855 sentiret,

192 4874 513 4927 mirabatur
563 4872 610 4925 si
669 4887 782 4925 non
818 4871 911 4927 25
967 4873 1332 4928 comedisset.
1384 4874 1490 4938 Qui
1540 4876 1774 4930 veniens
1816 4878 1885 4930 ad

193 4978 509 5034 vesperum,
547 4960 816 5031 cognovit
840 4960 946 5014 sibi
980 4965 1194 5015 tantam
1242 4962 1635 5019 fortitudinem
1664 4981 1889 5036 perma-

255 5131 326 5197 (α)
360 5129 480 5184 Hoc
503 5130 783 5197 est,prius
811 5132 1065 5197 erogatis.

254 5201 327 5269 (ὁ)
360 5202 602 5265 Baron.,
636 5199 707 5252 ad
765 5216 858 5253 an.
888 5201 1009 5261 5581,
1056 5217 1108 5254 n.
1161 5201 1215 5267 8,
1268 5202 1570 5256 contendit
1619 5208 1885 5259 sanctum

187 5270 519 5340 Gregorium
564 5270 843 5325 habuisse
892 5271 1286 5327 institutorem
1330 5274 1508 5328 solum
1556 5274 1887 5331 Valentium

185 5359 277 5397 seu
314 5341 1140 5411 Valentinum,cui,expuncto
1162 5344 1892 5413 Hilarione,successerunt

182 5413 609 5485 Maximiamus,
646 5414 944 5467 Pretiosus
974 5419 1029 5467 et
1066 5416 1311 5471 Probus.
1346 5417 1475 5471 Haec
1526 5419 1581 5471 in
1626 5420 1887 5485 ejusdem

180 5486 298 5541 Vita
322 5484 671 5540 refellimus.
710 5485 998 5540 Admonet
1020 5485 1333 5541 Bollandus
1368 5489 1459 5542 hic
1506 5488 1615 5544 legi
1656 5484 1889 5544 Lauric-

182 5558 259 5612 ni:
287 5556 613 5632 in_duobu_s
648 5556 808 5632 Mss.)
840 5563 1153 5632 censetque
1184 5558 1489 5632 legendum
1527 5556 1887 5632 VV'alenlionis.

244 5632 312 5697 (c)
346 5629 437 5685 Ita
469 5628 531 5684 in
565 5627 725 5699 Reg,
759 5628 921 5685 Colb.
955 5633 1013 5685 et
1039 5627 1096 5685 in
1127 5627 1401 5687 omnibus
1434 5631 1637 5689 Editis.

2001 4618 2296 4681 ceperunt,
2332 4610 2452 4679 ipse
2472 4608 2570 4679 qui
2597 4611 2790 4662 custos
2822 4605 2902 4678 (ἡ)
2928 4606 3143 4661 missus
3176 4605 3381 4676 fuerat,
3416 4604 3709 4661 nesciente

2000 4701 2196 4763 altero,
2224 4700 2441 4753 furtum
2470 4696 2744 4758 fecit.0ui
2780 4710 2913 4750 mox
2934 4704 2995 4748 ut
3027 4695 3084 4749 in
3121 4694 3538 4750 monasterium
3573 4697 3711 4749 sunt

2001 4788 2239 4856 reversi,
2274 4792 2448 4858 atque
2480 4791 2613 4841 ante
2645 4785 2881 4839 oratorii
2916 4782 3091 4837 limen
3114 4787 3710 4852 venerunt,arreptus

2000 4897 2032 4934 a
2063 4878 2349 4933 daemonio
2390 4878 2440 4930 is
2483 4876 2581 4946 qui
2626 4877 2843 4930 furtum
2893 4874 3124 4939 fecerat,
3156 4872 3381 4928 cecidit.
3415 4870 3711 4936 Dimissug

2001 4972 2195 5025 autem
2221 4985 2253 5022 a
2276 4966 2562 5021 daemonio
2584 4967 2653 5033 is,
2679 4963 3161 5022 concurrentibus
3178 4958 3501 5023 monachis,
3532 4956 3711 5011 abha-

2071 5134 2156 5205 (d)
2209 5133 2458 5205 Vulgati,
2490 5148 2619 5187 cum
2655 5131 2843 5196 Colb.,
2878 5129 3072 5184 invitis
3094 5129 3219 5181 eaet.
3258 5124 3710 5183 Mss.,momenta

2000 5204 2369 5273 deﬁceret,et
2393 5205 2461 5259 ad
2490 5208 2715 5259 exitum.
2783 5274 2788 5275 γ
2895 5271 2904 5275 _
2961 5273 2967 5275 _
3268 5267 3281 5275 _
3357 5266 3366 5275 _
3579 5265 3589 5275 _

2071 5264 2143 5348 te)
2179 5264 2420 5331 Additur
2444 5277 2502 5330 in
2535 5276 2706 5339 Edit.,
2743 5274 2789 5327 si
2818 5271 3098 5335 voluisset,
3133 5267 3284 5339 quod
3317 5266 3388 5322 ab
3431 5264 3710 5320 omnibus

2001 5349 2134 5403 Mss.
2164 5349 2382 5403 nostris
2415 5348 2603 5403 abest.

2074 5420 2141 5492 (Γ)
2177 5422 2233 5474 In
2268 5424 2519 5492 quatuor
2540 5413 3089 5492 Mss._non_le_gitur,
3124 5410 3581 5492 monasterium.“

2190 5481 2323 5572 Mss.
2359 5490 2616 5562 plerique
2645 5487 2733 5542 hic
2756 5492 2811 5543 et
2836 5481 2987 5541 infra
3010 5498 3243 5556 semper
3263 5481 3702 5548 numismatibus,

1998 5567 2348 5618 nomismata.

2071 5635 2151 5706 (ἢ)
2182 5633 2388 5706 Bigot.,
2424 5633 2587 5707 Reg,
2619 5630 2779 5689 Colb.
2812 5633 2869 5687 et
2898 5629 3145 5700 Gemet.,
3175 5636 3349 5685 custos
3365 5623 3640 5695 junioris.
