4088 6172
419 219 496 290 67
957 226 1018 285 5.
1065 222 1443 285 GREGORII
1489 221 1744 285 MAGNI
1788 222 1998 295 VITA,
2045 221 2276 283 AUCT.
2321 223 2627 284 JOANNE
2672 223 3036 286 DIACONO.
3083 223 3314 284 LIBER
3360 224 3407 284 Ι.
3855 235 3941 293 68

420 371 500 427 tis
522 369 696 441 jussu
715 363 1034 436 requisitas
1066 363 1246 434 est(a)
1271 379 1341 417 ne
1364 362 1505 418 forte
1528 362 1596 418 de
1617 378 1682 417 eo
1714 361 1866 433 quod
1889 376 2121 430 accepe-
2157 363 2205 427 Α
2239 363 2389 414 sent.
2422 360 2605 431 Igitur
2635 368 2940 432 pergentes
2969 361 3325 415 deﬂexerunt
3371 361 3501 430 iter,
3535 367 3592 417 et
3621 363 3680 417 in
3713 363 3942 420 Salaria

421 466 515 518 rat
541 461 763 515 furtum
807 455 1059 511 fecisset.
1094 452 1352 525 Negavit,
1387 458 1443 508 et
1472 452 1678 508 iterum
1720 456 1961 508 vexatus
2010 455 2117 505 cst.

420 549 730 613 Dimissus,
763 551 938 616 atque
967 545 1178 600 iterum
1194 542 1533 614 requisitus,
1551 542 1799 612 negavit,
1819 547 1993 612 atque
2014 542 2120 595 ite-

424 655 554 695 rum
578 641 820 691 vexatus
858 633 1128 689 est.Octo
1177 633 1376 703 itaque
1424 631 1642 686 vicibus
1691 631 1940 702 negavit,
1989 633 2115 684 octo

419 729 646 784 vicibus
669 729 906 780 vexatus
937 727 1040 778 est.
1085 722 1220 776 Post
1249 725 1503 775 octavam
1552 736 1684 775 vero
1725 722 2116 791 negationem,

417 815 690 888 Gregorio
706 811 1440 883 interrogante,confeesus
1461 814 1549 865 est
1567 810 1643 880 (ιι)
1664 812 1814 881 quod
1843 825 2117 862 nummos

418 907 571 961 furto
627 902 966 961 abstulerat.
1013 902 1179 970 eique
1228 907 1544 969 prostratus
1593 916 1654 954 sc
1708 913 1976 970 peccasse
2018 898 2117 953 26

416 999 666 1053 testatus
691 996 801 1060 est,
819 994 1206 1061 perceptaque
1231 989 1588 1058 poenitentia,
1618 987 1863 1042 ulterius
1887 988 1955 1040 ad
1983 1003 2114 1042 eum

419 1082 768 1140 daemonium
810 1095 923 1134 non
956 1077 1220 1134 accessit.

485 1175 570 1229 12.
595 1172 721 1227 Alio
754 1184 986 1241 quoque
1019 1173 1300 1238 tempore,
1325 1168 1464 1220 dum
1491 1167 1547 1220 in
1573 1167 1666 1220 die
1695 1165 1942 1220 natilitio
1967 1167 2113 1235 cius-

412 1266 544 1320 dem
569 1259 816 1334 apostoli
834 1260 954 1328 jam
982 1256 1314 1312 meridianis
1332 1256 1486 1310 horis
1511 1256 2112 1325 fratresquiescerent,

411 1353 606 1411 subito
639 1350 874 1422 quidam
911 1350 1104 1412 frater,
1138 1346 1352 1415 apertis
1396 1344 1578 1400 oculis
1631 1351 1896 1411 caecatur,
1945 1345 2116 1415 coapit

411 1449 676 1499 tremere.
701 1454 866 1493 voces
899 1438 1165 1506 ingentes
1195 1434 1478 1499 emittere,
1509 1433 1718 1503 quibus
1766 1432 1996 1488 vocibus
2026 1438 2115 1488 te-

411 1531 676 1589 stabatur
709 1528 856 1583 ferre
885 1541 944 1581 se
969 1541 1082 1579 non
1112 1539 1275 1594 posse
1302 1524 1456 1594 quod
1492 1523 1840 1594 patiebatur.
1867 1520 2116 1578 Concur-

409 1624 615 1679 rerunt
638 1621 869 1684 fratres,
890 1617 1147 1671 viderunt
1177 1630 1388 1669 caecum
1413 1613 1630 1684 apertis
1653 1613 1833 1669 oculis
1857 1617 2111 1669 tremen-

2231 464 2329 504 eos
2363 449 2534 504 veteri
2582 467 2695 504 non
2754 449 3138 516 invenientes,
3166 466 3265 520 per
3314 455 3538 521 portam
3588 452 3938 511 Flaminiam

2231 539 2606 594 decreverunt
2653 539 2859 595 redire.
2903 540 3164 610 Cumque
3208 545 3653 607 reverterentur,
3690 560 3822 599 mox
3872 554 3936 600 ut

2229 629 2362 698 equi
2394 633 2524 684 ante
2556 634 2785 700 cryptae
2818 629 2946 684 illas
2977 635 3264 683 venerunt
3294 630 3352 683 in
3385 631 3599 701 quibus
3631 648 3691 686 se
3735 651 3939 690 mona-

2229 717 2321 771 chi
2355 717 2799 785 absconderant,
2834 719 3086 773 ﬁxerunt
3116 718 3399 788 gradum;
3435 720 3649 789 pulsati
3691 727 3747 776 et
3776 739 3940 778 com-

2229 806 2405 877 pulsi,
2468 822 2703 876 passum
2768 822 2995 862 movere
3043 805 3372 861 noluerunt.
3415 807 3938 867 Consideraverunt

2226 895 2454 966 equites
2487 912 2608 950 rem
2641 896 2814 950 talem
2848 896 2974 950 sine
3007 897 3277 967 mysterio
3310 913 3436 951 esse
3471 914 3582 952 non
3618 916 3810 970 posse,
3844 907 3934 956 at-

2226 988 2536 1040 tenderunt
2559 986 2625 1039 ad
2661 990 2912 1056 cryptae,
2946 985 3218 1039 viderunt
3250 1002 3449 1041 earum
3502 986 3697 1043 aditus
3752 991 3935 1046 missa

2227 1074 2480 1128 maceria
2505 1073 2957 1144 przedamnatos:
2985 1075 3085 1128 sed
3118 1074 3354 1128 caballis
3378 1074 3499 1129 suis
3531 1093 3817 1147 nusquam
3846 1080 3930 1135 ire

2225 1163 2580 1222 volentibus,
2604 1164 3047 1232 descenderunt,
3071 1167 3128 1217 et
3161 1164 3386 1234 lapides
3415 1163 3515 1234 qui
3547 1166 3605 1220 in
3639 1182 3742 1221 ora
3762 1184 3933 1238 cryp-

2224 1257 2416 1307 tarum
2450 1254 2746 1322 compositi
2781 1254 3008 1308 fuerant
3055 1253 3434 1323 deponenles,
3471 1255 3715 1325 ingressi
3767 1263 3932 1326 sunt,

2223 1361 2438 1414 eosque
2470 1345 2526 1398 in
2572 1346 2792 1400 eisdem
2844 1345 3168 1401 tenebrosis
3207 1343 3473 1399 latibulis
3521 1351 3930 1405 consternatos

2224 1435 2782 1491 terraeinvenerunt.
2817 1435 2924 1500 Qui
2955 1436 3023 1490 ad
3061 1435 3474 1490 monasterium
3525 1436 3767 1503 reducti,
3803 1442 3931 1494 tam

2223 1530 2458 1596 stupore
2490 1523 2754 1580 miraculi
2786 1540 2960 1594 quam
3010 1524 3409 1580 exhortatione
3433 1525 3529 1580 ‘27
3582 1527 3931 1584 venerabilis

2223 1616 2412 1669 Patris
2433 1613 2692 1685 Gregorii
2724 1614 2808 1670 sic
2840 1613 3121 1668 meliorati
3147 1617 3300 1679 sunt,
3329 1616 3388 1667 ut
3410 1613 3493 1669 eis
3516 1613 3763 1671 multum
3797 1634 3926 1686 pro-

407 1717 526 1768 tem
559 1713 615 1764 et
636 1707 1009 1773 clamantem,
1043 1708 1101 1760 et
1139 1721 1172 1757 a
1201 1703 1590 1775 praesentibus
1628 1702 1909 1770 alienum,
1935 1702 2112 1757 nihil-
2142 1686 2187 1752 Β
2220 1703 2390 1758 fuerit
2421 1704 2493 1758 ad
2526 1719 2767 1774 parvum
2798 1703 3075 1773 temporis
3097 1704 3166 1758 de
3191 1703 3544 1758 monasterio
3591 1706 3926 1763 recessisse.

408 1817 520 1873 que
550 1800 704 1872 quod
737 1797 875 1853 foris
907 1795 997 1867 agi
1028 1798 1250 1866 poterat
1277 1793 1642 1848 sentientem.
1688 1792 1852 1847 Hunc
1885 1793 1942 1847 in
1997 1809 2113 1848 ma-

406 1893 579 1947 nibus
605 1889 889 1954 levarunt,
923 1889 1097 1956 atque
1127 1886 1261 1938 ante
1290 1883 1469 1937 altare
1490 1882 1675 1937 sancti
1711 1882 1949 1936 Andreae
1981 1899 2112 1951 apo-

407 1980 563 2046 stoli,
587 1979 761 2049 jussu
788 1974 1069 2046 Gregorii,
1104 1974 1493 2045 projecerunt,
1526 1971 1754 2043 ipsique
1797 1988 1898 2042 pro
1947 1988 2011 2026 eo
2051 1971 2110 2026 in

404 2069 720 2125 orationem
748 2063 1018 2136 prostrati
1053 2067 1209 2116 sunt.
1242 2061 1347 2126 Qui
1382 2060 1577 2115 statim
1609 2059 1680 2113 ad
1723 2075 1784 2114 se
1825 2075 2106 2126 reversus,

405 2159 708 2216 confessus
739 2153 983 2224 estquia
1013 2169 1186 2207 senex
1225 2151 1465 2222 quidam
1490 2150 1540 2207 ei
1589 2150 1879 2221 apparuit,
1911 2155 1967 2205 et
2014 2167 2108 2206 ca-

404 2264 539 2305 nem
567 2246 802 2318 nigrum
834 2244 899 2298 ad
925 2259 1057 2297 eum
1103 2241 1535 2297 dilacerandum
1579 2239 1821 2309 dimisit,
1867 2239 2103 2296 dicens:

401 2340 588 2404 Quare
621 2335 819 2407 fugere
857 2332 1092 2388 voluisti
1152 2332 1220 2386 de
1270 2330 1623 2386 monasterio
1665 2329 1816 2385 isto?
1847 2329 2107 2401 Cumque

400 2427 643 2484 evadere
671 2427 739 2480 de
758 2423 919 2478 canis
948 2421 1238 2476 morsibus
1260 2419 1423 2475 nullo
1445 2420 1610 2474 modo
1646 2419 1989 2490 potuissem,
2019 2436 2107 2474 ve-

405 2518 623 2573 nerunt
652 2513 888 2584 quidam
923 2509 1212 2575 monachi,
1244 2514 1300 2563 et
1338 2509 1606 2563 eumdem
1639 2524 1834 2564 senem
1888 2525 1988 2577 pro
2015 2524 2106 2563 me

405 2606 776 2677 rogaverunt,
820 2600 917 2671 qui
959 2601 1158 2654 statim
1196 2597 1376 2668 jussit
1433 2613 1633 2652 canem
1682 2598 2013 2666 abscedere,
2054 2606 2107 2654 et

397 2695 524 2765 ipse
552 2693 626 2748 ad
658 2707 749 2746 me
779 2705 1047 2745 reversus
1074 2704 1229 2745 sum.
1262 2688 1365 2744 Hic
1405 2687 1570 2743 etiam
1619 2704 1767 2758 saepe
1806 2688 2106 2743 confessus

400 2792 487 2840 est
517 2786 738 2852 postea,
778 2779 975 2834 dicens
1034 2777 1184 2847 quod
1219 2791 1284 2832 eo
1321 2777 1412 2831 die
1452 2793 1566 2847 quo
1609 2775 1720 2831 ista
1769 2776 2102 2844 pertulerat,

399 2871 709 2927 consilium
734 2866 1002 2922 habuerit
1038 2868 1107 2920 de
1147 2865 1497 2920 monasterio
1539 2865 1813 2934 fugiendi.

475 2960 559 3014 13.
592 2957 754 3011 Alius
786 2969 1019 3025 quoque
1073 2953 1394 3008 monachus
1442 2953 1738 3007 discedere
1787 2970 1853 3008 ex
1901 2954 2102 3009 eodem

403 3046 756 3105 monasterio
790 3043 1034 3098 latenter
1081 3041 1290 3108 voluit;
1324 3058 1573 3112 cumque
1619 3042 1727 3097 hoc
1759 3047 1951 3097 mente
1991 3047 2103 3098 tra-

395 3139 628 3200 ctasset,
668 3133 984 3188 oratorium
1021 3131 1245 3200 ingredi
1270 3129 1586 3195 voluit,sed
1624 3132 1881 3185 daemone
1920 3133 2099 3186 corri-

400 3228 594 3300 piente
627 3223 908 3295 nequivit.
959 3220 1472 3291 Relinquebatura
1519 3223 1781 3276 dmmone
1820 3223 2098 3292 quamdiu

396 3322 560 3372 extra
588 3312 903 3370 oratorium
944 3311 1165 3378 stabat;
1186 3312 1231 3366 si
1267 3311 1497 3381 ingredi
1528 3310 1872 3380 conabatur,
1899 3312 2097 3367 statim

395 3405 651 3476 maligno
670 3401 897 3473 spiritui
926 3399 1196 3467 traditus,
1219 3401 1544 3455 vexabatur.
1575 3402 1688 3455 Hoc
1719 3402 1856 3455 dum
1882 3402 2096 3471 saepius

391 3495 572 3560 ﬁeret,
608 3490 1159 3560 tandem,Gregorio
1208 3488 1561 3560 inquirente,
1586 3505 1646 3544 ee
1691 3491 1759 3545 de
1809 3495 2096 3546 monaste-

390 3586 474 3642 rio
498 3584 696 3656 fugere
710 3580 961 3636 voluisse
977 3580 1282 3634 confessus
1304 3582 1413 3644 est,
1445 3580 1690 3650 ejusque
1714 3596 1813 3650 per
1829 3581 2090 3636 triduum

388 3673 564 3730 simul
597 3688 727 3727 cum
763 3671 1002 3726 fratrum
1039 3668 1305 3739 precibus
1336 3669 1414 3724 ita
1461 3668 1673 3740 pietate
1709 3669 1903 3725 divina
1933 3686 2094 3726 cura-

388 3769 485 3819 tus
523 3765 633 3830 est,
682 3765 746 3815 ut
794 3761 864 3814 ad
907 3774 1040 3814 eum
1084 3759 1454 3828 postmodum
1504 3758 1796 3828 malignus
1855 3761 2092 3830 spiritus

387 3866 694 3921 nunquam
728 3848 999 3903 accedere
1031 3847 1391 3902 tentavisset.

461 3942 549 3996 14.
579 3938 699 3994 Alio
725 3954 957 4010 quoque
992 3942 1251 4007 tempore
1291 3937 1405 3990 duo
1459 3937 1659 3992 fratres
1710 3955 1779 3993 ex
1826 3940 2087 4009 ejusdem

381 4029 571 4088 Patris
604 4027 950 4084 monasterio
985 4027 1281 4098 fugerunt,
1333 4025 1433 4098 qui
1467 4026 1665 4098 aliqua
1711 4029 1871 4097 prius
1923 4028 2089 4084 collo-

383 4119 614 4191 quando
647 4117 919 4172 fratribus
945 4115 1112 4187 signa
1127 4115 1423 4181 dederant,
1449 4117 1598 4188 quod
1619 4117 1689 4187 (c)
1718 4133 1818 4188 per
1838 4119 2085 4189 Appiam

383 4210 828 4272 descendentes,
879 4205 1304 4276 Jerosolyrnam
1355 4207 1679 4261 tenderent.
1706 4207 1773 4261 lli
1819 4214 2089 4266 exeuntes

382 4299 740 4354 diverterunt
771 4298 838 4351 de
892 4294 1122 4363 itinere,
1155 4299 1212 4350 et
1242 4299 1304 4350 ut
1343 4313 1375 4350 a
1415 4296 1794 4366 sequentibus
1842 4297 2089 4353 inveniri
2115 4331 2163 4395 Β

383 4388 630 4443 mimine
663 4389 916 4458 possent,
943 4389 1202 4440 retrusas
1251 4389 1486 4456 cryptae
1522 4386 1690 4453 juxta
1734 4384 2082 4442 Flaminiam

379 4481 608 4549 portam
666 4475 1050 4541 invenientes,
1092 4473 1151 4528 in
1201 4474 1285 4529 eis
1344 4491 1405 4529 se
1451 4473 1905 4532 occultaverunt.
1940 4477 2082 4533 Cum

375 4582 511 4623 vero
543 4566 890 4636 vespertinis
931 4564 1091 4618 horis
1141 4564 1314 4633 jussu
1353 4566 1611 4637 Gregorii
1650 4567 1934 4637 requisiti,
1977 4567 2084 4622 mi-

376 4658 532 4714 nime
565 4655 623 4710 in
656 4653 1106 4725 congregatione
1127 4653 1346 4708 inventi
1385 4653 1654 4722 fuissent,
1689 4657 1949 4712 ascensis
1992 4673 2082 4712 ca-

375 4746 568 4813 ballis,
588 4761 685 4801 eos
707 4744 946 4817 quidam
973 4744 1179 4800 fratres
1203 4745 1383 4800 secuti
1404 4754 1562 4813 sunt,
1588 4763 1687 4818 per
1710 4746 1783 4818 (ἀ)
1813 4747 2082 4804 Metronii

376 4841 606 4914 portam
639 4838 1010 4902 exeuntes,ut
1039 4850 1137 4890 eos
1169 4833 1226 4890 in
1253 4835 1517 4892 Latinam
1549 4838 1636 4894 vel
1656 4839 1905 4910 Appiam
1928 4840 2082 4894 viam

378 4934 790 5000 sequerentur:
821 4923 1013 4979 subito
1044 4923 1128 4979 eis
1166 4924 1476 4981 consilium
1522 4935 1708 4982 ortum
1760 4932 1849 4984 est
1878 4931 1938 4982 ut
1985 4943 2083 4984 eos

377 5019 439 5072 in
468 5015 747 5072 Salariam
782 5013 934 5068 viam
987 5017 1142 5069 extra
1174 5014 1463 5070 civitatem
1516 5017 1808 5086 requirere
1859 5017 2085 5073 debuis-

413 5173 534 5298 t(ia)
562 5173 729 5238 Editi,
763 5190 837 5227 an
864 5178 1029 5244 Ῑονιε,
1051 5173 1470 5231 reluctantibus
1502 5177 1776 5232 omnibus
1810 5178 1950 5233 Mss.
1986 5194 2087 5234 n0-

441 5261 469 5298 r
493 5260 541 5297 s.

379 5259 541 5300 εει-ιε.

453 5313 529 5393 (ιδ)
558 5311 784 5393 ρῐὶοφι
807 5315 1271 5393 n.onnull_i_Mss.,
1297 5323 1430 5393 quot
1462 5336 1747 5393 mammas.

454 5386 531 5454 (ο)
563 5385 646 5438 Its.
677 5385 1201 5465 simpliciter-Mss.
1229 5385 1594 5447 Addiderunt
1624 5390 1771 5446 viam
1793 5391 2080 5460 Editores;

382 5473 510 5529 quae
539 5469 656 5529 v_qx_
678 5455 817 5508 satis
849 5455 1325 5529 subintelligitur.

453 5524 714 5606 (at)_Utic.
750 5525 1083 5606 etAB_i_got._,.
1109 5524 1352 5606 tiletrovi,
1382 5535 1625 5606 Andeg.,
1660 5534 1902 5592 Metronz'.
1938 5533 2090 5591 Boll.

382 5595 526 5657 cum
550 5598 690 5669 Reg.
725 5599 776 5653 et
808 5595 995 5665 Colb.,
1040 5596 1297 5656 Metrovii.

2296 1794 2381 1847 15.
2413 1791 2541 1847 Alio
2565 1806 2790 1862 quoque
2816 1795 3073 1862 tempore
3096 1790 3333 1861 quidam
3361 1791 3928 1861 monachus,Justus

2224 1884 2477 1951 nomine,
2514 1883 2811 1938 medicina:
2843 1886 2964 1937 arte
2995 1882 3282 1948 imbutus,
3315 1881 3485 1937 beato
3518 1883 3794 1955 Gregorio
3843 1903 3931 1940 se-

2220 1970 2356 2024 dule
2385 1970 2649 2041 obsequi,
2667 1977 2836 2038 atque
2860 1969 2914 2021 in
2938 1967 3190 2023 assiduis
3210 1967 3652 2039 egritudinibus
3679 1972 3806 2040 ejus
3830 1988 3929 2027 ex-

2220 2060 2430 2113 cubare
2500 2060 2892 2113 consueverat.
2943 2055 3045 2110 Hic
3086 2057 3282 2128 itaque
3330 2057 3591 2127 corporis
3647 2059 3928 2130 languore

2220 2153 2566 2219 praeventus,
2597 2149 2666 2202 ad
2701 2152 2959 2202 extrema
2990 2145 3274 2201 deductus
3296 2151 3406 2212 est,
3441 2148 3529 2202 cui
3554 2148 3614 2202 in
3637 2149 3762 2220 ipsa
3796 2167 3923 2206 mo-

2216 2237 2386 2293 lestia
2435 2238 2612 2292 frater
2644 2251 2977 2307 germanus,
3018 2234 3299 2304 Copiosus
3345 2234 3583 2291 nomine
3640 2237 3923 2294 serviebat

2217 2329 2358 2398 (Lib.
2394 2344 2450 2382 1v
2482 2326 2856 2396 Dialog.,cap.
2890 2325 3000 2396 55).
3034 2325 3145 2380 Sed
3193 2325 3506 2396 praedictus
3530 2326 3757 2394 Justus,
3787 2345 3921 2384 cum

2209 2417 2333 2487 jam
2361 2434 2418 2472 se
2447 2419 2514 2471 ad
2539 2421 2794 2471 extrema
2817 2414 3150 2486 parvenisse
3175 2421 3571 2484 cognosceret,
3596 2415 3784 2473 eidem
3813 2417 3916 2472 Co-

2219 2506 2379 2578 pioso
2412 2507 2574 2561 fratri
2605 2521 2707 2561 suo
2738 2505 2877 2576 quia
2905 2503 3163 2561 occultos
3190 2509 3304 2560 tres
3330 2521 3537 2560 aureos
3562 2504 3798 2562 haberet
3827 2507 3919 2562 in-

2219 2596 2606 2659 notuit.Quod
2639 2595 2918 2650 nimirum
2955 2595 3231 2650 fratribus
3250 2595 3421 2649 celari
3456 2612 3568 2650 non
3593 2596 3916 2668 potuit,qui

2217 2685 2503 2742 subtiliter
2533 2686 2894 2756 indagantes,
2931 2694 3097 2756 atque
3129 2685 3288 2739 illius
3327 2685 3754 2740 medicamenta
3799 2703 3920 2741 om-

2218 2777 2314 2832 nia
2358 2780 2809 2846 perscrutantes,
2851 2776 3084 2830 eosdem
3128 2780 3246 2830 tres
3301 2791 3506 2829 aureos
3569 2775 3918 2830 invenerunt

2215 2867 2273 2920 in
2301 2865 2686 2920 medicamine
2736 2864 3130 2919 absconditos.
3156 2864 3313 2930 Quod
3352 2881 3483 2918 mox
3514 2864 3608 2918 ubi
3645 2867 3914 2936 Gregorio

2222 2956 2557 3012 nuntiatum
2590 2963 2693 3021 est,
2726 2959 2956 3010 tantum
2999 2955 3218 3008 malum
3263 2956 3333 3008 de
3386 2956 3556 3009 fratre
3589 2955 3687 3025 qui
3721 2973 3917 3011 secum

2219 3046 2607 3101 communiter
2646 3045 2867 3099 vixerat
2915 3044 3324 3114 aequanimiter
3356 3045 3502 3098 ferre
3557 3062 3670 3099 non
3721 3045 3920 3114 valuit,

2215 3137 2432 3208 quippe
2453 3136 2592 3205 quia
2622 3136 2810 3190 eidem
2847 3136 3198 3190 monasterio
3221 3135 3345 3203 jam
3398 3135 3621 3189 dudum
3654 3136 3916 3206 regulam

2213 3226 2613 3292 constituerat,
2640 3231 2704 3280 ut
2750 3227 2943 3280 cuncti
2981 3228 3181 3279 fratres
3230 3224 3310 3278 ita
3333 3226 3723 3279 communiter
3761 3226 3915 3279 vive-

2213 3323 2360 3385 rent,
2386 3321 2675 3386 qnatenus
2705 3317 2787 3371 eis
2821 3315 3066 3388 singulis
3101 3315 3259 3370 nulla
3290 3315 3498 3369 habere
3520 3314 3748 3387 propria
3777 3315 3918 3370 lice-

2212 3413 2315 3463 ret.
2350 3409 2508 3460 Tunc
2540 3405 2871 3475 Gregorius,
2898 3406 3072 3459 nimio
3108 3421 3346 3461 mmrore
3370 3408 3438 3473 (ε)
3465 3421 3795 3474 percussus.
3821 3421 3915 3460 co-

2210 3498 2394 3567 gitare
2424 3497 2617 3566 coepit,
2650 3495 2738 3549 vel
2783 3495 2920 3566 quid
2958 3495 3026 3548 ad
3061 3494 3461 3564 purgationem
3497 3494 3795 3549 morientis
3831 3495 3917 3548 fa-

2209 3590 2379 3651 ceret,
2414 3584 2498 3640 vel
2531 3584 2672 3655 quid
2716 3585 2784 3639 ad
2837 3585 3166 3654 exemplum
3197 3583 3523 3638 viventibus
3564 3583 3914 3654 provideret.

2208 3675 2462 3730 Pretioso
2498 3675 2670 3745 igitur
2699 3674 2962 3743 ejusdem
3001 3672 3338 3727 monasterii
3389 3672 3697 3743 praeposito
3731 3671 3803 3725 ad
3853 3689 3919 3726 se

2206 3767 2506 3831 accersito,
2540 3765 2715 3820 dixit:
2758 3787 2784 3814 ‹‹
2816 3765 2956 3818 Vide
2991 3769 3046 3818 ut
3077 3763 3271 3818 nullus
3301 3780 3368 3818 ex
3410 3763 3690 3817 fratribus
3747 3779 3809 3818 se
3841 3765 3916 3819 ad

2204 3874 2333 3913 eum
2369 3858 2710 3912 morientem
2737 3856 2970 3925 jungat,
3006 3870 3108 3907 nec
3126 3868 3456 3908 sermonem
3494 3852 3914 3908 consolationis

2201 3963 2267 4001 ex
2298 3944 2612 4014 cujuslibet
2644 3959 2843 3998 eorum
2879 3959 2976 3996 ore
3010 3941 3311 4012 percipiat,
3344 3942 3442 3994 sed
3476 3957 3606 3995 cum
3634 3941 3692 3995 in
3728 3949 3911 3996 morte

2199 4033 2555 4088 constitutus
2581 4031 2785 4086 fratres
2806 4029 3166 4100 exquisierit,
3201 4029 3250 4082 ei
3279 4045 3420 4082 suus
3454 4028 3632 4084 frater
3653 4030 3911 4084 carnalis

2200 4121 2518 4192 dicat,quia
2540 4121 2607 4190 (Ι)
2631 4137 2726 4188 pro
2748 4118 2950 4175 solidis
2979 4135 3127 4189 quos
3150 4117 3372 4172 occulte
3395 4117 3664 4183 habuit,a
3685 4120 3910 4174 cunctis

2201 4211 2481 4267 fratribus
2499 4210 2872 4266 abominatus
2888 4208 2990 4275 sit;
3013 4215 3077 4264 ut
3107 4208 3318 4263 saltem
3344 4207 3402 4262 in
3428 4217 3610 4263 morte
3637 4209 3703 4262 de
3735 4207 3908 4278 culpa

2198 4317 2303 4355 sua
2335 4304 2588 4356 mentem
2637 4298 2797 4353 illius
2829 4297 3154 4354 amaritudo
3186 4297 3630 4362 transverberat,
3667 4304 3841 4367 atque
3873 4315 3908 4352 a

2197 4395 2429 4462 peccato
2454 4389 2607 4460 quod
2643 4389 2990 4460 perpetravit
3018 4395 3244 4459 purget.
3274 4386 3418 4441 Cum
3467 4402 3596 4441 vero
3645 4394 3906 4441 mortuus

2194 4481 2606 4550 fuerit,corpus
2637 4479 2791 4535 illius
2822 4495 2949 4534 cum
2985 4480 3222 4532 fratrum
3261 4476 3608 4546 corporibus
3651 4493 3763 4530 non
3800 4493 3905 4546 po-

2195 4571 2516 4638 natur;sed
2541 4570 2796 4640 quolibet
2821 4569 2879 4623 in
2908 4567 3273 4636 sterquilinio
3299 4567 3510 4620 fossam
3531 4566 3719 4629 facite,
3743 4566 3816 4636 (g)
3848 4571 3906 4620 et

2193 4660 2250 4714 in
2284 4674 2350 4714 ea
2382 4675 2588 4730 corpus
2621 4658 2906 4730 projicite,
2942 4656 3139 4727 ibique
3173 4671 3349 4725 super
3380 4671 3513 4710 eum
3545 4660 3662 4710 tres
3693 4671 3904 4710 aureos

2193 4767 2341 4821 quos
2365 4750 2600 4821 reliquit
2625 4751 2861 4821 jactale,
2894 4748 3072 4803 simul
3111 4763 3311 4803 omnes
3344 4745 3696 4802 clamantes:
3731 4745 3906 4801 Pecu-

2194 4839 2291 4894 nia
2323 4844 2421 4893 tua
2451 4843 2643 4895 tecum
2697 4838 2774 4894 sit
2830 4837 2886 4891 in
2932 4835 3338 4908 perditionem,
3373 4843 3424 4892 et
3456 4835 3540 4890 sic
3576 4851 3707 4889 eum
3749 4838 3906 4890 terra

2194 4931 2504 5001 cooperite.
2542 4952 2569 4978 »
2604 4931 2663 4984 In
2716 4929 2928 5000 quibus
2979 4928 3240 4997 utrisque
3274 4926 3443 4980 rebus
3485 4924 3907 4979 solertissimus

2197 5020 2367 5076 Pater
2397 5018 2704 5091 Gregorius
2737 5034 2910 5073 unam
2947 5016 3237 5082 morienti,
3269 5015 3509 5070 alteram
3542 5030 3673 5070 vero
3712 5013 3906 5069 viven-

2266 5182 2334 5250 (ε)
2360 5179 2530 5247 Utic.,
2564 5180 2771 5251 Bigot.,
2806 5180 3051 5248 Gemet.,
3076 5178 3320 5250 Andeg.,
3354 5177 3533 5241 Colb.,
3568 5179 3897 5251 compulsus.

2194 5322 2223 5377 ὸ
2266 5251 2336 5376 (ζ)
2369 5252 2599 5320 Excuei,
2632 5249 2763 5324 quia
2792 5257 3020 5323 prapter
3039 5249 3400 5322 aureos’quos
3453 5250 3746 5304 occultator
3795 5249 3898 5304 ha~

2229 5339 2282 5377 ut
2315 5361 2327 5376 .

2229 5325 2327 5377 uit.

2263 5393 2552 5464 (g)‘,Bigot,
2603 5395 2774 5460 Utic.,
2823 5395 3140 5459 Andegav.,
3193 5392 3355 5462 Reg.,
3409 5389 3592 5464 Colb.,
3643 5391 3894 5464 Gemet.,

2192 5461 2373 5534 ibique
2402 5461 2565 5536 εὗρεν
2613 5483 2740 5521 eum
2795 5470 2907 5520 tres
2955 5480 3169 5536 aureos,
3201 5461 3331 5527 etc.,
3364 5461 3618 5530 omissis,
3652 5463 3793 5536 etin
3834 5479 3894 5520 ea

2191 5552 2384 5606 corpus
2411 5534 2684 5608 projicite.
2703 5538 2984 5594 Caeterum
3009 5535 3201 5592 simile
3223 5536 3439 5608 factum
3472 5541 3667 5608 narrat
3699 5534 3894 5591 Hiero-

2198 5624 2408 5679 nymus
2442 5606 2719 5666 laudatus
2751 5609 2808 5665 in
2842 5613 2977 5665 nota
2999 5625 3044 5665 c.
3079 5610 3144 5665 ad
3178 5607 3348 5680 epist.
3379 5607 3449 5662 24
3481 5606 3582 5663 lib.
3611 5622 3711 5662 χιι.
