4088 6172
679 244 739 301 S.
786 241 1157 304 GBEGORII
1203 242 1464 304 MAGNI
1507 243 1718 314 VITA,
1765 244 1996 306 AUCT.
2041 246 2343 308 JOANNE
2384 249 2748 313 DlACONO.
2811 255 3046 319 LIBER
3089 263 3135 318 Ι.
3584 267 3663 326 ’70

140 381 286 436 tibus
321 383 606 451 prodesse
636 381 835 449 voluit,
869 384 934 435 ut
964 379 1198 436 etillum
1231 380 1556 436 amaritudo
1577 379 1782 435 mortis
1812 397 1846 435 a
1875 382 1928 448 Α
1959 381 2240 470 qui,tanti
2255 382 2438 440 Patris
2460 387 2644 443 verbis
2669 389 3066 463 exemplisque
3089 396 3500 470 commonitus,
3523 403 3665 459 mul-

136 471 297 541 eulpa
320 472 453 526 solu
467 472 642 528 bilem
667 473 900 537 faceret,
916 475 970 526 et
993 472 1137 526 istos
1150 471 1402 526 avaritia:
1418 474 1578 526 tanta
1596 470 1726 525 dam
1737 487 1844 526 na-

138 561 204 613 tio
226 559 312 630 ζα)
337 560 577 617 misceri
604 560 814 616 talibus
838 560 1430 632 prohiberet,atquea
1457 559 1628 632 culpa
1651 559 1844 631 prohi-

133 651 304 704 beret.
332 650 506 714 Quod
525 652 604 706 ita
626 651 842 706 factum
878 656 983 706 est.
1010 651 1155 706 Nam
1178 666 1310 706 cum
1347 650 1498 705 idem
1525 649 1843 705 monachus

132 744 495 813 pervenisset
514 745 583 798 ad
612 746 873 809 mortem,
899 747 1072 814 atque
1085 743 1250 799 anxie
1275 759 1334 797 se
1347 747 1630 812 quaereret
1653 741 1844 796 fratri-

132 831 230 885 bus
261 832 696 898 commendari,
733 832 1044 904 nullusque
1088 833 1331 888 fratrum
1373 833 1422 887 ei
1454 831 1734 904 applicari
1757 829 1844 886 vel

131 920 283 991 loqui
320 925 605 987 tentaret,
632 923 682 977 ei
705 921 956 978 carnalis
983 923 1179 988 frater,
1211 939 1313 978 cur
1345 923 1415 977 ab
1448 921 1722 977 omnibus
1754 937 1843 975 es-

134 1017 212 1065 set
245 1011 639 1067 abominatus
680 1013 932 1083 aperuit.
965 1011 1067 1068 Ille
1098 1013 1361 1083 protinus
1409 1020 1467 1066 ut
1510 1011 1740 1077 audivit,
1775 1012 1844 1065 de

133 1110 284 1154 reatu
318 1117 433 1156 suo
457 1102 834 1157 vehementer
855 1102 1159 1172 ingemuit,
1174 1107 1342 1172 atque
1363 1101 1420 1156 in
1455 1102 1582 1172 ipsa
1605 1100 1846 1157 tristitia

133 1206 158 1243 ε
184 1205 432 1259 corpore
466 1191 665 1245 exivit.
715 1191 822 1257 Qui
874 1192 954 1245 ita
983 1195 1071 1246 est
1100 1191 1384 1262 sepultus,
1439 1197 1500 1246 ut
1533 1190 1845 1262 Gregorius

129 1281 404 1349 jusserat.
436 1281 551 1335 Sed
584 1279 999 1336 fratresomnes
1021 1281 1222 1335 eadem
1241 1281 1368 1350 ejus
1391 1281 1679 1336 sententia
1710 1297 1845 1336 con-

133 1370 370 1435 turbati,
405 1374 712 1440 cmperunt
737 1369 951 1438 singuli
982 1377 1238 1426 extrema
1262 1386 1504 1442 quaeque
1529 1374 1581 1425 et
1612 1370 1766 1434 vilia,
1790 1373 1847 1425 et

132 1475 245 1529 qua
278 1459 370 1514 eis
398 1459 750 1530 regulariter
799 1475 1032 1530 semper
1084 1461 1296 1516 habere
1324 1461 1585 1525 licuerat,
1620 1461 1689 1515 ad
1725 1477 1847 1515 me-

131 1550 288 1604 dium
344 1550 630 1620 proferre,
683 1551 1166 1623 vehementerque
1212 1552 1523 1607 formidare
1581 1567 1651 1606 ne
1707 1552 1845 1622 quid

131 1640 272 1708 apud
318 1655 385 1694 se
417 1645 580 1694 esset
614 1639 769 1694 unde
803 1640 1143 1710 reprehendi
1179 1642 1526 1712 potuissent.

1956 467 2030 523 tis
2062 471 2531 545 quotidianisque
2552 475 2821 548 lacrymis
2851 479 2919 533 ad
2935 480 3150 551 gaudia
3181 483 3376 554 patriae
3412 467 3658 548 scelestis

1955 559 2285 615 anhelabat.
2309 563 2568 635 Cumque
2588 567 3019 625 studiosissime
3039 587 3170 627 cum
3204 589 3416 646 magno
3441 579 3660 639 fervore

1953 647 2247 718 desiderii,
2291 651 2436 708 duce
2487 656 2780 726 Gregorio,
2816 673 2979 713 sacra
3010 659 3240 732 eloquia
3281 674 3657 742 scrutaretur,

1953 752 2069 792 non
2101 738 2161 794 in
2191 740 2274 795 eis
2305 743 2479 797 verba
2509 743 2786 812 scientiae,
2816 747 2915 802 sed
2951 748 3151 804 fletum
3193 738 3660 825 compunctionis

1952 826 2301 899 inquirebat,
2327 837 2613 901 quatenus
2638 851 2737 906 per
2761 836 3134 895 baecincitata
3165 859 3329 900 mens
3351 848 3476 916 ejus
3508 849 3665 910 inar.

1954 917 2233 985 desceret,
2253 924 2308 975 et
2328 920 2445 976 ima
2470 924 2742 980 deserens
2764 927 2848 998 (ό)
2875 929 2944 982 ad
2985 932 3532 1004 contemplationem
3566 958 3663 1012 pa-

1954 1007 2080 1063 trias
2111 1008 2361 1066 cmlestis
2392 1012 2730 1083 pervolaret.
2785 1015 2932 1072 Iluic
2980 1035 3079 1089 per
3110 1027 3450 1083 nocturnam
3475 1007 3659 1087 visio-

1957 1114 2090 1154 nem
2119 1100 2335 1156 dictum
2371 1107 2459 1158 est
2490 1119 2503 1159 ε
2534 1104 2778 1161 Paratus
2827 1112 2973 1176 esto,
3003 1113 3055 1165 et
3093 1112 3230 1182 quia
3276 1114 3342 1186 (ι)
3377 1121 3660 1180 Dominus

1949 1187 2150 1278 jussit,
2186 1191 2391 1260 migra.
2425 1192 2682 1265 Cumque
2707 1195 2930 1253 illenon
2964 1197 3174 1256 habere
3203 1218 3260 1258 se
3290 1212 3563 1278 sumptus
3587 1213 3658 1268 ad

1957 1277 2332 1348 migrandum
2365 1281 2600 1349 diceret,
2627 1299 2966 1355 responsum
3018 1290 3280 1359 protinus
3301 1277 3539 1366 audivit,
3566 1300 3659 1355 di-

1958 1381 2095 1422 cens
2126 1383 2142 1424 :
2175 1368 2230 1422 Si
2273 1370 2343 1425 de
2366 1372 2615 1442 peccatis
2639 1373 2754 1428 tuis
2788 1375 3000 1445 agitur,
3035 1377 3272 1436 dimissa
3305 1389 3463 1440 sunt.
3498 1389 3660 1454 Quod

1958 1473 2090 1512 cum
2123 1459 2303 1513 semel
2337 1460 2613 1529 audisset,
2646 1473 2697 1518 et
2747 1480 2960 1536 magno
2991 1467 3184 1524 adhuc
3217 1476 3371 1528 metu
3402 1477 3660 1547 trepida-

1958 1549 2063 1612 ret,
2099 1551 2264 1601 nocte
2294 1564 2526 1621 quoque
2558 1551 2670 1606 alia
2702 1553 2758 1607 in
2791 1554 3009 1609 eisdem
3043 1561 3131 1612 est
3175 1560 3364 1617 verbis
3392 1563 3661 1622 admoni-

1955 1639 2072 1690 tus.
2104 1639 2239 1692 Post
2269 1639 2528 1711 quinque
2565 1657 2692 1698 vero
2725 1642 2850 1699 dies
2883 1644 3036 1700 febre
3076 1655 3398 1720 correptus,
3430 1656 3660 1714 cunctis

193 1730 278 1782 15,
318 1729 472 1783 cum
504 1746 634 1784 vero
667 1736 797 1801 post
824 1735 1068 1786 mortem
1099 1733 1292 1788 [τιιιιηίε
1335 1734 1576 1806 triginta
1596 1735 1720 1826 jam
1753 1749 1846 1789 es-
1881 1761 1926 1826 B
1961 1727 2234 1826 fratribus
2265 1731 2564 1826 orantibus
2615 1731 3024 1806 flentibusque,
3059 1737 3394 1812 defungitur
3433 1743 3571 1816 (Lib.
3604 1764 3660 1804 v1

129 1827 245 1874 sent
279 1817 415 1873 dies
449 1818 687 1887 evoluti,
730 1820 904 1890 coepit
947 1821 1180 1877 animus
1229 1821 1485 1893 Gregorii
1529 1822 1852 1878 misericor-

131 1907 271 1962 diter
301 1909 360 1962 ei
383 1909 668 1979 compati,
692 1911 938 1980 ejusque
962 1927 1088 1965 cum
1116 1912 1270 1981 gravi
1301 1929 1541 1968 moerere
1563 1913 1848 1984 supplicia

130 2013 396 2068 pensare,
433 2002 496 2052 et
525 1999 571 2053 si
605 2001 755 2068 quod
792 2005 942 2054 esset
991 2002 1304 2070 ereptionis
1357 2004 1484 2073 ejus
1534 2004 1631 2060 28
1669 2019 1848 2059 reme-

131 2089 285 2143 dium
321 2103 611 2158 quaerere.
640 2088 803 2143 Tunc
834 2099 1065 2145 evocato
1111 2091 1183 2146 ad
1233 2110 1290 2147 se
1331 2096 1532 2148 eodem
1567 2095 1848 2162 Pretioso,

134 2178 480 2232 monasterii
504 2179 592 2234 sui
629 2180 955 2250 praeposito,
976 2180 1161 2236 tristis
1185 2183 1364 2239 dixit:
1401 2205 1428 2231 «
1454 2184 1562 2238 Diu
1587 2190 1674 2239 est
1699 2187 1848 2254 quod

132 2269 294 2322 frater
328 2267 569 2334 Justus,
604 2270 700 2339 qui
749 2269 1053 2325 defunctus
1084 2277 1190 2339 est,
1243 2273 1300 2327 in
1343 2273 1474 2343 igne
1507 2274 1798 2330 cruciatur
1832 2291 1844 2340 ;

133 2358 414 2412 debemus
452 2359 504 2412 ei
553 2359 774 2428 aliquid
836 2359 1094 2416 caritatis
1144 2362 1499 2433 impendere,
1549 2369 1604 2419 et
1657 2365 1726 2434 ei,
1789 2366 1846 2420 in

141 2453 427 2518 quantum
486 2462 813 2518 possumus,
867 2454 929 2503 ut
967 2450 1266 2520 eripiatur,
1300 2453 1652 2520 adjutorium
1689 2471 1847 2510 com-

144 2537 396 2590 medere.
431 2536 593 2591 Vade
641 2537 856 2608 itaque,
908 2541 1051 2594 etab
1103 2540 1382 2596 hodierna
1425 2543 1517 2597 die
1550 2545 1847 2602 continuis

137 2627 366 2698 triginta
399 2625 614 2681 diebus
658 2628 863 2683 offerre
896 2645 995 2698 pro
1045 2646 1110 2684 eo
1142 2631 1495 2687 sacrificium
1547 2635 1737 2703 stude,
1785 2642 1848 2690 ut

140 2717 333 2770 nullus
363 2715 572 2770 omnio
614 2717 1087 2787 praetermittatur
1136 2721 1257 2775 dies
1307 2737 1419 2791 quo
1472 2739 1572 2792 pro
1620 2724 1846 2780 absolu-

138 2807 284 2860 tione
320 2806 489 2860 illius
520 2804 798 2860 salutaris
832 2807 1018 2862 hostia
1048 2808 1122 2878 (ὁ)
1175 2827 1288 2864 non
1325 2817 1629 2868 mactetur.
1679 2834 1702 2864 ι
1737 2815 1844 2878 Qui

143 2897 406 2966 protinus
442 2894 746 2961 abscessit,
782 2901 838 2950 et
885 2897 1057 2952 dictis
1098 2897 1308 2968 paruit.
1349 2900 1620 2971 Gregorio
1653 2915 1842 2959 autem

145 2991 399 3050 curante,
467 2990 641 3055 atque
690 2986 950 3040 evolutos
1017 2988 1137 3042 dies
1186 2989 1427 3043 minime
1476 3000 1842 3060 numerante,

144 3077 285 3129 idem
313 3076 495 3129 frater
517 3074 951 3144 quidefunctus
976 3076 1158 3132 fuerat
1181 3084 1349 3134 nocte
1387 3082 1638 3150 quadam
1685 3082 1841 3137 fratri
1887 3060 1928 3126 (ἶ

145 3181 230 3218 suo
262 3165 333 3234 (ε)
361 3164 608 3234 Copioso
643 3180 742 3235 per
763 3164 1044 3221 visionem
1079 3169 1371 3238 apparuit.
1393 3171 1574 3234 Quem
1596 3171 1691 3226 ille
1714 3189 1846 3227 cum

144 3254 400 3317 vidisset,
458 3254 784 3324 inquisivit,
826 3256 1026 3312 dicens
1063 3274 1075 3312 :
1110 3258 1256 3323 Quid
1307 3265 1391 3313 est
1443 3260 1616 3315 frater
1645 3263 1672 3316 ?
1703 3264 1848 3327 Quo-

149 3345 306 3398 modo
334 3360 396 3399 es
428 3344 460 3397 ?
491 3344 592 3398 Cui
625 3345 751 3414 ipse
783 3347 1080 3417 respondit
1113 3365 1126 3401 :
1164 3348 1329 3403 Nunc
1364 3366 1544 3416 usque
1575 3351 1722 3407 male
1745 3352 1846 3420 fui,

150 3434 232 3487 sed
263 3437 380 3502 jam
419 3436 595 3488 modo
632 3434 773 3488 bene
799 3451 951 3502 sum,
993 3436 1130 3508 quia
1163 3437 1334 3493 hodie
1377 3441 1846 3497 communionem

151 3525 346 3594 recepi.
381 3525 550 3588 Quod
584 3524 734 3579 idem
769 3525 1046 3596 Copiosus
1074 3544 1317 3598 pergens
1352 3529 1611 3599 protinus
1644 3533 1701 3586 in
1729 3549 1848 3585 mo-

149 3615 395 3668 nasterio
434 3615 704 3668 fratribus
727 3615 1015 3670 indicavit.
1034 3617 1257 3673 Fratres
1277 3636 1407 3674 vero
1434 3621 1677 3675 sollicite
1701 3637 1851 3676 com-

154 3709 500 3772 putaverunt
551 3705 694 3769 dies,
739 3711 793 3757 et
824 3704 1038 3774 ipsium
1087 3707 1239 3761 diem
1292 3708 1468 3763 fuisse
1508 3710 1856 3765 invenerunt

151 3807 250 3860 quo
282 3808 391 3862 pro
423 3809 488 3848 eo
534 3792 833 3864 trigesima
888 3795 1101 3850 oblatio
1143 3799 1324 3850 fuerat
1356 3797 1640 3867 completa
1673 3816 1686 3865 ;
1720 3816 1852 3854 cum

152 3893 196 3937 et
223 3884 510 3952 Cepiosus
545 3886 792 3940 nesciret
821 3887 915 3956 qui
951 3903 1050 3956 pro
1099 3905 1163 3942 eo
1198 3889 1421 3951 fratres,
1464 3894 1692 3944 auctore
1725 3889 1856 3944 Gre-

154 3974 321 4043 gorio,
358 3979 616 4043 agerent,
651 3979 706 4029 et
767 3977 965 4030 fratres
997 3977 1332 4047 ignorarent
1379 3979 1518 4049 quid
1543 3980 1612 4033 de
1659 3996 1724 4034 eo
1757 3980 1857 4034 Co-

155 4062 344 4130 piosus
377 4062 646 4126 vidisset,
682 4080 795 4117 uno
826 4065 1147 4135 eodemque
1184 4074 1437 4137 tempore
1467 4069 1604 4123 dum
1639 4084 1856 4138 agnos-

151 4151 217 4203 cit
251 4151 350 4204 ille
393 4151 778 4219 oblationem,
825 4153 907 4207 illi
971 4155 1218 4209 audiunt
1261 4157 1574 4223 somnium,
1621 4159 1855 4228 trigesi-

152 4253 427 4308 tuumque
441 4238 594 4292 diem
615 4247 1012 4308 cognoscunt;
1038 4243 1427 4297 concordante
1446 4245 1617 4297 simul
1639 4245 1856 4299 visione

151 4326 528 4393 etsacriticio,
567 4343 658 4382 res
690 4334 878 4397 aperte
917 4330 1145 4398 claruit,
1173 4332 1310 4402 quia
1343 4333 1516 4386 frater
1546 4349 1713 4403 quem
1746 4334 1855 4388 sub

1958 1815 2126 1881 Dial.,
2159 1834 2278 1888 cap.
2319 1819 2427 1889 47).

2031 1953 2116 2005 18.
2154 1953 2212 2006 In
2246 1954 2444 2007 eodem
2489 1957 2837 2012 monasterio
2871 1957 3044 2014 frater
3085 1962 3318 2031 quidam
3351 1965 3658 2028 Gerontius

1959 2042 2283 2107 dicebatur,
2319 2043 2414 2112 qui
2465 2045 2597 2099 dum
2651 2047 2804 2114 gravi
2856 2047 3122 2105 molestia
3165 2055 3420 2124 corporis
3453 2057 3662 2117 fuisset

1958 2134 2286 2204 depressus,
2320 2134 2376 2188 in
2430 2135 2648 2192 visione
2681 2146 2964 2194 nocturna
2993 2141 3216 2198 albatos
3248 2144 3401 2202 viros
3433 2156 3484 2204 et
3516 2149 3660 2207 clari

1957 2223 2292 2278 omnimodo
2323 2223 2558 2279 habitus
2590 2226 2646 2279 in
2681 2226 2788 2282 hoc
2833 2229 3028 2298 ipsum
3071 2237 3491 2293 monasterium
3524 2240 3657 2296 des-

1957 2312 2200 2366 cendere
2232 2313 2299 2367 de
2336 2315 2737 2385 superioribus
2770 2319 3012 2388 aspexit.
3046 2320 3150 2384 Qui
3185 2325 3322 2378 dum
3355 2342 3547 2384 coram
3581 2329 3660 2386 le-

1958 2406 2045 2456 cto
2074 2403 2319 2471 jacentis
2377 2404 2736 2476 assisterent,
2771 2423 2922 2463 unus
2971 2426 3171 2465 eorum
3215 2414 3355 2469 dixit
3387 2432 3399 2470 :
3435 2418 3514 2471 Ad
3549 2419 3658 2476 hoc

1956 2492 2244 2558 venimus,
2271 2497 2334 2547 ut
2355 2493 2424 2547 de
2449 2497 2798 2556 monasterio
2821 2497 3079 2568 Gregorii
3130 2504 3416 2572 quosdam
3452 2507 3660 2564 fratres

1955 2581 2012 2634 in
2049 2581 2316 2636 militiam
2357 2583 2658 2638 mittamus
2691 2601 2704 2649 ;
2739 2591 2912 2656 atque
2953 2589 3114 2642 alteri
3164 2593 3519 2662 praecipiens,
3555 2600 3654 2652 ad-

1946 2668 2138 2738 junxit
2162 2686 2172 2722 :
2198 2669 2396 2724 Scribe
2417 2670 2774 2737 Marcellum,
2800 2673 3294 2746 Valentinianum,
3321 2681 3418 2736 29
3443 2685 3654 2754 Agnet-

1957 2757 2099 2822 lum,
2135 2762 2302 2826 atque
2321 2757 2483 2818 alios.
2510 2775 2758 2828 quorum
2784 2762 2852 2832 (f)
2878 2764 3266 2833 cognitionem
3289 2785 3393 2840 ego
3417 2787 3531 2827 non
3558 2774 3657 2828 ba-

1957 2847 2082 2900 beo.
2118 2846 2338 2909 Quibus
2367 2848 2607 2918 expletis
2637 2850 2881 2918 addidit,
2906 2852 3105 2909 dicens
3138 2871 3149 2908 :
3187 2856 3382 2913 Scribe
3415 2864 3472 2914 et
3504 2861 3658 2918 hunc

1957 2936 2147 3006 ipsum
2183 2937 2281 3007 qui
2318 2953 2420 2991 nos
2453 2938 2679 3007 aspicit.
2715 2940 2792 2993 Ex
2815 2957 2923 3008 qua
2957 2943 3173 2997 visione
3201 2945 3509 3004 Gerontius
3537 2966 3661 3005 cer-

1959 3031 2051 3080 tus
2084 3027 2338 3092 effectus,
2382 3028 2530 3083 facto
2583 3044 2771 3089 mane.
2807 3031 3062 3086 innotuit
3109 3034 3385 3092 fratribus
3437 3045 3578 3110 quot
3610 3048 3665 3096 et

1959 3117 2057 3188 qui
2091 3122 2286 3172 essent
2315 3134 2381 3172 ex
2404 3119 2604 3173 eodem
2635 3121 2988 3176 monasterio
3011 3124 3292 3191 morituri,
3328 3143 3505 3198 seque
3527 3129 3661 3185 illos

1957 3210 2228 3264 continuo
2260 3219 2617 3264 secuturum.
2668 3211 2807 3265 Cum
2843 3211 2933 3265 die
2991 3212 3102 3268 alio
3155 3216 3414 3285 praedicti
3450 3219 3657 3275 fratres

1960 3301 2105 3354 mori
2151 3304 2470 3370 coeperunt,
2514 3304 2683 3369 atque
2710 3302 2819 3354 sub
2860 3303 3062 3356 eodem
3095 3305 3293 3359 ordine
3324 3323 3383 3361 se
3415 3308 3470 3361 in
3508 3325 3660 3364 mor-

1960 3394 2075 3444 tem
2102 3387 2281 3443 secuti
2309 3393 2442 3442 sunt
2466 3405 2579 3458 quo
2606 3390 2835 3443 fuerant
2857 3390 2914 3443 in
2939 3391 3327 3462 descriptione
3355 3396 3662 3464 nominati,

1961 3480 2027 3532 arl
2065 3483 2386 3532 extremum
2421 3494 2550 3532 vero
2583 3485 2638 3532 et
2685 3477 2803 3548 ipse
2835 3479 2996 3545 obiit,
3050 3482 3147 3552 qui
3181 3484 3415 3540 eosdem
3463 3486 3668 3542 fratres

1962 3568 2280 3623 morituros
2315 3567 2595 3637 praevidit.

2037 3703 2118 3757 19.
2151 3702 2309 3757 Alius
2341 3702 2513 3758 etiam
2545 3703 2720 3756 frater
2749 3703 2806 3758 in
2838 3705 3037 3759 eodem
3087 3707 3438 3763 monasterio
3471 3708 3666 3764 Meru-

1962 3792 2054 3847 lus
2085 3792 2403 3854 dicebatur,
2436 3792 2808 3846 vehementer
2837 3793 3108 3864 lacrymis
3141 3800 3315 3866 atque
3345 3796 3669 3870 eleemosy-

1964 3883 2073 3945 nis,
2111 3896 2178 3934 ex
2207 3881 2467 3949 Gregorii
2519 3881 2620 3934 viri
2651 3882 2993 3937 venerabilis
3033 3884 3314 3945 doctrina,
3359 3888 3617 3944 intentus
3652 3906 3664 3943 :

1965 3969 2284 4042 psalmodia
2315 3985 2444 4022 vero
2485 3985 2552 4023 ex
2574 3985 2667 4022 ore
2700 3969 2854 4024 illius
2881 3987 3023 4038 pene
3067 3972 3224 4026 nullo
3258 3979 3515 4044 tempore
3540 3992 3665 4032 ces-

1963 4074 2091 4113 sare
2122 4062 2521 4126 consueverat,
2572 4062 2807 4126 excepto
2857 4074 2988 4112 cum
3032 4063 3130 4112 aut
3159 4059 3504 4116 alimentum
3539 4079 3667 4118 cor-

1968 4149 2112 4219 pori,
2147 4153 2248 4201 aut
2296 4147 2559 4201 membra
2614 4147 2871 4201 dedisset
2918 4148 3130 4217 sopori.
3190 4149 3334 4204 Huic
3385 4157 3670 4208 nocturna

1967 4237 2185 4292 visione
2232 4237 2500 4306 apparuit
2546 4236 2699 4306 quod
2759 4251 2826 4290 ex
2864 4235 3009 4291 albis
3057 4237 3297 4293 floribus
3337 4255 3551 4296 corona
3599 4243 3669 4298 de

1968 4325 2107 4380 ccslo
2138 4325 2196 4380 in
2231 4334 2402 4396 caput
2449 4323 2608 4379 illius
2658 4324 3062 4394 descendebat,
3096 4328 3195 4397 qui
3239 4344 3371 4384 mox
3403 4330 3672 4389 molestia

152 4417 655 4472 animadversione
694 4420 996 4473 sententias
1028 4420 1339 4492 Gregorius
1383 4423 1524 4476 mori
1576 4424 1854 4492 permise-
1890 4431 1934 4493 D
1967 4416 2224 4486 corporis
2256 4419 2591 4483 oceupatus,
2624 4430 2754 4469 cum
2781 4430 2993 4486 magna
3024 4416 3336 4473 securitate
3370 4420 3551 4475 animi
3584 4425 3669 4476 at-

153 4509 252 4567 rat,
291 4521 392 4575 per
424 4505 742 4561 salutarem
772 4509 1024 4564 hostiam
1057 4527 1089 4564 u
1112 4511 1395 4581 supplicio
1420 4511 1685 4567 liberarat
1717 4512 1853 4581 (Lib.

154 4610 204 4646 1v
239 4595 409 4658 θέαι..
442 4612 487 4648 c.
540 4597 651 4666 55).

222 4683 309 4739 17.
343 4685 458 4739 Sed
493 4687 630 4754 quia
678 4687 828 4742 idem
883 4690 1225 4744 venerabilis
1275 4691 1443 4745 Pater
1482 4693 1857 4760 quemadmo-

156 4773 286 4828 dum
323 4775 828 4831 fratribusterrori
855 4779 1048 4846 fuerit,
1087 4797 1152 4835 ex
1187 4781 1478 4850 partejam
1508 4782 1690 4851 tetigi,
1722 4799 1865 4853 qua-

154 4863 276 4918 liter
306 4866 443 4935 ejus
474 4867 756 4937 exemplis
808 4868 976 4923 iidem
1027 4871 1388 4940 profecerint,
1439 4871 1682 4926 breviter
1711 4872 1860 4927 indi-

157 4955 398 5007 candum
436 4955 652 5022 putavi.
675 4955 868 5010 Frater
892 4957 1123 5025 quidam
1159 4957 1214 5011 in
1249 4958 1450 5012 eodem
1488 4960 1862 5026 monasterio,

159 5042 388 5096 nomine
409 5041 722 5106 Antonius,
751 5043 917 5099 beato
948 5045 1222 5116 Gregorio
1247 5046 1489 5101 sedulus
1515 5047 1862 5114 adhaerebat,

220 5213 293 5287 (at
319 5212 532 5287 Excusi
556 5211 837 5287 plerique,
863 5222 1106 5279 terreret,
1126 5223 1282 5285 atque
1300 5233 1332 5269 a
1356 5216 1513 5286 culpa
1533 5218 1859 5287 prohiberet.

161 5282 462 5358 [inﬂandus
498 5283 894 5358 _nostri_Mss.
951 5302 1098 5354 quos
1144 5282 1449 5358 sequimur
1485 5282 1758 5344 concinit.
1797 5291 1857 5345 ln

157 5356 284 5429 Reg.
324 5359 381 5407 et.
413 5354 573 5408 Colb.
603 5355 908 5429 omittitur
935 5363 1100 5427 atque
1127 5375 1160 5410 a
1189 5354 1334 5429 culp.
1365 5360 1575 5428 prohib.

220 5428 296 5490 (ὁ)
332 5429 416 5480 lta
438 5444 573 5481 cum
603 5426 739 5480 Mss.
771 5426 1041 5482 omnibus
1067 5426 1575 5498 Bollan-l.,ubialii
1601 5432 1745 5486 Editi
1768 5432 1860 5485 ha-

158 5496 287 5551 bent
312 5514 425 5551 non
459 5499 748 5570 offeratur.
785 5498 956 5570 Porro
1015 5501 1109 5570 qui
1143 5500 1236 5555 hic
1266 5496 1478 5557 dieitur
1526 5504 1860 5558 monasterii

157 5570 521 5648 praepositus,
556 5569 1194 5648 appellatureixévoneg
1219 5572 1275 5627 in
1309 5573 1612 5648 Dialogisa
1640 5574 1863 5630 Zacha-

159 5641 234 5695 ria
263 5641 813 5717 Graecetranslatis.
849 5641 1102 5700 Observa
1132 5644 1226 5702 hic
1249 5641 1529 5717 originem
1550 5647 1621 5702 30
1651 5648 1863 5704 missa-

159 5728 277 5769 rum
306 5729 411 5785 pro
443 5713 759 5771 defunctis.
1030 5747 1038 5756 ι
1156 5749 1160 5752 -

1971 4521 2082 4574 que
2114 4503 2402 4558 hilaritate
2451 4505 2758 4559 defunctus
2807 4508 2916 4559 est.
2966 4506 3046 4558 Ad
3100 4506 3266 4576 cujus
3309 4509 3670 4578 sepulcrum,

1970 4595 2128 4661 dum,
2165 4599 2293 4665 post
2336 4610 2521 4648 annos
2551 4594 3012 4664 quatuordecim,
3048 4593 3271 4662 Petrus,
3310 4599 3409 4668 qui
3442 4600 3674 4668 pontifi-

1970 4693 2132 4740 catus
2159 4684 2324 4738 istius
2356 4683 2613 4754 Gregorii
2649 4688 2909 4754 tempore
2941 4685 3291 4741 monasterio
3322 4687 3511 4742 eidem
3538 4705 3674 4759 pras-

1974 4775 2098 4839 fuit,
2131 4773 2240 4828 sibi
2266 4773 2625 4844 sepulturam
2661 4773 2842 4828 facere
2874 4772 3165 4842 voluisset,
3192 4783 3344 4830 tanta
3366 4779 3436 4830 de
3466 4778 3671 4832 eodem

1972 4862 2236 4933 sepulcro
2271 4861 2463 4916 fratris
2484 4860 2688 4916 Meruli
2712 4861 3028 4932 fragrantia
3051 4862 3349 4919 suavitatis
3362 4867 3669 4930 emanavit,

1973 4969 2038 5008 ac
2072 4954 2121 5007 si
2151 4952 2270 5008 illic
2304 4957 2506 5007 florum
2540 4951 2803 5006 omnium
2859 4952 3104 5006 fuissent
3134 4953 3510 5007 odoramenta
3538 4969 3673 5008 con-

1971 5045 2153 5112 gesta.
2207 5045 2279 5096 Ex
2331 5058 2447 5113 qua
2495 5057 2555 5096 re
2609 5041 2908 5095 manifeste
2940 5040 3122 5111 patuit
3155 5039 3292 5109 quia
3334 5056 3532 5096 verum
3562 5041 3674 5098 fuit

2043 5213 2107 5297 (ς)
2143 5214 2207 5267 In
2239 5214 2455 5297 Turon.
2490 5216 2545 5265 et
2576 5210 2746 5290 Utic_.,
2773 5209 2872 5297 qui
2902 5207 2993 5297 hic
3027 5207 3550 5297 dieitur-Cepimus,
3575 5229 3676 5297 ap.

1975 5277 2530 5366 pellaturhSIZe-ciosus
2561 5299 2580 5343 ,·
2632 5277 2807 5352 prius
2827 5286 3022 5334 tamen
3061 5277 3274 5349 legitur
3305 5280 3581 5352 Capiosus,
3612 5277 3674 5342 in

1973 5355 2178 5410 iisdem
2215 5355 2393 5410 Codd.

2042 5429 2117 5496 (ά)
2145 5430 2226 5481 [ta
2248 5443 2379 5480 eum
2406 5422 2838 5496 ornnibusMss.
2860 5421 3077 5476 nostris
3111 5420 3341 5496 Bol!._ln
3386 5423 3460 5480 al.
3494 5426 3670 5496 Edit.,

1969 5493 2347 5570 ait'regioizcm
2374 5498 2566 5566 patriae
2595 5494 2844 5564 caelestis,
2875 5510 2972 5566 per
2999 5493 3511 5564 contemplationem
3547 5493 3672 5571 per;

1969 5573 2116 5713 uois)
2146 5639 2318 5713 Edili,
2352 5642 2482 5713 Quia
2515 5641 2776 5713 Dominus
2795 5637 2970 5713 jussit
2997 5640 3248 5710 migrare
3278 5647 3347 5697 te.

2043 5644 2092 5713 (θ
2146 5644 2318 5705 Edili,
2352 5644 2482 5710 quia
2515 5644 2776 5695 Dominus
2795 5644 2970 5709 jussit
2997 5644 3248 5710 migrare
3278 5647 3347 5697 te.

2040 5644 2116 5787 (fi
2145 5711 2412 5784 Plerique
2441 5710 2672 5782 Excusi,
2697 5728 2846 5769 nunc
2865 5711 3098 5769 minime
3133 5729 3278 5793 ⁴(ἕως
3301 5726 3326 5768 ε,
3350 5728 3398 5769 r.
