4088 6172
400 256 470 317 71
928 260 990 318 s.
1042 254 1414 317 oaeeoau
1459 251 1709 313 MAGNI
1754 249 1960 320 VlTA,
2005 243 2237 307 AUCT.
2284 242 2598 304 JOANNE
2645 231 3005 308 DIACONO.
3051 249 3284 311 LIBER
3328 253 3376 313 ι.
3833 262 3916 318 7s

389 395 542 465 quod
577 399 1036 467 pernocturnam
1066 391 1347 446 visionem
1373 389 1514 444 tanti
1547 386 1733 443 Patris
1765 383 2089 456 discipulus
2121 382 2172 447 Α
2203 379 2400 450 gorius
2436 395 2449 434 :
2486 381 2658 448 Bene,
2683 382 2895 455 inquit,
2930 386 3101 453 Deiri,
3127 388 3266 457 quia
3292 389 3360 444 de
3384 389 3465 445 ira
3488 396 3624 446 sunt
3649 398 3920 463 eruendi,

391 484 538 538 vidit
566 485 826 556 (Dialog.
862 483 955 539 lib.
1009 500 1085 552 IV,
1117 498 1236 552 cap.
1272 481 1380 550 47).

459 575 548 628 20.
595 574 754 629 Alius
812 589 1042 644 quoque
1090 572 1144 625 in
1188 571 1387 625 eodem
1443 565 1796 622 monasterio
1840 564 2093 620 Joannes

388 665 576 719 dictus
608 671 716 731 est,
753 681 974 735 magnae
1009 661 1217 716 indolis
1237 659 1599 724 adolescens,
1633 658 1707 727 (a)
1740 656 1839 726 qui
1869 659 2095 710 aetatem

387 771 553 810 suam
571 754 897 810 intellectus
913 759 999 809 est
1025 750 1370 807 humilitatis
1390 749 1716 813 dulcedine,
1742 755 1793 800 et
1818 745 2102 815 gravitate

391 862 643 911 morum,
715 847 1053 900 imminente
1102 842 1395 912 Gregorio,
1465 838 1902 894 trancendebat.
1956 834 2100 887 Huic

388 934 711 1002 aegrotanti,
747 944 915 1003 atque
949 933 1016 986 ad
1050 935 1372 985 extremum
1417 929 1683 990 deducto,
1733 942 1832 996 per
1865 929 2099 977 noctur-

390 1040 528 1078 nam
563 1023 836 1078 visionem
874 1021 983 1075 sub
1011 1020 1206 1073 habitu
1243 1017 1398 1072 senis
1431 1017 1630 1070 beatus
1662 1012 1962 1083 apostolus
1992 1014 2101 1064 An-

383 1113 550 1167 dreas
589 1113 881 1182 apparuit,
931 1114 987 1164 et
1038 1109 1187 1162 hunc
1235 1107 1398 1175 virga
1449 1104 1656 1172 tetigit,
1691 1104 1855 1170 eique
1903 1100 2093 1154 dixit:

382 1202 597 1273 Surge;
635 1218 699 1255 ex
723 1200 829 1254 hac
852 1199 1003 1253 enim
1030 1196 1295 1250 molestia
1331 1195 1495 1248 modo
1534 1192 1772 1246 minime
1814 1187 2096 1251 morieris,

388 1293 486 1346 sed
522 1295 758 1361 paratus
807 1294 952 1354 esto,
1002 1286 1138 1357 quia
1191 1287 1425 1354 longum
1458 1289 1692 1353 tempus
1715 1281 1807 1335 hic
1844 1279 2096 1334 facturus

389 1398 503 1435 non
537 1381 669 1435 eris.
704 1380 809 1442 Qui
859 1379 998 1431 dum
1028 1377 1149 1446 jam
1185 1380 1335 1429 esset
1384 1391 1417 1428 a
1446 1371 1686 1427 medicis
1730 1372 2095 1440 desperatus,

387 1477 620 1542 repente
651 1473 895 1523 sanatus
927 1471 1016 1520 est
1065 1471 1238 1534 atque
1270 1461 1582 1518 convaluit.
1629 1460 1767 1515 Rem
1801 1474 1974 1528 quam
2019 1456 2100 1511 vi-

383 1563 544 1618 derat
570 1559 845 1624 narravit,
882 1572 1060 1627 sequo
1093 1572 1190 1624 per
1241 1554 1545 1608 biennium
1607 1551 1663 1604 in
1699 1550 1798 1605 Dei
1829 1548 2091 1611 servitio,

388 1651 534 1706 sicut
567 1648 828 1720 praedixi,
854 1645 1008 1700 ultra
1037 1644 1224 1698 astatis
1255 1659 1373 1696 suae
1406 1658 1592 1696 annos
1624 1638 1903 1693 exhibuit.
1958 1636 2094 1690 Evo-

2205 474 2262 524 et
2302 470 2372 524 ad
2405 470 2615 526 Christi
2669 474 2918 543 gratiam
2959 478 3337 534 convocandi.
3421 480 3555 541 Rex.
3607 483 3709 548 ait,
3764 486 3931 541 illius

2208 560 2819 631 provinciasquomodo
2842 576 3213 635 nuncupatur
3237 567 3551 624 ?.\iercalor
3579 576 3881 644 respondit
3914 593 3926 630 :

2210 650 2352 706 Elle
2382 655 2641 706 vocatur.
2665 651 2723 706 Et
2744 655 3053 726 Gregorius
3084 656 3350 713 alludens
3372 660 3439 714 ad
3466 677 3698 729 nomen,
3726 665 3873 720 dixit
3919 681 3933 720 :

2211 739 2383 807 Bene,
2416 741 2555 810 quia
2594 758 2692 795 rex
2732 742 2939 798 dicitur
2990 745 3068 815 (d)
3116 745 3279 801 Elle.
3323 748 3569 804 Alleluia
3609 752 3822 807 etenim
3859 755 3920 809 in

2211 829 2377 885 laude
2424 830 2713 886 Creatoris
2760 833 2816 886 in
2866 836 3130 903 partibus
3181 836 3293 892 illis
3338 846 3565 909 oportet
3616 843 3920 898 decantari

2213 920 2376 990 (Beli.
2419 922 2513 977 tib.
2552 939 2609 989 II,
2642 939 2688 977 ο.
2728 924 2774 990 1,
2812 925 2943 979 Hist.
2977 926 3182 996 Angl.).

2281 1009 2368 1063 22.
2407 1010 2535 1064 Mox
2568 1011 2758 1082 itaque
2800 1015 3078 1069 accedens
3122 1018 3188 1068 ad
3243 1015 3639 1089 Benedictum,
3683 1029 3921 1094 aposto-

2209 1099 2335 1154 licae
2371 1101 2522 1155 sedis
2554 1103 2910 1172 pontificem,
2946 1107 3116 1172 coepit
3155 1108 3523 1164 vehementer
3553 1117 3816 1182 expetere
3860 1123 3926 1168 ut

2212 1187 2267 1241 in
2294 1188 2649 1244 Britanniam
2698 1191 2925 1262 aliquos
2957 1194 3112 1248 verbi
3159 1196 3456 1251 ministros
3490 1201 3756 1255 mitteret.
3797 1203 3924 1266 Quo

2210 1293 2341 1331 cum
2361 1281 2650 1334 neminem
2679 1281 2758 1335 ire
2775 1282 2913 1337 velle
2937 1291 3335 1355 cognosceret,
3355 1289 3733 1357 semetipsum
3761 1307 3925 1360 quo-

2208 1383 2318 1438 que
2353 1385 2466 1424 non
2496 1370 2785 1424 dubitavit
2834 1373 3110 1443 ingerere,
3146 1375 3462 1430 dummodo
3504 1376 3611 1431 sibi
3651 1381 3925 1448 pontifex

2207 1457 2502 1512 licentiam
2541 1461 2959 1515 commodaret.
2993 1461 3098 1525 Qui
3122 1461 3256 1517 licet
3285 1479 3417 1518 cum
3443 1481 3652 1537 magna
3683 1473 3925 1522 cuncta-

2209 1547 2367 1602 tione
2397 1549 2572 1602 totius
2605 1548 2740 1604 cleri
2789 1566 2854 1605 ac
2891 1550 3083 1621 populi
3126 1551 3467 1623 Gregorium
3501 1559 3708 1626 sponte
3739 1558 3922 1627 proli-

2209 1638 2344 1693 cisci
2380 1638 2706 1706 cupientem
2736 1637 2890 1694 abire
2935 1640 3217 1709 permisit,
3255 1642 3597 1712 imprecatus
3625 1643 3676 1699 ei
3710 1645 3919 1700 divini-

388 1740 527 1794 Iutis
560 1704 753 1792 autem
787 1735 1015 1791 duobus
1049 1733 1236 1800 annis,
1266 1747 1398 1787 cum
1431 1731 1667 1802 quidam
1695 1729 1873 1782 frater
1896 1726 2098 1780 fuisset
2135 1704 2177 1766 Β
2215 1736 2306 1781 tus
2343 1743 2617 1797 prospera
2650 1727 2994 1783 ministrari.

387 1832 676 1897 mortuus,
707 1831 882 1897 atque
910 1825 967 1879 in
1018 1821 1360 1880 monasterii
1390 1821 1656 1891 ejusdem
1702 1816 2031 1872 cmmeterio
2068 1831 2102 1870 a

383 1917 654 1988 Gregorio
693 1915 1093 1985 fratribusque
1141 1912 1426 1982 sepultus,
1477 1908 1706 1963 cunctis
1755 1907 1890 1960 inde
1921 1905 2102 1958 disce-

383 2006 675 2072 dentibus,
711 2005 866 2060 idem
898 2008 1174 2070 Joannes,
1201 2002 1348 2057 sicut
1384 1999 1754 2069 postmodum
1797 1994 2021 2066 pallens
2045 2001 2098 2049 et

380 2101 637 2151 tremens
687 2093 959 2164 Gregorio
982 2097 1039 2146 et
1063 2089 1337 2144 fratribus
1372 2087 1669 2155 indicavit,
1704 2084 1863 2142 solus
1895 2083 2098 2138 inven-

383 2193 497 2253 tus,
533 2184 604 2238 ab
631 2184 832 2239 eodem
885 2183 1057 2235 fratre
1081 2179 1181 2251 qui
1204 2177 1471 2248 sepultus
1514 2179 1700 2230 fuerat
1731 2176 1800 2228 de
1833 2173 2096 2244 sepulcro

385 2280 623 2332 vocatus
654 2279 762 2329 est.
800 2273 959 2335 Quod
994 2287 1123 2325 mox
1150 2271 1323 2325 etiam
1356 2269 1715 2338 subsequens
1749 2264 1880 2319 finis
1903 2268 2096 2318 osten-

384 2365 488 2420 dit.
523 2366 664 2418 Nam
698 2368 830 2433 post
861 2362 984 2415 dies
1007 2363 1199 2416 decem
1233 2362 1311 2431 (b)
1342 2362 1639 2427 correptus
1668 2355 1945 2419 febribus,
1973 2369 2098 2407 mo—

383 2456 585 2510 riendo
606 2459 907 2508 vocantem
936 2456 1175 2506 secutus
1212 2456 1321 2505 est.
1356 2449 1566 2504 Verum
1589 2447 1724 2516 quia
1749 2445 1983 2514 longum
2007 2448 2097 2498 est

383 2549 440 2599 et
472 2544 647 2598 multa
679 2546 899 2596 restant
922 2557 1048 2611 quea
1080 2542 1149 2594 de
1174 2540 1349 2608 huius
1383 2537 1484 2592 viri
1511 2535 1900 2592 sanctimonia
1922 2535 2094 2589 certis

383 2639 627 2705 possunt
655 2631 1128 2687 attestationibus
1156 2627 1474 2699 praadicari,
1500 2643 1629 2696 quas
1651 2625 1825 2680 etiam
1858 2641 1925 2679 ex
1949 2622 2096 2678 rela-

383 2723 544 2777 tione
577 2722 888 2790 majorum,
922 2718 1224 2788 scriptisve
1257 2716 1515 2788 priorum
1567 2711 1970 2784 compererim,
2004 2711 2094 2767 his

385 2809 699 2865 inserenda
742 2807 990 2861 decrevi.

457 2901 547 2952 2l.
581 2899 840 2961 Quadam
892 2897 1005 2963 die,
1039 2910 1171 2950 cum
1213 2893 1656 2950 advenientibus
1701 2908 1886 2962 nuper
1917 2907 2093 2962 nego-

384 2987 713 3052 tiatoribus,
756 2985 940 3040 multa
965 2984 1189 3039 venalia
1224 2984 1281 3037 in
1319 2983 1438 3038 foro
1465 2983 1734 3036 Romanae
1766 2979 1925 3035 urbis
1949 2980 2094 3035 fuis-

383 3081 513 3133 sent
573 3076 884 3146 proposita,
958 3072 1247 3142 multique
1306 3072 1377 3125 ad
1457 3071 1771 3126 emendum
1834 3069 2092 3139 undique

382 3166 822 3231 conﬂuxissent,
871 3163 1112 3234 contigit
1152 3168 1209 3217 et
1256 3162 1596 3233 Gregorium
1641 3161 1826 3215 virum
1862 3160 1978 3214 Deo
2014 3160 2096 3213 di-

379 3255 732 3328 gnissimum
777 3253 1061 3324 praeterire
1098 3269 1109 3305 :
1145 3252 1504 3322 quicernens
1537 3251 1691 3304 inter
1736 3250 1851 3304 alia
1883 3265 2093 3320 pueros

378 3361 617 3413 corpore
676 3343 976 3407 candidos,
1042 3342 1224 3396 forma
1283 3339 1727 3411 pulcherrimos,
1760 3338 1927 3393 vultu
1992 3337 2092 3392 30

376 3438 674 3497 venustos,
729 3431 1066 3502 capillorum
1097 3445 1330 3501 quoque
1366 3430 1551 3483 nitore
1597 3429 1934 3499 perspicuos
1967 3442 2090 3482 esse

375 3523 631 3590 venales,
676 3521 1054 3592 interrogavit
1088 3526 1462 3574 mercatorem
1497 3519 1566 3572 de
1595 3535 1708 3588 qua
1741 3517 1922 3588 patria
1959 3516 2089 3571 illos

377 3611 687 3669 attulisset.
726 3611 822 3664 Ille
857 3609 1156 3681 respondit
1190 3608 1306 3663 :De
1331 3607 1638 3662 Britanniae
1671 3606 1884 3668 insula,
1920 3607 2086 3675 cujus

373 3701 698 3757 incolarum
739 3699 1002 3753 omnium
1056 3697 1231 3753 facies
1276 3696 1456 3751 simili
1492 3696 1743 3751 candore
1795 3695 2086 3765 fulgesoit.

375 3792 689 3863 Gregorius
720 3789 865 3844 dixit
898 3807 910 3844 :
954 3787 1267 3843 Christiani
1299 3792 1438 3842 sunt
1467 3787 1643 3841 iidem
1695 3787 1976 3855 insulani,
2011 3804 2084 3842 an

374 3879 571 3934 adhuc
607 3878 846 3948 paganis
882 3880 1156 3931 tenentur
1185 3874 1478 3929 erroribus
1511 3873 1784 3943 implicati
1815 3873 1842 3927 ?
1865 3874 2083 3929 Merca-

372 3973 462 4023 tor
504 3965 799 4038 respondit
832 3983 844 4021 :
879 3965 1005 4019 Non
1038 3968 1177 4019 sunt
1220 3963 1554 4031 Christiani,
1585 3964 1684 4019 sed
1727 3963 1965 4035 paganis
1998 3967 2079 4017 te-

372 4064 582 4113 nentur
634 4055 860 4127 laqueis
904 4052 1130 4108 irretiti.
1173 4053 1332 4108 Tunc
1376 4052 1689 4122 Gregorius
1747 4053 1950 4107 acriter
1999 4052 2082 4105 in-

370 4146 724 4216 gemiscens:
745 4144 861 4198 Ileu
890 4143 901 4196 l
927 4143 1068 4213 proh
1093 4141 1281 4196 dolor!
1308 4141 1516 4210 inquit,
1544 4157 1716 4211 quam
1742 4139 2078 4210 splendidas

373 4233 554 4287 facies
614 4234 883 4303 princeps
919 4231 1289 4286 tenebrarum
1336 4245 1491 4283 nunc
1550 4229 1829 4299 possidet,
1893 4233 2085 4282 tanta-

367 4335 479 4389 que
511 4320 580 4390 (ε)
615 4320 816 4373 frontis
857 4319 1079 4388 species
1124 4333 1364 4371 vacuam
1404 4316 1723 4371 abinterna
1754 4316 1850 4370 Dei
1898 4317 2082 4386 gratia

2277 1817 2366 1871 23.
2387 1817 2465 1871 De
2489 1818 2653 1887 cujus
2675 1817 2939 1873 absentia
2963 1818 3186 1874 Roman
3209 1819 3551 1891 iplurimum
3567 1824 3912 1894 perturbati,

2209 1905 2521 1962 deliberato
2572 1906 2829 1975 consilio,
2883 1908 3103 1964 trifarie
3161 1925 3259 1981 per
3307 1909 3429 1966 loca
3475 1913 3582 1968 vias
3639 1915 3917 1985 contigua

2209 1997 2360 2051 unde
2389 1996 2643 2067 pontifex
2702 1996 2771 2051 ad
2825 1996 2974 2051 beati
3017 1998 3168 2052 Petri
3199 2000 3501 2056 basilicam
3544 2002 3916 2072 profecturus

2206 2089 2351 2150 erat,
2371 2084 2720 2154 partiuntur,
2738 2100 2805 2138 eu
2819 2102 2990 2156 mque
3005 2087 3304 2143 turmatim
3321 2088 3595 2160 taliter(e)
3609 2090 3916 2160 alloquun-

2205 2179 2301 2227 tur
2354 2190 2365 2226 :
2417 2176 2650 2228 Petrum
2704 2175 3020 2244 offendisti,
3072 2177 3315 2232 Romam
3366 2179 3726 2250 destruxisti,
3779 2181 3915 2251 quia

2207 2264 2547 2332 Gregorium
2581 2264 2878 2317 dimisisti.
2913 2266 3133 2328 Quibus
3164 2269 3468 2322 sententiis
3497 2270 3734 2324 omnino
3767 2287 3917 2339 papa

2207 2354 2568 2422 perterritus,
2596 2354 2750 2407 misit
2771 2355 3048 2408 continuo
3064 2355 3326 2420 nuntios,
3343 2357 3442 2427 qui
3461 2356 3646 2412 virum
3686 2359 3917 2413 Domini

2204 2447 2540 2496 revocarent
2570 2442 2930 2509 Gregorium.
2955 2447 3112 2509 Quod
3145 2445 3269 2515 ipse
3303 2445 3410 2499 sibi
3440 2448 3911 2503 commeantibus

2196 2529 2317 2599 jam
2351 2530 2689 2600 praedixerat
2719 2531 2838 2585 fore
2875 2531 3158 2586 futurum.

2270 2619 2359 2673 24.
2383 2621 2620 2690 Jamque
2649 2620 2826 2675 trium
2859 2620 3083 2677 dierum
3134 2621 3338 2678 itinere
3376 2628 3447 2694 (1)
3480 2625 3798 2695 proﬂigato,
3834 2628 3904 2680 ad

2201 2712 2514 2781 quemdam
2552 2710 2742 2766 locum
2799 2712 3138 2783 requieturi,
3181 2713 3324 2768 forte
3371 2715 3742 2781 diverterant,
3794 2732 3906 2785 quo

2202 2799 2453 2871 singulis
2511 2801 2965 2871 quiescentibus,
3015 2802 3324 2873 Gregorius
3361 2803 3677 2858 lectitabat.
3723 2807 3901 2869 Quem

2205 2889 2426 2944 locusta
2473 2887 2887 2959 superveniens
2961 2891 3148 2961 coegit
3211 2889 3512 2960 paululum
3578 2909 3611 2946 a
3661 2892 3901 2963 legendo

2209 2981 2523 3050 quiescere,
2557 2984 2612 3034 et
2641 2996 2706 3034 ex
2756 2980 3218 3036 consideratione
3267 2982 3354 3036 sui
3419 2983 3676 3038 nominis
3706 2984 3908 3038 docuit

2208 3087 2339 3125 eum
2372 3070 2432 3124 in
2464 3071 2665 3126 eodem
2698 3070 2822 3126 loco
2847 3088 2903 3126 se
2935 3077 3091 3126 stare
3130 3073 3390 3144 debere.[
3423 3075 3501 3144 (υ)
3533 3074 3696 3128 Tunc
3733 3075 3912 3129 fertur

2205 3161 2421 3215 dixisse
2464 3178 2475 3215 :
2503 3163 2766 3226 Locusta,
2801 3161 3011 3231 inquit,
3044 3161 3156 3217 dici
3190 3169 3393 3232 potest,
3427 3164 3594 3233 quasi
3627 3163 3751 3218 loco
3775 3167 3910 3232 sta.]

2204 3251 2524 3321 Statimque
2556 3250 2795 3306 comites
2816 3251 3174 3313 adhortatus.
3213 3252 3582 3307 festinantius
3604 3252 3686 3307 ire
3718 3258 3915 3308 certa-

2202 3338 2302 3393 bat
2334 3358 2348 3407 ;
2377 3341 2476 3393 sed
2504 3339 2990 3410 praevenientibus
3012 3341 3345 3410 apostolicis
3370 3341 3613 3407 nuntiis,
3637 3341 3770 3396 licet
3786 3357 3914 3398 ma-

2200 3443 2448 3498 gnopere
2482 3428 2826 3496 trislaretur,
2861 3428 3047 3482 redire
3076 3433 3272 3484 tamen
3302 3429 3371 3483 ad
3408 3429 3624 3501 proprii
3652 3430 3913 3500 compul-

2200 3535 2302 3573 SUS
2333 3523 2420 3572 est
2453 3518 2793 3573 monasterii
2836 3535 3057 3573 curam.

2265 3608 2356 3665 25.
2387 3609 2641 3677 Denique
2662 3624 2905 3663 cernens
2927 3607 3300 3673 Benedictus,
3339 3609 3683 3665 venerabilis
3708 3612 3908 3681 ponti-

2195 3698 2304 3763 fex,
2339 3697 2618 3752 virtutum
2651 3698 2927 3768 gradibus
2969 3699 3300 3770 Gregorium
3354 3700 3427 3753 ad
3459 3699 3574 3754 alta
3622 3715 3904 3756 conscen-

2192 3788 2346 3855 dere,
2376 3787 2653 3843 violenter
2694 3803 2826 3842 eum
2858 3804 2890 3842 a
2930 3788 3119 3858 quiete
3172 3787 3508 3843 monasterii
3547 3789 3633 3844 sui
3667 3789 3898 3844 abstra-

2194 3876 2359 3942 hens,
2389 3877 2765 3932 ecclesiastici
2799 3876 3019 3930 ordinis
3042 3877 3232 3932 officio
3259 3877 3610 3943 sublimavit,
3637 3877 3901 3934 levitam-

2190 3982 2302 4036 que
2343 3965 2650 4034 septimum
2690 3967 2760 4019 ad
2806 3981 2974 4019 suum
3009 3965 3364 4035 adjutorium
3398 3966 3892 4023 consecravit.81

2190 4057 2252 4110 In
2286 4072 2401 4125 quo
2433 4054 2774 4110 venerabilis
2825 4055 2993 4109 levita
3024 4056 3337 4127 Gregorius
3381 4061 3539 4112 tanta
3572 4057 3900 4114 humilitate

2195 4145 2397 4214 viguit,
2419 4149 2580 4198 tanta
2614 4143 2851 4198 solertia
2905 4145 3277 4213 ministravit,
3305 4150 3365 4200 ut
3395 4147 3453 4200 in
3493 4145 3900 4202 ecclesiasticas

2196 4233 2534 4289 hierarchiaa
2587 4233 2906 4288 ministerio
2951 4233 3243 4289 videretur
3287 4236 3500 4292 divinis
3539 4235 3758 4305 angelis
3785 4253 3898 4291 non

2195 4323 2384 4378 solum
2419 4322 2603 4378 nitore
2626 4322 2882 4388 habitus,
2917 4339 3115 4377 verum
3148 4323 3321 4378 etiam
3369 4325 3631 4380 claritate
3671 4341 3899 4380 morum

369 4411 620 4462 mentem
656 4413 856 4478 gestat.
894 4407 1147 4462 Rursum
1193 4407 1565 4476 interrogavit
1602 4407 1754 4477 quod
1798 4410 1952 4461 esset
1985 4423 2080 4461 νο·
2113 4397 2167 4463 Ι)
2198 4412 2587 4482 probabilium
2620 4413 3050 4482 quodammodo
3087 4414 3397 4484 coaequari.

373 4496 646 4551 cabulum
689 4496 878 4566 gentis
930 4495 1113 4550 illius.
1169 4495 1455 4550 Mercator
1504 4496 1843 4565 respondit:
1907 4495 2077 4566 Angli

370 4592 664 4642 vocantur.
690 4588 759 4640 At
793 4585 886 4641 ille
917 4604 929 4640 :
968 4587 1139 4653 Bene,
1173 4586 1386 4655 inquit,
1437 4587 1625 4656 Angli,
1669 4587 1830 4658 quasi
1865 4585 2076 4658 angeli,

371 4677 511 4750 quia
559 4681 613 4731 et
663 4676 952 4747 angelicos
996 4675 1190 4731 vultus
1239 4676 1468 4744 habent,
1505 4687 1556 4732 et
1606 4677 1749 4732 tales
1798 4676 1854 4730 in
1921 4675 2080 4731 coalis

371 4766 708 4837 angelorum
743 4767 906 4821 decet
949 4782 1076 4821 esse
1117 4767 1402 4822 concives.
1435 4766 1650 4823 Iterum
1675 4783 1809 4838 ergo
1832 4767 2080 4822 interro-

369 4856 525 4930 gavit
556 4857 709 4928 quod
745 4872 951 4911 nomen
987 4855 1226 4911 haberet
1275 4855 1402 4926 ipsa
1453 4857 1767 4928 provincia.
1798 4861 2080 4913 Mercator

369 4946 673 5019 respondit
706 4963 718 5000 :
754 4945 1138 5002 Provinciales
1175 4943 1256 4998 illi
1299 4945 1451 5000 Deiri
1483 4949 1778 5000 vocantur.
1829 4946 1897 5000 Et
1935 4946 2073 5003 Gre-

443 5118 518 5185 (a)
552 5117 797 5186 Mabil|.,
832 5118 1120 5173 Gussanv.
1154 5122 1210 5173 et
1256 5117 1378 5183 alii,
1421 5118 1881 5190 repugnantibus
1913 5120 2073 5189 Mss,

371 5191 468 5259 qui
488 5191 701 5261 atatem
741 5207 898 5243 suam
928 5191 1222 5254 intellectu,
1255 5194 1306 5244 et
1337 5192 1670 5257 humilitate,
1706 5197 1752 5245 et
1781 5194 2072 5261 gravitate,

369 5261 587 5337 docente
623 5260 1154 5337 Gregor._Bolland.
1194 5262 1330 5316 Mss.
1391 5264 1699 5327 consentit,
1758 5260 1867 5316 nisi
1919 5264 2074 5332 quod

371 5346 478 5401 pro,
505 5331 825 5401 imminente
859 5332 1030 5386 habet
1059 5334 1297 5388 docente.

395 5433 401 5444 ο
441 5400 515 5470 (b)
539 5398 727 5451 Mabil.
763 5407 817 5471 et
851 5401 1044 5467 Guss.,
1075 5405 1321 5471 invasus,
1345 5421 1509 5460 carne
1546 5405 1753 5460 solutus
1774 5412 1873 5459 est.
1908 5404 2072 5460 Uter-

371 5488 484 5550 qqe
523 5475 719 5550 tamen
764 5470 820 5524 in
872 5473 1128 5550 margine
1175 5470 1339 5550 notat
1377 5477 1679 5550 lectionem
1719 5477 1869 5550 Mss.
1919 5477 2074 5546 quod

372 5539 553 5615 etiam
571 5539 1132 5615 alibisupraetinfra
1147 5548 1554 5615 praestiterunt.
1580 5548 1767 5604 Editio
1784 5539 2070 5604 Gussanv.

371 5633 486 5674 non
507 5613 731 5688 videtur
759 5630 789 5667 a
813 5612 1041 5688 Mabill.
1060 5612 1409 5688 discrepare.

443 5689 513 5764 (ε)
565 5684 815 5758 Andeg.,
867 5687 1208 5761 frontispicii
1256 5684 1475 5760 'gratia.
1528 5691 1750 5754 Gemet.
1828 5708 1895 5749 ac
1927 5693 2071 5765 Big.,

2259 4503 2352 4558 26.
2393 4501 2507 4556 Nec
2532 4501 2712 4556 multo
2745 4506 2873 4571 post
2907 4518 3004 4570 pro
3046 4503 3339 4572 responsis
3372 4502 3785 4560 ecclesiasticis
3821 4505 3893 4558 ad

2191 4592 2392 4646 urbem
2425 4590 2986 4660 Constantinopolim
3019 4607 3051 4644 a
3091 4590 3322 4662 Pelagio
3364 4592 3609 4661 pressule
3641 4592 3898 4647 destina-

2190 4685 2306 4745 tus,
2327 4681 2420 4735 ubi
2438 4678 2774 4749 quamvisin
2799 4683 3025 4734 terreno
3050 4686 3490 4736 conversaretur
3515 4681 3891 4750 palatio,vitaa

2189 4769 2447 4827 coelestia
2482 4786 2592 4824 non
2628 4768 2944 4824 intermisit
2981 4769 3362 4841 propositum.
3416 4771 3612 4826 Secuti
3644 4787 3894 4841 namque

2188 4867 2321 4915 sunt
2351 4874 2485 4913 eum
2515 4857 2682 4911 multi
2713 4871 2782 4911 ex
2819 4873 2925 4912 suo
2942 4859 3292 4913 monasterio
3352 4859 3580 4925 fratres,
3613 4873 3892 4929 germana

2187 4948 2434 5004 devincti
2466 4946 2764 5003 charitate.
2797 4947 2958 5010 Quod
2983 4947 3178 5002 divina
3210 4948 3423 5003 factum
3457 4947 3893 5019 dispensatione

2184 5121 2387 5191 frontis
2425 5118 2680 5189 speciosi.
2716 5115 2889 5191 illis,
2922 5117 3124 5191 [rantis
3153 5118 3405 5188 speciosa
3435 5119 3656 5187 gratiae.

2259 5192 2334 5261 (d)
2367 5187 2591 5261 Andeg.
2620 5197 2672 5242 et
2720 5187 2866 5261 Utic.
2901 5189 3017 5242 Aile
3044 5205 3065 5250 ,·
3089 5187 3208 5244 laus
3245 5194 3444 5246 etenim
3483 5191 3578 5246 Dei
3625 5191 3898 5246 Creatoris

2185 5259 2540 5333 operletillis
2570 5259 2628 5333 in
2654 5260 2943 5328 paratibus
2979 5261 3286 5333 decantari.

2256 5334 2330 5403 (ε)
2355 5332 2499 5402 Big.,
2529 5332 2895 5400 Alloquuntur
2924 5346 2941 5384 :
2973 5332 3096 5398 Eia,
3130 5333 3450 5402 apostolice,
3484 5331 3621 5403 quid
3649 5333 3835 5403 fecisti
3865 5334 3899 5387 ?

2184 5409 2440 5459 sanctum
2472 5405 2714 5457 Petrum.

2255 5476 2319 5546 (Ι)
2345 5475 2528 5545 Bigot.
2558 5473 3028 5546 superscribitur,
3064 5472 3219 5546 idest
3240 5491 3492 5544 expenso.

2257 5544 2484 5620 (minus
2500 5545 2605 5601 hac
2621 5544 2950 5620 parenthesi
2973 5544 3326 5620 cl_a_uduntur
3341 5547 3614 5620 leguntur
3636 5547 3691 5602 in
3707 5545 3893 5602 omni-

2182 5614 2292 5674 bus
2316 5614 2525 5682 'Editis,
2557 5617 2709 5689 apud
2735 5614 2983 5689 Paulum
3008 5614 3482 5677 Diaconumet'in
3514 5636 3628 5676 uno
3661 5623 3888 5676 tantum

2180 5705 2249 5751 ex
2287 5689 2428 5750 Mss.
2465 5687 2699 5762 nostris,
2743 5687 2902 5747 Coll).
2945 5704 3030 5746 ao.
