4088 6172
234 307 314 368 ’13
816 304 881 364 S.
927 298 1294 363 GREGORll
1340 300 1593 362 MAGNI
1639 299 1840 368 VITA,
1891 297 2118 359 AUCT.
2166 298 2464 359 JOANNE
2511 298 2875 359 DIACONO.
2923 300 3072 359 LIB.
3119 299 3168 358 Ι.
3669 299 3748 359 ’14

236 443 612 513 conspicitur,
647 444 713 497 ut
737 456 937 496 eorum
969 437 1236 493 videlicet
1269 437 1530 508 exemplo
1559 436 1628 491 ad
1662 435 1944 492 orationis
1976 434 2026 500 Α
2059 449 2176 488 suae
2209 435 2277 488 de
2299 433 2720 505 discipulorum
2744 435 3014 492 cordihus
3031 439 3339 493 amoveret.
3366 458 3394 487 »
3418 436 3521 493 Cui
3543 438 3756 511 Grego-

236 535 529 606 placidum
564 533 728 588 littus
776 530 940 602 quasi
977 529 1240 585 anchorae
1274 530 1406 584 fune
1452 527 1854 598 stringeretur,
1888 529 1945 579 et

237 627 369 680 dum
411 639 724 680 causarum
758 619 1122 677 saecularium
1167 619 1523 674 continuatis
1565 615 1946 686 vertiginibus

237 717 568 778 ﬂuctuaret,
600 715 668 767 ad
704 711 932 766 illorum
958 709 1344 774 consortium,
1376 706 1533 762 velut
1566 707 1634 760 ad
1667 703 1946 759 tutissimi

237 809 438 877 portus
466 804 544 876 (a)
570 803 788 870 sinum,
822 799 1129 871 refugeret.
1163 800 1241 852 Ac
1271 797 1407 852 licet
1437 796 1579 851 illud
1612 811 1744 850 eum
1778 792 1947 848 mini-

237 895 487 951 sterium
519 909 552 948 a
595 891 946 946 monasterio
977 890 1339 945 abstractum
1374 905 1406 942 a
1439 887 1688 958 pristina:
1721 901 1948 958 quoque

240 984 448 1056 quietis
490 982 608 1038 vita
641 996 918 1036 mucrone
949 995 1063 1036 suae
1123 977 1522 1050 occupationis
1574 977 1946 1044 exstinxerat,

239 1076 385 1130 inter
406 1089 508 1128 eos
531 1077 723 1126 tamen
751 1086 850 1142 per
873 1069 1146 1124 studiosae
1171 1067 1436 1123 lectionis
1461 1066 1780 1135 alloquium
1806 1083 1950 1137 quo-

241 1165 472 1219 tidianae
505 1161 784 1232 aspiratio
813 1156 1277 1230 compunctionis
1299 1157 1594 1212 animabat
1620 1156 1947 1226 (Bed.lib.n,

239 1272 282 1311 e.
318 1257 368 1323 1,
403 1253 611 1308 Hister.
637 1251 851 1318 Angl.).

303 1346 393 1399 27.
431 1344 651 1398 Horum
685 1357 821 1412 ergo
853 1340 1143 1396 consortio
1175 1354 1290 1393 non
1319 1338 1506 1394 solum
1533 1355 1564 1393 a
1595 1337 1842 1394 terrenis
1866 1341 1954 1393 est

243 1434 514 1490 munitus
555 1429 913 1496 incursibus,
949 1444 1148 1482 verum
1193 1428 1365 1482 etiam
1407 1429 1476 1482 ad
1532 1427 1654 1481 vita:
1706 1425 1953 1481 ccelestis

240 1520 520 1577 exercitia
551 1520 734 1587 magis
770 1517 1074 1588 magisque
1097 1532 1430 1570 succensus.
1460 1516 1602 1570 Nam
1629 1516 1699 1570 ab
1730 1516 1950 1570 eisdem

243 1611 526 1666 fratribus
576 1608 743 1663 enixe
794 1610 1056 1677 rogatus,
1104 1605 1471 1676 maximeque
1499 1604 1574 1676 (b)
1609 1622 1640 1660 a
1689 1605 1950 1659 Leandro

247 1698 573 1768 Hispalensi
607 1698 898 1768 episOOpo,
924 1695 1022 1766 qui
1047 1711 1148 1766 pro
1172 1695 1363 1750 causis
1385 1693 1830 1766 wisigothorum
1880 1693 1957 1748 le-

2056 524 2176 577 rius
2200 525 2370 579 dixit:
2411 545 2434 572 ι
2460 524 2600 579 Mira
2633 542 2722 580 res
2752 530 2840 581 est
2869 527 3030 581 valde
3061 543 3228 597 quam
3262 528 3491 594 astruis,
3523 534 3589 584 ut
3618 529 3755 584 inde

2055 614 2223 668 nobis
2244 615 2510 669 dubietas
2527 620 2728 687 surgat
2772 617 2925 670 unde
2956 616 3381 687 discipulorum
3420 618 3593 672 corda
3625 617 3754 673 fue-

2058 710 2236 758 runta
2269 704 2563 759 dubietate
2595 710 2818 759 sanata.
2853 705 2996 768 Quid
3031 706 3183 760 enim
3230 706 3488 762 deterius
3518 707 3630 761 dici
3663 723 3757 777 po-

2056 797 2168 848 test
2191 810 2365 864 quam
2400 802 2459 847 ut
2491 795 2596 848 hoc
2646 795 2814 849 nobis
2849 796 2917 849 de
2949 795 3076 864 ejus
3127 811 3256 849 vera
3288 812 3460 850 carne
3510 797 3757 852 dubium

2059 883 2180 948 ﬁat,
2217 899 2313 953 per
2344 884 2492 952 quod
2527 883 2797 952 discipuli
2821 884 2949 953 ejus
2973 885 3042 938 ad
3070 883 3240 940 ﬁdem
3267 886 3336 940 ab
3361 885 3514 941 omni
3559 887 3761 942 dubie-

2057 976 2172 1026 tate
2207 977 2343 1026 sunt
2375 973 2619 1042 reparati
2640 973 2666 1026 ?
2695 973 2752 1026 Si
2786 973 2939 1027 enim
2959 974 3066 1028 hoc
3100 989 3216 1028 non
3249 974 3526 1031 habuisse
3557 977 3764 1033 astrui-

2059 1065 2156 1114 tur
2187 1061 2336 1132 quod
2364 1061 2634 1126 ostendit,
2668 1062 2822 1116 unde
2863 1061 3006 1116 ﬁdes
3040 1061 3462 1132 discipulorum
3508 1066 3634 1133 ejus
3676 1073 3762 1121 est

2060 1151 2420 1214 conﬁrmata,
2455 1150 2588 1204 inde
2608 1155 2806 1205 nostra
2838 1151 3178 1206 destruitur.
3210 1173 3236 1198 ››
3280 1152 3601 1223 Eutychius
3650 1154 3760 1210 ait:

2066 1265 2084 1288 ι
2113 1240 2332 1310 Corpus
2384 1239 2669 1311 palpabile
2709 1241 2931 1306 habuit,
2968 1242 3119 1312 quod
3154 1243 3408 1297 ostendit
3441 1260 3453 1310 ;
3497 1245 3596 1298 sed
3632 1249 3766 1315 post

2060 1337 2401 1391 conﬁrmata
2431 1338 2607 1392 corda
2637 1337 3023 1408 palpantium,
3056 1354 3224 1394 omne
3254 1338 3400 1394 illud
3425 1340 3482 1395 in
3516 1341 3764 1396 Domino

2062 1425 2215 1497 quod
2239 1425 2455 1496 palpari
2491 1427 2682 1497 potuit
2722 1426 2779 1480 in
2815 1427 3201 1483 subtilitatem
3235 1433 3324 1483 est
3374 1429 3631 1501 aliquam
3676 1447 3767 1487 re-

2062 1518 2316 1571 dactum.
2337 1538 2363 1565 »
2379 1518 2460 1570 Ad
2481 1517 2597 1571 haec
2613 1516 2921 1588 Gregorius
2937 1519 3255 1588 respondit:
3279 1541 3298 1567 α
3329 1520 3621 1590 Scriptum
3641 1526 3763 1578 est:

2065 1605 2310 1660 Christus
2349 1620 2634 1676 resurgens
2687 1622 2720 1660 a
2759 1607 3011 1672 mortuis,
3045 1608 3156 1672 iam
3192 1624 3301 1662 non
3332 1611 3588 1678 moritur,
3620 1625 3767 1666 mors

2065 1694 2156 1749 illi
2189 1694 2332 1749 ultra
2360 1711 2471 1750 non
2509 1695 2891 1751 dominabitur
2920 1696 3092 1767 (Rom.
3125 1713 3203 1765 v1,
3233 1698 3310 1769 9).
3344 1698 3404 1752 Si
3453 1699 3587 1770 quid
3633 1716 3766 1771 ergo

239 1797 405 1862 gatus
458 1787 666 1841 eodem
738 1790 1003 1856 tempore
1065 1782 1628 1853 Constantinopolim
1699 1787 1950 1850 venerat,
1987 1784 2120 1874 Bin
2154 1786 2281 1855 ejus
2313 1801 2551 1855 corpore
2606 1793 2734 1856 post
2785 1787 3268 1842 resurrectionem
3321 1789 3509 1858 potuit
3556 1790 3768 1845 mutari

241 1877 591 1948 compulsus
612 1879 702 1932 est
733 1879 798 1929 ut
826 1874 1038 1930 librum
1064 1874 1219 1928 beati
1243 1873 1375 1941 Job,
1402 1872 1602 1927 multis
1627 1872 1952 1928 involutum

242 1966 566 2036 mysteriis,
618 1964 896 2019 enodaret
944 1964 1141 2034 (Epist.
1175 1964 1236 2017 in
1264 1978 1450 2029 expos.
1487 1961 1546 2014 Β.
1578 1961 1693 2028 Job,
1725 1977 1842 2032 cap.
1880 1963 1949 2031 1).

244 2063 444 2128 Neque
473 2055 571 2110 ille
603 2069 813 2126 negare
845 2053 1030 2124 potuit
1051 2068 1196 2123 opus
1227 2052 1380 2124 quod
1412 2051 1523 2106 sibi
1574 2067 1730 2106 amor
1757 2051 1953 2106 frater-

243 2163 358 2202 nus
391 2144 601 2199 multis
649 2142 786 2198 utile
835 2140 1173 2210 imponebat
1222 2141 1506 2208 futurum,
1535 2140 1634 2195 sed
1682 2142 1952 2195 eumdem

244 2236 468 2291 librum
501 2233 794 2304 quomodo
825 2231 990 2301 juxta
1021 2229 1274 2286 litteram
1309 2229 1748 2301 intelligendus,
1774 2229 1952 2299 quali-

243 2335 327 2381 ter
356 2327 428 2380 ad
465 2323 680 2380 Christi
704 2326 760 2377 et
781 2320 1042 2376 Ecclesiae
1065 2325 1432 2376 sacramenta
1462 2320 1815 2386 referendus,
1841 2336 1954 2390 quo

242 2432 422 2472 sensu
441 2413 759 2483 unicuique
785 2409 1042 2466 ﬁdelium
1060 2412 1134 2465 sit
1156 2411 1469 2481 aptandus,
1492 2410 1562 2480 (ο)
1585 2425 1684 2479 per
1703 2410 1956 2465 trifarias

243 2501 614 2573 intelligendi
655 2499 881 2568 species
929 2499 1194 2553 miranda
1251 2499 1477 2552 ratione
1529 2496 1858 2567 perdocuit:
1896 2496 1952 2550 in

245 2593 466 2663 quibus
510 2595 707 2644 tamen
752 2589 834 2643 ita
877 2587 1194 2642 virtutibus
1256 2587 1528 2658 vitiisque
1570 2586 1865 2652 disseruit,
1897 2589 1956 2639 ut

252 2699 360 2737 non
386 2680 586 2736 solum
617 2679 880 2733 videatur
909 2678 1111 2732 eadem
1145 2676 1334 2730 verbis
1366 2693 1669 2746 exponere,
1714 2677 1810 2729 sed
1848 2676 1952 2729 for~

250 2773 360 2827 mis
385 2769 819 2842 quodammodo
833 2765 1163 2822 visibilibus
1186 2782 1282 2821 seu
1300 2764 1689 2835 palpabilibus
1712 2765 1953 2819 demon-

244 2865 452 2917 strare.
489 2858 650 2914 Unde
675 2873 788 2912 non
821 2861 910 2911 est
941 2855 1187 2910 dubium
1231 2853 1641 2925 perfectionem
1694 2853 1952 2923 ipsarum

242 2967 375 3005 cum
400 2953 782 3004 consecutum
817 2946 994 3000 fuisse
1017 2945 1578 3015 virtutum,quarum
1610 2947 1728 2999 tam
1761 2944 1955 2998 efﬁca-

245 3042 388 3096 citer
421 3038 603 3093 valuit
632 3037 889 3092 indicare
913 3036 1239 3106 profectus.‘

311 3131 402 3184 28.
443 3129 725 3184 Preterea
743 3125 1090 3181 venerabilis
1118 3125 1287 3179 levita
1310 3124 1622 3196 Gregorius
1657 3125 1712 3179 in
1745 3125 1948 3179 eadem

246 3223 382 3277 urbe
417 3221 582 3292 regia
636 3219 1014 3286 constitutus,
1051 3224 1384 3272 nascentem
1427 3233 1636 3271 novam
1686 3216 1948 3272 haeresim

247 3312 312 3367 de
338 3317 498 3366 statu
523 3313 738 3364 nostra:
763 3307 1201 3362 resurrectionis
1231 3323 1363 3361 cum
1396 3307 1520 3376 ipso
1549 3322 1661 3377 quo
1711 3313 1837 3362 orta
1868 3314 1957 3363 est

246 3402 431 3470 initio,
469 3401 550 3472 (ἆ)
583 3401 827 3469 juvante
874 3397 1058 3468 gratia
1091 3397 1386 3453 catholica:
1436 3397 1707 3465 veritatis,
1734 3399 1958 3453 attrivit

247 3492 391 3560 (Lib.
428 3507 550 3557 xlv,
585 3490 717 3544 Hor.
752 3504 808 3542 n.
840 3488 910 3541 72
939 3493 991 3543 et
1028 3503 1140 3558 seq.
1185 3487 1332 3542 Beda
1376 3486 1467 3542 lib.
1503 3504 1541 3553 1,
1571 3504 1618 3544 ο.
1657 3491 1704 3554 1,
1753 3488 1953 3544 Histor.

251 3583 509 3655 Anglia).
563 3580 867 3652 Siquidem
901 3583 969 3648 le)
1010 3577 1346 3648 Eutychius,
1396 3579 1656 3649 ejusdem
1715 3578 1958 3634 civitatis

250 3675 583 3746 episcopus,
627 3671 776 3726 libro
815 3671 884 3726 de
914 3669 1360 3726 Resurrectione
1411 3674 1772 3725 mortuorum
1821 3685 1954 3724 con-

253 3767 425 3831 tecto,
449 3761 873 3834 dogmatizabat
905 3776 1119 3831 corpus
1164 3763 1430 3814 nostrum
1459 3759 1517 3813 in
1551 3759 1652 3813 illa
1695 3776 1960 3815 resurre-

251 3854 466 3908 ctionis
494 3850 681 3923 gloria
726 3847 1124 3920 impalpabile,
1157 3850 1340 3904 ventis
1389 3862 1631 3920 aereque
1681 3847 1958 3905 subtilius

249 3958 383 3997 esse
440 3941 728 3996 futurum.
764 3938 924 4005 Quod
971 3938 1279 4008 Gregorius
1329 3937 1594 4003 audiens,
1626 3945 1678 3992 et
1739 3937 1961 3994 ratione

249 4031 539 4096 veritatis,
575 4035 631 4084 et
655 4027 916 4099 exemplo
950 4027 1251 4084 dominicae
1274 4029 1721 4083 resurrectionis
1766 4029 1962 4097 proba-

247 4124 325 4175 vit
359 4122 472 4176 hoc
497 4120 714 4190 dogma
734 4117 1062 4174 orthodoxae
1097 4116 1227 4172 ﬁdei
1259 4117 1598 4173 omnimodo
1639 4133 1764 4172 esse
1823 4134 1961 4172 con—

249 4212 524 4267 trarium.
558 4207 852 4265 Catholica
883 4207 1093 4264 etenim
1147 4207 1294 4261 ﬁdes
1325 4207 1494 4261 habet
1540 4209 1695 4278 quod
1749 4224 1960 4278 corpus

249 4308 521 4356 nostrum
567 4299 622 4353 in
665 4297 766 4353 illa
825 4297 1286 4354 immortalitatis
1329 4296 1507 4366 gloria
1551 4297 1962 4366 sublimatum,

248 4387 470 4445 subtile
500 4387 734 4458 quidem
769 4387 846 4442 sit
873 4403 975 4458 per
1004 4386 1270 4442 effectum
1312 4385 1637 4456 spiritualis
1671 4387 1960 4457 potentiae,

255 4480 356 4534 sed
393 4475 690 4549 palpabile
721 4493 823 4547 per
841 4477 1144 4531 veritatem
1176 4482 1415 4542 nature,
1444 4476 1612 4544 juxta
1632 4475 1962 4546 exemplum

2063 1882 2265 1932 contra
2296 1877 2610 1933 veridicam
2656 1878 2817 1933 Pauli
2853 1878 3225 1947 sententiam,
3263 1880 3547 1936 Dominus
3597 1881 3771 1938 rediit

2061 1966 2120 2021 in
2156 1975 2399 2022 mortem
2436 1973 2567 2038 post
2627 1969 3135 2025 resurrectionem.
3183 1969 3345 2032 Quod
3398 1970 3528 2041 quis
3580 1970 3771 2027 dicere

2061 2057 2147 2112 vel
2181 2058 2400 2113 stultus
2435 2066 2770 2128 praesumat,
2807 2057 2918 2112 nisi
2941 2059 3036 2129 qui
3061 2075 3255 2115 veram
3291 2061 3485 2116 carnis
3517 2062 3642 2131 ejus
3687 2077 3772 2118 re-

2064 2146 2483 2202 surrectionem
2517 2145 2844 2217 denegat?»
2877 2147 3036 2202 Tunc
3067 2147 3386 2216 Eutychius
3417 2149 3652 2220 objecit,
3681 2149 3771 2204 di-

2064 2253 2200 2292 cens
2224 2255 2233 2289 :
2271 2238 2459 2290 «Cum
2493 2236 2776 2306 scriptum
2799 2236 2903 2291 sit:
2932 2235 3067 2292 Caro
3089 2245 3138 2291 et
3165 2238 3392 2307 sanguis
3415 2255 3646 2308 regnum
3679 2239 3771 2295 Dei

2063 2326 2337 2397 possidere
2391 2340 2502 2380 non
2556 2329 2782 2396 possunt
2812 2326 2856 2397 (Ι
2908 2324 3028 2382 Cor.
3089 2343 3179 2394 xv,
3229 2328 3342 2397 50),
3383 2344 3498 2399 qua
3547 2328 3770 2384 ratione

2065 2415 2421 2470 credendum
2473 2419 2560 2469 est
2619 2430 2922 2485 resurgere
2977 2415 3255 2470 veraciter
3292 2417 3570 2470 carnem?
3602 2439 3629 2466 ››
3670 2417 3770 2472 Cui

2067 2505 2378 2574 Gregorius
2410 2503 2736 2572 respondit:
2776 2527 2795 2552 ι
2834 2503 2892 2557 ln
2926 2521 3090 2559 sacro
3140 2504 3373 2577 eloquio
3425 2506 3591 2561 aliter
3635 2523 3768 2561 caro

2066 2594 2277 2648 dicitur
2298 2594 2468 2663 juxta
2499 2596 2786 2658 naturam,
2813 2597 2987 2662 atque
3009 2592 3177 2648 aliter
3198 2595 3370 2663 juxta
3390 2594 3645 2664 culpam,
3679 2596 3770 2651 vel

2065 2682 2521 2754 corruptionem.
2556 2681 2700 2736 Caro
2738 2681 2954 2753 quippe
3003 2682 3215 2737 dicitur
3253 2683 3424 2752 juxta
3472 2688 3768 2752 naturam,

2065 2773 2213 2827 sicut
2245 2771 2526 2842 scriptum
2568 2774 2684 2825 est:
2721 2772 2827 2825 Hoc
2872 2787 3021 2825 nunc
3059 2787 3116 2826 os
3161 2787 3229 2826 et
3277 2773 3488 2826 ossibus
3523 2776 3678 2839 meis,
3712 2778 3770 2829 et

2065 2878 2194 2916 earo
2225 2862 2288 2916 de
2317 2875 2482 2914 carne
2536 2877 2659 2914 mea
2712 2860 2866 2931 (Gen.
2920 2877 2983 2926 ιι,
3036 2861 3150 2930 23).
3195 2861 3262 2915 Et
3303 2877 3316 2914 :
3363 2861 3589 2917 Verbum
3637 2878 3768 2920 caro

2061 2954 2268 3021 factum
2311 2956 2411 3017 est,
2471 2956 2520 3004 et
2570 2949 2832 3004 habitavit
2890 2951 2950 3004 in
2990 2950 3149 3003 nobis
3187 2951 3365 3020 (Joan.
3395 2967 3434 3018 ι,
3464 2951 3568 3022 14).
3622 2952 3766 3008 Caro

2063 3058 2195 3097 vero
2225 3042 2388 3110 juxta
2418 3039 2671 3109 culpam,
2707 3038 2858 3092 sicut
2898 3039 3182 3108 scriptum
3229 3045 3347 3096 est:
3382 3041 3497 3095 Non
3538 3057 3772 3112 perma-

2065 3131 2218 3185 nebit
2247 3131 2475 3198 spiritus
2504 3144 2653 3181 meus
2697 3129 2756 3182 in
2802 3129 3112 3182 hominibus
3159 3127 3304 3198 istis,
3354 3145 3413 3184 eo
3456 3131 3594 3202 quod
3643 3140 3768 3187 sunt

2065 3238 2190 3277 caro
2221 3221 2435 3287 (Genes.
2469 3236 2546 3283 v1,
2581 3219 2655 3288 3).
2691 3217 2758 3272 Et
2798 3218 2951 3272 sicut
2993 3217 3303 3273 Psalmista
3335 3219 3444 3274 ait:
3501 3220 3771 3276 Memora-

2067 3319 2154 3366 tus
2193 3318 2272 3364 est
2314 3311 2442 3380 quia
2484 3325 2608 3363 caro
2664 3317 2794 3363 sunt
2831 3326 2850 3362 :
2879 3311 3105 3378 spiritus
3163 3310 3382 3377 vadens,
3414 3319 3465 3366 et
3516 3326 3625 3365 non
3671 3329 3771 3368 re-

2065 3401 2215 3455 diens
2253 3400 2406 3467 (Psal
2457 3416 2665 3466 Lxxvu,
2697 3399 2807 3468 39).
2844 3399 3007 3453 Unde
3067 3403 3123 3452 et
3168 3399 3494 3471 discipulus
3554 3401 3768 3457 Paulus

2067 3490 2326 3544 dicebat:
2365 3490 2458 3544 Vos
2484 3491 2668 3543 autem
2699 3489 2758 3542 in
2789 3503 2953 3542 carne
2998 3504 3108 3542 non
3137 3490 3286 3554 estis,
3316 3489 3406 3543 sed
3456 3491 3515 3543 in
3564 3491 3772 3562 spiritu

2070 3579 2468 3651 (Rom.vn,9);
2512 3594 2695 3646 neque
2742 3577 2899 3632 enim
2930 3577 2986 3631 in
3037 3593 3207 3631 carne
3258 3595 3372 3633 non
3425 3584 3590 3634 erant
3640 3581 3772 3651 qui-

2069 3668 2177 3722 bus
2208 3665 2487 3735 epistolas
2521 3663 2974 3730 transmittebat;
3011 3666 3105 3719 sed
3142 3666 3276 3735 quia
3315 3664 3616 3736 passiones
3648 3684 3773 3723 car-

2069 3758 2290 3813 nalium
2323 3755 2742 3811 desideriorum
2785 3755 3065 3823 vicerant,
3089 3757 3212 3826 jam
3246 3755 3409 3812 liberi
3444 3773 3545 3827 per
3591 3758 3775 3814 virtu-

2069 3849 2184 3901 tem
2217 3845 2458 3915 spiritus
2490 3844 2546 3897 in
2580 3859 2752 3898 carne
2784 3860 2899 3897 non
2955 3849 3141 3898 erant.
3177 3846 3335 3909 Quod
3386 3861 3523 3916 ergo
3563 3847 3776 3902 Paulus

2071 3933 2364 4006 apostolus
2412 3932 2577 3987 dicit:
2625 3933 2765 3999 Quia
2821 3948 2947 3987 caro
3001 3940 3052 3986 et
3099 3937 3325 4002 sanguis
3395 3951 3622 4005 regnum
3681 3937 3777 3989 Dei

2066 4022 2340 4094 possidere
2382 4037 2492 4076 non
2519 4025 2751 4089 possunt
2774 4022 2826 4088 (Ι
2855 4020 2978 4074 Cor.
3013 4038 3103 4085 xv,
3137 4022 3244 4090 59),
3278 4039 3508 4078 carnem
3558 4039 3777 4078 secun-

2071 4114 2209 4167 dum
2243 4110 2476 4182 culpam
2501 4109 2749 4181 intelligi
2781 4108 2982 4176 voluit,
3017 4127 3131 4164 non
3174 4125 3408 4165 carnem
3451 4111 3774 4167 secundum

2071 4207 2366 4259 naturam.
2398 4200 2560 4256 Unde
2583 4205 2638 4254 et
2671 4216 2803 4254 mox
2835 4201 2966 4270 quia
2996 4215 3228 4255 carnem
3279 4201 3600 4256 secundum
3655 4203 3779 4257 cul-

2072 4308 2204 4362 pam
2287 4292 2524 4356 diceret,
2586 4291 2862 4353 ostendit,
2929 4289 3214 4344 subdens:
3266 4289 3447 4361 Neque
3495 4295 3775 4362 corruptio

2071 4381 2495 4450 incorruptelam
2543 4379 2855 4449 possidebit.
2892 4379 2954 4432 In
2990 4377 3090 4433 illa
3138 4394 3273 4450 ergo
3325 4379 3541 4435 caelesti
3593 4381 3780 4451 gloria

2073 4486 2205 4526 caro
2224 4469 2546 4524 secundum
2567 4473 2839 4524 naturam
2859 4469 2984 4536 erit,
3001 4469 3100 4524 sed
3134 4469 3456 4525 secundum
3490 4471 3778 4541 passionis

251 4569 536 4625 dominici
572 4567 852 4638 corporis,
875 4568 946 4621 de
977 4583 1092 4638 quo
1117 4584 1151 4621 a
1180 4566 1426 4622 mortuis
1451 4567 1798 4622 resuscitato
1828 4566 1966 4622 dicit
2003 4545 2044 4608 θ
2073 4559 2364 4614 desideria
2418 4575 2533 4613 non
2592 4559 2721 4622 erit,
2756 4559 2889 4628 quia
2947 4557 3167 4612 ἀθνὶοῐο
3206 4559 3408 4614 mOPtiS
3467 4562 3685 4626 aculeO,
3720 4561 3777 4615 in

250 4659 378 4729 ipse
411 4655 749 4727 discipulis:
783 4656 1020 4726 Palpate
1049 4659 1097 4710 et
1128 4656 1322 4718 videte,
1342 4657 1478 4726 quia
1496 4655 1723 4725 Spiritus
1742 4671 1964 4710 carnem

248 4753 300 4805 et
331 4763 454 4803 ossa
491 4761 603 4801 non
634 4746 814 4812 habet,
846 4747 985 4800 sicut
1022 4762 1110 4799 me
1157 4746 1350 4800 videtis
1399 4745 1601 4800 habere
1628 4747 1778 4815 (Luc.
1813 4763 1963 4815 xxxv,

243 4839 365 4908 39).
393 4839 658 4904 Cumque
699 4833 808 4890 hoc
869 4835 968 4890 82
1010 4833 1353 4904 evangelicae
1400 4834 1659 4889 veritatis
1700 4835 1965 4890 testimo-

249 4927 420 4982 nium
447 4923 764 4995 Gregorius
787 4923 1148 4994 protulisset,
1190 4921 1502 4994 Eutychius
1532 4923 1614 4977 ait
1646 4939 1659 4978 :
1685 4945 1711 4972 «
1747 4924 1967 4979 Idcirco

250 5017 360 5072 hoc
394 5014 682 5070 Dominus
740 5012 897 5080 fecit,
933 5017 995 5068 ut
1043 5012 1467 5068 dubitationem
1528 5012 1969 5068 resurrectionis

320 5179 401 5249 (a)
423 5177 486 5233 ln
515 5173 790 5249 omnibus
814 5175 1712 5249 Mss.nostris,portus_volumina
1745 5176 1965 5249 littora-

291 5245 356 5304 ue
386 5245 689 5317 refugeret.
722 5247 856 5310 Quae
888 5247 1054 5299 etiam
1101 5248 1223 5300 suis
1262 5247 1320 5300 in
1374 5246 1510 5300 Mss.
1555 5245 1695 5316 legit
1745 5245 1963 5300 Mabill.

337 5320 454 5375 ctio
507 5324 708 5372 nostra
755 5333 881 5388 qua:
913 5322 1000 5370 est
1043 5317 1338 5371 Editorum
1383 5317 1668 5377 omnium.
1700 5317 1970 5372 convenit

256 5409 390 5447 cum
420 5390 669 5462 epistola
700 5389 884 5443 sancti
917 5388 1176 5460 Gregorii
1205 5393 1270 5443 ad
1298 5390 1645 5454 Leandrum,
1681 5390 1830 5443 unde
1851 5390 1968 5444 haec

256 5471 556 5519 transeunt
570 5467 683 5530 pta.

321 5535 404 5605 (b)
439 5533 518 5588 De
554 5529 818 5605 Leandre
858 5532 1098 5587 consule
1117 5549 1239 5604 quas
1273 5532 1528 5588 diximus
1560 5532 1626 5585 ad
1662 5529 1966 5602 epistolam

251 5603 581 5662 muralibus
605 5603 985 5673 praemissam.

319 5681 397 5750 (ε)
429 5676 679 5750 Turon.,
709 5690 810 5750 per
829 5677 1063 5744 triginta
1085 5676 1324 5750 quinque
1346 5677 1472 5729 libr.
1497 5677 1726 5736 seriem;
1759 5690 1884 5746 quae
1908 5673 1964 5728 in

257 5746 442 5820 Bigot.
479 5748 553 5804 ad
579 5746 906 5820 marginem
925 5752 1056 5801 sunt
1083 5746 1318 5820 rejecta.

326 5819 407 5894 (ἆ)
440 5819 656 5879 Excusi
688 5819 907 5892 quique
945 5834 1078 5875 cum
1126 5819 1264 5877 Mss.
1300 5821 1481 5886 Colb.,
1505 5820 1737 5890 juvanle
1783 5819 1967 5889 gratia

583 5920 864 5984 Panos.
906 5915 1141 5984 LXXV.

2074 4653 2288 4704 aeterna
2315 4647 2743 4718 incorruptione
2768 4648 3053 4718 regnabit.
3090 4671 3116 4698 »
3151 4649 3373 4714 Quibus
3398 4649 3634 4717 auditis,
3666 4651 3782 4704 Eu-

2077 4739 2306 4809 tychius
2339 4738 2670 4792 consentire
2700 4753 2760 4792 se
2786 4738 3051 4807 protinus
3082 4737 3415 4809 respondit;
3449 4739 3548 4794 sed
3583 4743 3779 4793 tamen

2075 4828 2263 4883 adhuc
2294 4842 2508 4898 corpus
2543 4825 2827 4896 palpabile
2860 4842 3162 4900 resurgere
3210 4843 3380 4898 posse
3419 4827 3776 4891 denegabat:

2076 4918 2175 4989 qui
2200 4915 2378 4972 etiam
2408 4916 2467 4970 in
2488 4914 2684 4970 libello
2708 4932 2882 4986 quem
2907 4917 2976 4971 de
3000 4915 3416 4972 resurrectione
3448 4914 3779 4983 scripserat,

2074 5005 2236 5062 Pauli
2287 5022 2521 5078 quoque
2568 5005 2972 5062 testimonium
3023 5005 3332 5068 indiderat,
3384 5002 3666 5058 dicentis:
3707 5005 3783 5060 Tu

2073 5170 2252 5246 nostri
2282 5168 2682 5246 Redemptoris.
2706 5169 2872 5246 apud
2900 5165 3117 5221 Mabill.
3168 5170 3224 5221 et
3256 5169 3446 5238 Guss.,
3480 5171 3781 5246 mendose,

2075 5241 2360 5303 attribuit,
2386 5257 2484 5310 pro
2515 5239 2757 5295 attriuit.

2145 5312 2218 5381 (e)
2264 5308 2471 5365 Eodem
2536 5328 2676 5378 pene
2718 5327 2918 5382 errore
2950 5308 3251 5364 laborabat
3293 5312 3529 5382 quidam
3570 5314 3776 5372 Hiera:

2077 5383 2640 5451 pseudomonachus.
2687 5381 2996 5440 Nimirum.
3031 5384 3075 5435 is
3105 5381 3325 5438 docebat
3376 5384 3519 5439 hanc
3556 5402 3778 5442 carnem

2075 5471 2182 5506 non
2217 5470 2517 5522 resurgere,
2548 5454 2639 5507 sed
2678 5469 2776 5520 pro
2835 5469 2895 5506 ea
2941 5453 3142 5515 aliam;
3175 5459 3224 5509 et
3269 5456 3409 5510 hanc
3462 5460 3523 5510 in
3572 5464 3779 5515 terram

2075 5524 2321 5600 dissolvi,
2354 5526 2542 5600 inquit
2573 5524 2825 5600 scriptor
2851 5525 2985 5578 Vitae
3034 5527 3216 5600 sancti
3258 5527 3487 5597 Epiph.,
3533 5530 3776 5600 ejusque

2075 5595 2422 5668 discipulus,
2449 5598 2635 5664 erSt'l.
2669 5595 2812 5649 Vitae
2847 5613 3006 5650 num.
3039 5598 3128 5650 27.
3159 5595 3318 5652 Hunc
3352 5595 3774 5668 repressitEpi-

2077 5666 2322 5736 phanius
2344 5671 2466 5720 tum
2503 5668 2784 5722 miraculo
2813 5672 2935 5724 tum
2970 5669 3310 5724 doctissima
3341 5666 3618 5725 ex'sacris
3653 5666 3773 5726 Lit—

2074 5737 2212 5794 teris
2247 5739 2668 5797 dissertatione.
