4088 6172
343 235 464 327 ,75

968 233 1034 295 S.
1083 232 1447 295 GREGORII
1494 232 1742 294 MAGNI
1785 228 1994 302 VITA,
2039 227 2270 290 AUCT.
2317 233 2619 295 JOANNE
2666 235 3031 298 DIACONO.
3077 236 3223 298 LIB.
3271 240 3323 300 Ι.

3825 244 3904 303 '16

329 438 348 449 ,
383 377 527 448 quod
554 375 792 431 semina:
821 389 930 430 non
960 373 1352 443 viviﬁcabitur,
1376 371 1488 425 nisi
1515 373 1667 441 prius
1691 370 1994 436 moriatur;
2027 374 2080 421 et
2113 367 2168 432 Α
2269 367 2355 422 32.
2383 391 2412 418 «
2445 370 2710 444 Pelagius
2733 372 3040 442 episcOpus
3080 372 3289 430 dilecto
3332 376 3451 432 ﬁlio
3501 377 3775 446 Gregorio
3804 394 3904 434 ve-

382 470 515 542 quia
544 485 652 524 non
682 483 872 537 corpus
902 465 1040 536 quod
1073 468 1326 532 futurum
1358 471 1432 517 est
1461 465 1714 528 seminus,
1749 461 1846 516 sed
1880 458 2090 513 nudum

382 577 624 634 granum
656 560 702 626 (1
727 559 849 616 Cor.
880 574 973 624 xv,
1023 556 1134 626 36).
1189 554 1303 609 Hoc
1350 552 1626 606 nimirum
1665 551 1965 605 ostendere
2005 549 2088 602 fe~

381 648 776 720 stinans,quia
798 663 929 702 caro
961 645 1044 700 vel
1067 642 1398 715 palpabilis,
1420 641 1504 696 vel
1527 641 1650 712 ipsa
1672 657 1787 695 non
1810 638 2085 704 erit,dum

381 744 618 796 sanctus
672 735 984 809 Apostolus
1037 735 1106 788 de
1151 730 1591 786 resurrectionis
1660 745 1839 799 agens
1876 727 2082 798 gloria,

323 895 326 899 ι
378 848 495 887 non
527 846 737 902 corpus
768 824 921 899 quod
960 826 1213 879 futurum
1258 826 1345 877 est
1383 821 1661 876 seminari
1711 818 1940 883 dixerit,
1982 817 2082 872 sed

377 923 602 975 nudum
652 933 926 990 granum.
958 914 1066 971 Sed
1100 915 1168 968 ad
1222 913 1339 967 hac
1388 910 1698 982 Gregorius
1741 909 2078 978 respondit:

374 1008 640 1064 «Paulus
665 1004 962 1078 apostolus
1002 1004 1202 1058 dicens
1233 1019 1250 1055 :
1283 1001 1382 1056 33
1420 1005 1538 1056 Non
1569 1014 1763 1069 corpus
1809 996 1950 1068 quod
1986 996 2083 1064 [u-

373 1110 559 1153 turum
590 1103 668 1152 est
693 1097 950 1161 seminus,
981 1093 1072 1148 sed
1101 1092 1320 1147 nudum
1364 1105 1622 1160 granum,
1666 1088 1775 1142 hoc
1821 1085 2082 1140 insinuat

320 1173 324 1179 ’
374 1189 528 1259 quod
560 1187 841 1251 videmus,
879 1183 1018 1254 quia
1035 1182 1304 1236 videlicet
1343 1195 1586 1251 granum
1619 1193 1752 1232 cum
1802 1174 1994 1230 culmo
2026 1179 2083 1228 et

367 1277 525 1333 foliis
557 1276 835 1341 nascitur,
872 1271 1027 1344 quod
1061 1271 1185 1327 sine
1217 1268 1408 1323 culmo
1441 1272 1497 1322 et
1527 1265 1684 1321 foliis
1727 1265 2074 1320 seminatur.

366 1367 475 1422 Ille
505 1367 701 1437 itaque
744 1365 802 1419 in
853 1365 1165 1433 augmento
1217 1358 1412 1430 glorise
1461 1355 1906 1413 resurrectionis
1962 1369 2077 1410 non

313 1514 320 1524 ,
364 1456 511 1511 dixit
535 1469 713 1525 grano
771 1451 1012 1507 seminis
1065 1449 1265 1504 deesse
1313 1446 1470 1518 quod
1528 1449 1674 1513 erat,
1719 1444 1818 1498 sed
1872 1444 2078 1500 adesse

314 1541 323 1550 ”
363 1546 519 1617 quod
552 1561 667 1600 non
700 1547 841 1599 erat.
875 1543 957 1596 Tu
991 1543 1186 1595 autem
1220 1538 1361 1593 dum
1394 1550 1596 1591 verum
1629 1549 1842 1605 corpus
1880 1549 2075 1588 resur-

363 1651 499 1707 gere
527 1635 802 1704 deneges,
836 1644 1211 1702 nequaquam
1254 1625 1398 1682 dicis
1429 1625 1636 1681 adesse
1667 1623 1823 1694 quod
1857 1622 2073 1693 deerat,

364 1723 465 1779 sed
500 1724 702 1778 deesse
727 1720 880 1792 quod
903 1721 1044 1774 erat.
1085 1740 1104 1766 ι

437 1811 529 1866 29.
566 1811 730 1867 Tunc
777 1809 971 1879 itaque
1013 1805 1322 1879 Gregorius
1362 1805 1661 1862 Romanus
1692 1803 1971 1858 diaconus
2013 1803 2070 1857 et

365 1901 680 1974 Eutychius
709 1896 1388 1968 Constantinopolitanus
1420 1894 1750 1965 episcopus,
1772 1893 1880 1947 hac
1904 1893 1973 1947 de
2005 1908 2066 1947 re

360 1991 421 2047 in
456 1991 688 2063 longam
721 1988 1148 2044 contentionem
1186 1985 1468 2056 perducti,
1501 1983 1846 2057 gravissima
1876 1998 2064 2052 cmpe-

359 2086 500 2137 runt
541 2082 612 2136 ab
653 2080 899 2135 invicem
931 2079 1012 2150 (a)
1047 2076 1442 2132 simultatione
1478 2074 1725 2130 resilire.
1781 2074 1918 2127 Tum
1960 2072 2064 2142 piae

362 2169 659 2226 memoria:
676 2168 946 2224 Tiberius
969 2168 1040 2239 (ὁ)
1065 2165 1481 2222 Constantinus
1501 2164 2063 2233 imperator,secreto

356 2266 672 2332 utrumque
702 2258 1047 2329 suscipiens,
1083 2259 1179 2326 qui
1211 2256 1362 2310 inter
1391 2271 1488 2310 eos
1532 2253 1835 2309 discordias
1871 2267 2062 2306 versa-

355 2355 517 2407 retur
537 2351 789 2424 agnovit,
815 2357 868 2404 et
888 2349 1189 2418 utriusque
1222 2345 1403 2417 partis
1433 2343 1840 2415 allegationem
1873 2342 2063 2398 subti-

352 2439 486 2494 liter
516 2456 792 2511 pensans,
827 2438 1095 2495 eumdem
1146 2436 1358 2490 librum
1417 2449 1590 2505 quem
1643 2432 1960 2504 Eutycbius
1990 2433 2058 2486 de

355 2529 781 2585 resurrectione
807 2528 1226 2597 conscripserat
1256 2525 1377 2579 suis
1403 2539 1633 2594 quoque
1666 2523 1736 2594 (ε)
1767 2522 2064 2593 allegatio-

356 2618 532 2674 nibus
550 2619 883 2681 destruens,
917 2615 1257 2671 deliberavit
1287 2618 1351 2669 ut
1388 2614 1639 2668 ﬂammis
1680 2613 1925 2667 cremari
1960 2613 2062 2668 de-

356 2706 599 2764 buisset.
633 2710 677 2762 A
709 2723 823 2779 quo
855 2705 1122 2761 videlicet
1153 2703 1420 2775 piissimo
1443 2703 1787 2773 imperatore
1810 2706 1873 2756 ut
1895 2701 2059 2756 simul

355 2798 738 2869 egressisunt,
765 2801 897 2867 post
917 2795 1273 2866 longissimae
1297 2793 1709 2863 disputationis
1727 2791 2057 2846 conflictum

357 2887 574 2957 pariter
599 2891 943 2957 aegrotantes
975 2885 1031 2938 in
1064 2883 1343 2937 lectulum
1376 2882 1737 2936 deciderunt.

426 2977 517 3031 30.
550 2976 692 3031 Cum
716 2991 852 3046 ergo
887 2973 1198 3045 Gregorius
1245 2971 1623 3027 validissimis
1672 2970 1930 3026 febribus
1982 2988 2056 3024 ae-

299 3049 304 3055 ’
354 3066 593 3131 stuaret,
646 3061 985 3134 Eutychius,
1030 3076 1165 3116 cum
1214 3063 1395 3115 morte
1439 3060 1775 3129 confligens,
1845 3056 2055 3129 pellem

2197 458 2442 512 nerabili
2501 461 2766 517 diacono.
2820 463 3026 518 Omnia
3093 465 3332 535 quidem
3383 483 3508 537 quas
3574 469 3902 524 necessaria

2197 547 2452 616 fuerunt,
2488 567 2589 621 per
2617 551 2970 608 Honoratum
2997 554 3286 609 notarium
3312 555 3413 610 tibi
3448 558 3782 613 curavimus
3805 559 3895 612 in-

2196 637 2615 710 dicarezquem
2653 657 2787 696 cum
2839 642 3014 698 fratre
3065 649 3123 698 et
3157 646 3501 717 coepiscopo
3559 648 3896 704 Sebastiano

2195 726 2265 780 ad
2298 727 2665 785 dilectionem
2700 736 2858 787 tuam
2891 733 3232 802 direximus,
3267 743 3330 789 ut
3367 736 3502 806 quia
3532 736 3649 792 illis
3680 739 3738 792 in
3776 754 3908 807 par-

2195 818 2347 872 tibus
2381 821 2446 873 ad
2483 819 2811 876 Ravennam
2848 839 3031 894 usque
3081 840 3236 879 nunc
3288 841 3419 880 cum
3464 826 3586 882 viro
3644 827 3897 898 glorioso

2192 913 2406 966 domno
2437 909 2609 965 Decio
2651 911 2889 980 patricio
2925 912 3053 979 fuit,
3086 914 3208 984 ipse
3265 931 3370 969 sua
3413 914 3694 971 relatione
3740 920 3796 972 te
3830 934 3898 974 ex

2190 1001 2460 1056 omnibus
2502 1001 2729 1055 studeat
2782 1001 3128 1070 informare;
3163 1003 3248 1058 vel
3308 1004 3356 1059 si
3395 1021 3514 1076 qua
3570 1007 3894 1062 necessaria

2181 1090 2606 1162 judicaveritis,
2656 1091 2840 1161 possit
2888 1091 3102 1146 domno
3159 1092 3496 1164 imperatori
3559 1111 3891 1167 suggerere.

2190 1181 2333 1247 Quia
2366 1185 2534 1234 tantae
2566 1179 2926 1236 calamitates
2957 1198 3022 1237 ac
3052 1181 3462 1238 tribulationes
3497 1184 3667 1240 nobis
3698 1202 3732 1240 a
3762 1201 3890 1257 per-

2189 1270 2327 1324 ﬁdia
2360 1269 2869 1340 Langobardorum
2900 1269 3074 1325 illatas
3105 1276 3262 1337 sunt,
3295 1277 3495 1328 contra
3543 1291 3715 1329 suum
3761 1292 3891 1346 pro-

2189 1358 2838 1430 priumjusjurandum,
2873 1363 2938 1413 ut
2959 1359 3157 1415 nullus
3190 1361 3371 1431 possit
3402 1362 3476 1417 ad
3517 1363 3886 1420 referendum

2187 1449 2839 1505 sufficere.Prasdictum
2865 1453 3057 1504 autem
3079 1451 3310 1506 fratrem
3338 1452 3743 1509 Sebastianum
3770 1471 3887 1526 quo

2185 1540 2358 1595 modo
2381 1539 2831 1610 susceperimus,
2865 1538 2955 1593 vel
2983 1540 3038 1594 in
3064 1539 3224 1611 quali
3249 1543 3400 1610 apud
3425 1559 3551 1609 nos,
3587 1548 3642 1598 te
3671 1559 3879 1616 sugge-

2183 1634 2364 1697 rente,
2427 1628 2601 1684 fuerit
2647 1629 2948 1694 charitate,
2983 1628 3166 1700 ipsius
3217 1630 3432 1701 poteris
3481 1631 3758 1688 relatione
3791 1650 3879 1688 co-

2097 1755 2144 1821 B
2180 1734 2475 1790 gnoscere.
2510 1717 2617 1783 Qui
2648 1717 2823 1773 etiam
2857 1718 2958 1773 34
3000 1718 3269 1788 promisit
3297 1719 3466 1775 nobis
3502 1721 3879 1777 necessitate

2174 1810 2260 1864 vel
2284 1807 2540 1881 pericula
2570 1808 2743 1864 totius
2773 1807 2949 1864 Italiae
2996 1808 3228 1878 piisimo
3277 1810 3493 1865 domno
3542 1809 3876 1881 imperatori

2173 1915 2505 1971 suggerere.
2536 1898 2864 1968 Loquimini
2896 1915 3026 1968 ergo
3067 1902 3123 1953 et
3171 1902 3415 1954 tractato
3475 1900 3707 1970 pariter,
3759 1917 3870 1973 quo

2174 1991 2346 2044 modo
2379 1990 2598 2044 nostris
2625 1988 2858 2060 possitis
2903 1988 3165 2043 celeriter
3210 1988 3515 2044 subvenire
3555 1991 3867 2059 periculis:

2174 2081 2310 2149 quia
2338 2079 2417 2133 ita
2448 2077 2541 2133 hic
2573 2082 2956 2149 coangustata
2984 2081 3070 2132 est
3103 2077 3448 2147 respublica,
3485 2083 3549 2134 ut
3580 2079 3689 2134 nisi
3723 2080 3875 2135 Deus

2173 2169 2422 2240 piissimi
2452 2170 2508 2223 in
2542 2169 2713 2224 corde
2745 2166 3021 2239 principis
3051 2166 3127 2238 (ά)
3161 2167 3533 2238 inspiraverit
3555 2174 3615 2223 ut
3636 2169 3871 2225 insitam

2173 2259 2280 2313 sibi
2307 2257 2762 2313 misericordiam
2787 2255 2910 2312 suis
2935 2256 3168 2312 famulis
3190 2254 3487 2326 largiatur,
3519 2257 3589 2328 (θ)
3617 2265 3668 2312 et
3705 2274 3874 2329 super

2172 2348 2272 2404 illa
2319 2349 2676 2419 diacoposin,
2720 2349 2807 2404 vel
2850 2363 3034 2402 unum
3085 2347 3429 2418 magistrum
3485 2346 3758 2416 militum,
3815 2353 3871 2402 et

2174 2454 2355 2494 unum
2379 2439 2583 2493 ducem
2609 2439 2882 2509 dignetur
2911 2437 3244 2502 concedere,
3281 2437 3338 2490 in
3370 2436 3527 2492 omni
3549 2437 3735 2493 simus
3766 2455 3869 2493 an-

2170 2529 2360 2598 gustia
2391 2528 2669 2596 destituti,
2695 2526 2833 2598 quia
2865 2526 3114 2581 maxime
3147 2532 3337 2597 partes
3388 2526 3659 2582 Romanis
3709 2529 3869 2583 omni

2171 2618 2439 2688 praesidio
2462 2623 2714 2673 vacuatis
2733 2618 3024 2685 videntur,
3052 2620 3108 2672 et
3138 2616 3418 2672 exarchus
3436 2616 3665 2672 nullum
3700 2620 3868 2674 nobis

2172 2727 2342 2780 posse
2374 2711 2694 2765 remedium
2721 2710 2903 2763 facere
2927 2708 3147 2776 scribit,
3164 2706 3376 2779 quippe
3397 2707 3492 2777 qui
3518 2723 3621 2762 nec
3644 2708 3714 2763 ad
3735 2707 3871 2764 illas

2170 2803 2360 2869 partes
2381 2798 2792 2854 custodiendas
2813 2814 2874 2852 se
2895 2800 3140 2852 testatur
3163 2811 3331 2867 posse
3363 2797 3652 2851 sufﬁcere.
3677 2798 3870 2868 impe-

2170 2891 2255 2942 ret
2284 2903 2418 2958 ergo
2453 2887 2533 2942 illi
2570 2889 2716 2942 Deus
2749 2885 2960 2941 nostris
2982 2884 3250 2940 velociter
3279 2883 3553 2955 periculis
3585 2887 3864 2941 subveni-

2170 2993 2250 3041 re,
2284 2981 2600 3048 antequam
2623 2975 3052 3031 nefandissimaa
3077 2974 3267 3045 gentis
3293 2973 3715 3030 exercitusloca
3739 2992 3864 3048 quas

2169 3066 2361 3122 adhuc
2409 3084 2442 3122 a
2485 3066 2780 3137 republica
2821 3066 3175 3130 detinentur,
3225 3066 3333 3120 Deo
3392 3064 3503 3120 sibi
3548 3067 3867 3134 contrario,

360 3169 567 3208 manus
597 3167 715 3206 διιιὲ
738 3151 974 3206 ῐϐηθδᾶι
1003 3166 1194 3206 οοτδω
1220 3149 1514 3217 omnibus:
1537 3149 1737 3204 dicens
1759 3165 1771 3202 ε
1791 3148 2067 3217 Conﬁteor
2096 3133 2138 3200 (ἶ
2167 3156 2323 3226 quod
2357 3157 2530 3224 absit,
2564 3155 3220 3227 praevaleantoccupare.
3239 3154 3644 3226 Presbyterum
3671 3133 3864 3211 autem

298 3227 304 3232 ’
357 3244 488 3314 quia
518 3257 701 3298 omnes
736 3243 796 3296 in
825 3241 928 3296 hac
956 3256 1122 3296 carne
1161 3255 1527 3310 resurgemus.
1562 3239 1694 3293 Post
1734 3254 1908 3308 quam
1969 3255 2057 3294 ca-

354 3332 576 3388 tholicae
611 3332 745 3388 ﬁdei
777 3333 1206 3387 confessionem
1257 3331 1563 3385 defunctus
1591 3335 1710 3397 est;
1747 3346 1859 3400 quo
1894 3346 2052 3384 mor-

351 3427 471 3492 tuo,
496 3421 631 3492 quia
663 3437 810 3494 pene
832 3420 1030 3476 nullus
1059 3425 1182 3476 erat
1213 3421 1312 3491 qui
1344 3419 1472 3488 ejus
1503 3419 1658 3472 dicta
1689 3423 2052 3490 sequeretur,

352 3509 1070 3583 Gregoriusdissimulavit
1099 3517 1280 3581 coepta
1302 3508 1595 3582 persequi,
1629 3525 1700 3565 ne
1731 3509 1792 3564 in
1824 3507 2053 3563 favillas

346 3601 642 3657 videretur
671 3600 845 3656 verba
867 3598 1139 3670 jaculari.

420 3691 517 3744 3l.-
543 3691 771 3754 Quanta
801 3694 995 3744 autem
1018 3689 1358 3745 auctoritate
1377 3689 1762 3745 ministerium
1796 3689 1886 3744 sui
1921 3707 2054 3760 apo-

348 3778 710 3835 crisiariatus
743 3779 1085 3850 impleverit,
1120 3784 1351 3850 quantas
1393 3779 1722 3834 reverentia
1757 3782 1910 3851 apud
1943 3783 2051 3835 Au-

346 3877 548 3938 gustos
614 3869 916 3935 exstiterit,
977 3872 1312 3939 quantaque
1376 3868 1766 3925 sollicitudine
1824 3870 2050 3926 afflictae

345 3956 525 4010 Italiae
558 3955 817 4012 succurri
850 3956 1063 4026 saepius
1098 3956 1312 4024 fecerit,
1346 3958 1393 4010 si
1446 3956 1576 4028 quis
1624 3956 1850 4028 plenius
1882 3973 2051 4012 nosse

344 4045 656 4112 desiderat,
688 4046 960 4116 epistolas
991 4046 1376 4101 antecesseris
1408 4047 1499 4101 sui
1534 4063 1695 4116 papae
1729 4047 1946 4117 Pelagii
1979 4046 2051 4101 ad

343 4152 477 4191 eum
510 4153 687 4205 super
737 4135 1098 4190 multimodis
1148 4135 1408 4190 Ecclesiae
1459 4135 1559 4189 Dei
1603 4137 2049 4190 necessitatibus

343 4225 689 4290 destinatas,
741 4241 867 4295 quae
929 4225 1208 4280 hactenus
1271 4225 1326 4277 in
1367 4225 1580 4279 scrinio
1633 4231 1845 4280 sanctae
1893 4227 2049 4283 sedis

342 4312 676 4383 apostolicae
702 4313 1137 4368 studiosissime
1169 4319 1606 4379 conservantur,
1632 4320 1949 4386 percurrat,
1982 4333 2049 4372 ex

343 4416 586 4471 quarum
621 4401 992 4456 multitudine
1024 4400 1117 4456 hic
1149 4418 1326 4457 unam
1351 4404 1651 4470 intersero,
1673 4410 1961 4474 quatenus
1993 4411 2049 4461 et

2165 3245 2238 3300 ad
2270 3263 2394 3310 nos,
2417 3246 2810 3314 Deojuvante,
2835 3243 3290 3299 retransmittere
3313 3244 3539 3310 festina,
3573 3246 3709 3313 quia
3731 3244 3858 3300 etin

2165 3335 2510 3392 monasterio
2533 3342 2651 3404 tuo,
2685 3341 2740 3390 et
2770 3336 2829 3389 in
2849 3351 2994 3406 opus
3009 3333 3102 3388 cui
3123 3349 3256 3388 eum
3279 3335 3725 3404 praeposuimus,
3763 3351 3860 3389 ne-

2161 3427 2456 3482 cessarius
2488 3442 2611 3482 esse
2641 3424 2878 3480 omnino
2910 3424 3298 3494 cognoscitur.
3336 3424 3478 3477 Data
3503 3428 3708 3494 quarto
3753 3440 3861 3479 no-

2162 3532 2366 3572 narum
2384 3516 2429 3586 (f
2473 3516 2830 3582 Octobrium,
2856 3513 3171 3569 indictione
3195 3511 3364 3568 tertia
3387 3511 3615 3581 (Concil.
3642 3518 3772 3567 tam.
3801 3514 3856 3581 ν,

2159 3607 2316 3677 epist.
2348 3607 2423 3676 3).
2461 3628 2489 3654 ››

2232 3697 2318 3749 33.
2354 3695 2496 3750 Huic
2527 3711 2634 3750 suo
2660 3695 2822 3765 cujus
2853 3693 2946 3749 hic
2998 3709 3145 3765 papa
3192 3692 3458 3763 Pelagius
3501 3692 3862 3749 monasterio

2161 3779 2430 3842 neminit,
2462 3779 2694 3834 Siculus
2727 3775 3136 3844 Maximianus,
3181 3773 3276 3844 qui
3314 3782 3507 3844 postea
3537 3774 3864 3841 Syracusa-

2161 3888 2268 3925 nus
2291 3871 2596 3941 episcopus
2641 3869 2879 3935 exstitit,
2913 3868 3115 3922 eodem
3174 3871 3427 3935 tempore
3477 3863 3728 3934 praefuit.
3754 3864 3866 3930 Qui

2159 3961 2230 4014 ad
2264 3959 2651 4015 venerabilem
2685 3958 2913 4012 levitam
2941 3956 3284 4028 Gregorium
3319 3954 3376 4009 in
3400 3955 3664 4024 ejusdem
3687 3955 3859 4023 regiae

2162 4050 2321 4103 urbis
2369 4048 2578 4119 palatio
2613 4065 2711 4116 pro
2767 4048 3060 4116 responsis
3118 4044 3526 4100 ecclesiasticis
3576 4045 3860 4101 desudan-

2157 4144 2295 4206 tem,
2325 4137 2676 4192 visitationis
2708 4137 2912 4207 gratia,
2943 4151 3070 4189 cum
3106 4135 3381 4189 fratribus
3413 4133 3566 4188 venit
3595 4133 3737 4204 (Lib.
3772 4150 3854 4204 in,

2160 4229 2400 4295 Dialog.,
2430 4243 2549 4298 cap.
2582 4227 2705 4294 36);
2739 4231 2794 4279 et
2825 4227 2966 4280 dum
3009 4225 3077 4279 ad
3125 4224 3540 4280 monasterium
3575 4223 3684 4277 sibi
3720 4240 3862 4294 quo-

2156 4333 2268 4386 que
2327 4318 2698 4371 commissum
2734 4316 2972 4370 Romam
3007 4315 3237 4376 rediret,
3290 4314 3347 4366 in
3376 4313 3517 4368 mari
3554 4313 3858 4367 Adriatico

2157 4405 2336 4460 nimia
2391 4409 2726 4476 tempestate
2785 4403 3196 4474 deprehensus,
3232 4400 3621 4456 inaestimabili
3652 4402 3863 4458 ordine

341 4489 500 4544 illius
533 4490 842 4546 ministerii
877 4491 1152 4563 qualitas,
1182 4497 1237 4546 et
1267 4491 1629 4564 reliquarum
1655 4511 1887 4567 quoque
1909 4513 2042 4552 con-
2073 4506 2120 4571 1)
2155 4503 2325 4565 atque
2372 4494 2650 4550 inusitato
2689 4492 2966 4548 miraculo
3022 4509 3156 4561 erga
3209 4507 3287 4560 se,
3330 4495 3686 4562 cunctosque
3753 4492 3856 4561 qui

341 4580 644 4649 sequentia
674 4585 1076 4650 cognoscatur.
1113 4583 1247 4648 Quae
1279 4581 1356 4636 ita
1380 4599 1440 4637 se
1470 4582 1680 4638 habet:

411 4702 609 4778 (a)»lta
658 4706 819 4778 Mss,
867 4707 962 4762 ubi
1007 4706 1270 4762 Editores
1303 4706 1602 4778 legerunt,
1649 4711 1943 4766 simultate.
1978 4712 2039 4766 In

339 4775 674 4845 Moralibus,
707 4777 810 4852 lib.
835 4794 1022 4852 xiv,n.
1057 4779 1145 4845 74,
1177 4779 1274 4834 ubi
1299 4775 1422 4852 haec
1452 4782 1804 4849 referuntur,
1836 4783 2046 4852 legitur

340 4865 571 4920 quoque
601 4850 1014 4912 simultatione;
1047 4867 1268 4905 necnon
1302 4850 1338 4904 l.
1377 4869 1414 4915 1,
1447 4852 1612 4919 epist.
1647 4853 1702 4920 2,
1736 4861 1793 4907 et
1814 4850 1971 4910 alibi.

409 4922 486 4991 (ὁ)
518 4920 793 4995 Corrupte
827 4922 885 4974 in
927 4922 1214 4995 omnibus,
1247 4922 1447 4995 Editis,
1486 4924 2044 4995 C‘Onstantinopnlz'ta-

338 5007 463 5058 nus,
491 5009 591 5061 pro
624 4993 1037 5054 Constantinus.
1071 4994 1219 5062 quod
1274 4994 1330 5047 in
1365 4996 1637 5050 omnibus
1697 4993 2046 5051 tam‘Mora-

339 5063 484 5116 lium
517 5081 690 5133 quam
721 5066 966 5120 Joannis
989 5068 1142 5120 Diac.
1180 5063 1312 5117 Mss.
1349 5066 1673 5120 exhibetur.
1708 5068 1854 5122 Sane
1905 5075 2044 5123 tunc

339 5134 1014 5211 ConstantinOpolitanus
1052 5139 1367 5205 imperator
1416 5153 1528 5211 npn
1563 5139 1884 5211 dicebatur,
1943 5142 2044 5211 qui

342 5204 607 5285 Romano
633 5204 876 5285 imperio
907 5209 1084 5285 _solus
1119 5204 1380 5285 praeerat.
1441 5207 1702 5266 Tiberius
1742 5204 2041 5283 August-us

341 5278 864 5355 cognomipabatur
895 5281 1329 5355 Constantinus.

412 5346 481 5419 (ε)
516 5347 572 5419 In
611 5345 794 5414 Bigot.
831 5353 1302 5419 superscribitur,
1335 5349 1824 5419 afﬁrmationibus.

386 5418 490 5544 Ἕω)
522 5418 583 5472 In
617 5418 932 5489 Andegav.,
955 5422 1121 5494 Utic.,
1159 5424 1343 5494 lligot.
1370 5418 1426 5477 et
1457 5423 1700 5493 Gemet.,
1736 5428 2036 5497 imperave-

341 5509 438 5547 νη.

412 5562 485 5633 (e)
516 5557 744 5641 Yulgati
769 5564 1083 5641 cum_l_leg.,
1109 5564 1237 5641 aliis
1262 5567 1647 5641 renitentibus
1673 5569 1832 5641 Mss.,
1877 5584 2040 5641 super

344 5633 857 5706 illanidz'acoposin.
906 5633 1052 5690 Utie.
1108 5635 1300 5700 habet,
1351 5654 1513 5706 super
1559 5642 1750 5696 omnia
1793 5633 1894 5694 illa
1924 5633 2037 5694 dia-

339 5722 455 5779 ευρ.
490 5704 552 5761 In
586 5703 692 5760 hoc
721 5706 928 5766 Codice
946 5713 1002 5764 et
1032 5709 1090 5766 in
1124 5707 1304 5778 Bigot.
1342 5703 1655 5770 annotatur
1688 5728 1886 5770 vocem
1915 5711 2036 5768 dia-

2153 4600 2351 4640 secum
2385 4585 2629 4639 aderant
2659 4581 3077 4653 omnipotentis
3108 4581 3210 4636 Dei
3241 4585 3294 4635 et
3327 4580 3469 4634 iram
3511 4579 3777 4647 cognovit
3798 4584 3858 4634 et

2152 4712 2386 4780 coposin.
2435 4709 2518 4763 vel
2552 4705 2914 4780 diacopiosin,
2964 4706 3291 4780 signiﬁcare
3335 4704 3604 4780 aerarium
3657 4703 3858 4780 publi-

2153 4773 2307 4836 cum.
2341 4782 2433 4836 Sic
2477 4798 2602 4835 eam
2636 4773 2988 4834 intellexisse
3022 4773 3259 4832 videtur
3307 4781 3428 4832 Pet.
3479 4773 3729 4840 Dam.,l.
3753 4792 3860 4844 vn,

2151 4857 2319 4924 epist.
2354 4854 2415 4906 3:
2452 4853 2553 4921 Qui
2583 4853 2863 4921 peculatus
2890 4851 3399 4924 crimenincujrit,
3442 4848 3502 4924 in
3539 4845 3856 4924 {liawposin

2150 4917 2363 4994 cogitur
2401 4917 2605 4990 inferre
2635 4925 2774 4994 quod
2824 4923 2973 4994 tulit.
3029 4922 3290 4994 Bolland.
3322 4921 3488 4974 docet
3539 4917 3860 4994 idemesse

2155 4989 2657 5051 ac'discissionem'
2684 5013 2716 5049 a
2747 4990 3045 5059 διακόπτω,
3089 4993 3374 5048 discindo.
3411 4990 3624 5059 Cangio
3645 4989 3859 5059 diaco-

2151 5069 2308 5138 posis
2338 5075 2426 5122 est
2457 5067 2744 5130 molestia,
2778 5057 3072 5138 angustia!
3105 5081 3138 5138 a
3167 5061 3369 5129 κοπὲω,
3406 5057 3578 5115 lasso.
3615 5057 3856 5138 Utrum-

2150 5130 2262 5210 que
2293 5141 2494 5195 fefellit
2543 5139 2710 5210 lectio
2759 5130 2995 5210 vulgata
3035 5136 3431 5210 Editornm,et
3483 5146 3648 5210 super
3683 5130 3852 5187 illam

2146 5203 2480 5280 diaeoposin,
2506 5227 2634 5264 cum
2668 5209 2724 5263 in
2758 5203 3172 5280 fere—omnibus
3219 5206 3360 5259 Mss.
3392 5203 3640 5271 legatur,
3672 5215 3852 5280 etsu-

2144 5300 2243 5353 per
2261 5275 2377 5350 illa,
2411 5275 2602 5352 quasi,
2635 5287 2687 5335 et
2716 5286 2922 5349 praeter
2953 5278 3073 5333 illa.
3108 5280 3306 5353 Itaque
3332 5289 3684 5353 _cen_sernu_s,
3717 5275 3852 5328 dia—

2144 5344 2388 5424 eOposin',
2421 5344 2505 5408 vel
2539 5344 2893 5424 diacopiosin,
2929 5344 3293 5424 commodius
3331 5344 3574 5424 intelligi
3610 5345 3680 5399 de
3712 5361 3858 5424 eira-

2145 5416 2228 5480 rio
2263 5432 2318 5479 et
2352 5416 2621 5496 pecunia,
2665 5416 2765 5493 pro
2808 5416 2998 5476 labore
3021 5421 3244 5496 scilicet
3265 5416 3504 5496 militari
3528 5418 3845 5488 eroganda,

2144 5491 2420 5552 nimirum
2448 5515 2480 5552 a
2510 5491 2861 5567 Bta’propter,
2894 5498 2949 5547 et
2976 5491 3166 5567 κρπος,
3197 5493 3370 5546 labor.

2213 5570 2282 5639 (Ι)
2321 5571 2381 5623 1η
2416 5561 2634 5622 Θεωθῇ
2661 5561 2729 5620 ἰή
2752 5567 2959 5639 Bigo_t.,
2990 5564 3392 5639 Octobriarum.
3432 5561 3746 5639 _Gussanv.,
3771 5562 3845 5639 ad

2141 5632 2491 5712 marginem,
2550 5654 2650 5710 pro
2699 5632 3006 5712 indictione
3043 5637 3098 5707 3,
3125 5642 3288 5693 notat
3345 5633 3538 5691 indict.
3581 5632 3637 5700 6,
3689 5634 3842 5703 quod

2140 5727 2246 5769 nec
2276 5709 2335 5770 in
2365 5715 2503 5769 Mss.
2537 5709 2756 5772 nostris
2786 5709 3091 5781 reperitur.
