4088 6172
216 279 291 339 ἠ
793 284 862 344 s.
911 279 1275 343 esseom!
1317 278 1569 341 MAGNI
1610 277 1817 352 VITA,
1864 277 2094 341 AUCT.
2142 279 2447 344 JOANNE
2494 284 2855 348 DIACONO.
2903 291 3048 352 LIB.
3094 294 3143 354 ι.
3644 307 3720 368 7s

208 421 485 494 gratiam.
516 419 657 478 Nam
687 435 819 476 cum
850 419 909 474 in
932 433 1134 475 eorum
1166 420 1351 472 morte
1381 418 1685 506 ventorum
1716 414 1920 506 nimie-
1947 416 2002 485 Α
2032 420 2180 485 rent,
2213 417 2410 489 ibique
2436 432 2498 474 se
2530 418 2679 477 fame
2710 425 2767 477 et
2796 423 2894 479 siti
2918 424 3164 484 deficere
3207 430 3603 506 formidarent,
3655 442 3725 497 ad

208 510 431 566 tatibus
454 511 663 566 ﬂuctus
695 508 898 565 elevati
931 507 1219 575 saevirent,
1251 522 1318 561 ex
1352 504 1479 560 navi
1512 504 1653 560 clavi
1679 503 1914 576 perditi,

208 604 381 659 arbor
410 603 672 659 abscissa
706 607 814 670 est,
856 599 981 657 vela
1012 600 1070 655 in
1112 597 1282 655 undis
1314 599 1584 670 projects,
1614 599 1918 666 totumque

204 710 303 750 vas
334 695 503 749 navis
528 691 727 748 nimiis
760 693 1096 762 quassatum
1134 687 1408 743 fluctibus
1439 686 1511 741 ab
1544 686 1703 741 omni
1736 686 1918 741 fuerat

208 802 311 841 sua
334 798 621 855 compage
644 781 1017 838 dissolutum.
1040 778 1439 849 Rimisitaque
1461 776 1812 847 patentibus,
1838 776 1921 831 in-

208 873 381 929 travit
402 889 589 944 mare,
608 877 782 944 atque
806 886 994 942 usque
1016 871 1085 925 ad
1119 869 1450 940 superiores
1471 866 1694 922 tabulas
1713 865 1918 937 imple-

210 964 326 1031 vit;
356 963 445 1019 ita
476 968 538 1019 ut
571 979 684 1019 non
722 960 913 1034 magis
953 960 1117 1015 navis
1150 959 1302 1014 inter
1330 958 1513 1014 undas
1541 973 1719 1028 quam
1749 956 1917 1011 unda:

206 1055 326 1125 jam
377 1054 535 1109 intra
586 1052 779 1107 navim
830 1067 953 1107 esse
995 1050 1349 1105 viderentur.
1400 1048 1562 1103 Tunc
1610 1046 1667 1101 in
1716 1047 1919 1101 eadem

213 1144 340 1200 navi
385 1144 737 1211 residentes,
787 1158 901 1197 non
945 1141 1071 1208 jam
1104 1155 1173 1195 ex
1223 1138 1427 1195 mortis
1456 1137 1687 1203 vicinia,
1723 1136 1820 1191 sed
1854 1150 1922 1190 ex

209 1234 337 1305 ipsa
380 1234 513 1304 ejus
546 1231 815 1304 presenti
858 1230 1080 1285 visione
1117 1226 1357 1297 turbati,
1389 1242 1592 1283 omnes
1636 1225 1924 1282 sibimeti-

209 1325 330 1396 psis
370 1339 576 1395 pacem
626 1322 931 1389 dederunt,
964 1336 1172 1391 corpus
1204 1323 1260 1375 et
1298 1317 1638 1387 sanguinem
1672 1316 1924 1372 Redem-

211 1414 398 1488 ptoris
432 1418 805 1485 acceperunt,
847 1412 963 1468 Deo
993 1426 1054 1466 se
1087 1409 1302 1482 singuli
1335 1408 1829 1478 commendantes,
1866 1413 1927 1462 ut

210 1522 410 1561 eorum
463 1505 691 1559 animas
719 1502 974 1573 benigne
1022 1499 1359 1571 susciperet,
1394 1514 1643 1570 quorum
1686 1512 1928 1567 corpora

212 1596 293 1651 ita
321 1593 605 1667 pavendas
627 1592 800 1648 morti
822 1591 1183 1648 tradidisset.
1215 1590 1325 1646 Sed
1357 1587 1722 1659 omnipotens
1753 1588 1927 1655 Deus,

214 1687 312 1758 qui
346 1700 554 1741 eorum
588 1686 843 1738 mentem
868 1680 1213 1736 mirabiliter
1230 1677 1456 1747 terruit,
1481 1692 1679 1733 eorum
1701 1692 1930 1748 quoque

210 1777 393 1831 vitam
436 1791 541 1846 per
590 1772 866 1829 meritum
922 1770 1181 1843 Gregorii
1242 1766 1443 1825 famuli
1476 1768 1591 1837 sui,
1624 1783 1727 1839 pro
1762 1769 1931 1836 cujus

213 1864 457 1938 speciali
495 1879 693 1920 amore
731 1865 1025 1929 venerant,
1064 1859 1390 1917 mirabilius
1424 1857 1751 1915 reservavit.
1786 1862 1932 1913 Nam

215 1955 428 2011 diebus
461 1958 592 2010 octo
622 1952 787 2009 navis
809 1952 1010 2007 eadem
1042 1966 1224 2022 usque
1255 1949 1325 2005 ad
1360 1948 1688 2019 superiores
1710 1947 1937 2003 tabulas

215 2044 399 2117 aquis
432 2044 628 2115 plena,
662 2043 772 2097 iter
801 2041 1098 2114 preprium
1134 2055 1437 2111 peragens,
1461 2036 1738 2093 enatavit.
1772 2037 1937 2093 Nono

220 2139 417 2191 autem
435 2131 531 2187 die
553 2132 628 2203 (α)
651 2131 724 2188 ad
750 2129 1165 2186 Cbotronensis
1199 2127 1372 2185 castri
1416 2132 1650 2199 portum
1692 2126 1941 2181 deducta

220 2229 332 2279 est.
367 2223 453 2277 Ex
483 2238 601 2292 qua
630 2220 897 2277 exierunt
922 2236 1123 2275 omnes
1144 2216 1484 2285 incolumes,
1509 2215 1610 2287 qui
1637 2231 1768 2271 cum
1804 2232 1940 2287 pree-

220 2313 379 2367 dicto
400 2309 756 2367 Maximiano
786 2308 909 2363 viro
939 2306 1257 2364 venerabili
1291 2305 1657 2375 navigabant.
1679 2308 1942 2375 Cumque

224 2408 353 2473 post
382 2416 485 2455 eos
515 2400 642 2472 ipse
672 2414 905 2470 quoque
948 2396 1155 2452 fuisset
1188 2412 1484 2467 egressus,
1526 2410 1661 2449 mox
1698 2394 1756 2448 in
1789 2393 1940 2463 ejus-

227 2495 361 2548 dem
395 2495 603 2564 portus
633 2489 990 2563 profundum
1023 2486 1184 2544 navis
1217 2488 1486 2542 demersa
1514 2490 1621 2553 est,
1655 2501 1721 2539 ac
1752 2486 1797 2539 si
1827 2483 1942 2538 illis

230 2582 349 2639 35
382 2579 823 2653 egredientibus
871 2594 974 2650 pro
1006 2578 1258 2648 pondere
1289 2574 1686 2632 sublevatione
1726 2573 1944 2629 caruis-

232 2678 356 2739 set;
390 2676 453 2729 et
482 2686 610 2742 qua
642 2670 813 2741 plena
842 2667 1184 2725 hominibus
1214 2667 1272 2721 in
1304 2665 1508 2737 pelago
1539 2681 1723 2737 aquas
1755 2674 1943 2736 porta-

232 2768 390 2820 verat
416 2767 597 2834 atque
646 2767 894 2832 nataret,
928 2759 1275 2816 Maximiano
1307 2775 1439 2814 cum
1474 2758 1749 2813 fratribus
1790 2772 1947 2812 rece-

239 2856 434 2921 dente,
471 2869 625 2924 aqua
676 2852 801 2908 sine
829 2848 1171 2907 hominibus
1218 2850 1279 2905 in
1329 2852 1498 2920 portu
1555 2864 1663 2904 nec
1720 2855 1947 2919 portare

231 2944 412 2999 valuit
445 2959 551 2999 nec
582 2945 821 3008 natare;
855 2948 915 2996 ut
942 2940 1083 2997 hine
1103 2940 1479 3009 omnipotens
1511 2942 1658 2993 Dens
1688 2936 1952 2992 ostende-

230 3041 310 3089 ret
344 3033 486 3107 quia
516 3048 621 3104 per
672 3030 947 3087 meritum
1008 3029 1289 3101 Gregorii,
1332 3044 1503 3099 quem
1555 3028 1760 3082 fratres
1808 3026 1949 3081 visi-

228 3127 520 3188 taverant,
553 3121 706 3178 hanc
763 3125 1032 3177 onustam
1093 3136 1201 3174 sua
1258 3134 1437 3174 manu
1496 3120 1780 3187 tenuerat,
1814 3132 1943 3188 quae

227 3214 297 3270 ab
355 3211 700 3269 hominibus
756 3226 937 3268 vacua
985 3224 1323 3283 permanere
1371 3225 1486 3264 non
1535 3207 1723 3280 potuit
1772 3221 1943 3277 super

228 3320 439 3375 aquas.

290 3393 382 3447 34.
420 3391 608 3464 Igitur
639 3393 952 3462 postquam
983 3394 1232 3446 Romam
1267 3386 1567 3459 Gregorius
1596 3383 1941 3442 venerabilis

222 3479 395 3536 levita
445 3496 710 3537 reversus
767 3483 877 3545 est,
939 3478 1241 3550 aliquanto
1301 3477 1599 3547 interiecto
1656 3479 1937 3546 tempore,

227 3576 387 3626 tanta
418 3568 807 3625 inundatione
829 3568 1053 3624 Tiberis
1076 3567 1284 3623 fluvius
1305 3567 1528 3623 alveum
1552 3581 1726 3621 suum
1749 3580 1936 3635 egres-

227 3676 323 3715 sus
368 3663 487 3727 est,
522 3663 865 3729 tantumque
922 3657 1194 3724 excrevit,
1244 3661 1310 3711 ut
1365 3657 1494 3726 ejus
1552 3656 1709 3711 unda
1767 3670 1939 3724 super

223 3765 430 3806 muros
464 3749 625 3804 urbis
656 3748 948 3816 inﬂueret,
980 3750 1154 3818 atque
1177 3747 1236 3801 in
1268 3762 1333 3802 ea
1362 3746 1628 3816 regiones
1652 3744 1936 3799 maximas

223 3845 558 3910 occuparet,
591 3842 648 3894 et
677 3837 1051 3910 antiquarum
1095 3836 1307 3891 aedium
1342 3834 1595 3907 plurima
1625 3834 1703 3908 (b)
1750 3832 1935 3888 moni-

220 3932 428 3986 menta
460 3928 751 4001 dejiceret,
782 3925 1175 3984 ecclesiastica
1221 3940 1449 3997 quoque
1479 3924 1688 3981 horrea
1716 3922 1937 3979 violen-

217 4025 308 4074 ter
336 4019 722 4087 suhverteret,
754 4016 813 4072 in
845 4016 1055 4088 quibus
1103 4014 1353 4071 nonulla
1398 4012 1724 4071 modiorum
1759 4013 1936 4069 tritici

218 4109 404 4165 millia
438 4109 680 4181 periere.

285 4200 380 4255 35.
413 4198 581 4254 Tunc
617 4196 909 4270 siquidem
950 4196 1102 4270 apud
1134 4196 1527 4253 Veronensem
1574 4193 1779 4250 urbem
1822 4193 1933 4247 ﬂu-

215 4291 345 4345 vius
406 4288 663 4357 Athesis,
723 4291 785 4343 ut
856 4287 1011 4343 idem
1078 4285 1386 4357 Gregorius
1442 4284 1615 4341 refert
1671 4283 1811 4349 (Lib.
1872 4298 1935 4337 ιιι

216 4380 463 4448 οἰώθη
537 4393 658 4447 cap.
731 4378 842 4448 19),
895 4391 1257 4443 excrescens,
1332 4375 1403 4431 ad
1481 4373 1635 4429 beati
1690 4370 1936 4427 Zenonis

218 4466 499 4540 martyris
530 4473 704 4538 atque
733 4466 1027 4537 pontificis
1075 4464 1379 4522 ecclesiam
1423 4463 1596 4520 venit.
1630 4463 1811 4533 Cujus
1840 4478 1935 4518 ec-

2028 505 2297 562 Ecclesiae
2322 508 2566 577 januam
2594 512 2921 584 veniebant,
2947 517 3015 571 ad
3041 518 3361 578 bibendum
3388 524 3729 587 hauriebant

2025 613 2258 667 aquam,
2292 615 2414 667 quea
2452 615 2638 670 usque
2669 601 2741 656 ad
2776 605 3057 662 fenestras
3080 618 3427 682 excreverat,
3459 620 3515 671 et
3546 620 3730 676 tamen

2027 687 2181 742 intra
2212 687 2513 745 ecclesiam
2552 690 2622 762 (ε)
2668 698 2730 747 ut
2780 712 2931 766 aqua
2978 698 3136 754 nullo
3181 703 3353 757 modo
3402 704 3729 766 difﬂuebat.

2027 779 2197 831 Stans
2229 780 2423 831 autem
2457 784 2590 833 ante
2614 780 2882 851 januam,
2932 786 3002 840 ad
3054 791 3471 849 ostendendum
3503 798 3734 855 cunctis

2030 867 2303 923 meritum
2351 872 2645 942 martyris,
2706 880 2757 927 et
2804 892 2956 946 aqua
3001 877 3074 931 ad
3114 880 3465 949 adjutorium
3498 890 3641 954 erat,
3682 895 3736 943 et

2030 973 2183 1028 aqua
2212 974 2324 1013 non
2359 965 2483 1015 erat
2512 962 2581 1016 ad
2606 966 3009 1035 occupandum
3043 969 3248 1025 locum.
3276 975 3437 1038 Quod
3471 976 3737 1033 nimirum

2032 1048 2376 1104 miraculum
2410 1050 2913 1122 Babyloniciillius
2946 1058 3098 1129 ignis
3122 1061 3398 1120 miraculo
3431 1082 3545 1122 non
3570 1068 3740 1125 dissi-

2032 1135 2165 1191 mile
2199 1140 2405 1207 poterit
2450 1140 2737 1209 aestimari,
2782 1144 2878 1213 qui
2910 1148 3087 1202 trium
3132 1166 3444 1218 puerorum
3476 1163 3529 1211 et
3558 1157 3741 1212 vesti—

2033 1234 2227 1281 menta
2258 1242 2371 1281 non
2404 1229 2613 1300 tetigit,
2656 1239 2709 1286 et
2733 1234 2967 1289 vincula
2991 1235 3248 1293 incendit
3277 1241 3438 1311 (Dan.
3473 1246 3581 1315 ιιι).

2104 1316 2193 1371 36.
2228 1318 2391 1373 Tunc
2423 1319 2595 1374 etiam
2647 1321 3091 1382 innumerabilis
3137 1329 3449 1389 multitudo
3497 1350 3739 1408 serpen-

2034 1407 2182 1463 tium
2216 1425 2349 1463 cum
2385 1426 2597 1482 magno
2631 1412 2901 1483 dracone,
2934 1416 2993 1471 in
3048 1420 3285 1477 modum
3318 1424 3504 1481 trabis
3534 1407 3741 1485 valida:

2036 1514 2137 1568 per
2168 1499 2426 1554 Tiberini
2450 1500 2710 1557 fluminis
2731 1504 2983 1572 alveum,
3016 1507 3074 1563 in
3098 1526 3257 1567 mare
3278 1512 3613 1584 descendit;
3640 1520 3741 1573 sed

2038 1587 2329 1643 suffocatze
2355 1589 2546 1645 bestia:
2583 1592 2733 1648 inter
2775 1595 2961 1650 salsos
2993 1598 3171 1654 maris
3212 1601 3601 1659 turbidissimi
3633 1606 3743 1661 flu-

2039 1681 2169 1733 ctus
2199 1676 2325 1733 sine
2347 1694 2511 1735 mora
2539 1679 2595 1734 in
2618 1680 2813 1738 littore
2843 1684 3183 1743 deciderunt
3204 1706 3423 1761 suaque
3446 1695 3748 1765 putredine

2041 1770 2229 1823 totum
2278 1784 2470 1825 aerem
2528 1778 2911 1843 corruperunt
2953 1776 3197 1849 (Gregor.
3250 1781 3397 1851 Tun,
3456 1782 3497 1840 ι.
3545 1802 3580 1840 x
3609 1785 3751 1842 Hist.

2043 1872 2089 1911 ε.
2128 1857 2196 1923 1).

2118 1944 2204 1999 37.
2237 1945 2449 2002 Secuta
2496 1954 2586 2005 est
2629 1966 2658 2006 e
2706 1953 2951 2025 vestigio
2999 1955 3195 2015 clades
3242 1959 3590 2033 inguinaria,
3624 1982 3755 2038 quae

2047 2031 2363 2089 Romanam
2408 2038 2610 2093 urbem
2645 2039 2786 2095 adeo
2823 2043 3150 2101 vehementi
3199 2048 3525 2117 pestilentia
3570 2031 3756 2108 lania-

2050 2121 2148 2191 vit,
2201 2128 2261 2179 ut
2309 2124 2480 2181 etiam
2516 2129 2798 2199 corporali
2846 2132 2968 2188 visu
3022 2136 3258 2207 saggitae
3283 2138 3509 2195 caelitus
3540 2142 3749 2209 venire,

2049 2214 2104 2265 et
2151 2212 2413 2285 singulos
2449 2233 2715 2290 quosque
2746 2226 3042 2292 percutere
3086 2225 3445 2284 viderentur.
3502 2233 3635 2294 Quae
3695 2233 3757 2289 in

2052 2319 2251 2364 mense
2300 2306 2603 2362 undecimo
2646 2309 2909 2378 veniens,
2970 2312 3227 2384 primum
3279 2318 3562 2387 omnium,
3594 2322 3759 2391 juxta

2050 2398 2191 2455 illud
2225 2399 2378 2469 quod
2413 2397 2473 2453 in
2509 2398 2799 2457 Ezechiele
2830 2403 3113 2475 propheta
3150 2405 3396 2479 legitur:
3423 2411 3470 2464 A
3502 2417 3761 2469 sanctua-

2051 2489 2134 2542 rz‘o
2192 2503 2309 2542 meo
2368 2488 2596 2560 incipite
2644 2490 2860 2560 (Ezech.
2925 2509 3001 2559 ιιι,
3061 2496 3137 2565 6),
3199 2496 3490 2566 Pelagium
3552 2518 3759 2572 papam

2054 2579 2318 2649 perculit,
2376 2584 2432 2635 et
2484 2583 2611 2637 sine
2668 2599 2833 2638 mora
2873 2584 3164 2641 exstinxit.
3208 2589 3327 2653 Quo
3356 2589 3647 2660 defuncto,
3684 2593 3765 2647 ita

2052 2669 2111 2724 in
2146 2668 2438 2740 reliquum
2471 2670 2682 2743 vulgus
2713 2674 2971 2740 desaevit,
3006 2680 3088 2742 ut,
3123 2678 3440 2733 subtractis
3472 2679 3765 2736 habitato-

2054 2760 2215 2815 ribus
2241 2760 2338 2833 (d),
2371 2761 2575 2817 domos
2599 2761 2657 2817 in
2691 2763 2831 2820 urbe
2860 2764 3148 2837 plurimas
3178 2784 3391 2825 vacuas
3413 2770 3653 2827 omnino
3685 2787 3768 2827 re-

2054 2847 2311 2920 liquerit.

2125 2937 2215 2991 38.
2249 2938 2466 2994 Eodem
2498 2943 2756 3012 tempore
2808 2941 2869 2997 in
2922 2946 3273 3002 monasterio
3300 2948 3649 3006 venerabilis
3679 2950 3765 3007 1e-

2055 3027 2181 3082 vita:
2215 3027 2471 3099 Gregorii
2505 3046 2649 3100 puer
2697 3031 2995 3103 inquietus
3041 3036 3227 3104 valde,
3273 3038 3606 3095 Theodorus
3656 3057 3761 3096 no-

2056 3119 2235 3188 mine,
2267 3134 2397 3174 cum
2446 3120 2620 3175 fratre
2651 3120 2922 3194 religioso
2970 3126 3158 3198 magis
3212 3130 3554 3186 necessitate
3586 3148 3759 3201 quam

2056 3205 2352 3263 voluntate
2382 3210 2652 3281 degebat,
2685 3211 2777 3266 cui
2812 3211 3057 3269 nimium
3090 3218 3284 3286 gravis
3313 3223 3434 3273 erat
3469 3220 3514 3273 si
3556 3220 3684 3291 quis
3707 3222 3759 3277 ei

2051 3310 2156 3366 pro
2194 3296 2286 3352 sui
2335 3296 2521 3353 salute
2567 3298 2887 3370 quidquam
2930 3302 3172 3358 dicebat.
3224 3308 3382 3360 Bona
3413 3310 3603 3362 autem
3642 3325 3756 3363 non

2050 3382 2239 3439 solum
2292 3385 2496 3447 facere,
2548 3387 2649 3442 sed
2699 3387 2874 3443 etiam
2928 3390 3124 3445 audire
3157 3408 3269 3447 non
3322 3398 3565 3465 poterat.
3600 3395 3759 3453 Nun-

2049 3490 2225 3544 quam
2258 3490 2320 3531 se
2365 3475 2433 3529 ad
2488 3479 2699 3531 sanctae
2749 3480 3206 3537 conversationis
3238 3483 3501 3541 habitum
3541 3487 3754 3555 venire,

2042 3564 2318 3634 jurando,
2353 3565 2672 3633 irascendo,
2705 3585 2770 3624 ac
2800 3570 3115 3626 deridenda
3148 3574 3499 3630 testabatur:
3535 3578 3635 3648 qui
3665 3582 3757 3633 ta-

2049 3670 2179 3709 men
2213 3656 2471 3724 ejusdem
2507 3656 2843 3728 pestilentiae
2890 3659 3053 3715 clade
3084 3678 3397 3731 percussus
3428 3663 3548 3721 36
3577 3667 3632 3721 in
3665 3667 3753 3723 in-

2046 3744 2242 3815 guine,
2274 3750 2363 3799 est
2394 3745 2707 3815 perductus
2736 3749 2806 3803 ad
2841 3757 3105 3805 mortem.
3142 3752 3402 3824 Cumque
3433 3760 3755 3814 extremum

2046 3832 2315 3903 spiritum
2347 3844 2556 3905 ageret,
2591 3845 2988 3893 convenerunt
3032 3856 3161 3895 cum
3200 3842 3472 3914 Gregorio
3523 3845 3754 3917 fratres,

2046 3926 2109 3976 ut
2138 3937 2440 3993 egressum
2471 3922 2630 3979 illius
2681 3928 2899 3981 orando
2950 3933 3336 3999 protegerent.
3368 3932 3497 3987 Jam
3538 3950 3749 4005 corpus

2044 4010 2169 4080 eius
2199 4011 2272 4064 ab
2316 4015 2573 4069 extrema
2621 4013 2805 4068 fuerat
2848 4019 3009 4085 parte
3056 4027 3487 4089 praemortuum,
3534 4021 3591 4075 in
3624 4023 3748 4078 solo

2042 4101 2450 4157 tantummodo
2492 4106 2721 4174 pectore
2764 4104 2953 4161 vitalis
3002 4106 3191 4163 adhuc
3229 4108 3384 4165 calor
3413 4110 3747 4169 anhelabat.

2044 4191 2242 4248 Cuncti
2277 4198 2471 4248 autem
2492 4193 2569 4266 (e)
2596 4194 2801 4251 fratres
2824 4197 2924 4268 qui
2945 4198 3203 4266 aderant,
3235 4202 3397 4256 tanto
3429 4217 3531 4272 pro
3553 4219 3618 4259 eo
3636 4220 3749 4259 coa-

2045 4286 2260 4353 perunt
2302 4282 2530 4338 enixius
2565 4299 2751 4351 orare,
2794 4291 3084 4356 quantum
3133 4303 3267 4343 eum
3307 4290 3435 4360 jam
3474 4291 3749 4350 videbant

2044 4370 2153 4426 sub
2187 4371 2480 4428 celeritate
2527 4372 2844 4445 discedere,
2894 4393 3026 4433 cum
3058 4383 3294 4449 repente
3324 4381 3493 4454 coepit
3531 4382 3745 4440 eisdem

2047 4462 2323 4519 fratribus
2354 4465 2767 4522 assistentibus
2816 4467 3088 4538 clamare,
3134 4475 3305 4541 atque
3352 4488 3485 4528 cum
3520 4476 3750 4547 magnis

222 4558 425 4616 clesias
456 4557 599 4612 dum
628 4560 827 4612 essent
848 4557 1045 4627 janute
1078 4560 1310 4627 aperta,
1336 4571 1486 4626 aqua
1517 4553 1577 4608 in
1607 4569 1735 4608 eam
1768 4551 1938 4606 mini-
1971 4546 2015 4610 D
2047 4552 2285 4609 vocibus
2317 4553 2605 4611 orationes
2635 4571 2833 4612 eorum
2859 4556 3304 4629 interrumpere,
3336 4561 3563 4619 dicens:
3591 4546 3751 4621 «GRe-

227 4664 324 4704 me
353 4644 615 4703 intravit.
649 4644 782 4710 Quae
813 4645 1110 4718 paulisper
1157 4659 1423 4700 crescens
1456 4659 1640 4715 usque
1670 4642 1741 4699 ad
1775 4641 1934 4697 fene-

220 4740 374 4793 stras
404 4734 687 4801 ecclesiae,
719 4750 848 4806 quae
877 4738 1042 4790 erant
1087 4734 1258 4789 tectis
1297 4734 1593 4805 proximae,
1636 4730 1933 4802 pervenit;

218 4828 431 4900 sicque
460 4833 626 4881 stans
656 4841 807 4896 aqua
835 4823 1089 4881 ecclesias
1115 4822 1343 4896 januam
1367 4822 1599 4891 clausit,
1632 4837 1697 4877 ac
1719 4820 1763 4875 si
1792 4819 1935 4876 illud

220 4916 589 4973 elementum
628 4912 917 4986 liquidum
964 4913 1026 4968 in
1074 4912 1420 4969 soliditatem
1452 4910 1685 4985 parietis
1729 4910 1935 4966 fuisset

222 5009 519 5062 mutatum
571 5002 691 5076 [ΑΙ.
746 5002 1166 5074 immutatum].
1225 5001 1483 5073 Cumque
1528 5005 1724 5058 essent
1763 5000 1933 5056 multi

221 5094 478 5153 interius
509 5093 749 5164 inventi,
781 5093 883 5149 sed
914 5108 1197 5165 aquarum
1246 5092 1651 5164 magnitudine
1681 5092 1933 5149 circum-

224 5184 361 5242 data
393 5182 559 5241 omni
594 5181 870 5250 Ecclesia,
923 5197 1039 5255 qua
1083 5188 1318 5253 possent
1364 5181 1561 5253 egredi
1611 5198 1724 5239 non
1756 5180 1937 5238 habe-

297 5415 379 5486 (a)
412 5413 529 5479 AL,
560 5414 932 5488 Cortonemis.
960 5413 1211 5488 Cortona
1239 5415 1378 5471 urbs
1411 5418 1498 5470 est
1526 5416 1769 5488 antiqua
1800 5419 1940 5474 Bru-

226 5486 479 5551 tionum,
514 5486 586 5540 ad
622 5500 780 5542 mare
814 5486 1160 5555 Ausonium,
1191 5503 1348 5543 nunc
1382 5488 1633 5544 Crotona
1672 5486 1837 5546 'dicta
1881 5491 1939 5547 in

222 5559 497 5615 Calabria
529 5555 821 5613 ulteriore.

294 5632 379 5701 (b)
403 5628 616 5707 Bigptﬂ
646 5627 1003 5707 Cplb.,_B.eg.
1039 5636 1097 5689 et
1125 5631 1368 5700 Gemet.,
1418 5633 1645 5692 mania.
1684 5636 1761 5691 Ita
1792 5651 1943 5707 quo-

230 5719 343 5775 que
360 5699 527 5775 apud
561 5699 805 5759 Paulum
826 5699 983 5760 Diaei

2048 4644 2256 4711 cedite,
2287 4660 2420 4700 ecce
2442 4645 2679 4701 draconi
2731 4648 2797 4702 ad
2834 4648 3231 4707 devorandum
3264 4652 3434 4709 datus
3463 4670 3617 4726 sum,
3651 4657 3750 4728 qui

2048 4738 2287 4805 propter
2313 4742 2563 4790 vestram
2623 4737 2991 4806 praesentiam
3050 4756 3141 4795 me
3196 4741 3471 4797 devorare
3502 4760 3615 4799 non
3652 4762 3750 4815 po-

2044 4824 2179 4876 test.
2226 4821 2409 4891 Caput
2459 4836 2655 4877 meum
2700 4822 2761 4877 in
2810 4840 2915 4879 suo
2965 4841 3060 4883 ore
3084 4826 3204 4896 jam
3240 4828 3576 4895 absorbuit;
3622 4830 3751 4883 date

2045 4908 2261 4976 locum,
2291 4913 2356 4965 ut
2386 4926 2480 4966 me
2522 4910 2776 4982 amplius
2825 4930 2939 4969 non
2973 4915 3209 4983 cruciet,
3257 4915 3360 4971 sed
3391 4915 3562 4971 faciat
3592 4918 3747 4988 quod

2046 4997 2301 5055 facturus
2329 5002 2436 5056 est.
2464 4999 2523 5055 Si
2553 5000 2604 5055 ei
2639 5001 2710 5056 ad
2760 5001 3154 5058 devorandum
3186 5003 3354 5058 datus
3383 5018 3538 5073 sum,
3572 5021 3750 5076 quare

2047 5092 2285 5161 prepter
2302 5105 2405 5145 vos
2422 5106 2615 5147 moras
2628 5090 2809 5162 patior
2823 5090 2850 5145 τ
2871 5114 2901 5142 ››
2924 5093 3086 5147 Tunc
3101 5092 3305 5147 fratres
3318 5107 3452 5147 cum
3472 5093 3749 5167 Gregorio

2049 5182 2348 5253 creperunt
2377 5180 2427 5236 ei
2462 5180 2678 5237 dicere:
2703 5201 2731 5231 «
2762 5180 2907 5247 Quid
2932 5184 3017 5236 est
3049 5180 3200 5251 quod
3226 5179 3505 5254 loqueris,
3539 5183 3754 5243 frater?

2123 5418 2195 5490 (ο)
2227 5418 2288 5474 In
2312 5416 2507 5480 editis,
2541 5413 2872 5490 si_excipias
2917 5411 3180 5485 Bolland,
3215 5415 3377 5474 deest
3419 5421 3501 5487 ut,
3541 5417 3600 5474 in
3632 5436 3757 5477 om-

2051 5484 2227 5546 nibus
2259 5492 2394 5542 Mss.
2426 5504 2459 5541 a
2490 5484 2657 5541 nobis
2691 5484 3003 5555 repertum.

2122 5562 2200 5631 (ά)
2236 5561 2406 5685 Utitc.,
2431 5558 2621 5612 domus
2652 5558 2710 5613 in
2742 5557 2879 5613 urbe
2908 5559 3169 5629 plurima?
3200 5575 3388 5617 vacuae
3417 5564 3640 5617 omnino
3672 5579 3759 5619 re-

2051 5646 2313 5688 maneren
2347 5673 2361 5686 .

2124 5706 2189 5777 (ε)
2218 5704 2391 5760 Abest
2407 5705 2611 5777 fratres
2632 5703 2703 5759 ab
2724 5701 3313 5778 Utie.,Gemet.,Reg.,
3328 5704 3758 5779 Colb.stBigot.
