4088 6172
379 323 453 384 7s
961 317 1025 377 s.
1073 313 1449 377 GREGORII
1497 311 1737 372 MAGNI
1782 310 1985 384 VlTA,
2030 308 2258 371 AUCT.
2307 309 2606 371 JOANNE
2648 311 3001 375 DIACONO.
3050 275 3196 376 Lis.
3243 316 3293 376 1.

3793 277 3884 373 so

369 466 603 536 signum
630 463 735 518 tibi
765 465 973 516 sancta
1002 455 1191 513 crucis
1223 452 1493 524 ῑωρτὶωε
1530 471 1578 501 ’ν-
1625 447 1942 537 Respondit
1971 445 2068 500 ίῙῘθ
2097 450 2151 517 Α
2181 464 2249 517 ad
2302 463 2556 519 lamenta
2605 466 2952 536 poenitentia;
3002 471 3386 524 convertatur.
3437 473 3683 524 Pensate
3743 480 3880 537 ergo

367 575 502 615 cum
531 554 758 626 magnis
782 549 1154 615 clamoribus,
1188 545 1422 599 dicens:
1461 563 1486 589 ‹‹
1527 539 1667 593 Volo
1700 554 1791 592 me
1821 536 2067 606 signare,

369 650 468 704 sed
501 663 614 701 non
651 658 907 714 possum,
942 639 1076 710 quia
1099 632 1425 707 squammis
1459 631 1632 698 hujus
1657 626 1921 681 draconis
1946 641 2070 696 pre-

368 756 493 795 mor
516 760 566 791 ››.
599 738 857 804 Cumque
887 731 994 787 hoc
1027 729 1229 782 fratres
1248 723 1516 777 audirent
1545 720 1646 788 (a),
1681 734 1796 772 una
1826 732 1953 772 cum
1985 714 2068 804 le-

365 827 482 882 vita
521 827 621 881 Dei
654 803 929 894 Gregorio
968 819 1026 872 in
1058 822 1269 870 terram
1313 808 1604 882 prostrati,
1639 822 1766 861 cum
1801 803 2069 875 lacrymis

365 921 667 988 coeperunt
696 930 795 985 pro
824 911 1120 981 ereptione
1143 905 1302 959 illius
1332 899 1732 955 vehementius
1753 896 2064 993 Dominum

361 1005 678 1078 deprecari.
711 1004 778 1058 Et
825 1017 955 1057 ecce
999 997 1192 1053 subito
1241 991 1413 1062 coepit
1460 1005 1608 1059 aeger
1656 1003 1790 1042 cum
1843 991 2067 1078 magnis

355 1074 594 1152 vocibus
637 1092 911 1156 clamare,
953 1088 1154 1142 dicens
1192 1102 1204 1139 :
1242 1106 1268 1132 «
1304 1081 1530 1136 Gratias
1562 1080 1694 1141 Deo,
1729 1090 1861 1129 ecce
1891 1074 2064 1128 draco

355 1252 566 1332 vestris
595 1272 872 1344 expulsus
904 1273 1053 1324 stare
1083 1281 1199 1319 non
1233 1261 1436 1333 potuit.
1482 1261 1590 1312 Pro
1635 1252 1885 1325 peccatis
1919 1252 2063 1344 meis

357 1366 530 1422 modo
561 1341 922 1424 intercedite,
954 1355 1094 1428 quia
1122 1350 1377 1408 converti
1409 1352 1466 1403 et
1509 1344 1850 1401 saecularem
1883 1341 2059 1395 vitam

355 1454 680 1523 relinquere
712 1449 976 1504 funditus
1007 1458 1134 1498 sum
1187 1443 1421 1512 paratus
1463 1457 1514 1489 n.
1548 1434 1730 1489 Homo
1773 1446 1908 1502 ergo
1941 1429 2060 1500 qui,

355 1545 511 1601 sicut
533 1545 655 1614 jam
689 1541 906 1594 dictum
938 1539 1049 1602 est,
1100 1532 1170 1587 ab
1224 1535 1481 1586 extrema
1511 1529 1672 1596 parte
1704 1523 1893 1618 fuerat
1925 1537 2062 1618 prai-

355 1611 640 1699 mortuus,
675 1625 932 1698 Gregorii
963 1623 1234 1696 precibus
1265 1623 1321 1673 et
1351 1623 1532 1672 morte
1555 1611 1815 1683 corporis
1847 1611 2058 1674 caruit,

350 1731 407 1781 et
437 1723 684 1779 salutem
718 1719 926 1774 animai
948 1711 1258 1784 acquisivit
1288 1707 1429 1780 (Lib.
1462 1722 1514 1760 iv
1547 1703 1690 1760 Dial.
1723 1717 1840 1771 cap.
1871 1700 1982 1769 38).

421 1815 509 1869 39.
560 1811 672 1868 Sed
723 1805 1056 1880 pestilentia
1098 1816 1278 1872 supra
1321 1797 1557 1852 modum
1595 1791 1886 1893 saeviente:
1919 1788 2057 1859 quia
2089 1827 2134 1893 B

346 1901 601 1961 Ecclesia
650 1879 752 1955 Dei
784 1898 911 1952 sine
959 1897 1178 1949 rectore
1228 1904 1354 1944 esse
1414 1902 1528 1941 non
1562 1886 1807 1955 poterat,
1840 1879 2057 1950 Grego-

351 1995 526 2062 rium,
559 1991 693 2046 licet
721 1989 859 2044 totis
901 1986 1122 2041 viribus
1171 1981 1536 2042 renitentem,
1583 1975 1794 2036 clerus,
1826 1974 2060 2062 senatus

352 2060 721 2156 pepulusque
775 2079 1076 2133 Romanus
1134 2071 1243 2126 sibi
1303 2060 2056 2156 concorditerhpontificem

350 2151 710 2244 delegerunt.
748 2169 926 2232 Quem
969 2164 1065 2218 ille
1111 2160 1333 2233 apicem
1388 2157 1528 2211 totis
1570 2151 1794 2244 viribus
1843 2151 2056 2244 evitare

353 2238 686 2327 decernens,
721 2273 848 2313 sese
878 2253 1183 2324 indignum
1211 2249 1448 2304 omnino
1479 2243 1581 2299 tali
1613 2242 1829 2298 honore
1860 2238 2054 2293 clami-

351 2352 543 2418 tabat;
601 2347 866 2402 videlicet
923 2347 1188 2396 metuens
1244 2353 1316 2391 ne
1373 2333 1579 2389 mundi
1625 2329 1828 2400 gloria,
1878 2343 2050 2418 quam

351 2415 854 2514 priusvabjecerat,
886 2433 934 2487 ei
970 2431 1074 2486 sub
1107 2422 1486 2484 ecclesiastici
1530 2420 1722 2474 colore
1751 2415 2053 2488 regiminis

348 2529 541 2600 aliquo
575 2525 746 2581 modo
776 2523 1086 2591 subrepere
1117 2515 1421 2604 potuisset.
1487 2600 1497 2604 _
1698 2599 1709 2604 _
2005 2595 2014 2604 ο

416 2599 504 2674 lit).
538 2621 609 2672 At
638 2614 738 2669 ubi
789 2615 1082 2667 decretum
1135 2600 1534 2678 generalitatis
1575 2599 1812 2654 evadere
1843 2599 2052 2665 nequi—

344 2711 446 2776 vit,
481 2720 906 2766 consensurum
942 2718 1003 2757 se
1031 2697 1266 2756 tandem
1307 2692 1621 2764 aliquando
1651 2687 1967 2754 simulavit,
1997 2691 2052 2742 et

342 2797 679 2871 imperatori
727 2792 1028 2858 Mauricio,
1073 2789 1243 2858 cujus
1285 2785 1465 2839 filium
1497 2799 1566 2838 ex
1595 2781 1818 2836 lavacro
1851 2782 2048 2832 sancto

341 2891 699 2959 susceperat,
733 2885 977 2940 latenter
1033 2881 1255 2933 litteras
1296 2872 1627 2937 destinavit,
1660 2871 1960 2939 adjurans,
1995 2872 2051 2922 et

343 2979 529 3034 multa
558 2990 726 3048 prece
761 2974 1100 3042 deposcens,
1129 2981 1199 3020 ne
1234 2979 1492 3034 unquam
1527 2975 1834 3015 assensum
1873 2974 2046 3028 popu-

337 3069 410 3123 lis
448 3066 728 3138 prmberet
759 3065 823 3116 ut
854 3077 913 3114 se
963 3058 1136 3126 hujus
1185 3053 1426 3108 honoris
1458 3049 1638 3120 gloria
1676 3048 2043 3102 sublimaret.

337 3159 444 3212 Sed
466 3155 768 3228 praefectus
794 3150 956 3205 urbis
978 3148 1075 3218 (b).
1102 3148 1421 3201 Germanus
1455 3140 1710 3206 nomine,
1745 3139 1871 3228 ejus
1903 3154 2050 3228 nun-

339 3227 484 3302 tium
520 3240 874 3314 anticipavit,
897 3235 1506 3307 comprehensumque
1539 3246 1625 3296 ac,
1649 3227 1901 3298 diruptis
1931 3227 2048 3293 epi-

339 3334 524 3399 stolis,
559 3345 903 3387 consensum
951 3341 1121 3398 quem
1170 3321 1420 3395 populus
1462 3320 1667 3373 fecerat
1714 3317 2046 3387 imperatori

339 3423 568 3478 direxit.
601 3423 673 3475 At
703 3418 800 3473 ille
830 3417 1048 3489 gratias
1079 3430 1259 3485 agens
1293 3413 1402 3466 Deo
1436 3425 1538 3480 pro
1570 3407 1824 3460 amicitia
1855 3408 2045 3459 diaco-

340 3513 420 3579 ni,
445 3529 509 3567 eo
534 3511 687 3582 quod
719 3508 911 3562 locum
944 3503 1237 3559 deferendi
1270 3501 1320 3555 ei
1371 3498 1632 3561 honoris,
1666 3500 1730 3549 ut
1761 3495 2042 3564 cupierat,

338 3598 668 3671 reperisset,
703 3596 838 3650 data
875 3591 1257 3665 praeceptione
1306 3588 1496 3657 ipsum
1538 3582 1794 3640 ordinari
1827 3599 2040 3654 praece-

378 3691 444 3745 it.

378 3707 444 3745 it.

337 3707 373 3763 Ρ
408 3779 494 3834 41.
524 3776 756 3832 Interim
781 3774 923 3828 dum
955 3771 1027 3826 ab
1059 3770 1202 3825 urbe
1251 3767 1409 3838 regia
1455 3763 1866 3836 imperatorius
1910 3779 2046 3833 pras-

333 3867 644 3924 stolaretur
676 3877 974 3927 assensus,
1009 3865 1065 3914 et
1095 3857 1219 3912 lues
1249 3858 1372 3927 ipsa
1421 3853 1698 3924 populum
1741 3853 2044 3907 vehemen-

332 3959 449 4013 tius
478 3957 822 4022 devastaret,
856 3947 1202 4006 venerabilis
1251 3947 1426 4001 levita
1461 3944 1768 4012 Gregorius
1800 3944 2041 3998 verbum

334 4049 406 4104 ad
459 4046 681 4119 plebem
736 4059 972 4099 exorsus
1029 4044 1136 4108 est,
1197 4039 1431 4094 dicens:
1486 4036 1802 4105 «Oportet,
1841 4035 2043 4087 fratres

320 4132 686 4200 charissimi,
721 4137 785 4186 ut
816 4128 1040 4200 ﬂagella
1071 4125 1192 4193 Dei,
1226 4141 1353 4195 quae
1386 4127 1638 4177 metuere
1663 4126 1904 4174 ventura
1953 4120 2044 4174 de-

335 4225 594 4287 buimus,
627 4221 832 4275 saltem
868 4215 1172 4286 praesentia
1202 4219 1257 4268 et
1287 4216 1517 4281 experta
1549 4211 1876 4263 timeamus.
1903 4209 2045 4263 Con-

331 4311 616 4366 versionis
640 4310 809 4364 nobis
840 4307 1060 4362 aditum
1089 4303 1249 4358 dolor
1280 4302 1519 4372 aperiat,
1552 4304 1607 4354 et
1638 4298 1824 4353 cordis
1859 4298 2039 4352 nostri

332 4400 609 4456 duritiam
638 4398 764 4469 ipsa
791 4399 912 4468 jam
937 4411 1112 4466 quam
1157 4393 1416 4462 patimur
1439 4406 1608 4461 paena
1639 4389 1935 4443 dissolvat.
1974 4386 2043 4442 Ut

331 4490 487 4545 enim
517 4488 798 4558 propheta
853 4490 995 4540 teste
1052 4483 1391 4554 praedictum
1450 4488 1571 4535 est:
1628 4477 1740 4534 37
1786 4480 2039 4533 Pervenit

2179 553 2365 624 qualis
2397 559 2529 608 ante
2552 561 2925 624 conspectum
2950 557 3202 613 districti
3226 558 3450 614 Judicis
3483 558 3762 628 pervenit,
3783 555 3880 611 cui

2178 659 2290 697 non
2327 643 2458 697 licet
2489 643 2622 697 flere
2647 646 2798 716 quod
2827 645 2978 700 fecit.
3014 646 3078 700 Et
3109 646 3465 704 habitatores
3501 648 3736 718 quidem
3761 663 3880 702 non

2175 749 2242 787 ex
2277 737 2439 802 parte
2461 733 2904 800 subtrahuntur,
2939 737 3038 790 sed
3072 737 3288 806 pariter
3331 742 3630 794 corruunt.
3668 737 3882 792 Domus

2175 838 2366 876 vacuas
2400 823 2827 890 relinquuntur,
2865 824 3114 879 ﬁliorum
3166 826 3369 882 funera
3419 833 3684 898 parentes
3716 827 3880 898 aspi-

2174 913 2352 979 ciunt,
2386 918 2441 966 et
2473 913 2558 967 sui
2592 929 2690 967 eos
2739 914 2810 968 ad
2858 913 3152 970 interitum
3209 916 3467 972 haeredes
3523 919 3874 987 praecedunt.

2175 1003 2588 1074 Unusquisque
2632 1019 2766 1074 ergo
2817 1009 3080 1058 nostrum
3134 1006 3202 1060 ad
3239 1007 3589 1076 paenitentiae
3623 1007 3881 1061 lamenta

2172 1093 2492 1163 confugiat,
2525 1093 2663 1146 dum
2701 1092 2832 1147 [lere
2855 1099 2990 1147 ante
3023 1095 3454 1162 percussionem
3487 1101 3669 1150 vacat.
3705 1099 3882 1150 Revo-

2173 1198 2373 1238 cemus
2404 1187 2537 1237 ante
2567 1182 2766 1237 oculos
2802 1183 3011 1237 mentis
3043 1185 3325 1256 quidquid
3360 1186 3602 1241 errando
3633 1185 3878 1240 commi-

2172 1271 2377 1336 simus,
2411 1271 2652 1341 etquod
2677 1272 2945 1341 nequiter
2992 1273 3242 1343 egimus,
3295 1275 3484 1328 flendo
3535 1275 3871 1345 puniamus.

2171 1360 2605 1416 Przeveniamus
2639 1360 2841 1415 faciem
2866 1362 2994 1430 ejus
3025 1361 3082 1416 in
3133 1363 3498 1419 confessione
3531 1364 3700 1432 (Psat.
3724 1381 3874 1430 χειν,

2169 1451 2242 1518 2),
2275 1453 2348 1515 et,
2384 1449 2536 1504 sicut
2584 1450 2866 1520 propheta
2913 1451 3204 1518 admonet,
3253 1451 3515 1507 levemus
3559 1453 3734 1508 corda
3764 1470 3874 1507 no-

2168 1543 2286 1593 stra
2313 1554 2444 1593 cum
2479 1539 2747 1593 manibus
2776 1539 2846 1593 ad
2881 1538 3061 1594 Deum
3094 1540 3306 1611 (Thren.
3340 1558 3424 1608 ιιι,
3459 1541 3535 1612 4).
3569 1542 3651 1596 Ad
3687 1542 3873 1597 Deum

2168 1627 2383 1698 quippe
2414 1628 2589 1682 corda
2619 1643 2750 1682 cum
2785 1629 3047 1683 manibus
3096 1629 3302 1695 levare,
3333 1634 3422 1684 est
3465 1629 3740 1686 orationis
3767 1647 3877 1686 no-

2167 1721 2297 1770 stris
2328 1717 2589 1771 studium
2619 1731 2752 1771 cum
2787 1717 2992 1772 merito
3025 1717 3188 1772 bona
3233 1718 3580 1789 operationis
3627 1720 3872 1791 erigere.

2171 1806 2268 1860 Dat
2295 1805 2573 1875 profecto,
2607 1807 2708 1860 dat
2764 1806 3004 1861 tremori
3047 1811 3248 1862 nostro
3294 1807 3590 1874 ﬁduciam,
3639 1809 3738 1880 qui
3771 1825 3875 1880 per

2169 1894 2509 1965 prepbetam
2559 1894 2804 1950 clamat:
2849 1896 2984 1950 Nolo
3029 1901 3258 1951 mortem
3301 1898 3618 1967 peccatoris,
3671 1897 3761 1952 sed
3812 1907 3875 1954 ut

2167 1992 2519 2040 convertatur
2547 1990 2596 2040 et
2626 1987 2772 2040 vivat
2810 1986 3020 2053 (Ezech.
3055 2003 3247 2055 xxxm,
3285 1986 3392 2057 11).
3436 1985 3644 2041 Nullus
3674 1993 3868 2043 autem

2168 2075 2237 2128 de
2268 2074 2644 2146 iniquitatum
2670 2091 2909 2129 suarum
2945 2076 3311 2130 immanitate
3341 2076 3626 2146 desperet.
3669 2077 3872 2132 Veter-

2167 2179 2341 2219 nosas
2373 2180 2625 2235 namque
2658 2163 3045 2218 Ninivitarum
3067 2164 3269 2235 culpas
3293 2164 3557 2219 triduana
3589 2166 3868 2237 poeniten-

2166 2252 2244 2306 tia
2276 2253 2542 2307 abstersit
2591 2254 2761 2322 (Jonas
2809 2270 2893 2319 ιιι,
2930 2253 3038 2322 10),
3080 2258 3136 2307 et
3183 2269 3498 2309 conversus
3549 2254 3695 2310 latro
3741 2256 3866 2310 vita:

2166 2341 2399 2410 prmmia
2429 2343 2604 2396 etiam
2637 2341 2694 2395 in
2728 2342 2854 2411 ipsa
2901 2342 3186 2397 sententia
3227 2359 3343 2398 suis
3393 2343 3597 2397 mortis
3623 2345 3873 2400 emeruit

2164 2428 2314 2498 (Luc.
2350 2429 2536 2499 xxiii).
2573 2428 2864 2483 Mutemus
2896 2428 3077 2500 igitur
3117 2429 3314 2496 corda,
3349 2434 3407 2484 et
3440 2447 3869 2500 praesumamus

2163 2533 2266 2572 nos
2293 2517 2415 2587 jam
2448 2518 2772 2588 percepisse
2803 2518 2955 2588 quod
3008 2517 3277 2587 petimus.
3312 2517 3497 2574 Citius
3532 2520 3600 2574 ad
3637 2536 3865 2591 precem

2160 2605 2348 2660 Judex
2378 2605 2646 2671 ﬂectitur,
2681 2606 2730 2660 si
2760 2622 2792 2660 a
2823 2605 3101 2676 pravitate
3132 2623 3238 2660 sua
3269 2607 3480 2678 petitor
3518 2609 3860 2679 corrigatur.

2161 2695 2508 2750 Imminente
2538 2712 2674 2767 ergo
2705 2701 2875 2750 tantae.
2933 2696 3456 2752 animadversionis
3503 2697 3713 2771 gladio.
3757 2716 3865 2755 nos

2160 2785 2512 2855 importunis
2559 2786 2822 2857 precibus
2877 2785 3240 2842 insistamus.
3299 2787 3380 2841 Ea
3428 2804 3683 2860 namque
3739 2805 3867 2860 quas

2131 2874 2383 2944 -ingrata
2413 2890 2540 2928 esse
2572 2873 2910 2928 hominibus
2941 2873 3088 2928 solet
3109 2875 3523 2945 importunitas
3542 2875 3640 2947 (ε),
3667 2877 3866 2933 Judici

2158 2962 2415 3016 veritatis
2442 2961 2650 3032 placet,
2685 2962 2821 3032 quia
2871 2962 3001 3032 pius
3033 2979 3100 3017 ac
3145 2963 3475 3019 misericors
3501 2965 3654 3020 Deus
3685 2965 3807 3020 vult
3835 2984 3870 3022 a

2158 3066 2218 3104 se
2252 3051 2519 3120 precibus
2569 3052 2798 3106 veniam
2843 3051 3014 3122 exigi,
3067 3053 3206 3123 quia
3257 3058 3544 3123 quantum
3573 3071 3869 3110 meremur

2161 3155 2276 3193 non
2307 3139 2432 3194 vult
2461 3141 2650 3194 irasci.
2707 3141 2850 3195 Hinc
2882 3140 3093 3195 etenim
3148 3157 3245 3211 per
3277 3143 3646 3198 Psalmistam
3680 3145 3872 3199 dixit:

2162 3230 2351 3284 Invoco
2405 3247 2488 3284 me
2527 3233 2585 3284 in
2639 3231 2728 3286 die
2759 3231 3133 3286 tribulationis
3177 3239 3284 3286 tum
3325 3251 3347 3296 ;
3403 3237 3632 3303 eripiam
3689 3242 3759 3300 te,
3819 3239 3877 3290 et

2157 3320 2547 3391 magniﬁcabis
2602 3336 2690 3375 me
2738 3321 2904 3388 (Psal.
2955 3323 3251 3390 xux,15).
3304 3323 3428 3390 Ipse
3457 3338 3592 3393 ergo
3635 3323 3742 3378 sibi
3777 3333 3873 3380 le-

2157 3409 2264 3462 stis
2320 3415 2406 3463 est
2463 3409 2597 3480 quia
2646 3410 3050 3464 invocantibus
3102 3411 3365 3464 misereri
3415 3412 3725 3479 desiderat,
3761 3414 3864 3484 qui

2156 3499 2428 3552 admonet
2481 3508 2539 3551 ut
2569 3498 2890 3553 invocetur.
2953 3500 3215 3567 Proinde,
3250 3501 3456 3555 fratres
3509 3500 3869 3572 charissimi,

2133 3581 2435 3643 "contricto
2475 3591 2662 3656 corde,
2695 3595 2752 3643 et
2799 3591 3070 3645 correctis
3119 3591 3392 3660 operibus
3443 3591 3699 3647 crastina
3747 3593 3866 3660 die,

2156 3678 2342 3748 primo
2364 3678 2644 3742 diluculo,
2669 3679 2736 3732 ad
2767 3680 3158 3748 septiformem
3185 3679 3262 3750 (ἀ)
3289 3679 3750 3752 litaniam,juxta
3773 3681 3866 3737 di-

2155 3767 2563 3822 stributionem
2591 3767 2834 3822 inferius
2865 3767 3252 3838 designatum,
3275 3769 3477 3823 devota
3507 3785 3639 3824 cum
3675 3769 3865 3842 lacry-

2157 3858 2266 3911 mis
2313 3863 2502 3912 mente
2558 3857 2878 3912 veniamus.
2927 3857 3136 3913 Nullus
3185 3865 3439 3913 vestrum
3500 3859 3572 3914 ad
3633 3865 3865 3916 terrena

2154 3964 2328 4017 opera
2360 3947 2418 4001 in
2454 3963 2622 4016 agros
2642 3954 2838 4013 exeat;
2875 3949 3073 4004 nullus
3097 3949 3397 4020 quodlibet
3421 3950 3710 4015 negotium
3731 3968 3867 4021 age-

2153 4053 2212 4090 re
2271 4040 2596 4104 praesumat,
2659 4046 2948 4105 quatenus
3007 4041 3075 4093 ad
3127 4044 3341 4095 sanctae
3401 4039 3698 4110 genitricis
3757 4041 3866 4095 Dei

2151 4129 2456 4183 ecclesiam
2507 4131 2933 4197 convenientes,
2987 4131 3084 4202 qui
3140 4130 3311 4185 simul
3347 4147 3551 4186 omnes
3603 4130 3868 4200 peccavi-

2155 4233 2303 4281 mus,
2336 4218 2500 4271 simul
2535 4235 2738 4274 omnes
2774 4219 2923 4274 mala
2944 4237 3070 4290 quas
3103 4219 3342 4273 fecimus
3373 4219 3765 4289 deploremus,
3802 4224 3871 4274 ut

2152 4307 2447 4362 districtus
2499 4311 2681 4363 Judex
2743 4311 2883 4364 dum
2945 4309 3146 4380 culpas
3205 4313 3436 4364 nostras
3485 4326 3589 4364 nos
3622 4311 3869 4380 punisse

2151 4398 2502 4462 considerat,
2550 4399 2674 4468 ipse
2718 4415 2751 4453 a
2800 4399 3090 4453 sententia
3121 4399 3429 4469 propositae
3469 4397 3870 4455 damnationis

2154 4488 2371 4554 parcat.
2403 4487 2620 4550 iEasstat
2651 4487 2763 4540 haec
2792 4488 2964 4541 oratio
2993 4491 3110 4557 post
3140 4486 3380 4557 homil.).

328 4556 556 4650 gladius
594 4556 761 4647 usque
818 4575 888 4629 ad
944 4575 1190 4627 animam
1248 4573 1466 4641 (Jerem.
1520 4587 1595 4635 iv,
1642 4571 1749 4637 10).
1785 4573 1925 4623 Ecce
1955 4573 2040 4622 et-
2070 4556 2116 4620 D
2219 4575 2307 4626 4-2.
2347 4596 2367 4620 ι
2398 4573 2625 4627 Litania
2675 4556 3020 4629 clericorum
3070 4580 3233 4629 exeat
3282 4575 3354 4629 ab
3395 4573 3640 4629 ecclesia
3670 4573 3866 4628 sancti

333 4664 486 4720 enim
509 4669 720 4720 cuncta
743 4662 902 4734 plebs
927 4659 1175 4715 caelestis
1198 4660 1294 4713 ira:
1321 4673 1599 4712 mucrone
1628 4657 1963 4727 percutitur,
1985 4659 2041 4711 et

332 4753 633 4827 repentina
653 4750 871 4822 singuli
910 4750 1062 4804 caede
1094 4753 1430 4814 vastantur;
1479 4763 1582 4802 nec
1614 4745 1862 4816 languor
1892 4762 2040 4800 mor-

329 4852 446 4902 tem
478 4842 772 4917 praevenit,
801 4841 900 4896 sed
933 4838 1234 4910 languoris
1257 4855 1470 4905 moras,
1499 4847 1557 4892 ut
1590 4837 1846 4905 cernitis,
1884 4854 2038 4893 mors

327 4937 457 5008 ipsa
488 4931 814 5006 praecurrit.
848 4933 1162 4985 Percussus
1186 4930 1434 4999 quisque
1458 4933 1589 4982 ante
1622 4927 1848 4998 rapitur
1867 4942 2038 4997 quam

399 5137 477 5214 (_a)
507 5139 750 5214 Sanctus
779 5134 1087 5214 Gregorius
1110 5133 1287 5214 hujus
1311 5130 1560 5214 historia:
1593 5131 1875 5214 meminit,
1898 5135 2033 5214 _tum

321 5201 926 5287 in'honmil._.38.super_
956 5201 1204 5287 Evang,
1227 5213 1346 5286 tum
1379 5203 1506 5257 libr.
1553 5201 2033 5287 quarto_l)ialog.,

326 5293 452 5348 cap.
485 5279 576 5343 37,
603 5277 970 5332 dissimulata
995 5277 1380 5334 nihilominus
1406 5292 1513 5330 sua
1540 5277 1864 5345 praesentia,
1917 5291 2038 5330 mo-

325 5349 702 5427 destiae-forte
734 5349 941 5427 gratia.
1109 5425 1115 5427 _
1180 5423 1205 5427 Δ
1393 5417 1425 5427 η
1500 5417 1537 5427 η
1665 5416 1726 5427 ,,
1777 5417 1786 5425 ,
1977 5416 1986 5426 ,

361 5421 487 5506 .(b)‘
515 5419 717 5506 Utrum
745 5417 923 5506 frater
970 5425 1124 5474 esset
1169 5417 1449 5506 Gregorii,
1483 5417 1928 5486 disquisivimus
1973 5417 2030 5470 in

323 5492 587 5563 ejusdem
621 5494 771 5556 Vita,
806 5490 903 5544 lib.
939 5507 975 5551 ι,
1012 5507 1145 5545 cum
1183 5493 1233 5556 l,
1267 5509 1321 5546 n.
1365 5495 1415 5542 5.

364 5563 463 5645 _(c)
498 5562 659 5634 Reg.,
685 5562 871 5630 Colb.,
904 5562 1143 5627 Turon.,
1167 5562 1415 5628 Gemet.,
1446 5560 1618 5625 Utic.,
1657 5558 2034 5630 Bigot.,judi-

307 5651 469 5775 -cw(.d)
501 5706 556 5759 [ιι
595 5704 755 5770 Mss.,
791 5707 1057 5762 letaniam
1078 5720 1098 5764 ,ο
1130 5708 1186 5756 et
1216 5703 1298 5757 sic
1331 5719 1559 5773 semper
1589 5703 1884 5775 deinceps.
1917 5703 2028 5775 Ha-

323 5773 453 5834 rum
485 5776 816 5834 litaniarum
851 5787 908 5835 et
957 5775 1386 5851 processionum
1440 5775 1579 5829 ordo
1607 5773 1774 5830 aliter
1809 5774 2028 5830 descri-

2148 4661 2386 4717 Joannis
2410 4662 2709 4732 Baptistae;
2745 4663 2946 4718 litania
2977 4665 3230 4718 virorum
3281 4663 3354 4717 ab
3395 4662 3640 4718 ecclesia
3669 4662 3865 4717 sancti

2151 4752 2422 4820 martyris
2455 4751 2751 4818 Marcelli;
2801 4751 3003 4807 litania
3045 4751 3465 4806 monachorum
3514 4751 3583 4806 ab
3615 4749 3867 4806 ecclesia

2147 4844 2479 4894 sanctorum
2515 4849 2830 4911 martyrum
2859 4841 3104 4896 Joannis
3135 4846 3191 4896 et
3219 4841 3377 4896 Pauli
3405 4860 3419 4909 ;
3453 4840 3654 4895 litania
3684 4839 3869 4894 ancil-

2145 4927 2335 4982 larum
2369 4927 2469 4982 Dei
2503 4930 2573 4983 ab
2599 4929 2847 4985 ecclesia
2878 4929 3169 4986 beatorum
3195 4938 3513 5001 martyrum
3545 4929 3765 4984 Cosmaa
3800 4933 3861 4986 et

2146 5134 2303 5207 bitur
2332 5151 2364 5188 a
2410 5134 2685 5206 Gregorio
2732 5134 2975 5203 Turon.,
3023 5135 3124 5191 lib.
3158 5153 3212 5199 ι,
3245 5150 3372 5207 cap.
3427 5135 3477 5191 1.
3513 5135 3677 5191 Forte
3703 5151 3862 5202 sup-

2145 5205 2484 5275 plicationes
2533 5205 2644 5261 illae
2696 5223 2808 5260 non
2856 5207 3032 5261 semel
3084 5205 3500 5270 habitis—sunt,
3549 5212 3612 5260 ut
3659 5211 3865 5263 censet

2146 5281 2375 5345 Baron.,
2427 5277 2500 5331 ad
2547 5295 2682 5332 ann.
2736 5277 2862 5344 590,
2897 5295 2951 5331 n.
2993 5281 3074 5331 12.
3108 5278 3186 5332 De
3219 5279 3311 5331 his
3348 5279 3426 5331 ita
3459 5282 3656 5332 narrat
3691 5277 3863 5334 Paul.

2147 5347 2331 5412 Diac.,
2378 5349 2447 5402 de
2477 5349 2666 5403 Gestis
2712 5349 2994 5418 Langob.,
3049 5349 3146 5402 lib.
3213 5365 3311 5402 iii:
3369 5351 3431 5402 ιη.
3479 5352 3658 5417 primo
3689 5349 3866 5405 choro

2140 5421 2249 5486 fuit
2278 5422 2452 5472 omnis
2483 5421 2697 5485 clerus,-
2731 5419 2786 5472 ιη
2820 5421 3072 5484 secundo,
3099 5436 3285 5473 omnes
3315 5421 3533 5475 abbates
3580 5436 3706 5473 eum
3735 5437 3864 5474 mo-

2142 5489 2340 5542 nachis
2360 5490 2476 5545 suis
2495 5507 2515 5551 ;
2545 5494 2603 5544 in
2636 5493 2818 5554 tertio,
2851 5506 3034 5544 omnes
3063 5491 3355 5544 abbatissae
3385 5507 3509 5545 cum
3562 5507 3872 5560 congrega-

2140 5562 2384 5615 tionibus
2413 5562 2526 5614 suis
2547 5578 2566 5620 ;
2617 5565 2675 5614 in
2722 5567 2938 5632 quarto,
2974 5578 3154 5616 omnes
3202 5565 3441 5632 infantes
3463 5579 3483 5623 ;
3529 5566 3586 5616 in
3643 5566 3862 5632 quinto,

2138 5647 2326 5686 omnes
2357 5632 2522 5693 laici;
2547 5637 2603 5686 in
2627 5645 2796 5699 sexto,
2829 5633 3107 5691 universa?
3137 5635 3318 5692 viduae
3339 5652 3357 5693 :
3380 5635 3438 5689 in
3466 5635 3712 5704 septimo,
3737 5650 3861 5689 om-

2138 5719 2230 5759 nes
2263 5705 2522 5758 mulieres
2551 5705 2672 5774 conj
2678 5709 2880 5775 κρατῶ.
3098 5733 3101 5736 ·
