4088 6172
189 247 254 305 81
787 251 847 314 S.
897 255 1266 318 GREGORII
1315 257 1556 318 MAGNI
1607 258 1810 330 VITA,
1858 257 2086 321 AUCT.
2132 259 2437 320 JOANNE
2480 257 2842 320 DIACONO.
2894 258 3041 317 LIB.
3086 259 3134 317 Ι.
3631 256 3710 315 82

189 380 470 440 Damiani
497 407 511 454 ;
544 387 746 444 litania
772 391 1115 448 feminarum
1148 395 1592 466 conjugatarum
1615 395 1687 449 ab
1728 395 1900 450 eccle-
1930 398 1981 461 Α
2011 395 2068 448 in
2101 397 2366 450 Romanis
2410 394 2567 449 urbis
2597 393 2932 450 necessitate
2965 391 3308 460 concurrite,
3351 390 3488 461 quia
3535 389 3714 446 hosti-

189 469 276 525 sia
300 474 460 528 beati
487 478 658 546 primi
699 481 968 551 martyris
1009 483 1286 552 Stephani
1317 503 1331 551 ;
1364 484 1567 539 litania
1593 485 1897 539 viduarum

183 561 249 614 ab
281 563 540 620 ecclesia
560 568 833 640 martyris
861 570 1066 626 Vitalis
1098 591 1113 641 ;
1146 573 1348 630 litania
1378 589 1700 644 pauperum
1722 579 1779 630 et
1808 573 1899 629 in-

184 647 439 706 fantium
458 653 532 708 ab
552 655 800 712 ecclesia
821 658 997 715 beate
1023 661 1261 720 Cecilia
1281 664 1574 733 martyris.
1611 689 1638 715 »
1655 665 1895 736 (Gregor.

185 737 312 792 Tur.
349 740 452 795 lib.
489 761 519 797 ι
552 745 715 812 Hist.,
747 762 795 801 c.
832 750 910 815 1.)

249 829 342 882 43.
378 830 572 901 Igitur
601 835 742 890 dum
777 853 988 910 magna
1023 842 1338 898 multitudo
1369 844 1446 913 (a)
1477 845 1667 899 omnis
1687 845 1895 912 aetatis,

185 932 358 972 sexus
389 919 499 974 88
523 927 698 993 atque
726 927 1126 996 professionis,
1152 932 1320 1001 juxta
1339 934 1779 1004 praeceptionem
1813 935 1894 988 le-

182 1005 307 1059 vites
338 1010 628 1080 Gregorii,
659 1014 750 1068 die
795 1018 1132 1078 constituta.
1168 1019 1468 1075 Dominum
1502 1029 1769 1092 rogatura
1799 1039 1894 1078 ve-

185 1093 389 1162 nisset,
424 1097 486 1151 in
521 1104 750 1156 tantum
783 1102 910 1158 lues
932 1105 1059 1176 ipsa
1082 1108 1306 1178 judicio
1333 1110 1524 1166 divino
1553 1113 1805 1173 desaevit,
1833 1119 1896 1168 ut

182 1184 328 1238 intra
361 1188 544 1248 unius
576 1189 734 1245 horae
755 1195 1038 1263 spatium,
1061 1198 1201 1252 dum
1227 1215 1392 1254 voces
1421 1200 1580 1269 plebs
1603 1203 1673 1256 ad
1698 1202 1895 1258 Domi-

184 1289 317 1328 num
353 1276 812 1346 supplicationis
851 1285 1157 1352 emitteret,
1189 1289 1481 1359 octoginta
1520 1291 1788 1347 homines
1820 1294 1892 1347 ad

179 1366 393 1418 terram
428 1375 763 1425 corruentes
793 1374 1064 1442 spiritum
1124 1377 1478 1434 exhalarent.
1514 1380 1624 1435 Sed
1673 1398 1894 1452 nequa—

186 1466 356 1520 quam
377 1454 614 1512 destitit
637 1459 1095 1520 facundissimus
1110 1466 1305 1522 rhetor
1327 1469 1539 1540 populo
1559 1472 1894 1542 praedicare,

180 1557 246 1596 ne
275 1544 350 1597 ab
392 1548 663 1603 oratione
708 1559 1021 1621 cessarent,
1075 1557 1257 1612 donec
1292 1561 1659 1617 miseratione
1699 1563 1894 1618 divina

179 1631 354 1698 pestis
385 1633 519 1704 ipsa
552 1638 898 1707 quiesceret.

2011 485 2162 539 libus
2186 485 2394 554 gladiis
2418 485 2597 539 fornis
2629 486 2713 539 sie
2738 484 3066 539 cessatione
3088 481 3475 546 confodimur,
3513 482 3610 535 sed
3626 497 3714 536 se-

2008 574 2227 629 ditione
2249 574 2498 629 militum
2531 575 2755 629 interno
2798 571 3050 644 periculo
3081 571 3316 644 gravius
3349 585 3642 640 urgemur.
3682 592 3709 619 ι»

2007 662 2150 732 (Lib.
2187 681 2226 727 Ι,
2257 680 2339 735 ep.
2375 664 2451 734 3.)

2081 753 2167 807 46.
2205 753 2345 806 Item
2398 752 2711 821 Gregorius
2759 751 2968 807 Joanni
2999 751 3342 822 patriarcha
3374 747 3710 804 Constanti-

2009 839 2366 909 n0politano:
2396 860 2423 887 ‹‹
2440 840 2494 892 Si
2520 839 2818 894 cbaritatis
2843 839 3025 894 virtus
3047 838 3106 893 in
3127 837 3374 909 proximi
3406 835 3716 891 dilectione

2010 929 2298 994 consistit,
2327 929 2374 984 si
2407 929 2486 983 sic
2517 928 2757 998 diligere
2790 928 3086 999 proximos
3109 927 3261 982 sicut
3283 942 3386 981 nos
3413 925 3716 995 jubemur,

2009 1019 2148 1088 quid
2183 1023 2271 1072 est
2303 1020 2455 1088 quod
2491 1035 2580 1074 me
2628 1019 2922 1073 beatitudo
2954 1021 3143 1072 vestra
3175 1033 3288 1072 non
3332 1016 3412 1070 ita
3445 1018 3509 1069 ut
3538 1030 3596 1069 se
3625 1013 3717 1070 di-

2007 1106 2135 1176 ligit
2163 1107 2190 1159 ?
2221 1108 2341 1170 Quo
2364 1108 2518 1162 enim
2553 1109 2778 1172 ardore,
2811 1123 2926 1177 quo
2959 1106 3149 1161 studio
3180 1106 3546 1176 episcopatus
3568 1121 3713 1174 pon-

2007 1198 2144 1251 dera
2177 1197 2371 1266 fugere
2403 1197 2701 1252 volueritis
2731 1197 2871 1265 scio,
2899 1201 2954 1251 et
2986 1205 3178 1250 tamen
3210 1195 3334 1250 haec
3366 1196 3568 1251 eadem
3591 1193 3713 1264 epi-

2007 1293 2275 1357 scopatus
2308 1289 2561 1358 pondera
2583 1303 2653 1341 ne
2678 1287 2820 1341 mihi
2844 1287 3124 1342 deberent
3152 1286 3370 1357 imponi
3404 1301 3519 1340 non
3548 1284 3713 1340 resti-

2005 1378 2180 1432 tistis.
2214 1378 2455 1432 Constat
2497 1394 2628 1447 ergo
2661 1376 2796 1447 quia
2846 1393 2961 1431 non
2996 1394 3087 1432 me
3119 1378 3271 1434 sicut
3300 1393 3400 1434 vos
3447 1374 3712 1446 diligitis,

2005 1471 2140 1538 quia
2171 1467 2268 1522 ille
2295 1483 2386 1522 me
2419 1466 2686 1522 voluistis
2719 1467 2818 1521 39
2850 1483 3022 1522 onera
3061 1468 3356 1537 suscipere
3387 1483 3519 1538 qua
3550 1467 3712 1522 vobis

2004 1557 2225 1626 imponi
2259 1556 2550 1611 noluistis.
2605 1556 2716 1609 Sed
2767 1557 2902 1625 quia
2945 1560 3233 1611 vetustam
3288 1555 3505 1616 navim.
3537 1557 3714 1610 vehe-

2005 1651 2345 1715 menterque
2366 1646 2722 1699 confractam
2744 1645 3021 1716 indignus
3065 1660 3171 1716 ego
3205 1645 3594 1715 infirmusque
3615 1661 3711 1700 su-

248 1719 340 1817 “.
369 1720 706 1818 Enimvero.
732 1742 864 1783 cum
906 1729 1098 1787 adhuc
1125 1735 1356 1791 futurus
1387 1738 1632 1794 antistes
1665 1745 1888 1810 putaret
1918 1774 1963 1836 Β
1999 1734 2152 1806 scepi
2185 1751 2197 1800 ;
2235 1734 2492 1804 undique
2514 1732 2667 1788 enim
2699 1733 2908 1788 ﬂactus
2931 1734 3170 1799 intrant,
3203 1739 3260 1789 et
3289 1735 3624 1806 quotidiana
3645 1752 3710 1791 ac

176 1823 233 1861 se
255 1809 590 1900 principem
631 1831 661 1867 a
693 1831 979 1873 consensu
1017 1825 1474 1882 consecrationis
1503 1845 1621 1883 suae
1655 1809 1888 1900 penitus

180 1896 484 1965 avertisse,
535 1905 806 1972 cognovit
852 1909 1087 1963 tandem
1118 1929 1254 1968 suae
1285 1915 1510 1972 litteras
1541 1935 1574 1972 a
1602 1896 1890 1977 Germano

177 1987 450 2080 praefecto
481 1992 646 2047 urbis
696 1994 1048 2068 interceptas
1098 2002 1296 2059 fuisse.
1348 2007 1523 2076 Cujus
1576 2009 1655 2063 rei
1706 2011 1890 2080 gratia

178 2075 486 2146 imperiale
521 2096 895 2152 responsum,
947 2093 1100 2159 quod
1143 2075 1736 2154 videlicetivoluntati
1770 2117 1891 2156 suae

179 2169 539 2260 contrarium
560 2170 639 2240 (ὁ)
655 2173 910 2236 rebatur.
928 2182 1304 2250 praeveniens,
1331 2185 1469 2256 quia
1488 2188 1677 2258 palam
1692 2189 1889 2260 egredi

179 2261 374 2349 portas
416 2256 674 2315 civitatis
727 2279 842 2319 non
866 2271 1108 2335 poterat,
1150 2287 1183 2325 a
1222 2256 1679 2344 negotiatoribus
1709 2256 1892 2349 e'xpo-

183 2345 437 2402 nendum
476 2366 560 2409 se.
605 2353 1001 2423 dissimulato,
1035 2365 1099 2415 ut
1143 2362 1342 2431 fertur,
1376 2365 1598 2436 habitu,
1645 2345 1888 2426 callidus

182 2435 537 2508 impetravit,
567 2441 845 2501 silvarum
895 2449 1080 2506 saltus
1111 2454 1364 2522 expetiit.
1401 2471 1779 2515 cavernarum
1812 2460 1892 2516 la-

180 2524 364 2579 tibula
396 2530 728 2600 requisivit.
751 2536 814 2590 In
843 2538 1059 2606 quibus
1091 2542 1226 2597 dum
1261 2544 1331 2599 ab
1359 2547 1627 2603 omnibus
1657 2566 1893 2606 summa

183 2613 582 2709 sollicitudine
602 2631 979 2691 quereretur,
1003 2628 1075 2699 (ε)
1096 2629 1308 2687 indicio
1329 2633 1613 2691 columnae
1634 2637 1889 2709 fulgidae,

185 2717 349 2797 super
372 2722 441 2761 se
465 2707 740 2778 jugitera
789 2716 932 2771 coelo
962 2719 1366 2790 dependentis,
1401 2707 1759 2797 agnoscitur,
1793 2746 1889 2785 ca-

187 2792 357 2889 pitur,
387 2798 667 2889 trahitur,
699 2807 757 2858 et
789 2807 943 2876 apud
969 2808 1116 2864 beati
1147 2810 1295 2866 Petri
1325 2792 1718 2884 apostolorum
1744 2792 1894 2889 prin-

190 2881 331 2975 cipis
363 2888 654 2958 templum
684 2908 955 2952 summus
987 2901 1245 2969 pontifex
1284 2881 1780 2975 (LO—consecratur.

251 2971 338 3027 45.
377 2975 620 3067 Verum,
681 2984 821 3053 quia
880 2992 1016 3043 sunt
1063 2971 1352 3047 nonnulli:
1381 2995 1894 3067 Langobardorum

187 3059 250 3130 (θ)
270 3064 970 3144 perﬁdi,quiGregorium
1003 3059 1892 3157 appetissemagisvpontiﬁcium

183 3159 495 3247 autument
519 3173 704 3247 Aquam
754 3163 994 3233 fugisse,
1045 3185 1230 3239 opera:
1264 3175 1512 3240 pretium
1549 3192 1678 3232 reor
1713 3195 1893 3247 pauca

184 3237 245 3335 de
278 3240 490 3335 multis
514 3245 790 3317 inserere,
815 3254 1030 3323 quibus
1053 3237 1207 3317 eum.
1240 3237 1593 3329 inquantum
1618 3237 1743 3320 sine
1763 3283 1888 3335 per-

184 3326 408 3426 tinaciae
435 3333 580 3426 vitio
613 3339 816 3408 potuit,
851 3342 1104 3400 noluisse
1155 3349 1540 3420 pontificium,
1572 3353 1688 3409 imo
1721 3326 1888 3426 quasi

180 3419 406 3506 pondus
431 3420 805 3494 importahile
837 3433 1068 3501 penitus
1090 3451 1288 3492 cavere
1311 3419 1576 3506 voluisse,
1610 3419 1882 3501 luce-cla-

181 3505 295 3599 rius
327 3512 724 3571 manifestem.
761 3520 854 3574 Ait
883 3522 1036 3577 enim
1065 3541 1208 3595 pene
1241 3527 1297 3582 in
1340 3528 1466 3599 ipso
1498 3505 1886 3589 consecratio-

177 3595 256 3650 nis
299 3614 429 3654 sua
489 3602 795 3675 principio,
849 3611 905 3665 in
961 3616 1204 3682 epistola
1253 3595 1432 3674 Paulo
1481 3621 1881 3680 scholastice:

184 3706 208 3732 α
261 3688 562 3760 Quidquid
649 3697 793 3751 mihi
850 3715 920 3754 ex
995 3702 1214 3760 honore
1289 3710 1658 3766 sacerdotalis
1707 3713 1879 3768 officii

180 3777 436 3865 extranei
464 3781 743 3854 arrident,
781 3804 894 3843 non
925 3790 1092 3847 valde
1141 3811 1320 3865 penso
1355 3814 1366 3852 :
1401 3798 1471 3853 de
1501 3800 1661 3855 vobis
1685 3808 1878 3858 autem

177 3863 324 3962 mihi.
347 3866 457 3922 hac
487 3869 547 3924 in
577 3889 635 3927 re
664 3877 1070 3947 arridentibue,
1095 3863 1209 3939 non
1235 3886 1546 3942 minimum
1570 3889 1756 3957 doleo,
1781 3894 1877 3962 qui

172 3951 523 4048 desiderium
559 3977 749 4018 meum
792 3966 1132 4036 plenissime
1161 3973 1346 4041 scitis,
1379 3980 1432 4030 et
1455 3980 1648 4032 tamen
1683 3951 1876 4048 profe-

171 4039 312 4096 cisse
339 4060 446 4134 Ame
476 4049 730 4105 creditis.
766 4053 1046 4112 Summus
1077 4059 1232 4114 enim
1268 4039 1408 4117 mihi
1434 4039 1724 4134 profectus
1759 4068 1876 4124 fue-

170 4134 266 4192 rat,
301 4131 353 4186 si
385 4136 703 4203 potuissem
749 4141 990 4214 implere
1039 4150 1191 4218 quod
1222 4150 1398 4218 volui,
1434 4131 1489 4208 ei
1521 4154 1870 4212 voluntatem

166 4232 376 4315 meam,
430 4240 608 4294 quam
664 4228 887 4288 dudum
948 4238 1241 4307 cognitam
1300 4239 1546 4309 habetis,
1599 4245 1872 4315 perficere

1999 1825 2185 1879 valida
2217 1828 2554 1894 tempestate
2607 1829 2894 1893 quassata
2929 1824 3172 1894 putrida
3222 1824 3592 1896 naufragium
3624 1829 3711 1880 ta-

2002 1914 2152 1968 bulae
2185 1918 2418 1981 sonant,
2453 1929 2555 1983 per
2580 1912 3036 1983 omnipotentem
3063 1913 3374 1970 Dominum
3405 1931 3537 1984 rego
3560 1919 3623 1969 ut
3649 1915 3707 1969 in

2001 2003 2111 2058 hoc
2155 2002 2297 2057 mihi
2333 2002 2588 2073 periculo
2621 2002 2899 2057 orationis
2958 2008 3069 2058 tua:
3129 2019 3370 2059 manum
3428 2006 3706 2075 porrigas,

2003 2091 2141 2161 quia
2172 2095 2330 2146 tanto
2363 2091 2590 2146 enixius
2624 2091 2862 2163 potestis
2887 2107 3142 2161 exorare,
3171 2099 3388 2163 quanto
3420 2099 3479 2150 et
3509 2113 3542 2149 a
3567 2111 3712 2150 con-

2003 2181 2228 2237 fusione
2258 2180 2704 2238 tribulationum
2729 2198 2875 2253 quas
2895 2183 2952 2237 in
2987 2183 3092 2237 hac
3115 2191 3265 2239 terra
3295 2186 3552 2255 patimur
3592 2185 3708 2241 oris

2002 2273 2133 2343 gius
2165 2271 2349 2329 statis.
2392 2294 2420 2320 ››
2453 2273 2594 2342 (Lib.
2636 2288 2676 2337 1,
2716 2288 2801 2341 ep.
2845 2272 2922 2343 4.)

2072 2365 2158 2418 47.
2185 2366 2326 2420 Item
2352 2364 2667 2436 Gregorius
2713 2364 3060 2420 Theoctista
3107 2365 3291 2421 sorori
3328 2366 3706 2438 imperatior:

2005 2474 2033 2503 «
2074 2453 2238 2508 Mens
2300 2469 2429 2509 mea
2485 2458 2688 2509 vestra
2735 2454 3088 2510 venerationi
3138 2459 3358 2525 quanta
3404 2457 3705 2513 devotione

2003 2543 2395 2597 substernitur
2439 2543 2670 2614 explere
2701 2543 2892 2598 verbis
2933 2559 3154 2613 nequeo
3187 2560 3202 2611 ;
3236 2559 3341 2600 nec
3372 2550 3564 2601 tamen
3614 2563 3708 2604 me

2002 2633 2244 2703 prodere
2267 2633 2484 2693 laboro.
2521 2633 2658 2703 quia
2687 2637 2744 2687 et
2801 2649 2893 2687 me
2922 2636 3166 2698 tacente,
3200 2634 3258 2688 in
3305 2638 3492 2689 vestro
3536 2640 3706 2692 corde

2003 2721 2192 2792 legitis
2223 2722 2363 2792 quid
2394 2723 2463 2776 de
2487 2738 2614 2778 mea
2646 2721 2950 2778 devotione
2972 2721 3264 2777 sentiatis.
3314 2724 3484 2779 Miror
3513 2731 3706 2783 autem

2003 2813 2158 2882 quod
2192 2813 2251 2867 in
2287 2828 2380 2867 me
2428 2811 2665 2867 collatas
2707 2812 2931 2866 dudum
2966 2811 3357 2868 continentiae
3381 2818 3603 2872 vestras
3634 2832 3705 2872 ex

2007 2901 2114 2956 hac
2147 2902 2428 2957 moderns.
2474 2901 2783 2972 pastoralis
2821 2900 2998 2956 ofﬁcii
3043 2902 3406 2958 continentia
3443 2902 3708 2961 distraxi-

2008 2991 2136 3058 stis,
2171 2991 2228 3046 in
2263 3007 2378 3062 qua
2410 2992 2520 3046 sub
2542 2990 2733 3047 colore
2761 2991 3132 3062 episcopatus
3164 2993 3234 3047 ad
3265 2993 3542 3049 seculum
3579 3012 3708 3053 sum

2009 3081 2300 3147 reductus,
2337 3081 2395 3134 in
2430 3097 2544 3150 qua
2574 3079 2748 3135 tantis
2779 3086 2937 3136 terrae
2969 3081 3124 3135 curis
3165 3081 3440 3143 inservio,
3473 3087 3708 3154 quantis

2009 3186 2096 3224 me
2125 3170 2185 3224 in
2215 3171 2334 3225 vita
2363 3171 2512 3224 laica
2556 3186 2923 3240 nequaquam
2969 3169 3291 3225 deservisse
3338 3173 3702 3231 reminiscor.

2000 3258 2071 3329 (g)
2094 3258 2225 3314 Alta
2241 3260 2398 3314 enim
2422 3258 2634 3329 quietis
2659 3275 2798 3313 meae
2820 3261 3033 3329 gaudia
3048 3260 3292 3329 perdidi,
3320 3264 3375 3314 et
3395 3259 3556 3316 intus
3578 3278 3703 3318 cor-

2000 3364 2197 3415 ruens,
2231 3349 2563 3405 ascendisse
2608 3349 2860 3404 exterius
2891 3349 3108 3416 videor,
3161 3350 3314 3404 unde
3350 3366 3441 3405 me
3486 3368 3518 3405 a
3549 3352 3702 3407 Con-~

1997 3437 2198 3492 ditoris
2243 3439 2354 3493 mei
2415 3438 2557 3493 facie
2587 3437 2756 3508 longe
2805 3436 3112 3508 expulsum
3145 3437 3400 3508 deploro.
3438 3438 3704 3496 Conabar

1996 3544 2249 3598 namque
2280 3527 2540 3598 quotidie
2560 3531 2722 3582 extra
2753 3528 3064 3593 mundum,
3095 3531 3254 3581 extra
3285 3543 3518 3584 carnem
3552 3529 3699 3599 fieri,

1993 3627 2196 3673 cuncta
2219 3619 2627 3688 phantasmata
2649 3617 2730 3689 (ἡ)
2757 3620 3016 3689 corporis
3038 3617 3107 3672 ab
3129 3617 3312 3672 oculis
3338 3619 3546 3674 mentis
3578 3620 3700 3676 abi-

1992 3724 2144 3778 gere,
2178 3713 2234 3764 et
2267 3726 2521 3781 superna
2551 3709 2763 3779 gaudia
2801 3707 3241 3778 incorporaliter
3273 3709 3482 3776 videre,
3502 3714 3557 3766 et
3580 3728 3697 3768 non

1989 3799 2174 3852 solum
2205 3799 2466 3864 vocibus,
2516 3799 2615 3853 sed
2661 3798 2797 3854 totis
2846 3796 3120 3852 medullis
3159 3799 3349 3853 cordis
3381 3799 3445 3867 (ι’)
3487 3800 3558 3855 ad
3596 3799 3698 3855 Dei

1989 3886 2236 3956 speciem
2281 3887 2585 3954 anhelans,
2632 3887 2896 3942 dicebam
2941 3902 2952 3939 :
3003 3887 3118 3941 Tibi
3165 3887 3309 3941 dixit
3347 3904 3441 3942 cor
3469 3905 3697 3944 meum:

1988 3976 2231 4043 Quaesivi
2257 3977 2472 4030 vultum
2509 3981 2686 4041 tuum,
2725 3975 2942 4029 vultum
2974 3982 3151 4042 tuum,
3203 3976 3449 4042 Domine,
3499 3979 3696 4048 requi-

1983 4081 2103 4119 ram
2128 4066 2296 4132 (Psal.
2329 4081 2482 4133 xxvx,
2514 4065 2590 4135 8).
2627 4063 2779 4120 Nihil
2815 4067 3003 4119 autem
3038 4063 3095 4118 in
3125 4063 3235 4120 hoc
3266 4067 3486 4120 mundo
3509 4083 3690 4137 appe-

1982 4157 2132 4221 tens,
2171 4154 2315 4210 nihil
2358 4154 2797 4225 pertimescens,
2847 4152 3085 4208 videbar
3133 4152 3274 4208 mihi
3324 4153 3383 4208 in
3434 4155 3686 4225 quodam

1981 4262 2176 4301 rerum
2203 4246 2413 4300 vertice
2443 4249 2620 4310 stare,
2651 4244 2732 4299 ita
2758 4248 2821 4298 ut
2852 4244 2912 4298 in
2944 4259 3035 4298 me
3063 4259 3210 4314 pene
3230 4243 3536 4314 impletum
3557 4261 3683 4301 creo

164 4312 369 4406 optate
405 4315 620 4406 quietis
651 4323 1018 4392 perceptione
1055 4325 1386 4383 valuissem.
1431 4336 1502 4384 At
1531 4312 1666 4402 quia
1687 4334 1868 4390 hono-
1981 4334 2174 4390 derem
2203 4336 2378 4405 quod,
2415 4333 2719 4405 pollicente
2745 4331 3013 4397 Domino,
3041 4312 3109 4388 ex
3141 4312 3415 4403 propheta
3446 4333 3684 4390 didicis-

160 4404 422 4494 ris-nunc
467 4404 645 4475 hujus
693 4410 941 4468 vinculis
985 4415 1042 4470 in
1075 4417 1306 4474 civitate
1357 4425 1556 4476 teneor
1605 4423 1865 4480 Romana
1978 4439 2130 4478 sem:
2158 4404 2454 4478 smmum
2485 4427 2534 4476 te
2579 4438 2742 4492 super
2778 4420 3098 4476 altitudines
3132 4429 3295 4477 terra":
3329 4422 3489 4490 (Isai.
3524 4439 3688 4494 Lvm,

160 4487 462 4585 religatus,
508 4494 694 4553 habeo
742 4501 968 4572 aliquid
1015 4508 1169 4576 quod
1222 4509 1395 4565 etiam
1445 4517 1641 4567 ve~trm
1672 4515 1866 4585 gloriae
1899 4510 1944 4574 D
1978 4514 2089 4582 14).
2123 4518 2304 4584 Super
2327 4487 2662 4567 altitudines
2683 4512 2895 4566 etenim
2924 4516 3087 4565 terra
3121 4487 3469 4579 sustollitur,
3503 4514 3601 4583 qui
3626 4487 3684 4568 et

158 4579 462 4673 exsultem,
500 4585 640 4654 quia
668 4587 790 4644 viro
824 4594 889 4658 (Ι)
926 4595 1416 4655 excellentissimo
1437 4600 1652 4656 domno
1673 4579 1866 4659 Leone
1976 4579 2104 4673 ipsa
2134 4579 2257 4672 quas
2300 4601 2419 4656 alta
2450 4608 2507 4655 et
2537 4600 2792 4672 gloriosa
2825 4599 3130 4671 praesentis
3163 4599 3430 4656 videntur
3459 4579 3682 4668 sas—culi,

160 4670 472 4762 exconsule
505 4675 791 4747 veniente,
823 4696 921 4737 vos
960 4683 1019 4738 in
1065 4685 1260 4743 Sicilia
1292 4705 1588 4746 remanere
1623 4708 1737 4747 non
1765 4710 1863 4749 su-
1974 4670 2075 4762 per
2097 4670 2311 4747 mentis
2359 4670 2693 4762 despectum
2745 4670 2944 4745 calcat.
2979 4689 3087 4745 Sed
3120 4693 3356 4761 repente
3397 4706 3429 4744 a
3477 4706 3675 4746 rerum

162 4756 356 4852 spicor
390 4778 406 4826 ;
466 4766 527 4852 et
579 4779 713 4820 cum
746 4767 871 4839 ipse
918 4786 1151 4843 quoque
1191 4782 1287 4831 tuo
1319 4775 1535 4834 honore
1582 4779 1864 4852 religatus
1973 4756 2184 4837 vertice
2206 4756 2547 4837 tentationis
2566 4756 3320 4850 hujusturbineimpul'sus,
3345 4779 3416 4834 ad
3435 4778 3674 4835 timores

160 4841 355 4942 801ml?
408 4850 645 4908 retineri
675 4858 942 4942 caperis,
993 4862 1094 4932 qui
1163 4866 1449 4935 mmroris,
1500 4868 1601 4939 qui
1650 4841 1863 4926 amari-
1973 4887 2325 4942 pavoresque
2357 4870 2568 4938 corrui,
2620 4870 2754 4941 quia
2804 4873 2861 4925 et
2890 4869 2938 4925 si
2980 4869 3126 4924 mihi
3169 4869 3312 4924 nihil
3362 4868 3557 4935 timeo,
3589 4869 3673 4923 eis

155 4932 385 5029 tudinis
423 4951 534 5029 ego
579 4941 786 5010 patiar,
829 4960 1126 5016 agnosces.
1176 4932 1453 5009 Veniente
1501 4932 1690 5010 autem
1741 4958 1862 5014 viro
1972 4932 2166 5014 tamen
2197 4932 2298 5029 qui
2330 4932 2786 5014 mihicommissi
2813 4964 2950 5012 sunt
2972 4957 3221 5012 multum
3253 4954 3520 5011 formido.
3548 4952 3666 5009 Un-

153 5025 463 5094 magnifico
489 5027 707 5086 domno
748 5033 1070 5095 Maurentio
1119 5039 1502 5112 Chartulario,
1546 5046 1617 5116 ei,
1643 5063 1860 5118 quaeso,
1970 5049 2146 5119 dique
2176 5025 2487 5104 causarum
2518 5047 2791 5103 ﬂuctibus
2826 5047 3074 5118 quatior,
3115 5059 3182 5100 ac
3207 5042 3671 5113 tempestatibus

218 5214 562 5310 fellat-idea.-
575 5219 966 5310 liegqNorm”
982 5230 1432 5289 scilicetGemet.
1445 5234 1634 5303 ,Utic.,
1651 5236 1831 5310 Bigot.
1844 5276 1858 5302 ,

149 5296 452 5343 communi:
483 5296 693 5350 etatis.

185 5433 199 5442 _
224 5359 298 5431 (ὁ)
334 5361 516 5416 Iidem
549 5363 756 5437 Codd.,
796 5370 1092 5438 ferebatur.
1129 5375 1311 5445 Colb.,
1346 5380 1686 5449 querebatur.
1719 5381 1855 5451 Alii,

148 5434 452 5486 videbatur.

314 5474 745 5592 [injusindicii
792 5517 1143 5592 mentionem
1203 5519 1336 5574 facit
1366 5522 1626 5592 Gregor.,
1679 5522 1778 5579 lib.
1812 5540 1852 5585 ι.

150 5579 438 5659 ερξςξεέρ,
476 5583 530 5632 et
559 5579 618 5659 in
643 5581 746 5659 lib.
781 5584 918 5659 olim
947 5587 1002 5655 6,
1035 5590 1202 5659 epist.
1239 5593 1290 5658 4,
1328 5579 1567 5650 nuncu7.

214 5649 470 5738 (idlEjus
485 5652 788 5738 ordinatio
811 5655 870 5712 in
893 5649 1106 5717 tabulis
1123 5649 1329 5720 eccles.
1344 5649 1852 5738 assignaturtertio

148 5731 325 5778 nonas
360 5723 752 5794 Septembris.

2041 5236 2120 5309 (a),
2141 5237 2284 5293 Utic.
2320 5242 2375 5294 et
2407 5237 2590 5306 Colb.,
2619 5238 2886 5309 perﬁdiae,
2937 5250 3111 5309 quam
3144 5233 3449 5309 lectionem
3472 5239 3668 5307 sequi-

1967 5311 2064 5381 tur
2096 5308 2381 5366 Gussanv.
2414 5311 2478 5364 In
2509 5306 2732 5364 caeteris
2758 5315 2947 5363 tamen
2971 5307 3113 5381 Mss.
3145 5313 3201 5361 et
3225 5306 3424 5372 Editis,
3445 5306 3663 5381 perﬁdi.

2038 5379 2103 5451 (f)
2135 5381 2317 5447 Colb.,
2369 5381 2504 5450 Reg.
2536 5390 2589 5435 et
2638 5381 2856 5451 Norm.,
2883 5379 3094 5450 quibus
3135 5380 3506 5437 consentiunt
3530 5379 3660 5438 Bol-

1963 5449 2121 5505 land.
2155 5458 2210 5506 et
2232 5452 2428 5516 Gilot.,
2459 5449 2913 5506 eminentissimo.

2055 5524 2110 5592 g)
2133 5525 2426 5594 Aindegav.
2461 5527 2516 5576 et
2547 5522 2753 5591 Bigot.,
2784 5523 2978 5578 altera.
3014 5522 3177 5594 Reg.,
3207 5525 3444 5580 interna.

2055 5596 2107 5662 lt)
2146 5593 2290 5647 Utic.
2304 5635 2317 5661 ,
2362 5609 2668 5657 corporum.

2030 5663 2097 5735 (ἰ)
2131 5664 2303 5740 Utic.,
2337 5665 2405 5720 ad
2426 5665 2782 5736 Deifaciem;
2815 5668 2969 5739 quod
2999 5668 3169 5724 etiam
3195 5667 3254 5724 in
3276 5667 3414 5724 Mss.
3448 5668 3666 5740 episto-

1960 5735 2147 5793 larum
2190 5735 2420 5808 legitur.
