4088 6172
340 254 442 315 83Δ
927 250 991 310 S.
1039 247 1405 313 GREGORII
1452 245 1698 309 MAGNI
1745 243 1950 318 VlTA,
1999 242 2224 306 AUCT.
2271 243 2572 304 JOANNE
2617 243 2975 306 DIACONO.
3027 246 3167 308 LIB.
3213 249 3258 308 l.
3436 294 3444 300 ι
3773 252 3853 313 84

337 392 654 462 deprimor,
688 391 770 445 ita
802 394 864 445 ut
910 395 1063 445 recte
1113 391 1300 444 dicam
1358 402 1371 441 :

335 483 526 546 maris,
581 487 632 534 et
687 484 973 550 tempestas
1030 476 1286 534 demersit
1368 490 1454 528 me
1503 473 1673 544 (Psal.
1733 486 1923 534 LXVIII,
1969 468 2041 537 3).

339 569 540 624 Redire
571 571 704 639 post
732 584 942 623 causas
966 567 1035 622 ad
1068 583 1166 621 cor
1207 564 1471 620 desidero
1508 577 1520 626 ;
1555 562 1652 616 sed
1686 559 1852 614 vanis
1885 557 1955 612 ab
1979 572 2046 612 eo

338 659 757 729 cogitationum
807 657 1162 713 tumultibus
1193 654 1485 720 exclusus,
1519 650 1706 705 redire
1738 665 1851 703 non
1909 663 2046 718 pos-

339 765 489 804 sum.
525 750 593 804 Et
622 749 731 804 hoc
757 763 896 818 ergo
929 745 1071 801 mihi
1101 746 1275 816 longe
1307 744 1523 798 factum
1555 744 1663 809 est,
1696 738 1853 810 quod
1891 738 2048 791 intra

342 854 435 893 me
465 842 570 906 est,
602 838 682 893 ita
705 841 768 893 ut
789 838 1019 893 obedire
1041 850 1328 906 nequeam
1353 830 1696 903 prophetica
1748 827 1892 894 voci,
1935 842 2048 896 qua

342 927 554 983 dicitur
599 927 850 994 :Redite,
900 927 1375 998 pravaericatores,
1435 921 1502 976 ad
1544 937 1636 975 cor
1683 920 1831 989 (Isai.
1891 933 2042 981 x1.v1,

341 1017 418 1086 8).
476 1017 610 1083 Sed,
655 1016 845 1071 stultis
876 1031 1111 1086 pressus
1151 1011 1623 1084 cogitationibus,
1673 1007 2044 1064 solummodo

343 1105 668 1160 exclamare
724 1105 1041 1174 compellor
1099 1119 1114 1157 :
1194 1105 1297 1158 Cor
1363 1118 1547 1158 meum
1622 1099 1919 1170 dereliquit
1963 1115 2055 1156 me

338 1194 515 1263 (Psal.
547 1211 738 1263 xxxrx,
793 1193 899 1264 13).
951 1191 1423 1262 Contemplativm
1471 1192 1597 1247 vitae
1662 1187 2047 1258 pulchritudi-

341 1284 538 1338 dinem
563 1284 722 1338 velut
753 1283 1060 1338 Rachelem
1095 1282 1266 1338 dilexi
1319 1280 1594 1347 sterilem,
1628 1280 1729 1335 sed
1755 1278 2046 1334 videntem

341 1390 406 1428 ac
428 1373 733 1444 pulchram
768 1392 783 1444 ;
809 1388 977 1443 quam
1001 1375 1108 1428 etsi
1139 1391 1237 1443 per
1259 1372 1512 1442 quietem
1550 1387 1718 1427 suam
1744 1371 1936 1425 minus
1959 1387 2054 1442 ge-

341 1469 525 1530 nerat,
559 1464 748 1518 lucem
779 1467 978 1518 tamen
1000 1462 1278 1518 subtilius
1308 1462 1482 1517 videt.
1517 1463 1624 1517 Sed
1660 1479 1772 1533 quo
1796 1464 2044 1534 judicio,

340 1553 557 1622 nescio,
590 1554 690 1608 Lia
719 1553 855 1608 mihi
887 1553 947 1608 in
977 1556 1142 1608 nocte
1188 1553 1500 1622 conjuncta
1542 1556 1647 1616 est,
1682 1552 1860 1608 activa
1891 1555 2048 1609 vide-

1429 386 1557 441 l’eni
1588 388 1642 436 in
1686 380 2040 437 altitudinem
2077 380 2124 444 Α
2156 378 2269 449 ipse
2314 382 2384 433 sit
2431 388 2614 449 potens
2664 381 2797 447 (Job.
2853 398 3042 450 xxxvx,
3090 383 3166 452 5).
3219 384 3284 436 Et
3335 398 3436 452 per
3488 383 3857 438 Salomonem

2157 468 2369 523 dicitur
2393 487 2405 524 ;
2432 471 2496 523 Et
2520 470 2838 538 intelligens
2873 471 3246 541 gubernacula
3293 472 3792 544 possidebit(Prov.
3815 488 3857 540 1,

2154 559 2230 625 5).
2262 559 2371 614 Sed
2406 560 2546 614 mihi
2583 560 2701 616 hac
2757 562 3018 618 difﬁcilia
3061 567 3218 628 sunt,
3255 563 3392 634 quia
3440 571 3494 618 et
3522 565 3686 619 valde
3717 580 3860 619 one-

2156 664 2290 703 rosa
2320 668 2334 716 ;
2368 654 2424 703 et
2455 650 2608 719 quod
2643 665 2808 705 mens
2840 651 3162 708 voluntarie
3194 669 3309 708 non
3340 653 3568 724 recipit,
3601 669 3860 725 congrue

2157 753 2272 792 non
2295 739 2570 808 disponit.
2610 743 2748 794 Ecce
2779 741 3194 798 serenissimus
3225 742 3510 798 Dominus
3539 743 3864 814 imperator

2159 828 2280 883 ﬁeri
2312 830 2541 885 simiam
2577 831 2801 886 leonem
2828 832 3022 902 jussit.
3057 832 3124 887 Et
3153 834 3390 904 quidem
3438 851 3540 904 pro
3593 834 3862 904 jussione

2158 918 2313 974 illius
2347 920 2532 975 vocari
2561 919 2648 975 leo
2697 925 2904 993 potest,
2958 923 3082 978 ﬁeri
3130 928 3327 979 autem
3362 924 3449 981 leo
3497 941 3612 980 non
3647 929 3860 996 potest.

2158 1011 2320 1064 Unde
2345 1024 2580 1065 necesse
2628 1014 2716 1066 est
2760 1015 2824 1066 ut
2871 1028 3074 1068 omnes
3112 1014 3310 1084 culpas
3359 1030 3425 1069 ac
3474 1014 3862 1086 negligentiae

2159 1115 2320 1154 meas
2359 1115 2474 1154 non
2509 1099 2670 1165 mihi,
2699 1101 2796 1155 sed
2831 1117 2948 1156 suae
2976 1102 3172 1173 pietati
3211 1103 3469 1173 deputet,
3501 1103 3602 1174 qui
3630 1104 3865 1160 virtutis

2160 1188 2551 1244 ministerium
2583 1188 2816 1245 inﬁrmo
2835 1191 3152 1249 commisit.
3174 1211 3201 1243 ιι
3243 1193 3383 1263 (Lib.
3417 1209 3456 1263 1,
3487 1209 3569 1264 ep.
3600 1193 3680 1264 5).

2229 1279 2317 1332 48.
2341 1277 2412 1349 lc)
2459 1278 2602 1333 item
2635 1279 2947 1350 Gregorius
2991 1283 3182 1336 Narsm
3213 1283 3456 1352 patricio
3485 1299 3497 1337 :
3554 1303 3581 1335 ι
3612 1284 3760 1338 Dum
3787 1284 3865 1356 (d)

2160 1366 2667 1437 contemplationis
2690 1367 3056 1425 dulcedinem
3088 1370 3201 1426 alte
3230 1372 3638 1443 descripsistis,
3682 1374 3864 1428 ruinas

2160 1475 2296 1514 meae
2324 1458 2461 1512 mihi
2485 1457 2769 1528 gemitum
2797 1460 3135 1527 renovastis,
3161 1461 3296 1531 quia
3330 1462 3521 1516 audivi
3543 1462 3680 1532 quid
3703 1461 3866 1516 intus

2159 1547 2404 1618 perdidi,
2449 1548 2589 1602 dum
2622 1549 2758 1604 foris
2798 1550 2869 1604 ad
2922 1548 3151 1604 culmen
3194 1550 3496 1621 regiminis
3536 1551 3866 1607 immeritus

341 1642 470 1698 licet
513 1644 629 1698 vita
659 1644 922 1712 fecunda,
957 1644 1055 1699 sed
1091 1643 1269 1714 lippa,
1304 1643 1498 1698 minus
1525 1643 1747 1708 videns,
1783 1643 2047 1714 quamvis
2079 1707 2117 1714 _
2157 1636 2412 1693 ascendi-
2441 1637 2624 1692 Τεληῑο
2654 1641 2848 1694 autem
2881 1655 2973 1693 me
3004 1654 3343 1709 percussum
3378 1655 3619 1696 maerore
3649 1657 3870 1712 cogno-

344 1733 596 1804 amplius
632 1737 884 1805 pariens.
920 1734 1128 1788 Sedere
1150 1734 1219 1787 ad
1254 1734 1430 1805 pedes
1445 1733 1671 1788 Domini
1704 1750 1836 1788 cum
1871 1735 2049 1789 Maria
2079 1707 2124 1772 Β
2155 1726 2320 1793 scite,
2346 1729 2409 1781 ut
2427 1726 2520 1780 vix
2541 1725 2698 1798 loqui
2727 1727 3013 1782 sufﬁciam
3046 1728 3281 1795 ;oculos
3305 1728 3459 1784 enim
3486 1729 3698 1785 mentis
3725 1745 3866 1785 mets

344 1824 630 1893 festinavi,
678 1825 858 1878 verba
916 1823 1034 1877 oris
1086 1825 1210 1892 ejus
1268 1823 1556 1895 percipere
1609 1827 1714 1879 :et
1761 1840 1890 1880 ecce
1917 1840 2046 1879 cum

346 1913 576 1968 Martha
606 1913 926 1983 compellor
957 1912 1014 1966 in
1065 1913 1445 1968 interioribus
1490 1913 1839 1980 ministrare,
1873 1919 2051 1984 atque

347 2018 482 2074 erga
515 2003 702 2058 multa
748 2007 1026 2074 satagere.
1071 2002 1324 2072 Expulsa
1363 2020 1395 2058 a
1436 2019 1548 2071 me,
1581 2006 1647 2057 ut
1695 2002 1934 2072 credidi,
1969 2003 2049 2058 le-

347 2093 518 2162 gione
583 2093 938 2159 damonum,
971 2090 1128 2146 volui
1191 2091 1445 2147 oblivisci
1497 2108 1644 2163 quos
1693 2092 1846 2160 novi,
1879 2097 1935 2146 et
1980 2092 2050 2146 ad

348 2181 659 2237 Salvatoris
682 2184 856 2253 pedes
882 2183 1207 2252 quiescere;
1238 2186 1294 2236 et
1322 2197 1453 2237 ecce
1476 2181 1618 2236 mihi
1641 2181 1854 2237 nolenti
1877 2186 2055 2252 atque

343 2272 643 2343 compulso
675 2272 892 2327 dicitur
929 2290 942 2327 :
978 2275 1258 2328 Revertere
1296 2274 1356 2328 in
1407 2274 1509 2327 40
1537 2272 1757 2328 domum
1796 2281 1968 2342 tuam,
1999 2281 2054 2328 et

341 2364 618 2418 annuntia
647 2369 860 2433 quanta
915 2363 1023 2418 tibi
1057 2365 1248 2432 fecerit
1301 2364 1564 2417 Dominus
1600 2363 1786 2432 (Marc.
1834 2379 1893 2430 ν,
1941 2363 2048 2434 19).

342 2453 447 2506 Sed
473 2453 606 2522 quis
631 2451 777 2508 inter
808 2457 891 2509 tot
923 2457 1183 2508 terrenas
1213 2469 1383 2508 curas
1422 2452 1609 2508 valeat
1639 2452 1739 2508 Dei
1773 2452 2055 2508 miracula

346 2541 680 2609 pradicare,
713 2557 845 2595 cum
883 2541 1008 2610 jam
1055 2542 1198 2595 mihi
1246 2542 1478 2596 difﬁcile
1521 2543 1598 2596 sit
1647 2541 1854 2597 saltem
1889 2557 2051 2596 reco-

348 2631 465 2683 lere
493 2630 521 2683 ‘2
551 2629 791 2684 Pressus
815 2646 1064 2701 namque
1095 2631 1183 2699 (a)
1214 2632 1272 2685 in
1294 2630 1402 2686 hoc
1425 2631 1643 2686 honore
1664 2630 1920 2685 tumultu
1945 2647 2052 2684 saa-

347 2720 636 2774 cularium
667 2721 1050 2788 negotiorum,
1103 2737 1170 2775 ex
1199 2721 1282 2775 eis
1329 2737 1419 2775 me
1464 2737 1584 2776 esse
1631 2722 1792 2776 video
1823 2722 1894 2776 de
1926 2721 2057 2792 qui-

348 2809 459 2862 bus
509 2810 791 2879 scriptum
841 2815 931 2864 est
971 2827 984 2864 :
1034 2809 1288 2879 Dejecisti
1343 2825 1452 2879 eos,
1493 2812 1629 2864 dum
1684 2810 2058 2864 allevarentur

348 2898 515 2966 (Psal.
554 2914 724 2965 LXXII,
778 2898 883 2966 18).
937 2898 1134 2967 Neque
1180 2898 1332 2952 enim
1381 2899 1525 2952 dixit
1577 2915 1590 2953 :
1651 2899 1911 2968 dejecisti
1955 2914 2056 2955 eos

347 2991 657 3057 postquam
690 2986 917 3042 allevati
970 2992 1129 3055 sunt,
1162 2987 1257 3041 sed
1295 2989 1433 3040 dum
1479 2987 1882 3054 allevarentur,
1919 2989 2056 3059 quia

2161 1816 2374 1872 doloris
2401 1816 2648 1871 tenebrae
2688 1817 2974 1884 obsident,
3019 1817 3178 1872 triste
3209 1823 3298 1872 est
3328 1817 3612 1890 quidquid
3654 1819 3867 1888 aSpici-

2161 1911 2253 1962 tur
2281 1923 2296 1972 ;
2333 1904 2619 1976 quidquid
2651 1905 2990 1960 delectabile
3012 1907 3286 1975 creditur,
3313 1908 3473 1963 cordi
3498 1925 3623 1963 meo
3647 1907 3866 1962 lamen-

2160 1997 2337 2053 tabile
2385 2001 2645 2068 apparet.
2693 1997 2876 2052 Penso
2941 1998 3118 2064 enim,
3182 1998 3252 2053 ab
3299 1997 3412 2054 alto
3459 1997 3672 2068 quietis
3721 2012 3864 2051 meas

2161 2086 2415 2142 culmine
2443 2101 2741 2155 corruens,
2776 2088 2848 2142 ad
2870 2102 3050 2157 quam
3081 2087 3366 2155 dejectum
3397 2086 3700 2142 extorioris
3733 2102 3860 2156 pro-

2160 2181 2359 2232 vectus
2390 2177 2620 2232 culmen
2653 2176 2913 2246 ascendi,
2945 2184 2998 2231 et
3028 2192 3131 2247 pro
3154 2174 3340 2247 culpis
3369 2176 3512 2232 meis
3533 2176 3593 2231 in
3617 2191 3863 2246 occupa-

2163 2266 2338 2322 tionis
2370 2265 2636 2321 exsilium
2667 2282 2701 2321 a
2723 2265 2868 2320 facie
2912 2265 3266 2321 dominantis
3317 2265 3558 2334 missus,
3592 2265 3664 2336 (e)
3695 2265 3866 2337 quasi

2163 2357 2466 2411 destructas
2505 2355 2722 2411 Judasae
2753 2354 2990 2411 vocibus
3021 2370 3156 2409 cum
3189 2355 3469 2425 propheta
3523 2353 3652 2411 dico
3685 2370 3699 2409 :
3735 2355 3872 2417 Qui-

2161 2447 2546 2502 consolabatur
2575 2463 2679 2514 me,
2731 2446 2897 2518 longe
2947 2447 3165 2502 recessit
3220 2462 3254 2500 a
3281 2462 3367 2502 me
3419 2447 3641 2515 (Τὴν-ενι.
3685 2447 3869 2514 1,16).

2162 2535 2323 2597 Quod
2356 2551 2509 2601 vero,
2542 2552 2728 2591 cauete
2754 2542 2812 2590 et
2843 2534 3097 2590 nominis
3126 2534 3571 2591 similitudinem
3604 2535 3870 2591 faciendo

2164 2642 2266 2696 per
2285 2625 2668 2695 Scripturam,
2683 2624 2972 2680 clausulas
2995 2624 3563 2696 declamationesque
3585 2627 3869 2692 formatis,

2163 2720 2336 2783 certe,
2372 2715 2544 2770 frater
2575 2715 2938 2782 charissime,
2971 2714 3200 2770 simiam
3226 2715 3449 2770 leonem
3481 2729 3674 2771 vocas.
3705 2715 3872 2779 Quod

2164 2823 2229 2862 eo
2264 2807 2436 2862 modo
2466 2822 2567 2861 vos
2597 2823 2765 2878 agere
2805 2805 3212 2876 conspicimus,
3244 2823 3359 2878 quo
3390 2805 3685 2862 scabiosos
3716 2821 3869 2877 saepe

2164 2897 2407 2964 catulos,
2438 2897 2671 2968 pardos,
2719 2897 2804 2954 vel
2847 2897 3022 2968 tigres
3053 2913 3346 2953 vocamus.
3373 2897 3488 2969 Ego
3509 2898 3690 2964 enim,
3719 2897 3868 2953 bone

2169 2986 2277 3052 vir,
2333 2985 2497 3056 quasi
2542 2986 2691 3041 ﬁlios
2761 2986 3009 3057 perdidi,
3047 2986 3183 3058 quia
3231 3003 3330 3057 per
3389 2991 3650 3042 terrenas
3707 3002 3874 3043 curas

346 3078 504 3144 pravi
539 3076 755 3146 quique
789 3077 952 3144 dum,
984 3077 1062 3146 (b)
1095 3076 1381 3145 temporali
1415 3077 1631 3133 honore
1653 3078 2052 3144 suﬁ‘ulli,foris
2085 3089 2126 3154 ί]
2167 3080 2322 3131 recta
2366 3091 2540 3145 opera
2583 3076 2772 3131 amisi.
2841 3075 3021 3132 Nolite
3078 3092 3214 3148 ergo
3280 3091 3367 3132 me
3433 3091 3625 3132 vocare
3681 3077 3874 3133 Noemi

344 3165 618 3219 videntur
669 3181 922 3234 surgere,
976 3166 1138 3222 intus
1187 3167 1422 3221 cadunt.
1455 3166 1734 3223 Allevatio
1766 3185 1899 3238 ergo
1931 3168 2060 3240 ipsa

341 3254 514 3308 ruina
544 3258 649 3322 est,
685 3255 826 3326 quia
857 3256 996 3310 dum
1022 3256 1207 3326 gloria
1242 3255 1389 3311 falsa
1411 3256 1647 3312 subnixi
1671 3263 1829 3324 sunt,
1864 3275 1897 3313 a
1927 3276 2060 3315 vera

341 3344 523 3413 gloria
554 3351 896 3399 vacuantur.
946 3345 1090 3401 illnc
1149 3345 1358 3400 iterum
1411 3346 1628 3402 dicitur
1678 3362 1692 3401 :
1738 3347 2060 3417 Deﬁcienles

342 3437 405 3486 ut
432 3434 617 3502 lamus
647 3433 897 3502 deﬁcient
947 3435 1122 3505 (Psal.
1168 3452 1358 3500 xxxvr,
1400 3436 1513 3504 20).
1560 3437 1779 3492 Fumus
1845 3440 2058 3508 quippe

347 3522 718 3578 ascendendo
775 3523 993 3590 deﬁcit,
1020 3529 1076 3578 et
1111 3541 1241 3579 sese
1273 3525 1573 3580 dilatando
1618 3529 1933 3582 evanescit.
1965 3528 2060 3582 Sic

351 3611 619 3667 videlicet
652 3614 733 3674 ﬁt,
768 3630 901 3669 cum
949 3614 1267 3685 peccatoris
1302 3615 1481 3670 vitam
1518 3633 1770 3685 praesens
1815 3617 2060 3673 felicitas

358 3702 690 3771 comitatur,
725 3703 864 3775 quia
913 3704 1065 3759 unde
1097 3704 1417 3761 ostenditur
1475 3711 1539 3761 ut
1580 3707 1733 3763 altus
1780 3707 1877 3776 sit,
1926 3706 2060 3762 inde

359 3791 551 3863 agitur
577 3796 640 3847 ut
687 3809 801 3848 non
854 3792 947 3849 sit.
999 3795 1142 3849 Hinc
1183 3812 1417 3851 rursum
1461 3796 1744 3866 scriptum
1787 3804 1893 3864 est,
1923 3798 2061 3852 Deus

350 3899 522 3950 meus,
570 3899 707 3954 pone
746 3885 870 3940 illos
909 3891 971 3938 ut
1010 3890 1192 3940 rotam
1248 3888 1421 3957 (Psal.
1490 3904 1698 3955 Lxxxn,
1764 3889 1872 3958 14).
1915 3893 2061 3943 Rota

353 3975 568 4046 quippe
606 3991 673 4029 ex
705 3976 1008 4046 posteriori
1042 3982 1202 4046 parte
1233 3977 1538 4047 attollitur,
1579 3987 1631 4034 et
1662 3979 1720 4033 in
1757 3978 2060 4034 anteriori-

351 4065 463 4119 bus
486 4065 660 4119 cadit.
696 4065 1020 4121 Posteriora
1047 4071 1241 4121 autem
1269 4067 1437 4123 nobis
1461 4073 1599 4122 sunt
1629 4069 1782 4123 bona
1814 4085 2061 4138 praesen-

345 4155 424 4208 tis
474 4155 678 4209 mundi
714 4172 840 4226 quas
876 4157 1268 4226 relinquimus
1313 4175 1326 4222 ;
1384 4158 1666 4212 anteriora
1735 4174 1864 4213 vero
1920 4165 2060 4216 sunt

354 4247 569 4296 aeterna
598 4250 649 4296 et
683 4246 1104 4313 permanentia,
1164 4248 1232 4300 ad
1269 4264 1397 4316 qum
1429 4263 1721 4316 vocamur,
1769 4248 1945 4303 Paulo
1982 4253 2061 4304 at-

352 4336 623 4398 testante,
675 4334 770 4402 qui
840 4335 919 4388 ait
945 4352 954 4388 :
984 4336 1116 4400 Qum
1147 4341 1292 4389 retro
1322 4342 1450 4391 sunt
1497 4337 1716 4404 oblitus,
1746 4341 1805 4392 in
1849 4355 1911 4394 ea
1941 4357 2061 4411 quae

349 4426 476 4475 sunt
505 4425 694 4490 priora
727 4423 1024 4478 extendens
1056 4442 1141 4478 me
1197 4426 1425 4497 (Philip.
1481 4445 1566 4494 ιιι,
1625 4430 1732 4500 13).
1792 4430 2062 4487 Peccalor

355 4527 489 4581 ergo
523 4527 654 4566 cum
687 4511 743 4566 in
780 4516 1047 4582 praesenti
1074 4514 1185 4570 vita
1210 4517 1534 4587 profecerit,
1567 4524 1630 4573 ut
1659 4525 1784 4574 rota
1808 4522 2059 4594 ponitur,

356 4602 491 4671 quia
521 4600 578 4655 in
601 4603 993 4660 anterioribus
1037 4622 1337 4674 corruens,
1390 4625 1456 4663 ex
1503 4610 1916 4678 posterioribus
1947 4612 2064 4668 ele-

352 4694 537 4747 vatur.
570 4692 717 4748 Nam
768 4710 902 4749 cum
945 4695 1002 4749 in
1036 4695 1143 4751 hac
1194 4697 1310 4752 vita
1342 4697 1584 4767 gloriam
1613 4701 1856 4772 percipit
1888 4719 2062 4772 quam

356 4781 613 4852 reliquit,
647 4783 717 4837 ab
749 4783 844 4838 illa
894 4784 1043 4839 cadit
1088 4802 1215 4857 quas
1263 4792 1391 4858 post
1432 4788 1583 4844 hanc
1624 4792 1796 4846 venit.
1839 4793 1906 4846 Et
1937 4794 2062 4864 qui-

355 4873 485 4927 dem
519 4871 691 4927 multi
735 4876 874 4928 sunt
916 4873 1016 4944 qui
1066 4876 1147 4929 sic
1178 4877 1487 4932 exteriores
1520 4885 1825 4950 provectus
1864 4897 2060 4952 regere

353 4961 562 5028 sciunt,
611 4965 673 5018 ut
733 4979 832 5034 per
888 4979 985 5019 eos
1042 4979 1412 5036 nequaquam
1461 4966 1711 5024 interius
1761 4976 2055 5027 corruant.

356 5051 520 5106 Unde
551 5053 836 5124 scriptum
877 5060 963 5109 est
995 5071 1007 5108 :
1044 5054 1182 5110 Deus
1203 5061 1456 5125 potentes
1488 5073 1594 5113 non
1625 5060 1832 5129 abjicil,
1865 5077 1988 5115 cum
2009 5064 2060 5116 et

427 5234 742 5311 (a).,_(_lolb.
777 5241 958 5309 Bigot.
985 5245 1041 5296 et
1071 5242 1316 5311 Gemet.,
1352 5245 1406 5297 in
1430 5245 1526 5301 hoc
1555 5261 1740 5302 onere.

437 5306 514 5374 (b)
546 5307 659 5370 AL,
680 5306 965 5366 smculari.

415 5379 498 5456 (c)
532 5377 590 5461 lin
643 5380 997 5461 _Mss._l_\lorm.
1060 5391 1176 5443 tam
1213 5388 1606 5458 epistolarum,
1649 5407 1818 5461 quam
1850 5393 2059 5452 Joann.

364 5448 517 5531 D_ia‘c.
547 5449 752 5531 legitur
784 5454 991 5531 ζνανέιὶξ,
1024 5475 1133 5511 non
1159 5448 1344 5524 Narsi,
1381 5470 1442 5515 ut
1464 5464 1521 5516 in
1551 5448 1726 5518 Edilis
1752 5471 1807 5518 et
1841 5466 1894 5518 in

354 5520 655 5608 stliti‘nd‘eg.
680 5521 826 5608 ρος.
881 5520 1068 5608 Doce“
1093 5520 1423 5599 Simocatta,
1459 5536 1557 5590 lib.
1614 5556 1662 5607 ν,
1698 5555 1824 5608 cap.
1857 5538 1889 5591 3
1920 5520 2057 5598 etii.

423 5590 740 5680 (ClllgBlgoio;
763 5599 1191 5680 G‘emet:,_lleg.,
1227 5621 1291 5659 ac
1320 5590 1587 5663 nonnulli
1617 5590 2059 5679 ltlssﬁjco’nteni;

354 5664 622 5735 plationis
651 5667 763 5720 alta
784 5664 1206 5728 describitisf...
1242 5683 1534 5734 renovatis.

427 5734 945 5808 (e)Corruptissime
972 5742 1114 5798 Edit.
1135 5745 1309 5802 Vatic.
1330 5753 1385 5802 et
1400 5750 1594 5818 Guss.,
1614 5756 1771 5824 quasi
1790 5755 2062 5813 destituta!

2167 3166 2349 3234 (Ruth.
2384 3181 2424 3235 1,
2454 3166 2563 3235 20),
2596 3165 2668 3236 (Ι)
2699 3166 2755 3219 id
2807 3169 2897 3220 est
2928 3165 3253 3236 pulchram,
3306 3168 3401 3221 41
3452 3164 3547 3222 sed
3580 3173 3762 3221 vocate
3790 3180 3878 3220 me

2167 3252 2366 3322 Maria,
2441 3255 2573 3324 quia
2631 3254 3008 3309 amaritudine
3067 3254 3262 3325 plenus
3317 3271 3459 3310 sum.
3525 3273 3553 3306 ι
3629 3253 3773 3324 (Lib.
3833 3271 3873 3323 1,

2169 3359 2251 3414 ep.
2280 3344 2358 3414 6).

2239 3434 2326 3489 49.
2364 3434 2502 3489 ltem
2526 3435 2838 3505 Gregorius
2867 3435 3169 3491 Anastasio
3200 3434 3282 3507 (g)
3317 3434 3648 3504 patriarcha
3680 3433 3881 3489 Antio-

2169 3524 2408 3580 cheno:
2468 3547 2495 3574 α
2557 3525 2783 3596 Scripta
2837 3531 3038 3582 vestrm
3116 3525 3514 3592 beatitudinis,
3565 3529 3632 3580 ut
3687 3524 3878 3580 fessus

2169 3616 2452 3686 requiem,
2532 3616 2781 3671 salutem
2822 3633 2988 3688 aeger,
3038 3618 3255 3672 fontem
3326 3617 3553 3685 sitiens,
3605 3615 3875 3671 umbram

2171 3711 2424 3760 mstuans
2441 3705 2522 3777 (h)
2539 3707 2751 3762 inveni.
2772 3706 2972 3777 Neque
2997 3706 3149 3762 enim
3175 3707 3279 3762 illa
3292 3708 3466 3762 verba
3482 3721 3583 3777 per
3609 3705 3874 3775 linguam

2169 3795 2359 3850 carnis
2389 3795 2735 3850 videbantur
2764 3812 3057 3868 expressa,
3091 3795 3229 3866 quia
3264 3795 3349 3851 sic
3382 3793 3705 3866 spiritalem
3737 3809 3878 3864 erga

2172 3900 2264 3940 me
2295 3901 2549 3941 amorem
2580 3903 2752 3941 suum
2782 3901 2955 3957 quem
2979 3885 3235 3956 gestabat
3265 3884 3509 3956 aperuit,
3535 3900 3602 3939 ac
3633 3883 3681 3939 si
3707 3899 3876 3940 mens

2172 3992 2272 4045 per
2311 3975 2679 4045 semetipsum
2726 3975 3082 4046 loqueretur.
3130 3975 3238 4028 Sed
3279 3975 3492 4029 durum
3549 3972 3714 4028 valde
3763 3970 3875 4027 fuit

2169 4065 2317 4134 quod
2391 4070 2654 4120 secutum
2705 4070 2814 4132 est,
2879 4065 3013 4135 quia
3053 4080 3209 4120 amor
3253 4068 3442 4119 vester
3491 4067 3721 4118 terrena
3783 4077 3878 4119 me

2172 4162 2398 4223 portare
2429 4170 2605 4211 onera
2633 4155 2922 4226 praecepit,
2957 4158 3012 4210 et
3060 4170 3233 4226 quem
3279 4154 3440 4226 prius
3491 4151 3882 4224 spiritualiter

2172 4243 2520 4314 diligebatis,
2554 4249 2684 4316 post
2737 4253 2798 4300 ut
2845 4245 3090 4313 aestimo,
3149 4243 3542 4314 temporaliter
3589 4246 3879 4311 amantes,

2171 4349 2354 4404 usque
2377 4334 2448 4389 ad
2475 4340 2687 4391 terram
2714 4352 2823 4402 me,
2861 4335 3228 4406 superposito
3265 4350 3460 4401 onere,
3485 4331 3875 4405 depressistis,

2173 4424 2251 4477 ita
2285 4430 2347 4478 ut
2371 4441 2599 4480 omnem
2632 4425 2842 4480 mentis
2875 4425 3280 4480 rectitudinem
3317 4423 3574 4478 funditus
3607 4422 3880 4494 perdens,

2177 4514 2803 4587 contemplationisque
2825 4516 3005 4570 aciem
3041 4515 3337 4582 amittens,
3366 4529 3478 4570 non
3512 4529 3615 4584 per
3636 4511 3882 4584 prophe-

2174 4605 2269 4661 tiae
2299 4607 2588 4678 spiritum,
2640 4610 2736 4662 sed
2770 4623 2868 4678 per
2915 4606 3377 4678 experimentum
3410 4603 3598 4659 dicam
3639 4620 3653 4658 ε
3689 4604 3880 4658 Incur-

2175 4700 2330 4751 valus
2357 4714 2498 4766 sum,
2521 4701 2567 4752 el
2586 4697 2912 4753 humiliatus
2949 4712 3069 4752 sum
3095 4694 3662 4767 usquequaque(Psal.
3686 4709 3879 4763 cxvm,

2178 4789 2529 4857 107).Tanta
2574 4788 2788 4860 quippe
2839 4803 2930 4842 me
2963 4785 3413 4858 occupationum
3450 4801 3628 4841 onera
3675 4783 3882 4854 depri-

2178 4883 2367 4946 munt,
2417 4882 2481 4934 ut
2524 4879 2596 4934 ad
2635 4895 2888 4949 superna
2927 4878 3164 4934 animus
3213 4875 3550 4933 nullatenus
3593 4873 3872 4945 erigatur.

2175 4967 2375 5024 Multis
2407 4984 2712 5025 causarum
2731 4967 3004 5024 ﬂuctibus
3026 4965 3255 5038 quatior
3277 4983 3298 5028 ,ο
3320 4970 3377 5022 et
3398 4973 3525 5037 post
3545 4963 3643 5020 illa
3665 4963 3882 5036 quietis

2177 5061 2312 5126 otia,
2343 5060 2709 5116 tumultuosa:
2740 5059 2869 5115 vita:
2908 5057 3361 5130 tempestatibus
3405 5056 3651 5128 affligor,
3703 5054 3782 5110 ita
3813 5057 3882 5110 ut

2173 5255 2374 5311 viduae.

2242 5327 2311 5396 (/)
2361 5326 2562 5389 Iidem,
2614 5323 2671 5377 id
2737 5326 2845 5392 est,
2894 5321 3216 5396 pulchrum,
3281 5318 3700 5396 reluctantibus
3749 5315 3883 5374 aliis

2172 5388 2432 5460 Ex‘cusis,
2461 5402 2516 5451 et
2549 5388 2714 5457 Mss,
2738 5388 2861 5448 tum
2884 5388 3095 5448 Joann.
3121 5392 3300 5460 Diac.,
3325 5396 3449 5446 tum
3473 5388 3877 5462 epistolarum.

2244 5472 2324 5540 (9)
2357 5459 2595 5535 Turon.,
2645 5465 3080 5537 Expatriarchae.
3117 5464 3196 5519 De
3240 5478 3305 5518 eo
3347 5459 3588 5534 saepe'in
3619 5459 3883 5531 epistolis

2172 5558 2420 5595 CﬂlmUS.

2205 5557 2497 5683 gllgugdit.
2531 5609 2716 5683 Vatic.
2750 5613 2806 5683 et
2856 5608 3160 5683 Gussanv.,
3201 5607 3402 5679 accepi.
3431 5609 3498 5683 Et
3521 5605 3691 5683 paulo
3723 5608 3880 5683 post,

2168 5677 2459 5755 specialem
2495 5699 2597 5754 pro
2627 5681 3265 5755 spiritualeinamorem,
3298 5677 3453 5751 quod
3476 5678 3747 5735 exhibent
3777 5677 3877 5733 alii

2169 5753 2397 5825 Excusi,
2430 5753 2923 5812 consentientibus
2955 5753 3096 5811 Mss.
3313 5765 3320 5773 '
