4088 6172
201 256 280 314 85
777 259 840 317 S.
889 256 1260 318 GREGORII
1307 256 1560 318 MAGNI
1606 256 1811 326 VlTA,
1860 254 2084 316 AUCT.
2134 253 2445 314 JOANNE
2488 249 2852 313 DIACONO.
2902 250 3050 312 LIB.
3098 254 3149 312 Ι.
3645 251 3725 311 86
3783 231 3794 280 ’δ

196 397 353 449 recte
383 395 606 450 dicam:
638 396 767 450 Veni
815 397 875 450 in
907 396 1259 451 altitudinem
1295 395 1492 462 maris,
1525 399 1576 450 et
1625 401 1908 464 tempestas
1937 399 1988 461 Α
2018 395 2180 462 tergo
2229 394 2543 462 tempestas
2605 366 2972 461 insequitur:
3046 388 3311 459 interque
3353 387 3479 443 haec
3525 386 3723 442 omnia

192 485 459 539 demersit
497 502 582 541 me
611 486 780 554 (Psal.
829 503 1022 551 vam,
1054 487 1130 559 3).
1168 485 1519 542 Periclitanti
1553 485 1733 556 igitur
1763 484 1906 539 mihi

191 574 480 629 orationis
503 582 703 631 vestras
730 593 971 631 manum
996 576 1216 631 tendite
1247 593 1370 642 vos,
1395 575 1491 641 qui
1524 576 1581 630 in
1627 576 1905 629 virtutum

189 644 384 714 littore
415 660 610 715 statis.
643 661 805 724 Quod
839 677 968 716 vero
1002 677 1090 717 me
1122 678 1186 717 os
1218 661 1471 726 Domini,
1513 661 1664 731 quod
1714 660 1908 715 lucer-

188 763 325 801 nam
374 748 601 815 dicitis,
644 749 801 820 quod
847 749 1137 822 loquendo
1190 750 1390 805 multis
1434 750 1729 822 prodesse,
1761 748 1907 803 mul-

189 836 376 906 tisque
414 853 591 907 posse
621 836 814 894 lucere
869 839 1209 909 perhibetis,
1262 840 1708 895 aestimationem
1761 839 1906 893 mihi

190 940 380 980 meam
425 927 612 982 fateor
659 927 719 983 in
752 928 1106 985 dubietatem
1160 931 1470 985 maximam
1524 929 1904 1001 perduxistis.

189 1014 508 1072 Considera
541 1035 798 1088 namque
831 1019 930 1090 qui
963 1038 1111 1085 sum,
1144 1025 1200 1075 et
1235 1020 1378 1075 nihil
1415 1021 1472 1075 in
1507 1037 1597 1076 me
1627 1038 1692 1075 ex
1725 1021 1904 1090 hujus

191 1105 323 1159 boni
354 1107 528 1176 signo
562 1109 952 1178 deprehendo.
989 1110 1298 1165 Considero
1352 1117 1542 1166 autem
1579 1111 1677 1181 qui
1743 1113 1900 1181 estis,

191 1201 241 1248 et
270 1212 371 1250 vos
405 1197 644 1252 mentiri
671 1215 844 1269 posse
879 1217 990 1254 non
1023 1201 1290 1256 arbitror.
1323 1202 1461 1257 Cum
1509 1218 1645 1272 ergo
1676 1205 1903 1257 credere

188 1284 314 1339 volo
348 1288 507 1356 quod
542 1289 760 1356 dicitis,
808 1290 1149 1344 contradicit
1199 1290 1336 1344 mihi
1381 1291 1694 1346 infirmitas
1737 1309 1898 1359 mea;

186 1378 408 1443 (a)cum
437 1378 742 1448 disputare
765 1379 890 1434 volo
923 1381 1072 1450 quod
1092 1381 1148 1436 in
1170 1382 1341 1436 laude
1365 1397 1492 1436 mea
1514 1382 1900 1452 dicitur,con-

185 1465 423 1520 tradicit
458 1467 604 1522 mihi
633 1469 916 1523 sanctitas
946 1475 1154 1525 vestra.
1189 1471 1635 1543 Sed,quasso,vir
1663 1479 1897 1544 sanctas,

189 1552 357 1608 nobis
380 1552 608 1626 aliquid
641 1556 712 1611 de
744 1555 848 1611 hoc
881 1558 1192 1614 certamine
1223 1565 1420 1616 nostro
1469 1563 1792 1630 conveniat,
1837 1569 1902 1620 ut

189 1647 242 1696 et
270 1642 319 1696 si
347 1659 468 1699 non
518 1646 668 1714 quod
703 1646 898 1701 dicitis
935 1648 1015 1702 ita
1039 1652 1147 1718 est,
1197 1649 1276 1704 sit
1317 1650 1398 1705 ita
1437 1651 1575 1722 quia
1618 1651 1832 1708 dicitis.
1871 1674 1899 1703 »

187 1734 332 1799 (Lib.
369 1749 411 1802 ι,
445 1751 532 1805 ep.
564 1737 646 1807 7.)

253 1824 348 1878 50.
387 1826 536 1879 Item
572 1824 882 1895 Gregorius
912 1829 1155 1884 Andreae
1185 1828 1439 1886 illustri:
1468 1831 1900 1905 «Omnipotens

189 1912 346 1968 Deus
378 1912 727 1970 dulcissimo
759 1916 920 1971 cordi
952 1923 1136 1973 vestro
1169 1920 1388 1976 indicet
1417 1922 1555 1992 quia
1602 1928 1656 1977 et
1691 1923 1903 1978 absens

188 2019 458 2072 corpore,
494 2021 528 2058 a
558 2003 842 2061 charitnte
873 2011 1065 2062 vestra
1097 2009 1290 2065 animo
1318 2028 1434 2067 non
1489 2011 1722 2069 recessi.
1746 2013 1905 2069 Bona

189 2093 346 2148 enim
387 2098 607 2162 vestra,
652 2097 828 2150 etiam
864 2098 914 2152 si
949 2100 1096 2164 volo,
1130 2101 1386 2156 oblivisci
1423 2119 1536 2158 non
1579 2105 1758 2159 valeo.
1785 2104 1902 2159 Hoc

187 2188 384 2238 autem
421 2186 574 2254 quod
609 2201 702 2241 me
734 2187 803 2241 ad
836 2189 1209 2260 episcopatus
1255 2192 1514 2247 ordinem
1554 2194 1902 2262 cognoscitis

186 2274 546 2344 pervenisse,
580 2276 627 2331 si
681 2292 774 2331 me
821 2278 1088 2348 diligitis,
1114 2281 1391 2353 plangite,
1417 2282 1555 2353 quia
1598 2289 1774 2338 tanta:
1806 2284 1902 2341 hic

186 2361 364 2432 hujus
397 2365 1038 2438 mundioccupationes
1078 2375 1232 2438 sunt,
1269 2375 1330 2425 ut
1380 2387 1480 2441 per
1527 2373 1899 2445 episcOpatus

187 2453 451 2508 ordinem
483 2470 628 2524 pene
657 2456 727 2510 ab
762 2472 958 2512 amore
983 2458 1076 2513 Dei
1121 2475 1211 2514 me
1241 2459 1472 2516 videam
1504 2477 1631 2517 esse
1664 2478 1901 2534 separa-

186 2546 326 2608 tum,
353 2545 512 2613 quod
544 2544 906 2601 incessanter
951 2546 1158 2615 deﬂeo,
1190 2553 1366 2621 atque
1415 2555 1478 2605 ut
1509 2568 1611 2622 pro
1645 2569 1737 2608 me
1787 2552 1896 2609 Do-

191 2632 420 2688 minum
459 2635 727 2702 exoretis,
765 2651 921 2708 rogo.
959 2658 987 2686 »
1021 2637 1164 2708 (Lib.
1199 2656 1237 2706 ι,
1270 2656 1353 2711 ep.
1387 2641 1503 2713 30.)

254 2723 525 2779 51.1tem
559 2725 866 2797 Gregorius
911 2727 1119 2784 Joanni
1163 2733 1461 2788 exconsuli
1515 2737 1573 2788 et
1622 2733 1900 2805 quaestori

192 2818 352 2882 atque
387 2815 673 2885 patricio:
711 2839 738 2867 ι(
775 2816 933 2874 Bona
965 2824 1166 2874 vestrae
1199 2821 1556 2878 excellentiae
1606 2830 1897 2894 expertus,

189 2908 345 2957 tanto
379 2920 522 2975 erga
553 2922 650 2961 vos
685 2923 879 2964 amore
910 2909 1298 2983 constringor,
1335 2917 1399 2967 ut
1443 2918 1638 2970 vestra
1670 2932 1903 2972 memo-

190 2992 264 3047 ria
299 2994 372 3049 de
403 3010 536 3050 meo
597 3001 828 3067 pectore
883 2999 1098 3054 aboleri
1161 3001 1500 3058 nullatenus
1548 3006 1755 3076 possit.
1788 3010 1895 3064 Sed

187 3079 384 3129 contra
418 3091 678 3131 amorem
708 3077 784 3150 (ὁ)
820 3095 932 3134 non
966 3079 1190 3136 modice
1222 3085 1551 3150 contristor,
1586 3087 1723 3156 quia
1746 3089 1901 3159 quie-

1931 1776 1978 1841 B

2019 482 2308 549 turbatus,
2341 497 2514 553 cogor
2545 481 2715 536 modo
2746 481 2804 534 in
2840 481 2913 547 (ά)
2943 480 3128 550 ipsam
3158 477 3381 532 clavum
3408 477 3720 531 adversita-

2016 576 2133 626 tem
2166 572 2436 642 dirigere,
2470 572 2640 625 modo
2672 575 2906 626 curvato
2939 570 3101 624 navis
3148 568 3350 635 latere,
3377 567 3564 622 minus
3615 566 3714 620 ﬂu-

2016 668 2216 718 ctuum
2247 678 2314 717 ex
2344 661 2578 731 obliquo
2601 660 2910 715 declinare.
2945 660 3289 730 Ingemisco,
3344 658 3479 729 quia
3536 656 3721 712 sentio

2018 751 2192 820 quod,
2247 750 2571 821 negligenle
2634 764 2746 816 me,
2790 749 2994 804 crescit
3035 749 3266 803 sentina
3303 747 3604 812 vitiorum,
3667 749 3724 801 et

2015 845 2358 912 tempestate
2407 841 2632 896 fortiter
2697 841 2985 908 obviante,
3057 841 3423 911 jamjamque
3473 839 3721 910 putridis

2016 932 2388 1002 naufragium
2436 932 2646 986 tabula:
2687 936 2916 986 sonant.
2953 930 3118 986 Flens
3179 930 3526 985 reminiscor
3565 929 3722 1001 quod

2015 1019 2241 1088 perdidi
2275 1036 2409 1074 meae
2460 1019 2751 1090 placidum
2804 1020 2965 1072 littus
3005 1017 3236 1088 quietis,
3267 1023 3324 1073 et
3367 1019 3720 1088 suspiranda

2013 1113 2222 1164 terram
2258 1111 2573 1180 conspicio,
2608 1127 2785 1181 quam
2819 1116 3012 1164 tamen
3056 1125 3246 1164 rerum
3287 1109 3473 1164 ventis
3523 1111 3721 1164 adver-

2013 1203 2275 1255 santibus
2305 1207 2499 1255 tenere
2534 1218 2646 1256 non
2679 1218 2933 1271 possum.
2966 1201 3021 1254 Si
3063 1216 3198 1271 ergo
3247 1216 3358 1268 me,
3386 1201 3558 1255 frater
3588 1199 3722 1254 cha-

2013 1291 2264 1356 rissime,
2307 1293 2524 1363 diligis,
2559 1298 2670 1346 tute
2705 1291 2844 1346 mihi
2895 1291 3171 1346 orationis
3208 1290 3266 1344 in
3301 1290 3392 1344 his
3445 1289 3719 1345 ﬂuctibus

2013 1397 2254 1436 manum
2302 1381 2492 1451 tende,
2530 1389 2590 1435 ut
2638 1398 2750 1452 quo
2810 1381 3169 1436 laborantem
3221 1396 3310 1434 me
3359 1380 3620 1450 adjuvas,
3652 1396 3721 1436 ex

2011 1471 2140 1542 ipsa
2167 1472 2289 1527 vice
2320 1472 2605 1526 mercedis
2625 1472 2683 1526 in
2709 1473 2826 1527 tuis
2860 1489 3093 1543 quoque
3119 1471 3414 1526 laboribus
3439 1471 3722 1527 valentior

2023 1559 2261 1616 existas.
2297 1582 2324 1610 ››
2357 1562 2500 1632 (Lib.
2533 1579 2574 1630 ι,
2605 1577 2687 1632 ep.
2717 1562 2832 1629 31.)

2080 1649 2169 1704 53.
2213 1651 2321 1706 Sed
2356 1652 2492 1722 quia
2537 1651 2874 1722 Gregorium
2908 1667 3021 1706 non
3053 1650 3244 1707 solum
3281 1651 3574 1707 declinare
3621 1667 3717 1706 vo-

2013 1739 2213 1805 luisse,
2236 1741 2373 1810 quin
2397 1741 2564 1796 etiam
2589 1757 2721 1795 cum
2747 1757 2954 1812 magno
2973 1757 3187 1813 angore
3210 1740 3390 1795 animi
3415 1755 3719 1796 summum

2013 1831 2406 1885 sacerdotium
2431 1830 2756 1901 suscepisse
2788 1831 2951 1900 satis,
2972 1834 3037 1885 ut
3055 1830 3591 1900 Opinor,probatum
3611 1833 3720 1900 est,

2014 1935 2129 1991 qua
2167 1919 2507 1976 discretione
2549 1920 2605 1974 id
2657 1920 2872 1988 fecerit,
2908 1920 3131 1975 videtur
3161 1920 3408 1976 breviter
3454 1920 3723 1976 indican-

2014 2009 2173 2076 dum,
2211 2027 2281 2065 ne
2312 2011 2534 2065 scilicet
2565 2015 2761 2065 tantus
2791 2010 3008 2076 vir,aut
3040 2009 3392 2080 pertinaciae,
3417 2015 3518 2065 aut
3546 2009 3722 2080 pusil-

2012 2097 2354 2154 lanimitatis
2387 2100 2524 2154 vitio
2556 2100 2761 2155 saltem
2806 2099 3006 2154 leviter
3045 2098 3426 2155 succubuisse
3465 2104 3715 2170 putetur.

2080 2188 2172 2243 54.
2205 2189 2298 2244 Ait
2324 2191 2479 2244 enim
2512 2189 2570 2244 in
2605 2189 2850 2261 epistola
2872 2188 3264 2258 Anastasio(e)
3285 2189 3717 2244 Corinthiorum

2011 2277 2314 2351 episcopo:
2349 2301 2376 2328 «
2409 2280 2640 2335 Judicia
2680 2279 2778 2333 Dei
2827 2286 3042 2350 quanto
3074 2283 3212 2333 sunt
3263 2277 3718 2350 investigabilia,

2011 2371 2173 2425 tanta
2197 2369 2542 2424 debentesse
2568 2368 2841 2424 humanis
2862 2368 3131 2424 sensibus
3148 2368 3455 2424 metuenda
3477 2375 3566 2422 :ul
3583 2368 3720 2438 quia

2011 2472 2077 2510 ea
2109 2457 2252 2512 ratio
2277 2459 2541 2514 mortalis
2571 2459 3059 2529 comprehendere
3091 2474 3207 2513 non
3233 2457 3400 2524 valet,
3429 2458 3518 2512 his
3540 2473 3600 2512 se
3625 2473 3718 2512 ne-

2010 2561 2171 2602 cesse
2192 2553 2281 2602 est
2311 2548 2519 2602 humili
2549 2548 2740 2603 cordis
2763 2547 2986 2603 cervice
3017 2548 3373 2610 substernat,
3425 2550 3713 2617 quatenus

2011 2651 2125 2705 quo
2147 2652 2266 2691 eam
2301 2637 2551 2707 regentis
2609 2635 2876 2692 voluntas
2926 2637 3177 2699 duxerit,
3226 2635 3344 2689 illic
3392 2635 3713 2690 obedientis

2013 2725 2228 2780 mentis
2257 2726 2553 2796 gressibus
2574 2729 2915 2797 prosequatu
2927 2725 3096 2795 r.Ego
3118 2729 3314 2779 autem
3337 2725 3712 2779 considerans

2011 2816 2411 2873 infirmitatem
2445 2835 2630 2874 meam
2664 2820 2734 2873 ad
2775 2815 3101 2889 apostolicae
3133 2817 3283 2872 sedis
3331 2817 3562 2872 culmen
3594 2831 3711 2871 non

2013 2922 2180 2977 posse
2223 2908 2568 2978 pertingere,
2616 2924 2763 2962 onus
2795 2907 2902 2962 hoc
2956 2904 3133 2960 malui
3190 2904 3500 2974 declinare,
3535 2919 3606 2959 ne
3652 2905 3710 2959 in

2013 2998 2288 3067 pastorali
2321 2998 2596 3067 regimine
2627 2997 2870 3068 imparis
2915 2994 3442 3050 administrationis
3491 2995 3716 3050 actione

2011 3088 2468 3142 succumberem.
2505 3088 2614 3142 Sed
2675 3087 2811 3158 quia
2859 3085 3146 3142 contraire
3203 3102 3317 3140 non
3365 3090 3455 3140 est
3486 3083 3710 3139 Domini

187 3168 294 3220 tem
326 3181 428 3219 me
488 3137 1166 3239 quarerelcognovistis,
1199 3177 1256 3227 et
1298 3174 1368 3227 ad
1429 3137 1892 3245 inquietudibem
1931 3137 1972 3205 Ο
2012 3176 2373 3245 disponentis
2423 3137 2708 3247 arbitrio,1
2734 3176 3068 3231 obedienter
3112 3180 3348 3232 secutus
3392 3189 3522 3229 sum
3557 3173 3711 3244 quod

187 3255 565 3323 perduxistis.
624 3255 798 3313 Vobis
828 3260 1065 3329 quidem
1112 3264 1476 3334 omnipotens
1540 3267 1708 3336 Deus,
1761 3269 1901 3339 quia

184 3342 282 3397 hoc
312 3344 475 3400 bono
504 3346 700 3401 animo
733 3347 970 3417 fecistis,
1003 3350 1155 3406 bona
1185 3356 1396 3407 eterna
1432 3354 1714 3410 retribuat
1749 3371 1763 3423 ;
1799 3359 1895 3413 sed

185 3449 268 3488 me
313 3451 347 3489 a
407 3439 576 3491 tanto
607 3436 714 3491 loci
761 3437 939 3509 hujus
986 3440 1258 3511 periculo,
1321 3444 1569 3514 qualiter
1625 3447 1895 3519 voluerit,

184 3521 458 3592 absolvat,
493 3525 632 3595 quia
672 3526 825 3582 sicut
874 3536 1110 3600 peccata
1168 3547 1296 3588 mea
1343 3535 1733 3604 merebantur,
1778 3554 1891 3592 non

184 3611 598 3679 Romanorum,
631 3617 732 3669 sed
787 3616 1302 3689 Langobardorum
1355 3623 1664 3696 episcopus
1703 3628 1892 3682 factus

185 3716 326 3768 sum,
358 3720 607 3773 quorum
630 3707 970 3777 synthichise
996 3710 1216 3780 spathae
1231 3720 1390 3778 sunt,
1413 3719 1468 3768 et
1489 3715 1675 3784 gratia
1698 3732 1888 3786 poena.

184 3789 315 3846 Ecce
371 3793 474 3847 ubi
527 3810 618 3848 me
666 3801 858 3850 vestra
887 3799 1216 3868 patrocinia
1273 3803 1890 3871 perduxerunt.Gemo

181 3881 440 3950 quotidie
460 3885 945 3954 occupationibus
978 3889 1077 3944 4⁶ι
1113 3906 1369 3958 pressus,
1394 3896 1449 3946 et
1467 3893 1747 3963 respirare
1773 3912 1887 3950 non

180 3971 357 4026 valeo.
395 3970 505 4026 Sed
541 3989 641 4028 vos
673 3974 771 4043 qui
798 3975 988 4031 adhuc
1016 3978 1238 4047 valetis,
1264 3981 1467 4035 mundi
1503 3981 1679 4051 hujus
1711 4000 1887 4039 occu-

177 4061 442 4127 pationes
474 4061 672 4131 fugite,
706 4065 841 4134 quia
870 4070 1089 4136 quanto
1114 4067 1174 4122 in
1203 4084 1267 4124 eo
1293 4071 1540 4142 quisque
1559 4073 1883 4144 profecerit,

175 4154 329 4204 tanto
368 4154 436 4203 ut
485 4151 670 4219 video,
729 4155 798 4208 ab
843 4172 1037 4212 amore
1084 4158 1183 4213 Dei
1217 4160 1471 4231 amplius
1520 4163 1819 4221 decrescit.
1852 4185 1881 4213 η

235 4239 328 4294 52.
394 4239 709 4310 Gregorius
766 4243 1024 4302 Leandro
1084 4249 1159 4317 (ο)
1203 4250 1527 4319 Hispalensi
1585 4252 1880 4324 episcopo.

177 4349 200 4372 α
234 4327 616 4399 Respondere
647 4332 905 4403 epistolis
936 4339 1144 4391 vestris
1177 4343 1299 4393 tota
1330 4340 1648 4397 intentione
1669 4342 1880 4400 voluis-

169 4433 313 4486 sem,
351 4419 469 4474 nisi
503 4422 808 4490 pastoralis
839 4441 989 4480 cura:
1034 4427 1113 4482 ita
1155 4446 1246 4484 me
1289 4429 1451 4485 labor
1489 4435 1780 4501 attereret,
1816 4438 1878 4490 ut

2013 3267 2346 3322 misericors
2375 3268 2445 3322 de
2476 3283 2567 3322 me
2587 3266 2832 3336 regentis
2852 3283 3060 3321 manus
3082 3264 3262 3322 voluit
3297 3264 3542 3334 operari.
3569 3263 3712 3319 Nam

2010 3357 2357 3412 fraternitati
2389 3362 2612 3426 vestrae,
2645 3362 2703 3412 et
2733 3356 2784 3411 si
2814 3372 3069 3428 presens
3100 3371 3218 3409 non
3258 3353 3512 3410 eveniret
3551 3369 3715 3408 occa-

2007 3448 2112 3518 sio,
2148 3448 2472 3505 necessario
2506 3448 2691 3503 fuerat
2732 3447 3109 3503 indicandum
3163 3446 3339 3517 quod,
3371 3444 3505 3500 licet
3552 3443 3708 3498 indi-

2006 3553 2209 3607 gnum,
2246 3555 2336 3593 me
2376 3537 2700 3608 apostolicae
2732 3537 2858 3593 sedi
2906 3537 3185 3592 Dominus
3216 3550 3462 3608 praeesse
3506 3535 3711 3606 digna-

2003 3632 2098 3682 tus
2127 3632 2229 3682 est.
2266 3653 2286 3681 ι
2333 3629 2477 3699 (Lib.
2501 3645 2539 3694 ι,
2570 3646 2659 3699 ep.
2703 3628 2819 3698 27.)

2074 3721 2213 3772 Item
2238 3719 2307 3773 de
2333 3719 2536 3773 eadem
2570 3735 2628 3772 re
2651 3718 2718 3788 (/)
2754 3717 3020 3790 Philippo
3051 3715 3248 3772 comiti
3285 3713 3706 3772 excubitorum.

2002 3828 2029 3855 «
2064 3808 2124 3860 In
2151 3814 2435 3877 quantum
2471 3808 2642 3863 homo
2671 3807 2958 3862 discutere
2999 3811 3056 3862 et
3105 3806 3453 3878 investigare
3482 3804 3708 3875 judicia

1999 3913 2252 3967 superna
2277 3915 2383 3952 non
2409 3898 2650 3962 sufﬁcit,
2677 3897 2734 3951 in
2759 3901 2986 3952 tantum
3000 3898 3107 3952 sub
3126 3896 3211 3952 eis
3233 3896 3403 3951 debet
3423 3895 3704 3951 cervicem

1997 3986 2187 4040 cordis
2215 3987 2524 4054 inﬂectere,
2560 3990 2624 4040 ut
2655 3987 2789 4056 quia
2819 3986 2876 4040 id
2905 3987 3058 4056 quod
3102 3986 3215 4041 sibi
3263 3984 3538 4040 tribuitur
3585 3999 3701 4053 quo

1989 4075 2213 4146 judicio
2246 4076 2586 4146 disponatur
2613 4074 2982 4146 ignorat,nec
2996 4074 3066 4129 ad
3092 4071 3481 4144 appetendum
3504 4071 3700 4128 locum

1995 4181 2206 4235 procax
2237 4165 2530 4231 insistere,
2573 4180 2678 4220 nec
2713 4165 2784 4220 ad
2829 4163 2907 4236 (g)
2948 4163 3341 4236 repellendum
3386 4165 3702 4218 contumax

1993 4255 2162 4310 debet
2185 4255 2450 4309 inveniri.
2487 4255 2648 4310 Unde
2673 4253 3056 4324 43indignus
3087 4268 3191 4324 ego
3223 4253 3295 4307 ad
3327 4251 3703 4323 suscipienda

1991 4346 2360 4416 episcopatus
2392 4362 2589 4412 onera,
2617 4344 2863 4414 jussioni
2895 4343 3313 4412 omnipotentis
3343 4340 3444 4397 Dei
3470 4346 3700 4397 vestra:-

1989 4451 2102 4505 que
2131 4433 2415 4488 voluntati
2445 4450 2535 4488 me
2587 4432 2844 4499 subdidi,
2878 4433 2969 4487 cui
2998 4448 3088 4485 me
3139 4447 3381 4503 praesse
3429 4429 3698 4501 largitate

169 4509 517 4582 mihimagis
533 4511 1276 4592 ﬂerelibeatquamaliquid
1294 4519 1678 4586 dicere.Quod
1693 4529 1879 4582 vestra
1910 4523 1954 4589 D
1988 4523 2174 4596 magis
2204 4527 2402 4596 gratiae
2436 4539 2608 4595 quam
2634 4523 2843 4593 judicii
2875 4522 3254 4577 aestimatione
3278 4519 3558 4576 voluistis.
3583 4519 3693 4575 Po-

170 4615 406 4671 quoque
441 4604 762 4660 reverentia
802 4605 860 4662 in
894 4607 1019 4678 ipso
1068 4609 1388 4666 litterarum
1422 4629 1682 4670 mearum
1717 4619 1875 4671 textu

165 4688 479 4761 vigilanter
537 4693 828 4767 intelligit,
879 4699 1112 4770 quando
1156 4701 1206 4756 ei
1247 4701 1603 4774 negligenter
1648 4707 1874 4778 loquor,

166 4794 342 4849 quem
380 4780 754 4838 vehementer
792 4784 994 4857 diligo.
1028 4789 1230 4845 Tantis
1263 4791 1474 4863 quippe
1516 4793 1576 4848 in
1609 4792 1717 4850 hoc
1749 4795 1874 4851 loco

162 4868 339 4941 hujus
375 4873 580 4927 mundi
616 4873 888 4931 ﬂuctibus
920 4878 1166 4948 quatior,
1210 4885 1276 4936 ut
1315 4886 1598 4939 vetustam
1643 4901 1710 4942 ac
1763 4904 1874 4958 pu-

161 4961 519 5016 trescentem
596 4964 813 5031 navim,
872 4983 1045 5040 quam
1115 4972 1423 5042 regendam
1483 4974 1706 5030 occulta
1772 4977 1870 5033 Dei

160 5046 599 5118 dispensatione
628 5051 880 5123 suscepi,
911 5055 980 5109 ad
1004 5061 1236 5126 portum
1262 5059 1513 5131 dirigere
1537 5062 1868 5121 nullatenus

157 5137 402 5206 possim.
428 5137 598 5195 Nunc
647 5157 715 5196 ex
753 5142 997 5199 adverso
1048 5145 1259 5203 ﬂuctus
1307 5149 1562 5219 irruunt,
1597 5171 1750 5210 nunc
1801 5171 1868 5211 ex

155 5223 337 5284 latere
367 5229 593 5284 cumuli
637 5232 899 5301 spumosi
957 5236 1136 5293 maris
1182 5237 1597 5310 intumescunt,
1646 5260 1801 5300 nunc
1833 5263 1866 5301 a

1989 4617 2116 4670 tens
2139 4618 2225 4669 est
2256 4614 2407 4670 enim
2432 4613 2605 4677 Deus,
2630 4616 2865 4684 propter
2893 4627 3066 4682 quem
3097 4627 3188 4667 me
3219 4609 3525 4682 indignum
3563 4609 3691 4665 dili~

1989 4702 2148 4773 gitis,
2184 4701 2330 4758 hanc
2353 4700 2511 4756 vobis
2544 4701 2602 4756 in
2626 4705 2966 4772 perpetuum
2992 4715 3435 4772 recompensare
3466 4713 3687 4753 merce-

1987 4791 2142 4861 dem,
2177 4795 2238 4846 ut
2286 4790 2534 4861 gratiam
2578 4794 2680 4847 44
2729 4806 2906 4862 quam
2960 4789 3213 4862 indignis
3265 4785 3500 4844 famulis
3556 4787 3685 4856 ejus

1983 4880 2340 4953 impenditis,
2367 4882 2519 4953 apud
2547 4897 2681 4936 eum
2707 4877 3356 4951 multipliciusinvenire
3370 4875 3628 4932 valeatis.
3651 4896 3680 4924 »

1982 4973 2120 5045 (Lib.
2146 4988 2184 5039 ι,
2209 4989 2293 5042 ερ.
2328 4971 2442 5041 3-2..)

2042 5063 2107 5116 At
2137 5077 2240 5132 ego
2265 5060 2358 5116 hic
2389 5078 2422 5116 a
2456 5061 2856 5117 deﬂorationis
2894 5075 3065 5130 opere
3097 5054 3400 5128 paululum
3434 5052 3677 5124 respiro,

1979 5157 2043 5208 ut
2067 5169 2194 5224 quae
2217 5151 2543 5223 specialiter
2565 5153 2635 5206 de
2653 5150 2945 5222 pontificio
2969 5147 3215 5202 dicenda
3235 5148 3394 5212 sunt,
3426 5143 3485 5199 in
3516 5143 3679 5200 libel-

1974 5244 2028 5300 lo
2060 5245 2173 5299 alio
2204 5245 2556 5316 suﬂragante
2592 5243 2832 5298 Domino
2865 5240 3211 5295 referantur.

216 5390 299 5479 (α)
317 5388 576 5479 Vulgati,
609 5409 734 5479 cum
756 5394 1043 5479 discutere,
1078 5399 1446 5459 obstantibus
1487 5405 1622 5479 Mss.
1658 5408 1859 5463 Obser-
1972 5409 2282 5475 Gussanv.,
2317 5408 2413 5462 ubi
2447 5408 2690 5479 legitur:
2725 5407 2781 5457 in
2805 5405 2985 5479 ipsum
3022 5401 3244 5479 clavum
3281 5401 3673 5457 adversitatem

147 5465 402 5552 trandum
433 5469 521 5518 est
554 5465 608 5518 in
649 5465 1196 5552 Dtic._epis_tol_arum
1231 5481 1535 5532 contextus
1568 5477 1860 5550 longiores
1967 5480 2232 5552 dirigere,
2256 5465 2406 5534 modo
2445 5465 2677 5552 cultivate
2709 5465 2845 5552 navi
2885 5477 3148 5552 impetum
3190 5475 3455 5542 ﬂuctuum
3499 5479 3673 5530 latere

151 5538 409 5620 ρτςιῙςδιλπί.
446 5552 624 5605 quam
659 5538 727 5620 i9
754 5539 882 5594 aliis
923 5542 1250 5620 Codicibus.
1672 5538 1700 5550 ν
1967 5538 2152 5607 minus
2180 5538 2447 5620 ﬂuctuum
2476 5567 2544 5604 ex
2573 5551 2784 5618 obliquo
2814 5538 3105 5602 declinare.

212 5609 283 5694 (b)
309 5607 1278 5694 gussanvmvittose,.conslringor.

2069 5631 2106 5688 ε)
2139 5607 2294 5677 Cblb.
2329 5630 2384 5676 et
2406 5623 2624 5694 Norm.,
2661 5607 2907 5694 Corinth.
2940 5620 3361 5689 archiepiscopo.

213 5679 462 5765 (cnigtic.
514 5681 804 5765 et_Bigot.,
843 5679 1216 5765 Hispaniensi.
1291 5761 1300 5765 Α
1380 5763 1476 5765 _ﬂ

2069 5679 2106 5763 ἶ)
2137 5695 2351 5749 Turon.
2386 5698 2443 5748 et
2470 5679 2623 5765 Reg:
2664 5691 2993 5765 Philippica.

213 5750 808 5823 (timori-aptissimus
837 5750 948 5814 est'
973 5759 1066 5817 hic
1085 5760 1248 5819 locus
1287 5761 1344 5818 in
1379 5763 1530 5820 Edit.
1561 5765 1746 5824 Vatic.
1797 5771 1854 5823 et

2069 5750 2114 5837 γ’)
2145 5767 2387 5836 Andeg.,
2410 5750 2794 5822 resistendum.
