4088 6172
279 209 353 268 87
840 208 906 267 S.
953 205 1334 267 GREGORII
1379 203 1624 265 MAGNI
1670 203 1874 276 VITA,
1929 203 2155 267 AUCT.
2201 201 2501 264 JOANNE
2545 203 2906 266 DIACONO.
2956 202 3104 264 LIB.
3151 205 3228 264 Il.
3715 201 3792 264 88

1527 467 1849 551 LIBER
1913 466 2553 554 SECUNDUS.

977 646 1102 722 Quo
1131 646 1453 726 exponitur
1481 645 1744 726 qualiter
1772 654 2001 707 sanctus
2034 645 2356 718 Gregorius
2389 647 2450 706 in
2476 646 2840 727 pontiﬁcatu
2873 648 3117 708 vixerit.

282 891 645 942 Ancnumrcl,
675 913 736 924 —
767 889 810 938 1.
838 889 1128 950 Gregorius
1153 901 1366 950 servum
1387 903 1671 950 servorum
1700 891 1789 937 Dei
1822 903 1876 938 se
1898 891 2154 944 scribens,
2174 889 2537 938 mediocribus
2567 888 2897 937 vestimentis
2915 889 3161 937 amicitur
3211 888 3336 935 —2.
3362 887 3504 950 Fidei
3535 900 3644 936 sum
3677 888 3804 950 irres

342 950 702 1015 prehensibile
715 949 1017 1015 symbolum
1041 949 1354 1015 dict_at.-—3.
1385 949 1830 1015 Patriarchalibus
1853 953 2062 1000 thronis
2091 965 2239 999 suam
2269 951 2579 1015 synodican
2603 950 2800 1012 dirigit.
2816 978 2875 985 —
2897 953 2941 998 4.
2961 950 3209 1015 Quinque
3237 949 3462 998 concilia
3485 963 3540 998 se
3561 949 3804 1015 venerari

345 1012 558 1063 fatetur.
585 1035 650 1048 -——
678 1012 723 1060 5.
742 1013 969 1061 Collecta
991 1013 1216 1075 synodo,
1248 1026 1444 1074 pravas
1474 1014 1894 1062 consuetudines
1925 1015 2158 1063 damnat.
2192 1040 2253 1049 —
2281 1012 2328 1061 6.
2360 1014 2806 1075 Antiphonarium
2830 1013 3192 1066 centonizans,
3214 1017 3492 1060 cantorum
3526 1012 3805 1075 constituit

343 1076 596 1134 scholam.
618 1075 745 1122 —7.
777 1076 879 1123 Cur
907 1072 1275 1123 Occidentales
1305 1075 1636 1123 dulcedinem
1671 1077 1950 1125 cantilena;
1982 1080 2346 1136 corrumpant.
2377 1102 2439 1110 —
2465 1072 2616 1124 ἆραι·
2645 1075 2907 1124 Joannem
2940 1075 3238 1123 Romanum
3273 1080 3546 1123 cautorem
3580 1072 3804 1136 correcti

342 1144 483 1186 sunt.
509 1164 570 1173 —
596 1137 643 1184 9.
677 1137 898 1185 Carolus
930 1151 1018 1184 rex
1041 1137 1368 1185 dissonantia
1391 1142 1580 1186 cantus
1611 1137 1866 1191 offensus,
1891 1141 2025 1186 duos
2060 1135 2370 1186 clericorum
2394 1152 2612 1186 suorum
2652 1137 2978 1186 erudiendos
3009 1137 3188 1186 Roma;
3221 1137 3437 1184 dimisit.
3461 1163 3523 1172 —
3548 1135 3627 1183 10.
3657 1135 3801 1184 Idem

343 1201 676 1249 dissonantia
707 1205 894 1247 cantus
924 1198 1178 1258 offensus,
1204 1200 1336 1247 duos
1364 1200 1633 1248 Romanos
1664 1206 1913 1248 cantores
1933 1201 1998 1248 ab
2025 1202 2256 1250 Adriano
2281 1214 2464 1248 rursus
2485 1199 2739 1262 percepit.
2762 1225 2824 1236 —
2843 1200 2917 1247 11.
2941 1199 3446 1262 Gregorius,pulsis
3464 1199 3625 1262 laicis,
3652 1199 3809 1246 tami-

345 1264 500 1334 liares
533 1263 884 1334 sibielerigos
918 1262 1279 1334 σῆψιν-13..
1303 1263 1793 1334 ΤιιμεωλΕροιιοιείιέω
1832 1263 2128 1334 Βοωαιξᾳῑῃ
2157 1262 2412 1334 exhibuit,
2439 1261 2608 1334 qualis
2645 1261 2818 1334 ῥιςὶωο
2858 1263 2956 1334 sub
2982 1261 3235 1323 apostolis
3258 1261 3456 1334 fuit.—
3488 1261 3569 1334 13.
3598 1261 3810 1334 Qnuanta

346 1332 397 1391 et
430 1326 620 1391 qualia
638 1329 769 1391 tunc
790 1324 968 1372 Romae
989 1323 1165 1371 studia
1182 1325 1592 1391 reﬂorebaut.-—_
1613 1325 1689 1391 i4.
1709 1324 1856 1391 Quod
1879 1340 1982 1373 non
2007 1326 2217 1391 divites,
2237 1325 2326 1391 sed
2352 1322 2622 1391 sapientes
2644 1322 2709 1391 ad
2734 1322 3028 1391 consilium
3051 1325 3398 1391 convocabat.
3423 1347 3496 1391 —_
3520 1323 3596 1370 15.
3620 1322 3814 1391 Quam-

345 1385 526 1436 obrem
561 1388 673 1434 laici
695 1389 865 1447 primo
899 1391 1159 1446 cmperint
1190 1386 1479 1434 tonsurari.
1500 1387 1646 1434 -16.
1673 1389 1851 1436 Laicos
1870 1402 1974 1434 non
1997 1391 2060 1434 ad
2085 1387 2504 1435 ecclesiasticum
2525 1387 2757 1434 ofﬁcium
2777 1387 3026 1440 admittit,
3061 1387 3154 1434 sed
3196 1391 3402 1434 tantum
3435 1385 3502 1432 ad
3534 1385 3814 1433 monachi-

273 1469 308 1478 --
344 1463 464 1498 cum
490 1449 902 1497 habitum—i7.
926 1449 1170 1496 Codicem
1185 1451 1426 1496 Gelasian
1439 1463 1523 1497 um
1542 1455 1794 1499 coarctat.
1817 1477 1878 1485 —
1896 1449 1969 1498 18.
1991 1449 2348 1507 Stationes(a)
2363 1451 2713 1505 constituens,
2735 1454 2990 1497 tractatus
3019 1449 3436 1511 Evangeliorum
3456 1447 3736 1511 declamat.
3752 1471 3814 1482 —

345 1512 564 1562 i9.Cum
599 1511 744 1558 verbi
767 1512 960 1572 pabulo
994 1515 1319 1573 pauperibus
1351 1511 1608 1559 alimenta
1641 1514 1921 1560 ministrat.
1945 1539 1998 1548 —
2027 1512 2105 1560 20.
2139 1513 2568 1561 Consuetudines
2589 1526 2750 1559 novas
2773 1512 2991 1559 inducit.
3015 1537 3075 1546 -
3103 1510 3186 1558 21’
3216 1510 3668 1558 Murmurantibus
3705 1523 3811 1573 pro

349 1575 549 1622 eisdem
576 1574 846 1622 humiliter
882 1572 1157 1621 satisfecit.
1176 1601 1230 1608 —
1259 1573 1336 1620 22.
1363 1575 1454 1621 Pro
1485 1576 1694 1630 hospite
1730 1576 2010 1622 Dominum
2037 1573 2412 1635 recipit.—23.
2449 1573 2734 1622 Duodecim
2758 1574 3013 1628 invitatis,
3043 1575 3254 1621 tertium
3279 1573 3542 1635 decimum
3563 1572 3814 1634 angelum

351 1635 453 1683 sibi
483 1636 796 1696 deputatum
829 1636 1084 1683 divinitus
1113 1638 1467 1698 recognoscit.
1486 1663 1545 1671 —
1574 1637 1651 1684 24.
1674 1637 1870 1693 Quater
1900 1639 1950 1684 in
1983 1651 2127 1684 anno
2151 1633 2580 1685 distribuendum
2607 1650 2701 1698 per
2721 1637 3104 1698 polyptycbum
3127 1633 3505 1698 cometa—725.
3538 1633 3742 1698 Aureus
3758 1639 3814 1682 et

349 1699 630 1759 peregrina
649 1699 971 1746 vestimenta.
1001 1696 1323 1759 largiturf—
1351 1697 1429 1747 26.
1447 1699 1773 1747 Calendatim
1806 1699 2040 1747 diversas
2071 1700 2271 1760 species
2301 1704 2500 1760 erogat.
2527 1697 2682 1747 —27.
2702 1696 2888 1760 Tribus
2910 1696 3152 1746 'millibus
3174 1697 3382 1747 ancillis
3414 1697 3511 1745 Dei
3534 1696 3812 1760 octoginta

345 1760 504 1808 libras
541 1761 842 1808 annualiter
860 1765 1091 1822 praestat.
1110 1760 1257 1808 —28.
1284 1762 1470 1809 Diatim
1504 1775 1596 1822 per
1627 1762 1930 1810 veredarios
1955 1759 2140 1809 coacta
2162 1759 2430 1822 stipendia
2452 1762 2699 1809 destinat.
2739 1786 2800 1796 —
2826 1759 2907 1807 29.
2934 1762 3027 1808 Pro
3047 1774 3276 1822 paupere
3299 1762 3510 1807 mortuo
3532 1759 3818 1822 vehemen-

347 1823 547 1871 tissime
581 1821 914 1872 lamentatur.
933 1821 1090 1870 —30.
1114 1823 1252 1880 Quot
1272 1831 1326 1871 et
1347 1821 1582 1884 qualium
1606 1824 2123 1872 remunerandorum
2150 1821 2368 1871 nomina
2399 1825 2450 1870 in
2473 1824 2670 1871 scrinio
2691 1826 2994 1872 teneantur.
3021 1821 3072 1857 -ὲ
3097 1822 3176 1871 31.
3196 1824 3511 1870 Arianorum
3545 1821 3816 1884 basilicam

352 1886 406 1948 in
437 1884 683 1948 Saburra
707 1884 932 1948 Domino
965 1886 1189 1932 dedicat.
1213 1911 1274 1920 --
1301 1883 1380 1932 32.
1413 1887 1551 1943 Quot
1572 1887 1835 1948 etiqualia
1873 1886 2130 1935 miracula
2162 1885 2234 1933 ibi
2267 1885 2533 1934 divinitus
2553 1887 2659 1933 sint
2675 1888 2910 1948 ostensa.
2943 1885 3095 1933 —.33.
3122 1887 3222 1948 Pro
3238 1883 3821 1948 convertendisiAnglis

349 1946 643 2010 Saxonibus
663 1946 1023 2010 Augustinum
1051 1961 1169 1995 cum
1196 1948 1314 1995 aliis
1338 1949 1591 1996 mittit.—
1619 1945 1698 1996 34.
1733 1949 1854 1996 Sine
1892 1949 2130 2006 profectu
2173 1947 2346 1996 redire
2380 1950 2623 1997 volentes
2651 1947 2716 1995 ad
2741 1947 3183 2010 proﬁciscendum
3214 1947 3477 2010 hortatur.
3499 1971 3560 1983 —
3587 1945 3822 2010 3531-9

349 2009 589 2074 dicentes
612 2007 865 2074 miracula
880 2009 1099 2074 faciunt,
1121 2011 1420 2072 multosque
1452 2015 1788 2074 convertunt.
1809 2037 1864 2046 —
1880 2011 1957 2058 36.
1986 2012 2313 2071 Augustinus
2332 2011 2586 2074 epicopus
2607 2007 2950 2074 consecratus
2967 2011 3221 2074 postulat
3241 2009 3530 2074 adjutores.
3554 2035 3616 2074 τι
3642 2007 3724 2056 37.
3756 2007 3818 2055 Εἰ

352 2072 640 2136 Gregorius
688 2070 934 2136 Pallium.
965 2076 1017 2120 et
1038 2072 1254 2136 diversa
1286 2070 1608 2136 necessaria,
1633 2073 1900 2135 simulque
1923 2070 2181 2136 nonnulla
2203 2086 2456 2134 responsa
2488 2070 2817 2136 transmittit.
2851 2071 3006 2120 —38.
3036 2073 3105 2120 De
3122 2070 3676 2136 consanguinitatibus
3697 2083 3820 2131 per-

363 2132 663 2198 cunctatus,
678 2132 916 2194 ponit(b)
936 2134 1147 2196 paciﬁce
1164 2136 1512 2198 rationem.—
1530 2134 1608 2183 39.
1631 2132 1838 2192 Quanta
1855 2141 1906 2184 et
1927 2134 2106 2198 qualia
2127 2135 2190 2182 de
2215 2132 2565 2198 conversione
2589 2135 2872 2198 Saxonum,
2894 2137 3163 2198 signisque
3195 2134 3583 2198 discipulorum
3601 2146 3820 2198 suorum

362 2197 648 2258 Gregorius
679 2195 1031 2257 praeconetur.
1064 2195 1216 2259 5—40.
1251 2197 1610 2258 Augustinum
1643 2201 1844 2253 monet,
1879 2195 1957 2246 ne'
1982 2211 2076 2259 pro
2101 2197 2371 2246 miraculis
2398 2201 2618 2245 tumeat.
2652 2223 2714 2234 —
2742 2197 2821 2247 41.
2858 2195 3011 2244 Panis
3030 2195 3262 2244 frustum
3287 2195 3346 2243 in
3367 2209 3606 2259 carnem.
3641 2195 3826 2243 carnis

364 2257 552 2322 rursus
577 2260 630 2322 in
653 2259 808 2322 panis
839 2257 1130 2322 primordia
1153 2259 1481 2314 reformavit.
1501 2286 1563 2295 —
1582 2259 1911 2322 42.Pannum
1947 2257 2192 2322 pupugit,
2220 2264 2269 2308 et
2302 2261 2520 2322 sanguis
2534 2260 2749 2308 efﬂuxit.
2771 2285 2827 2295 -—
2844 2259 2923 2307 43.
2947 2259 3212 2307 Maleﬁcos
3227 2260 3464 2322 caecitate
3493 2257 3825 2322 multavit.—

357 2322 434 2368 44.
481 2321 716 2385 Qualiter
745 2321 971 2385 intelligi
1005 2321 1179 2377 debet,
1215 2322 1526 2385 Gregorium
1543 2322 1759 2385 Trajani
1792 2321 2120 2371 animam’de’
2144 2322 2340 2370 inferni
2364 2321 3141 2385 cruciatibusliberasse—A45.
3167 2321 3485 2385 Monachum
3501 2321 3600 2369 sub
3623 2333 3832 2385 excom-

355 2383 720 2446 municatione
735 2381 1047 2446 defunctum
1063 2381 1380 2446 mirabiliter
1399 2383 1573 2432 solvit.
1592 2381 1987 2446 —'46.Paganos
2007 2397 2202 2446 pueros
2232 2390 2523 2446 comparat,
2543 2391 2602 2432 ut
2622 2385 2950 2446 Christianos
2982 2383 3260 2446 efﬁciat.—
3289 2383 3473 2432 47.Pro
3500 2381 3828 2446 paganisru-

361 2444 526 2509 stici},
546 2445 1202 2509 episcopiscomminatur.
1225 2445 1371 2509 +48.
1396 2447 1610 2495 Judaeos
1641 2451 1710 2507 (ο)
1739 2443 2024 2509 conversos
2052 2461 2083 2495 a
2108 2443 2458 2509 pensionibus
2481 2443 2701 2508 levigat.
2722 2445 2874 2494 —49.
2894 2445 3234 2508 Baptizandis
3247 2443 3825 2509 vestimen’ta‘largitur.

357 2506 436 2555 50.
461 2505 646 2556 Pueris
670 2505 988 2556 Arianorum
1017 2508 1290 2556 subveniri
1319 2511 1586 2569 pradicet.
1621 2505 1786 2557 -’51.
1823 2508 2061 2568 Singulis
2110 2505 2354 2556 diaconis
2392 2511 2474 2556 vel
2518 2505 2866 2558 xeuodccbiis
2901 2505 3134 2557 rectores
3165 2509 3459 2557 constituit.
3481 2533 3544 2543 —
3570 2505 3827 2554 52.11am-

360 2571 582 2632 solymis
613 2569 1006 2618 xenodochium
1030 2568 1380 2624 constituens,
1402 2571 1478 2631 (ἀ)
1513 2575 1564 2619 et
1594 2571 1664 2620 ibi
1692 2578 1744 2619 et
1777 2573 1825 2619 in
1848 2576 2028 2620 monte
2059 2571 2186 2620 Sina
2210 2571 2486 2619 monachis
2518 2572 2767 2620 annualia
2797 2571 3064 2632 stipendia
3089 2569 3402 2631 assignavit.
3425 2598 3483 2605 —
3504 2568 3827 2632 53.Singulis

357 2630 696 2741 Eat‘rimoniis
726 2631 967 2701 singulos
996 2637 1230 2681 rectores
1256 2630 1648 2705 constituit._—
1679 2633 1758 2681 54.
1793 2635 1890 2682 Uni
1926 2647 2170 2691 personae
2203 2634 2307 2706 duo
2342 2631 2636 2703 ministeria
2677 2630 2984 2705 nullcmodo
3003 2630 3386 2706 committenda
3416 2633 3618 2701 deﬁnit.
3655 2630 3710 2666 -'
3743 2630 3824 2680 55.

405 2694 990 2741 leemosvnaelocaliter
1011 2709 1071 2741 ac
1087 2696 1438 2741 nersonaliter
1461 2697 1692 2741 ordinat.
1729 2723 1782 2732 —-
1805 2697 1883 2741 56.
1909 2696 2060 2741 Ouod
2083 2709 2229 2741 omni
2266 2700 2464 2741 netenti
2486 2710 2540 2741 se
2563 2696 3082 2741 voluntanetribuit.
3112 2720 3174 2732 -
3202 2695 3279 2741 57.
3313 2695 3463 2741 Ouod
3509 2698 3670 2741 etiam
3712 2705 3824 2741 non

405 2693 990 2756 leemosynaelocaliter
1011 2709 1071 2742 ac
1087 2696 1438 2756 personaliter
1461 2697 1692 2744 ordinat.
1729 2723 1782 2732 —-
1805 2697 1883 2746 56.
1909 2696 2060 2754 Quod
2083 2697 2229 2744 omni
2266 2695 2464 2757 petenti
2486 2710 2540 2744 se
2563 2697 2864 2744 voluntarie
2881 2696 3082 2744 tribuit.
3112 2720 3174 2732 -
3202 2695 3279 2743 57.
3313 2695 3463 2752 Quod
3509 2693 3670 2743 etiam
3712 2705 3824 2757 non

363 2757 565 2820 petenti
607 2757 905 2805 necessaria
939 2757 1277 2807 ministravit.
1309 2783 1371 2793 -—
1398 2758 1479 2805 58.
1514 2759 1868 2807 Liberalitatis
1899 2759 2016 2820 ejus
2063 2756 2376 2806 innocentia
2408 2759 2802 2819 comprobatur.
2834 2784 2896 2793 —
2921 2757 3000 2806 59.
3039 2759 3133 2806 Pro
3170 2758 3424 2806 faciendis
3472 2756 3829 2818 eleemosynis

364 2818 632 2867 frumenta
665 2822 941 2881 comparat
962 2820 1355 2882 quinquaginta
1384 2821 1532 2868 libris
1563 2822 1694 2868 auri.
1726 2848 1787 2856 —
1813 2820 1894 2870 60.
1929 2818 1996 2880 te)
2026 2820 2191 2877 Quale
2213 2821 2277 2869 de
2309 2834 2372 2868 eo
2404 2818 2672 2869 somnium
2711 2821 2938 2868 Eremita
2969 2821 3296 2882 cognoverit.

368 2934 464 2989 45
497 2934 547 2988 i.
577 2933 832 3004 Agsjam
866 2950 1039 3002 nunc,
1073 2935 1344 3004 quoniam
1379 2936 1606 2990 athletae
1628 2936 1838 2991 Christi
1869 2937 2001 2991 Gre-
2030 2937 2083 3002 Α
2116 2952 2415 3006 personas,
2450 2953 2625 2992 unam
2653 2937 3066 2992 substantiam:
3101 2937 3325 2992 Patrem
3359 2935 3709 3006 ingenitum,
3743 2933 3836 2988 Fi-

297 3022 466 3093 gorii,
491 3021 806 3076 viriliterin
839 3023 1140 3093 gymnasio
1174 3029 1384 3078 sancta
1418 3024 1601 3095 ipsius
1623 3025 1888 3080 Ecclesia:
1912 3025 2012 3080 de-

299 3111 586 3180 sudantis,
633 3110 870 3181 praelato
923 3110 1141 3178 libello,
1185 3117 1382 3167 torosa
1427 3116 1685 3168 membra
1722 3114 2012 3184 descripta

303 3204 463 3270 sunt,
489 3199 741 3271 qualiter
773 3201 831 3253 in
870 3200 1134 3271 palaestra
1191 3219 1422 3272 quoque
1477 3204 1819 3270 conﬂixerit,
1853 3204 2012 3275 aspi—

301 3293 462 3344 rante
503 3289 770 3355 Domino,
808 3291 1152 3359 proferatur.
1203 3292 1258 3344 Si
1294 3291 1528 3361 quidem
1574 3309 1703 3347 mox
1751 3298 1816 3346 ut
1864 3310 2013 3348 sum-

302 3371 463 3432 mum
488 3378 849 3448 pontificium
877 3379 1226 3434 felicissimae
1261 3380 1532 3435 Romanae
1569 3382 1747 3448 urbis,
1783 3383 2010 3439 Christo

304 3466 653 3523 mortalibus
703 3466 1059 3536 consulente,
1119 3469 1361 3524 sortitus
1393 3475 1500 3538 est,
1533 3472 2009 3540 superstitiosum

304 3556 655 3612 Universalis
677 3558 1049 3623 vocabulum,
1074 3559 1229 3630 quod
1250 3559 1502 3615 Joannes
1523 3561 2010 3633 Constantinopo-

302 3647 519 3702 litanus
549 3647 858 3719 episcopus
891 3648 1204 3703 insolenter
1223 3649 1333 3703 sibi
1369 3653 1504 3704 tunc
1534 3651 1811 3722 temporis
1840 3669 2014 3706 usur-

302 3737 500 3808 pabat,
561 3753 718 3792 more
748 3746 1176 3794 antecessorum
1219 3757 1454 3795 suorum
1500 3742 1865 3812 pontificum,
1903 3744 2009 3797 sub

303 3825 747 3881 districtissimze
782 3827 1276 3885 interminationis
1317 3832 1604 3886 sententia
1637 3833 1921 3900 refutavit,
1960 3837 2013 3888 et

306 3917 526 3986 primus
561 3917 825 3971 omnium
853 3933 913 3972 se
938 3917 995 3972 in
1029 3919 1312 3989 principio
1345 3920 1721 3990 epistolarum
1769 3939 2011 3977 suarum

306 4021 530 4060 servum
564 4020 856 4061 servorum
895 4007 989 4061 Dei
1023 4007 1195 4062 scribi
1221 4010 1364 4063 satis
1395 4009 1696 4066 humiliter
1732 4013 2010 4067 deﬁnivit:

308 4095 650 4166 cunctisque
664 4096 786 4151 suis
801 4097 1237 4152 successoribus
1253 4099 1670 4154 documentum
1692 4118 1810 4155 suae
1828 4101 2011 4154 humi-

310 4183 495 4240 litatis
527 4188 642 4239 tam
675 4186 733 4240 in
771 4185 877 4240 hoc
918 4202 1096 4256 quam
1146 4187 1202 4240 in
1251 4188 1636 4243 mediocribus
1664 4190 2010 4260 pontiﬁcali-

2121 3024 2262 3079 lium
2288 3025 2573 3096 genitum,
2597 3025 2879 3096 Spiritum
2914 3042 3042 3081 vero
3075 3029 3369 3092 sanctum,
3403 3039 3508 3079 nec
3541 3022 3832 3096 genitum,

2123 3129 2228 3169 nec
2279 3114 2632 3185 ingenitum,
2671 3115 2768 3169 sed
2818 3119 3196 3178 coaeternum,
3246 3114 3316 3169 de
3375 3112 3536 3167 Patre
3581 3121 3634 3167 et
3685 3110 3828 3166 Filio

2123 3205 2550 3274 procedentem.
2611 3203 2896 3261 Conﬁteor
2926 3205 3297 3276 unigenitum
3329 3203 3536 3258 Filium
3569 3201 3832 3258 consub-

2124 3293 2482 3360 stantialem,
2514 3298 2569 3348 et
2586 3293 2707 3348 sine
2730 3299 2989 3365 tempore
3021 3298 3223 3348 natum
3248 3295 3316 3349 de
3345 3293 3535 3359 Patre,
3567 3290 3828 3347 omnium

2121 3383 2441 3440 visibilium
2474 3388 2530 3438 et
2570 3383 2946 3438 invisibilium
2979 3383 3376 3448 Conditorem,
3403 3383 3598 3438 lumen
3630 3397 3696 3436 ex
3737 3381 3819 3436 lu-

2122 3473 2298 3538 mine,
2324 3472 2502 3527 Deum
2537 3489 2733 3529 verum
2768 3473 2838 3527 de
2859 3471 2974 3527 Deo
2996 3489 3149 3537 vero,
3182 3472 3552 3542 splendorem
3597 3469 3816 3541 gloria,

2121 3562 2361 3632 ﬁguram
2394 3561 2760 3629 substantiae;
2794 3564 2894 3632 qui
2936 3578 3182 3616 manens
3227 3559 3485 3615 Verbum
3536 3562 3668 3614 ante
3714 3574 3828 3613 saa-

2120 3651 2274 3718 cula,
2308 3651 2596 3720 perfectus
2619 3651 2791 3705 homo
2823 3655 3050 3704 creatus
3082 3655 3168 3705 est
3189 3649 3362 3720 juxta
3405 3649 3580 3703 ﬁnem
3632 3662 3826 3702 saecu—

2121 3742 2330 3808 lorum,
2365 3745 2681 3812 conceptus
2703 3745 2758 3795 et
2791 3747 2959 3796 natus
2984 3758 3050 3796 ex
3081 3742 3298 3813 Spiritu
3313 3743 3512 3795 sancto
3544 3743 3598 3794 et
3618 3739 3688 3793 de
3708 3736 3825 3791 Ma-

2121 3832 2202 3886 ria
2227 3833 2465 3903 virgine,
2493 3831 2589 3902 qui
2614 3841 2877 3886 naturam
2903 3837 3158 3885 nostram
3187 3830 3437 3899 suscepit
3455 3830 3675 3898 absque
3700 3843 3828 3897 pec-

2120 3930 2276 3988 cato;
2311 3930 2362 3976 et
2395 3921 2503 3976 sub
2535 3921 2739 3975 Pontio
2774 3921 2955 3975 Pilato
2989 3919 3299 3974 cruciﬁxus
3332 3921 3439 3986 est,
3472 3923 3529 3972 et
3559 3916 3826 3987 sepultus

2121 4013 2287 4066 tertia
2319 4010 2408 4064 die
2442 4011 2753 4064 resurrexit
2782 4027 2815 4063 a
2850 4009 3125 4073 mortuis;
3160 4008 3252 4063 die
3281 4016 3472 4062 autem
3497 4005 3826 4075 quadrage-

2121 4101 2267 4154 simo
2298 4099 2553 4153 ascendit
2578 4099 2635 4152 in
2669 4099 2899 4165 cmlum,
2923 4102 2980 4152 et
3011 4096 3170 4152 sedet
3202 4096 3271 4152 ad
3297 4097 3592 4150 dexteram
3618 4093 3825 4148 Patris.

2121 4191 2282 4246 Unde
2313 4195 2591 4243 venturus
2613 4189 2977 4258 estjudicare
3009 4188 3167 4243 vivos
3198 4193 3253 4242 et
3286 4189 3570 4252 mortuos,
3604 4185 3828 4256 positu-

308 4271 418 4326 bus
466 4270 844 4339 indumentis,
904 4275 1057 4344 quod
1109 4274 1376 4329 videlicet
1420 4275 1702 4332 hactenus
1760 4279 1818 4333 in
1871 4295 2008 4334 san-
2047 4313 2093 4378 Β
2124 4297 2224 4335 rus
2257 4283 2388 4334 ante
2419 4277 2610 4334 oculos
2650 4279 2913 4334 omnium
2947 4277 3145 4332 omnia
3176 4274 3406 4332 occulta
3437 4273 3827 4344 singulorum,

311 4363 404 4414 cta
436 4358 699 4414 Romana
723 4360 979 4416 Ecclesia
1016 4367 1414 4431 conservatur,
1456 4364 1883 4422 haeredilarium
1928 4385 2015 4423 re-

311 4446 508 4518 liquit.

383 4537 436 4588 2.
471 4534 724 4604 Denique
745 4539 816 4607 (f)
846 4538 904 4593 in
928 4539 1164 4610 specula
1197 4546 1410 4596 sanctas
1438 4543 1784 4600 universalis
1830 4547 2020 4603 Eccle-

314 4623 437 4690 siae,
462 4623 548 4678 vir
567 4623 840 4698 totius(g)
858 4625 1229 4697 humilitatis,
1255 4632 1636 4701 auctoritatis,
1659 4651 1722 4689 ac
1747 4635 2022 4692 orthodo-

320 4715 446 4777 xias,
484 4715 635 4771 unde
665 4715 845 4772 videri
880 4721 936 4772 et
971 4719 1156 4773 audiri
1200 4721 1412 4776 clarius
1437 4725 1804 4796 evangelicus
1837 4743 2022 4798 praeco

315 4805 558 4875 valeret,
583 4807 930 4878 consistens,
956 4809 1072 4864 oris
1096 4811 1184 4865 sui
1209 4811 1567 4870 divinissimo
1598 4816 1794 4887 gladio
1816 4827 1867 4874 et
1900 4835 2020 4875 rec-

321 4902 438 4952 tam
471 4895 642 4952 ﬁdem
678 4899 931 4954 munivit
959 4904 1014 4954 et
1063 4906 1305 4957 cunctas
1341 4903 1585 4961 haereses
1627 4924 1740 4963 uno
1764 4910 2024 4979 symbolo

319 4986 641 5056 dissipavit.
668 4987 826 5051 Quod
861 4989 1129 5045 videlicet
1159 5007 1334 5047 sacra:
1380 4995 1760 5052 confessionis
1796 5000 2026 5068 symbo-

324 5075 443 5128 lum
478 5075 559 5130 ita
582 5094 642 5132 se
673 5076 876 5134 habet:
920 5080 1099 5134 Credo
1133 5080 1189 5134 in
1221 5097 1399 5136 unum
1434 5082 1615 5140 Deum
1660 5087 2025 5158 omnipoten-

319 5167 460 5230 tem,
507 5166 752 5234 Patrem,
797 5177 848 5224 et
898 5171 1127 5238 Filium,
1161 5176 1215 5227 et
1261 5172 1538 5242 Spiritum
1573 5182 1864 5246 sanctum,
1910 5183 2025 5235 tres

391 5325 474 5406 (ii)
498 5330 747 5406 Celtici”
772 5347 868 5397 per
887 5335 1158 5406 stationes
1187 5339 1453 5390 tractatus
1483 5338 1690 5406 Evang.
1732 5341 2026 5396 declamat.

342 5469 352 5478 ν
391 5397 471 5483 (ὑλ
494 5397 739 5483 ξηνῐξιθιεη
761 5404 914 5483 ponit
934 5407 1183 5483 ponti/iri
1196 5407 1362 5461 Felici
1387 5397 1773 5466 rationemlta
1799 5430 2029 5483 quoque

339 5469 398 5523 in
433 5467 530 5521 Ed.
567 5467 824 5524 Bollan’d.
860 5477 915 5526 et
934 5467 1161 5529 Mabill.

393 5536 851 5625 (siqu-scamna
881 5544 1062 5625 Yati’c.
1095 5562 1227 5625 cum
1264 5549 1370 5605 Ms.
1404 5556 1581 5625 Reg,
1623 5563 1956 5612 convertam.

400 5611 487 5685 (ιι)
518 5613 580 5667 Et
619 5611 699 5666 ibi
735 5612 953 5670 abesta
1000 5615 1218 5672 Gemet.

2126 4369 2364 4424 daturus
2397 4367 2614 4423 sanctis
2646 4372 2923 4439 perpetua
2949 4367 3181 4437 praemia
3213 4364 3374 4437 regni
3399 4363 3668 4428 ccelestis,
3724 4360 3832 4415 ini-

2129 4459 2260 4531 quis
2290 4463 2481 4514 autem
2515 4458 2800 4530 supplicia
2823 4457 2972 4529 ignis
3004 4456 3223 4522 aeterni,
3256 4456 3638 4509 innovaturus
3657 4465 3829 4505 saecu-

2129 4549 2246 4604 lum
2304 4565 2405 4620 per
2462 4549 2655 4619 ignem
2713 4548 2768 4601 in
2804 4546 2998 4602 carnis
3060 4543 3498 4600 resurrectione.
3545 4541 3832 4596 Conﬁteor

2125 4655 2300 4694 unam
2360 4639 2553 4705 ﬁdem,
2607 4655 2790 4693 unum
2835 4637 3147 4708 baptisma,
3202 4650 3379 4689 unam
3430 4630 3831 4704 apostolicam,

2127 4736 2180 4784 et
2221 4727 2607 4784 universalem
2660 4725 2998 4791 Ecclesiam,
3026 4725 3083 4780 in
3127 4741 3239 4794 qua
3293 4721 3416 4778 sola
3461 4726 3704 4792 possunt
3745 4717 3836 4772 1a-

2127 4818 2246 4874 xari
2283 4821 2518 4890 peccata
2548 4817 2608 4872 in
2658 4817 2890 4873 nomine
2941 4814 3148 4882 Patris,
3189 4817 3247 4869 et
3291 4811 3440 4880 Filii,
3470 4815 3528 4867 et
3582 4810 3836 4880 Spiritus

2129 4907 2339 4963 sancﬁ.

2201 4999 2253 5052 3.
2287 4997 2629 5068 Synodicam
2675 5012 2904 5069 quoque
2934 5011 3102 5051 suam
3144 4991 3477 5064 Gregorius,
3507 4987 3835 5046 secundum

2133 5088 2387 5159 priscum
2406 5087 2777 5142 decessorum
2806 5101 3043 5140 suorum
3071 5079 3837 5150 morem,JoanniConstan-

2133 5176 2539 5248 tinopolitano,
2588 5174 2826 5247 Eulogio
2869 5172 3274 5238 Alexandrino,
3306 5169 3580 5241 Gregorio
3629 5164 3832 5222 Antic-

2229 5342 2279 5410 e)
2312 5341 2371 5394 1d
2409 5357 2516 5393 non
2557 5339 2766 5409 legitur
2799 5338 2853 5391 in
2900 5337 3125 5410 Germet.

2229 5342 2279 5410 e)
2312 5342 2371 5394 1d
2409 5357 2516 5393 non
2557 5342 2766 5409 legitur
2799 5342 2853 5391 in
2900 5342 3125 5392 Gemet.

2204 5342 2271 5481 if)
2307 5413 2467 5479 Reg,
2499 5412 2680 5476 Colb.,
2714 5410 2932 5473 Norm.,
2966 5409 3026 5462 in
3057 5408 3292 5481 speculo.

2208 5471 2286 5554 (ᾗ)
2309 5471 2643 5550 Ξὶὄιὲεὶωιι
2669 5471 2729 5534 in
2773 5471 3059 5554 plerisque
3084 5471 3225 5554 Mss.
3255 5481 3325 5530 At
3374 5476 3430 5531 in
3461 5474 3626 5554 Begu
3676 5471 3838 5554 Co_lb.

2136 5559 2193 5611 et
2214 5544 2279 5608 in
2314 5544 2574 5620 Excusis,
2607 5544 2786 5607 totius'
2803 5544 3143 5606 humilitatis
3173 5554 3223 5605 et
3252 5544 3606 5604 auctoritatis
3652 5544 3842 5600 ortho-

2138 5627 2310 5683 doxz.
2349 5625 2512 5691 Boll.,
2536 5633 2588 5680 et
2615 5623 2757 5679 orth.
2792 5621 2941 5692 ﬁdei.
