4088 6172
168 217 240 278 89
735 213 796 276 S.
843 215 1222 304 GBEGORII
1269 215 1518 278 MAGNI
1561 213 1767 289 VITA,
1816 216 2051 280 AUCT.
2095 216 2402 278 JOANNE
2448 217 2811 280 DIACONO.
2859 216 3005 282 LIB.
3077 220 3131 282 Ι.
3617 221 3694 282 90

164 348 602 417 cheno,Joanni
621 347 1202 420 Jerosolymitano,et
1222 349 1530 405 Anastasio
1548 352 1627 421 (a)
1647 350 1887 421 patriar-
1916 354 1968 417 Α
2001 351 2213 407 erroris
2253 352 2445 423 plena,
2497 352 2858 422 reprobatur,
2912 355 2968 407 et
3013 350 3347 407 Theodorus
3390 367 3698 423 personam

161 440 278 496 chze
330 438 705 494 Antiocheno
753 437 1087 506 destinavit,
1133 455 1264 509 qum
1295 438 1375 495 ita
1420 438 1538 495 46
1569 455 1632 495 se
1663 441 1875 496 habet:

161 550 185 575 «
236 527 657 583 Consideranti
717 526 860 584 mihi
917 527 1073 598 quod
1123 527 1312 599 impar
1368 529 1590 584 meritis
1642 545 1708 584 ac
1762 534 1884 584 toto

161 617 359 672 animo
397 618 663 672 renitens
683 617 988 688 pastoralis
1010 633 1158 674 cura:
1191 620 1444 688 pondera
1467 628 1693 690 portare
1723 635 1883 675 com-

159 707 365 778 pulsus
398 708 542 772 sim,
573 705 758 777 caligo
792 706 1054 762 maeroris
1080 709 1355 776 occurrit,
1387 712 1444 764 et
1475 708 1635 764 triste
1676 724 1772 763 cor
1795 708 1885 763 ni-

160 795 236 850 hil
273 796 440 850 aliud
473 796 586 852 nisi
609 813 706 852 cas
728 814 856 867 quas
878 797 1056 851 videri
1085 798 1165 851 nil
1190 798 1392 853 sinunt
1414 799 1685 854 tenebras
1707 799 1882 853 videt.

159 887 306 938 Nam
341 884 486 954 quid
521 884 764 939 antistes
801 885 882 956 (ὁ)
918 886 984 940 ad
1017 884 1352 955 Dominum,
1386 887 1497 941 nisi
1529 904 1630 956 pro
1662 885 1885 941 delictis

163 971 363 1044 pepuli
396 973 754 1028 intercessor
778 973 1046 1044 eligitur?
1076 975 1197 1040 Qua
1217 973 1414 1046 itaque
1437 974 1647 1030 fiducia
1664 975 1734 1030 ad
1753 990 1886 1029 eum

165 1078 264 1132 pro
294 1063 559 1132 peccatis
597 1061 801 1118 alienis
831 1062 1176 1118 intercessor
1215 1065 1400 1132 venio,
1424 1066 1580 1136 apud
1613 1080 1786 1134 quem
1817 1063 1888 1116 de

165 1151 422 1224 prapriis
443 1168 688 1207 securus
712 1169 827 1209 non
851 1169 983 1207 sum
1007 1153 1033 1206 Ἰ
1055 1153 1114 1207 Si
1139 1155 1384 1210 fortasse
1414 1155 1706 1227 quispiam
1732 1155 1885 1226 apud

165 1243 471 1307 potentem
504 1239 715 1307 virum,
751 1243 847 1311 qui
883 1247 941 1296 et
972 1242 1084 1296 sibi
1115 1242 1320 1309 iratus,
1355 1247 1411 1297 et
1443 1243 1587 1298 mihi
1617 1248 1770 1298 esset
1800 1245 1888 1298 in-

165 1328 466 1398 cognitus,
490 1330 935 1386 intercessorem
961 1347 1128 1386 suum
1163 1347 1252 1387 me
1282 1333 1405 1387 fieri
1429 1337 1731 1404 quareret,
1755 1349 1892 1404 pro-

166 1417 326 1472 tinus
351 1421 770 1488 responderem
791 1438 804 1474 :
823 1422 903 1475 Ad
931 1422 1407 1477 intercedendum
1427 1423 1618 1478 venire
1643 1439 1889 1494 nequeo,

169 1506 303 1576 quia
333 1508 469 1576 ejus
501 1509 770 1565 notitiam
799 1526 867 1566 ex
898 1511 1098 1566 sedula
1129 1511 1522 1569 familiaritate
1545 1530 1658 1569 non
1681 1513 1886 1570 habeo.

167 1594 431 1665 Siigitur
461 1603 615 1653 recte
654 1598 828 1653 homo
864 1600 1015 1670 apud
1051 1599 1361 1666 hominem,
1401 1602 1472 1657 de
1502 1618 1617 1671 quo
1649 1601 1892 1658 minime

1993 439 2324 496 Mediatoris
2341 440 2442 496 Dei
2464 445 2522 496 et
2542 440 2848 495 hominum
2865 441 2942 511 (g)
2963 440 3019 494 in
3043 440 3276 495 duobus
3298 439 3698 495 subsistentiis

1992 547 2296 601 separans,
2326 531 2395 584 ad
2424 529 2744 598 impietatis
2780 529 3084 601 perfidiam
3106 529 3388 586 cecidisse
3407 530 3702 585 convinci-

1992 622 2107 674 tur.
2140 619 2362 690 Scripta
2396 618 2504 674 47
2555 636 2788 690 quoque
2832 618 3187 686 Theodoriti,
3238 634 3340 689 per
3389 634 3516 689 qum
3547 617 3700 674 beati

1992 707 2190 779 Cyrilli
2245 708 2388 763 fides
2417 708 2886 778 reprehenditur,
2919 725 3063 763 ausu
3119 707 3430 763 dementia
3480 707 3702 779 prolata

1994 800 2343 855 refutantur.
2403 798 2650 854 Cunctas
2704 814 2839 854 vero
2893 814 3040 869 quas
3098 798 3334 870 praefata
3375 796 3703 854 veneranda

1995 889 2240 950 concilia
2278 905 2554 960 personas
2587 892 2868 959 respuunt
2896 905 3137 959 respuo;
3171 904 3318 958 quas
3351 893 3704 944 venerantur

1996 977 2332 1049 amplector.
2358 977 2500 1040 Quia
2526 978 2666 1032 dum
2691 977 2999 1032 universali
3023 983 3164 1032 sunt
3185 993 3470 1032 consensu
3490 977 3703 1033 consti-

1995 1070 2144 1133 tuta,
2177 1083 2238 1123 se
2286 1074 2339 1121 et
2387 1084 2499 1122 non
2535 1068 2633 1122 illa
2663 1067 2929 1131 destruit,
2975 1065 3236 1136 quisquis
3270 1067 3571 1137 praesumit
3599 1070 3704 1121 aut

1996 1155 2215 1211 solvere
2273 1172 2418 1226 quos
2469 1156 2736 1228 religant,
2814 1163 2908 1211 aut
2980 1155 3160 1226 ligare
3225 1171 3372 1225 quos
3448 1153 3700 1211 solvunt.

1997 1245 2265 1314 Quisquis
2310 1263 2444 1316 ergo
2489 1245 2644 1300 aliud
2695 1245 2867 1316 sapit,
2915 1245 3224 1300 anathema
3271 1244 3428 1299 sit».
3479 1244 3624 1314 (Lib.
3659 1259 3699 1310 ι,

1996 1350 2117 1406 cap.
2148 1335 2263 1406 25).

2068 1426 2122 1478 5.
2158 1424 2275 1480 Hoc
2326 1425 2518 1491 modo,
2556 1432 2856 1494 postquam
2907 1423 3218 1494 Gregorius
3262 1423 3700 1478 fundamentum

1999 1530 2117 1570 suis
2150 1514 2283 1569 fidei
2315 1516 2641 1570 secundum
2674 1514 2923 1582 priscum
2951 1514 3439 1584 praedecessorum
3463 1527 3701 1566 suorum

2001 1603 2340 1673 pontificum
2373 1619 2620 1672 morem,
2643 1601 2969 1658 luculenter
2992 1603 3326 1674 apostolicis
3352 1600 3576 1657 thronis
3605 1616 3702 1654 ex-

170 1686 712 1758 presumpsissem,
737 1687 860 1744 ﬁeri
886 1688 1233 1745 intercessor
1262 1691 1685 1760 erubescerem,
1710 1708 1893 1762 quan-
1925 1724 1969 1788 Β
2001 1692 2213 1761 posuit,
2236 1693 2703 1749 animadvertens
2725 1708 2785 1748 se
2806 1693 2932 1748 ideo
2973 1709 3006 1747 a
3039 1691 3280 1747 Domino
3303 1705 3478 1762 super
3507 1699 3706 1759 gentes

169 1783 236 1832 te
269 1777 381 1833 hoc
407 1777 671 1832 audacias
711 1783 798 1834 est
828 1779 980 1850 quod
1023 1780 1178 1851 apud
1222 1780 1402 1836 Deum
1429 1799 1530 1852 pro
1564 1781 1774 1854 populo
1807 1780 1891 1838 lo-

171 1881 298 1920 cum
352 1867 767 1922 intercessoris
815 1867 1068 1935 obtineo,
1119 1868 1212 1923 cui
1266 1869 1609 1925 familiarem
1642 1887 1735 1925 me
1765 1886 1892 1926 esse

173 1971 267 2025 per
307 1955 445 2011 vita
484 1955 757 2011 meritum
804 1973 919 2012 non
952 1957 1245 2026 agnosco?
1276 1957 1396 2022 Qua
1425 1957 1486 2014 in
1519 1975 1577 2016 re
1617 1964 1708 2014 est
1749 1959 1893 2014 mihi

174 2044 366 2100 adhuc
401 2043 568 2100 aliud
601 2045 831 2116 gravius
864 2047 1319 2114 formidandum,
1353 2047 1492 2119 quia
1521 2049 1670 2104 sicut
1701 2049 1898 2106 cuncti

176 2134 396 2204 liquido
433 2136 838 2206 cognovimus,
872 2153 1006 2192 cum
1043 2137 1092 2192 is
1125 2137 1227 2208 qui
1259 2136 1526 2208 displicet
1555 2139 1622 2194 ad
1654 2140 1896 2194 interce-

178 2225 442 2280 dendum
479 2224 751 2292 mittitur,
783 2225 919 2281 irati
950 2226 1185 2282 animus
1218 2227 1289 2281 ad
1323 2227 1606 2282 deteriora
1629 2244 1899 2298 provoca-

179 2318 284 2380 tur,
320 2325 376 2370 et
413 2315 582 2369 valde
600 2315 946 2385 pertimesco
970 2331 1041 2372 ne
1062 2316 1380 2373 commissa
1403 2317 1544 2372 mihi
1578 2318 1738 2388 plebs
1760 2319 1900 2374 fide-

185 2402 320 2457 lium
357 2409 568 2457 reatus
599 2402 713 2459 mei
761 2403 1155 2460 additamenta
1196 2406 1487 2476 depereat,
1529 2407 1699 2476 cujus
1744 2422 1902 2462 nunc

181 2509 361 2564 usque
397 2493 689 2548 Dominus
719 2494 1128 2565 aequanimiter
1176 2495 1383 2550 delicta
1425 2496 1722 2552 tolerabat.
1758 2497 1901 2552 Cum

183 2599 308 2637 vero
342 2589 652 2653 utcunque
699 2583 855 2638 hunc
887 2583 1154 2641 timorem
1187 2587 1514 2658 supprimo,
1546 2590 1601 2642 et
1639 2587 1904 2642 consola-

187 2681 292 2728 tam
327 2679 594 2729 mentem
630 2673 704 2728 ad
761 2674 1113 2746 pontificalis
1169 2677 1359 2747 operis
1416 2677 1610 2732 studia
1640 2679 1901 2748 accingo,

191 2764 552 2818 considerata
584 2763 712 2834 ipsa
743 2764 822 2819 rei
853 2765 1268 2830 immensitate,
1313 2767 1614 2823 deterreor.
1648 2767 1904 2839 Perpen-

189 2856 251 2906 do
284 2853 513 2923 quippe
547 2853 700 2923 quod
735 2855 892 2908 omni
924 2870 1062 2910 cura
1105 2855 1462 2926 vigilandum
1499 2861 1588 2912 est
1629 2860 1689 2911 ut
1719 2860 1907 2911 rector

188 2943 544 3012 cogitatione
592 2943 666 2998 sit
694 2944 976 3008 mundus,
1009 2946 1341 3016 operatione
1390 2946 1739 3018 precipuus,
1785 2947 1908 3002 dis-

192 3038 377 3086 cretus
411 3032 473 3086 in
537 3031 793 3099 silentio,
828 3032 990 3088 utilis
1022 3034 1079 3088 in
1130 3034 1327 3100 verbo,
1361 3034 1608 3105 singulis
1637 3052 1901 3106 compas-

189 3123 341 3177 sione
375 3121 712 3193 proximus,
737 3140 850 3194 pra:
878 3126 1101 3180 cunctis
1140 3127 1628 3197 contemplatione
1659 3143 1904 3198 suspen-

189 3227 301 3276 sus,
337 3213 496 3267 bene
529 3213 842 3284 agentibus
873 3231 975 3286 per
1021 3215 1414 3273 humilitatem
1446 3218 1662 3285 socius,
1701 3221 1905 3274 contra

189 3302 654 3374 delinquentium
670 3303 803 3358 vitia
818 3304 890 3375 (c)
907 3320 1008 3376 per
1021 3305 1210 3360 zelum
1229 3307 1594 3363 rectitudinis
1608 3313 1831 3364 erectus
1849 3329 1902 3372 υ,

187 3398 237 3445 et
265 3398 480 3447 caetera
515 3409 647 3462 quae
680 3402 807 3464 post
836 3393 895 3448 in
929 3394 1076 3450 libro
1098 3396 1379 3451 Pastorali
1413 3399 1804 3469 prosequitur.

247 3482 297 3535 4.
334 3505 362 3529 ‹‹
407 3481 693 3536 Praeterea
724 3483 857 3552 quia
881 3484 1072 3550 corde,
1098 3485 1304 3556 inquit,
1339 3487 1594 3541 creditur
1622 3487 1692 3542 ad
1718 3486 1904 3557 justi—

185 3570 342 3637 tiam,
379 3587 485 3626 ore
516 3577 712 3626 autem
761 3573 1048 3628 confessio
1085 3574 1149 3628 fit
1199 3574 1272 3630 ad
1320 3574 1568 3632 salutem
1615 3578 1790 3645 (Rom.
1822 3579 1902 3648 ι),

189 3660 328 3714 sicut
353 3661 552 3714 sancti
573 3661 862 3732 Evangelii
885 3669 1126 3732 quatuor
1154 3663 1352 3733 libros,
1389 3666 1471 3720 sic
1493 3671 1743 3736 quatuor
1763 3683 1904 3722 con-

190 3749 316 3804 cilia
361 3750 669 3820 suscipere
706 3756 763 3806 et
799 3752 1058 3807 venerari
1096 3769 1185 3808 me
1217 3754 1432 3810 fateor:
1469 3756 1761 3811 Nicasnum
1793 3757 1904 3810 sci-

185 3838 333 3902 licet,
376 3840 437 3894 in
469 3856 584 3910 quo
609 3856 923 3908 perversum
953 3842 1070 3897 Arii
1115 3843 1325 3912 dogma
1364 3843 1719 3912 destruitur;
1753 3847 1900 3901 Con-

186 3928 784 3999 stantinOpolitanum
814 3946 1064 4002 quoque,
1099 3932 1156 3986 in
1190 3947 1302 4004 quo
1333 3933 1600 3988 Eunomii
1632 3937 1690 3988 et
1719 3937 1903 3990 Mace-

185 4019 335 4074 donii
362 4019 616 4088 error(d)
632 4019 1018 4088 convincitur;
1045 4021 1402 4092 Ephesinum
1427 4022 1598 4078 etiam
1624 4023 1901 4095 primum,

183 4106 237 4161 in
284 4123 410 4178 quo
458 4107 714 4162 Nestorii
761 4108 1021 4179 impietas
1061 4109 1390 4179 iudicatur;
1437 4111 1904 4168 Chalcedonense

183 4213 335 4260 vero,
372 4197 436 4250 in
461 4213 579 4267 quo
613 4196 679 4267 (e)
711 4197 1070 4270 Euthycetis,
1105 4199 1485 4273 Dioscorique
1531 4202 1785 4274 pravitas
1815 4218 1903 4259 re-

182 4287 496 4357 probatur,
555 4292 670 4342 tota
732 4289 1030 4345 devotione
1097 4291 1471 4362 complector,
1533 4293 1904 4364 integerrima

185 4376 622 4447 approbatione
644 4378 929 4446 custodio,
962 4379 1100 4450 quia
1130 4380 1190 4435 in
1222 4380 1314 4436 his
1344 4380 1502 4437 velut
1525 4381 1584 4438 in
1616 4383 1901 4454 quadrato

2001 1787 2058 1837 et
2089 1799 2266 1853 regna
2301 1799 2599 1837 summum
2644 1782 2974 1853 pontificem
3010 1782 3415 1846 constitutum,
3441 1788 3520 1845 ut,
3546 1779 3710 1848 juxta

2003 1872 2147 1927 illud
2205 1871 2605 1943 propheticum
2640 1873 2852 1941 (Jercm.
2902 1874 2958 1941 1),
2995 1872 3260 1927 vitiorum
3293 1870 3514 1925 radices
3559 1868 3711 1924 evel-

2005 1962 2170 2027 leret,
2229 1962 2553 2017 destrueret
2600 1968 2774 2033 atque
2805 1962 3182 2034 disperderet,
3213 1961 3412 2030 sicque
3469 1960 3707 2014 demum

2006 2052 2335 2121 aedificaret,
2371 2051 2774 2123 plantaretque
2805 2051 3066 2116 virtutes,
3101 2066 3302 2106 omnes
3334 2049 3708 2106 consuetudi-

2008 2157 2111 2196 nes
2141 2157 2288 2210 quas
2317 2149 2517 2196 contra
2550 2141 2800 2212 priscam
2823 2140 3192 2196 traditionem
3213 2138 3591 2210 apostolicam
3617 2153 3713 2193 no-

2009 2231 2152 2286 viter
2201 2230 2518 2300 pullulasse
2572 2235 2940 2301 cognoverat,
2987 2228 3255 2285 videlicet
3297 2229 3368 2284 de
3424 2227 3714 2282 ministris

2010 2320 2368 2386 cantoribus,
2401 2320 2472 2374 de
2495 2319 2658 2375 laicis
2692 2319 2951 2391 pontifici
2985 2317 3350 2374 familiariter
3372 2315 3711 2372 adhaerenti-

2011 2411 2144 2478 bus,
2172 2410 2242 2465 de
2271 2410 2578 2464 titulandis
2625 2407 3099 2480 praejudicialiter
3126 2407 3490 2479 quibuslibet
3521 2406 3716 2472 rebus,

2012 2498 2083 2554 de
2105 2497 2464 2570 contegendo
2487 2498 2815 2554 dalmaticis
2839 2496 3157 2568 apostolico
3181 2497 3383 2552 feretro
3399 2497 3499 2566 (h),
3523 2496 3594 2550 de
3620 2512 3722 2566 pa-

2015 2587 2308 2647 stillatico.
2351 2595 2403 2641 et
2428 2588 2496 2642 de
2540 2602 2656 2642 non
2680 2586 3056 2641 admittendis
3081 2585 3301 2655 passim
3323 2583 3489 2639 laicis
3521 2584 3588 2638 ad
3621 2598 3720 2637 ec-

2014 2676 2319 2732 clesiastici
2343 2677 2496 2746 juris
2536 2675 2818 2741 officium,
2846 2691 2947 2745 pro
2983 2675 3158 2745 pallio
3181 2673 3268 2729 vel
3289 2673 3720 2729 consecratione

2017 2764 2380 2835 pontificum,
2405 2762 2590 2832 primo
2622 2763 2857 2835 quidem
2887 2779 2919 2818 a
2941 2762 3216 2817 Romana:
3239 2760 3528 2828 Ecclesia,
3564 2764 3722 2830 post-

2017 2855 2258 2908 modum
2289 2869 2422 2908 vero
2454 2852 2709 2908 collectis
2741 2853 3198 2923 circumquaque
3233 2849 3554 2922 positarum
3587 2865 3718 2919 pro-

2015 2944 2336 3000 vinciarum
2370 2943 2684 3015 episcopis,
2717 2960 2750 2998 a
2779 2943 2964 2998 totius
2999 2946 3214 2997 sancta
3245 2938 3587 2997 universalis
3618 2939 3720 2994 Ec-

2017 3036 2205 3092 clesia:
2237 3052 2476 3107 corpore
2513 3033 2852 3105 segregavit,
2904 3049 3086 3105 eaque
3125 3033 3235 3088 sub
3277 3031 3718 3102 interpositione

2018 3125 2292 3182 terribilis
2322 3125 2734 3192 analhematis,
2768 3132 2884 3180 tam
2927 3123 3272 3196 generaliter
3298 3139 3477 3194 quam
3519 3137 3716 3194 perpe-

2013 3215 2244 3272 tualiter
2266 3215 2692 3271 condemnavit.

2084 3306 2138 3360 6.
2164 3304 2378 3360 Deinde
2399 3304 2454 3358 in
2476 3305 2648 3360 domo
2675 3303 2925 3371 Domini,
2947 3320 3105 3359 more
3124 3301 3535 3375 sapientissimi
3559 3300 3718 3357 Salo-

2015 3395 2223 3461 monis,
2249 3398 2482 3465 propter
2501 3393 2731 3449 musicte
2751 3392 3261 3464 compunctionem
3284 3391 3632 3459 dulcedinis,
3654 3392 3717 3464 (ἰ)

2013 3483 2500 3556 Antiphonarium
2555 3491 2856 3540 centonem
2903 3487 3209 3540 cantorum
3241 3481 3718 3538 studiosisimus

2014 3572 2193 3628 nimis
2218 3574 2440 3630 utiliter
2459 3571 2793 3644 compilavit
2816 3598 2831 3640 ;
2853 3572 3112 3628 scholam
3139 3586 3373 3642 quoque
3391 3575 3714 3637 cantorum,

2015 3680 2139 3733 quae
2171 3663 2450 3719 hactenus
2481 3663 2699 3719 eisdem
2733 3662 3206 3718 institutionibus
3244 3661 3306 3717 in
3353 3667 3557 3717 sancta
3601 3660 3716 3715 Ro-

2017 3768 2194 3808 mana
2251 3752 2508 3808 Ecclesia
2566 3752 2923 3821 modulatur,
2963 3751 3299 3818 constituit;
3360 3750 3530 3821 eique
3585 3765 3716 3804 cum

2016 3840 2316 3898 nonnullis
2339 3841 2561 3910 prediis
2581 3842 2694 3896 duo
2719 3840 3072 3908 habitacula,
3097 3839 3318 3894 scilicet
3337 3838 3583 3894 alterum
3607 3839 3717 3893 sub

2016 3930 2293 4003 gradibus
2315 3929 2566 3984 basilice
2602 3929 2754 3984 beati
2793 3929 2944 3984 Petri
2986 3927 3258 3999 apostoli,
3295 3928 3542 3982 alterum
3585 3943 3718 3982 vero

2018 4021 2129 4084 sub
2163 4019 2568 4076 Lateranensis
2605 4017 2940 4090 patriarchii
2964 4017 3237 4073 domibus
3272 4017 3591 4083 fabricavit,
3624 4013 3720 4069 ubi

2018 4125 2202 4182 usque
2233 4109 2406 4165 hodie
2430 4107 2613 4163 lectus
2635 4107 2783 4178 ejus,
2825 4109 2883 4162 in
2920 4123 3033 4178 quo
3069 4107 3353 4162 recubans
3375 4105 3718 4162 modulaba-

2016 4206 2133 4269 tur,
2165 4205 2223 4256 et
2239 4197 2531 4270 flagellum
2555 4197 2762 4270 ipsius,
2803 4214 2918 4267 quo
2946 4197 3144 4269 pueris
3167 4196 3515 4265 minabatur,
3547 4211 3720 4252 vene-

2016 4294 2240 4348 ratione
2271 4306 2525 4362 congrua
2555 4305 2686 4345 cum
2716 4288 3052 4343 authentico
3083 4286 3505 4358 Antiphonario
3535 4301 3721 4342 reser-

2014 4387 2202 4451 vatur,
2226 4396 2352 4452 quae
2375 4377 2638 4434 videlicet
2669 4377 2795 4434 loca
2834 4393 2934 4449 per
2973 4378 3245 4449 praecepti
3265 4376 3474 4432 seriem
3498 4377 3605 4433 sub
3636 4375 3721 4432 iu-

182 4464 380 4536 lapide
413 4471 633 4521 sancta
653 4467 781 4522 fidei
805 4473 1098 4525 structura
1127 4472 1457 4544 consurgit;
1489 4476 1544 4528 et
1583 4474 1902 4544 cujuslibet
1933 4487 1978 4553 ι)
2011 4468 2794 4542 terpositioneanathematis
2808 4467 2880 4524 ob
2898 4467 3208 4524 ministerii
3231 4467 3541 4538 quotidiam
3569 4470 3721 4522 utro-

183 4554 314 4609 vite
342 4560 528 4626 atque
554 4556 874 4628 actionisU)
913 4575 1116 4614 norma
1147 4560 1372 4629 existat,
1406 4563 1674 4634 quisquis
1704 4580 1902 4621 eorum
2013 4561 2188 4633 bique
2217 4560 2462 4632 gratiam
2495 4558 2821 4614 subdivisit.

187 4644 548 4700 soliditatem
573 4661 686 4701 non
712 4649 887 4716 tenet,
912 4647 1084 4703 etiam
1117 4649 1167 4705 si
1198 4650 1345 4721 lapis
1367 4667 1496 4708 esse
1518 4651 1796 4720 cernitur,
1821 4657 1904 4711 ta-

185 4749 320 4789 men
355 4738 526 4789 extra
556 4733 864 4791 ssdificium
893 4735 1069 4806 jacet.
1123 4738 1404 4802 Quintum
1453 4757 1676 4812 quoque
1706 4742 1902 4798 conci-

186 4823 330 4880 lium
366 4823 588 4895 pariter
610 4840 866 4891 veneror,
890 4824 948 4881 in
979 4843 1091 4899 quo
1122 4828 1364 4900 epistola
1386 4846 1513 4902 que
1537 4832 1648 4887 Iba
1671 4832 1902 4903 dicitur,

260 5044 334 5108 (ο)
368 5042 498 5114 Sig.
532 5046 590 5096 et
621 5042 784 5113 Reg.,
813 5046 1220 5114 expatriarchae
1241 5048 1503 5106 Antioch.

258 5115 335 5183 (ὁ)
369 5112 580 5167 Norm.
614 5130 648 5168 α
679 5112 924 5170 Domino.

263 5183 330 5262 (ε)
367 5184 429 5262 l_n
470 5183 757 5262 Gussanv.
793 5193 847 5262 et
877 5187 1083 5256 Vatic.,
1105 5204 1202 5262 per
1230 5191 1410 5246 zelum
1429 5193 1691 5262 justitiz.

264 5257 336 5331 td)
370 5257 601 5331 T_uro_n.
635 5259 966 5331 et_Andeg.,
996 5257 1374 5331 coniungitur.

262 5330 328 5402 (is)
358 5327 477 5402 AL,
501 5329 795 5402 iEutychis,
827 5327 919 5402 vel
951 5327 1226 5402 Eutychii.

265 5400 328 5466 (Γ)
359 5401 614 5464 Quidam
639 5401 860 5469 excusi,
891 5400 1126 5457 actioni:
1145 5421 1341 5460 norma
1371 5409 1636 5462 consistit.

258 5470 340 5540 (9)
361 5472 422 5552 In
451 5471 598 5552 Mss.
616 5472 950 5552 _Saoge_rm.,
972 5473 1134 5552 Begu
1159 5474 1320 5552 Golb.
1347 5478 1737 5552 etnonnullis,
1755 5494 1913 5552 meo:

197 5540 349 5608 dose,
393 5541 458 5596 in
491 5541 706 5622 duabus
733 5540 1086 5622 substantiis:
1100 5540 1324 5622 Quibu
1365 5547 1660 5606 adhmrent
1679 5540 1914 5622 V'ulgati

198 5627 434 5700 anes,‘
449 5615 722 5700 quamvis
737 5615 1004 5700 haeresim
1024 5619 1207 5700 sapiat
1228 5635 1440 5700 negare
1455 5622 1754 5700 Christum
1775 5615 1914 5679 d'ua-

199 5683 303 5740 bus
341 5683 704 5744 substantiis
734 5691 1021 5756 constare,
1052 5683 1249 5748 divina
1278 5683 1501 5751 scilicet
1537 5709 1605 5753 ac
1633 5693 1912 5752 humana.

2082 4651 2136 4705 7.
2171 4650 2357 4720 Hujus
2391 4647 2806 4705 modulationis
2839 4647 3212 4705 dulcedinem
3255 4649 3408 4704 inter
3430 4647 3574 4704 alias
3605 4652 3722 4704 Eu-

2011 4757 2162 4812 r0pas
2198 4747 2399 4811 gentes
2420 4738 2689 4794 Germani
2716 4754 2818 4794 seu
2841 4737 2992 4794 Galli
3018 4738 3240 4794 discere
3276 4738 3595 4809 crebroque
3626 4753 3718 4793 re-

2013 4831 2238 4887 discere
2275 4829 2580 4900 insigniter
2625 4832 2962 4900 potuerunt,
3010 4828 3410 4900 incorruptam
3442 4842 3573 4882 vero
3595 4830 3714 4881 tam

2015 5047 2510 5116 Legendum-ergo
2531 5049 2590 5102 in
2624 5045 2834 5101 duabus
2872 5045 3395 5116 subsistentiistseu
3426 5047 3714 5116 personis,

2015 5060 2436 5116 Legenuum-er
2479 5061 2590 5102 om
2624 5060 2834 5101 auaous
2872 5060 3257 5110 suousrenms,
3299 5060 3395 5099 seu
3426 5060 3714 5114 personis,

2015 5118 2315 5200 ut.hah_ent
2335 5060 2593 5174 aliiﬁldss.
2618 5117 2824 5182 nostri,
2858 5123 2974 5172 tam
3005 5115 3246 5172 Joannis
3269 5115 3508 5171 Diaconi
3538 5133 3716 5188 quam

2016 5189 2421 5332 6323012133,
2451 5262 2592 5333 Reg.
2623 5264 2677 5315 et
2708 5259 2891 5333 Colb.,
2923 5259 2987 5314 de
3016 5257 3372 5333 pastillatico,
3403 5276 3502 5332 pro
3523 5262 3717 5333 pauio,

2017 5333 2111 5413 vel.
2127 5331 2898 5413 consecratione—pontiﬁcum,
2932 5339 2981 5386 et
3007 5331 3070 5385 de
3099 5347 3230 5413 non,
3259 5337 3372 5391 etc.

2091 5403 2157 5474 (ἰ)
2186 5405 2434 5470 Gemet.,
2494 5403 2962 5472 Antiphonarium
3000 5407 3321 5460 concentum
3376 5404 3522 5460 stud.
3556 5406 3724 5462 Prius

2020 5475 2237 5531 lectum
2269 5481 2332 5531 ut
2361 5475 2420 5530 in
2452 5475 2610 5530 Colb.
2642 5477 2923 5549 concentu.
2957 5474 3100 5532 Utic.
3129 5476 3319 5549 habet.
3351 5477 3572 5549 Antiph.
3604 5494 3729 5549 can-

2022 5551 2248 5673 tum‘zet
2294 5563 2395 5618 per
2441 5547 2857 5603 correctionem
2897 5556 3236 5606 concentum.
3289 5548 3454 5622 Reg,
3483 5547 3723 5623 ‘Antiph.

2022 5633 2122 5673 can
2179 5633 2324 5673 rum.

2021 5633 2324 5674 cantorum.
