4088 6172
212 231 284 290 93
777 231 841 291 S.
889 227 1261 292 GREGORII
1306 226 1556 290 MAGNI
1600 227 1804 296 VITA,
1853 225 2080 288 AUCT.
2126 223 2434 288 JOANNE
2476 223 2843 287 DIACONO.
2893 223 3042 283 LIB.
3088 224 3173 283 Il.

3656 216 3736 276 94
3765 216 3773 254 -'

285 363 372 419 14.
395 364 860 421 Arcessebantur
881 364 1313 434 pontiﬁcalibus
1335 362 1640 434 profundis
1663 361 1921 419 consiliis
1951 362 2006 428 Α
2035 362 2198 434 gulas
2253 359 2847 431 irreprehensibiliter
2913 358 3088 414 fuerit
3147 357 3542 421 conversatus,
3601 355 3738 423 post

216 455 539 525 prudentes
561 456 692 523 viri,
720 472 866 527 quos
892 454 1183 527 perhibui,
1204 455 1397 526 potius
1420 470 1595 524 quam
1620 457 1922 525 potentes;

2037 453 2269 523 praefixa
2303 452 2483 508 sacris
2525 450 2848 507 canonibus
2897 454 3178 519 tempora,
3208 446 3446 500 licenter
3489 444 3613 513 jam
3662 442 3732 497 ad

217 549 270 600 et
300 561 569 616 paupere
617 545 984 617 philosophia
1033 544 1385 600 intrinsecus
1417 543 1558 615 quid
1605 543 1797 613 potius
1830 550 1926 597 aut
2036 543 2338 613 quodlibet
2375 541 2834 596 ecclesiasticum
2867 537 3126 594 ofﬁcium
3160 535 3529 607 provehatur,
3563 531 3613 586 si
3641 536 3732 585 ta-

215 633 596 705 potissimum
635 635 692 689 in
723 651 1074 705 unoquoque
1104 635 1334 702 negotio
1366 634 1732 702 sequendum
1765 635 1922 704 puta-

210 731 366 778 retur
397 724 741 780 artificiosis
763 723 1366 795 argumentationibus
1392 722 1810 781 rationabiliter
1831 721 1922 776 in-

210 814 501 883 quirente,
536 815 700 870 dives
730 814 958 882 inertia,
995 831 1124 887 quos
1157 816 1330 870 modo
1363 831 1424 871 se
1457 817 1527 870 de
1559 812 1923 884 sapientibus

207 902 329 971 pari
361 908 522 958 sorte
555 902 883 970 ulciscitur,
914 920 1030 976 prie
1063 904 1316 960 cubiculi
1349 905 1570 959 foribus
1602 900 1926 973 despicabi-

211 991 279 1046 lis
303 994 673 1049 remanebat.
698 993 830 1050 Sola
863 994 1059 1050 deerat
1079 994 1495 1064 interpretandi
1527 992 1804 1064 bilinguis
1829 1006 1924 1062 pe-

211 1081 362 1146 ritia,
396 1087 457 1137 et
490 1083 912 1138 facundissima
940 1083 1102 1156 virgo
1135 1084 1430 1155 Cecropia,
1468 1099 1594 1154 quae
1627 1083 1920 1153 quondam

208 1189 322 1226 sua
354 1174 578 1230 mentis
609 1175 899 1244 acumina,
922 1174 1180 1231 Varrone
1209 1173 1538 1231 caelibatum
1563 1189 1735 1230 suum
1769 1173 1922 1227 aufe-

208 1270 389 1331 rente,
419 1262 651 1319 Latinis
683 1263 1021 1329 tradiderat,
1045 1264 1509 1335 imposturarum
1542 1263 1656 1319 sibi
1689 1261 1918 1334 praesti-

203 1352 316 1422 gia,
351 1352 513 1406 sicut
542 1350 670 1423 ipse
703 1352 761 1409 in
794 1352 919 1408 suis
949 1353 1213 1423 epistolis
1245 1353 1533 1424 queritur,
1565 1351 1917 1407 vindicabat.

277 1439 365 1492 15.
389 1439 582 1495 Nemo
613 1439 920 1509 laicorum,
944 1441 1248 1512 quodlibet
1270 1440 1470 1511 palatii
1499 1440 1916 1508 ministerium,

202 1528 289 1583 vel
304 1529 774 1586 ecclesiasticum
793 1531 1203 1601 patrimonium
1225 1531 1592 1603 procurabat,
1609 1531 1706 1586 sed
1725 1530 1918 1585 omnia

209 1618 597 1674 ecclesiastici
621 1621 776 1690 juris
810 1621 1009 1677 munia
1053 1619 1430 1678 ecclesiastici
1473 1620 1579 1675 viri
1617 1619 1914 1686 subibant,

2036 648 2167 688 men
2212 631 2326 687 illis
2361 648 2472 688 non
2513 631 2688 686 fuerit
2726 629 3072 684 criminibus
3114 625 3468 690 maculatus,
3502 637 3627 693 quae
3671 619 3730 674 in

2036 722 2408 777 Testamento
2435 721 2623 777 Veteri
2653 724 2838 775 morte
2870 719 3248 775 mulctantur.
3284 737 3312 765 »

2110 815 2192 866 i7.
2227 812 2360 881 Sed,
2393 820 2444 866 et
2477 811 2550 884 (b)
2584 809 2955 866 Gelasianum
3006 807 3276 863 Codicem
3307 806 3376 860 de
3408 803 3728 858 missarum

2036 901 2356 968 solemniis,
2379 901 2566 956 multa
2583 900 2956 966 subtrahens,
2984 914 3165 970 pauca
3195 899 3559 960 convertens,
3583 907 3730 946 non-

2032 991 2196 1047 nulla
2215 1007 2349 1047 vero
2372 989 2848 1061 superadjiciens,
2875 1004 2972 1058 pro
3003 984 3358 1058 exponendis
3379 979 3729 1052 evangelicis

2029 1083 2381 1138 lectionibus
2403 1081 2459 1136 in
2485 1081 2658 1136 unius
2690 1080 2820 1136 libri
2852 1078 3146 1134 volumine
3177 1075 3508 1133 coarctavit.
3545 1073 3604 1126 In
3638 1087 3727 1125 ca-

2029 1189 2181 1229 none
2212 1170 2520 1242 apposuit:
2551 1169 2802 1239 Diesque
2827 1173 3055 1223 nostros
3086 1167 3145 1221 in
3169 1170 3269 1220 tua
3293 1179 3432 1236 pace
3463 1161 3726 1232 dispone,

2032 1268 2206 1333 atque
2237 1261 2309 1316 ab
2340 1269 2551 1316 eterna
2579 1260 2953 1314 damnatione
2994 1273 3097 1312 nos
3127 1254 3293 1325 eripi,
3324 1258 3381 1308 et
3409 1252 3466 1306 in
3510 1249 3728 1306 electo-

2030 1369 2159 1408 rum
2192 1357 2424 1406 tuorum
2450 1350 2661 1421 jubeas
2692 1364 2865 1421 grege
2897 1346 3212 1403 numerari.
3247 1366 3274 1394 ››

2102 1441 2188 1496 18.
2212 1442 2498 1496 Stationes
2521 1456 2621 1511 per
2645 1439 2921 1495 basilicas
2944 1437 3031 1491 vel
3063 1437 3366 1490 beatorum
3401 1438 3724 1501 martyrum

2028 1533 2374 1602 cmmeteria,
2407 1532 2730 1588 secundum
2767 1530 2918 1602 quod
2949 1530 3228 1583 hactenus
3271 1524 3431 1595 plebs
3463 1523 3726 1577 Romana

2026 1623 2190 1695 quasi
2223 1639 2287 1677 eo
2321 1623 2543 1677 vivente
2568 1621 2831 1676 certatim
2864 1617 3158 1684 discurrit,
3183 1613 3466 1671 sollicitus
3497 1611 3728 1667 ordina-

203 1708 493 1764 nimirum
518 1709 685 1765 laicis
706 1710 776 1764 ad
801 1725 1097 1765 armorum
1119 1709 1302 1766 solam
1327 1709 1614 1777 militiam,
1638 1709 1726 1764 vel
1747 1724 1913 1779 agro-
1945 1711 1992 1777 B
2022 1714 2135 1767 vit:
2173 1729 2271 1782 per
2304 1728 2450 1783 quas
2482 1716 2537 1767 et
2584 1711 2710 1781 ipse
2740 1709 2914 1765 simul
2944 1708 3306 1771 discurrens,
3340 1704 3482 1759 dum
3532 1700 3724 1756 adhuc

204 1815 333 1854 rum
366 1815 573 1854 curam
598 1798 938 1855 continuam
967 1800 1282 1870 deputatis.
1305 1799 1388 1855 Ob
1421 1799 1530 1855 hoc
1553 1815 1610 1854 se
1643 1794 1913 1853 nonnulli

203 1905 517 1959 procerum
536 1889 648 1944 sub
680 1890 919 1945 obtentu
944 1889 1244 1961 religionis
1276 1891 1461 1960 primo
1483 1893 1789 1945 tonsurare
1809 1902 1917 1943 creo

199 1982 446 2050 perunt.
483 1978 744 2043 Quorum
766 1979 1225 2051 lergiversationi
1259 1979 1572 2035 Mauricius
1595 1979 1916 2049 imperator

206 2069 533 2138 prudenter
561 2083 892 2135 occurrens,
924 2070 1058 2125 data
1087 2085 1190 2142 per
1237 2069 1562 2141 Longinum
1595 2069 1915 2124 Stratorem

204 2157 352 2227 lege,
377 2158 661 2229 praecepit
683 2161 746 2212 ut
769 2158 1034 2230 quisquis
1056 2159 1256 2214 fuisset
1277 2157 1526 2230 publicis
1549 2157 1920 2213 administra-

204 2246 473 2303 tionibus
496 2247 855 2319 implicatus,
886 2250 936 2304 ei
969 2249 1040 2305 ad
1073 2248 1537 2305 ecclesiasticum
1569 2248 1765 2304 venire
1795 2248 1921 2303 offl-

206 2338 358 2393 cinm
397 2354 520 2392 non
565 2337 788 2394 liceret.
820 2340 1007 2404 Quam
1037 2338 1222 2410 legem
1266 2338 1578 2410 Gregorius
1610 2354 1783 2410 super
1810 2338 1918 2394 hoc

203 2427 368 2483 valde
417 2427 706 2497 laudavit,
739 2429 989 2485 dicens:
1038 2451 1066 2479 ‹‹
1112 2430 1220 2495 Qui
1270 2429 1606 2486 saecularem
1655 2429 1918 2485 habitum

209 2518 516 2585 deserens,
549 2519 619 2573 ad
651 2518 1048 2575 ecclesiastica
1081 2519 1180 2575 ὅθ
1213 2520 1406 2576 officia
1436 2521 1632 2576 venire
1663 2519 1916 2587 festinat,

204 2623 314 2663 non
356 2607 699 2679 relinquere
730 2609 889 2679 cupit
929 2608 1232 2674 saeculum,
1267 2609 1370 2666 sed
1413 2613 1662 2666 mutare.
1700 2631 1727 2659 n
1759 2608 1916 2679 (Lib.

207 2716 288 2768 ιιι,
319 2715 408 2770 ep.
445 2699 540 2754 65.
575 2700 591 2771 )

277 2792 361 2845 16.
396 2789 647 2857 Verum,
680 2791 815 2846 dum
849 2791 919 2848 ad
966 2791 1286 2849 clericalem
1333 2792 1754 2865 professionem
1802 2795 1916 2847 tam

212 2897 270 2935 ex
317 2879 740 2947 ecclesiastica,
775 2898 950 2953 quam
998 2898 1067 2938 ex
1108 2882 1367 2938 saeculari
1428 2899 1656 2956 quoque
1712 2881 1920 2938 militia

212 2969 457 3025 diversis
507 2969 936 3040 occasionibus,
971 2972 1225 3043 quotidie
1273 2988 1417 3043 pene
1469 2971 1921 3028 innumerabilis

212 3059 529 3116 multitudo
563 3060 898 3129 conflueret,
933 3068 1127 3132 pastor
1159 3063 1230 3118 ad
1264 3062 1460 3118 omnia
1490 3063 1788 3134 providus,
1813 3076 1918 3118 ne-

210 3165 508 3221 quaquam
553 3165 650 3204 eos
689 3149 1066 3207 ecclesiastici
1107 3152 1334 3208 decoris
1373 3153 1657 3221 officium,
1705 3152 1806 3207 sed
1845 3151 1917 3206 ad

211 3240 568 3312 capiendum
591 3240 958 3298 solummodo
983 3243 1387 3300 monachicum
1412 3243 1776 3315 propositum
1800 3259 1922 3298 sus-

209 3328 514 3400 cipiendos
548 3345 675 3386 esse
720 3333 1012 3399 censebat,
1055 3333 1294 3389 dicens:
1328 3356 1356 3384 «
1390 3333 1604 3390 Multos
1635 3348 1701 3390 ex
1732 3333 1918 3390 eccle-

206 3418 447 3474 siastica
468 3435 574 3475 seu
599 3419 864 3476 saeculari
887 3421 1094 3477 militia
1115 3423 1387 3478 novimus
1410 3424 1481 3478 ad
1505 3423 1919 3494 omnipotentis

208 3509 296 3563 Dei
329 3509 646 3565 servitium
684 3509 979 3576 festinare,
1014 3516 1098 3578 ut,
1127 3512 1199 3567 ab
1244 3513 1501 3569 humana
1533 3513 1810 3569 servitute
1842 3513 1920 3568 li-

204 3597 342 3664 beri,
377 3600 441 3654 in
476 3599 676 3656 divino
708 3602 940 3658 servitio
974 3602 1282 3659 videantur
1313 3603 1666 3659 familiarius
1697 3603 1756 3659 in
1790 3619 1916 3659 mo-

204 3689 478 3744 nasteriis
543 3692 891 3746 conversari.
926 3692 1088 3756 Quod
1153 3693 1202 3748 si
1252 3693 1472 3764 passim
1535 3692 1916 3762 dimittimus,

201 3778 477 3834 omnibus
501 3779 580 3850 (a)
615 3779 879 3851 fugiendi
911 3781 1290 3838 ecclesiastici
1322 3783 1410 3839 vel
1440 3781 1735 3839 saecularis
1767 3781 1916 3851 iuris

202 3867 538 3923 dominium
571 3870 928 3926 occasionem
953 3873 1297 3942 praebemus.
1321 3872 1380 3928 Si
1410 3890 1543 3930 vero
1573 3873 1917 3929 festinantes

201 3957 265 4010 ad
296 3957 727 4027 omnipotentis
751 3959 846 4014 Dei
870 3960 1171 4016 servitium
1204 3962 1438 4018 incaute
1461 3963 1805 4028 retinemus,
1828 3960 1917 4018 illi

202 4047 547 4103 invenimus
589 4064 803 4120 negare
844 4052 1135 4122 quaedam,
1168 4053 1269 4124 qui
1306 4053 1465 4109 dedit
1506 4054 1714 4110 omnia.
1751 4053 1916 4110 Unde

205 4152 449 4193 necesse
483 4141 574 4192 est
611 4142 676 4192 ut
707 4140 977 4211 quisquis
1008 4157 1073 4196 ex
1102 4141 1254 4211 juris
1283 4143 1659 4198 ecclesiastici
1689 4143 1777 4200 vel
1808 4161 1915 4199 se-

204 4227 422 4281 cularis
479 4225 701 4282 militia
736 4228 1012 4286 servitute
1054 4231 1123 4285 ad
1159 4230 1254 4286 Dei
1301 4232 1602 4289 servitium
1654 4233 1916 4290 converti

203 4317 524 4384 desiderat,
546 4318 820 4388 probetur
847 4321 1010 4392 prius
1035 4322 1094 4376 in
1127 4321 1273 4377 laico
1304 4321 1502 4378 habitu
1536 4325 1913 4396 constitutus,

201 4417 250 4460 et
281 4407 333 4460 si
389 4423 582 4463 mores
631 4409 760 4478 ejus
793 4413 968 4481 atque
1012 4411 1375 4468 conversatio
1424 4413 1574 4469 bono
1624 4414 1914 4470 desiderio

2025 1802 2218 1873 eloqui
2268 1801 2622 1873 praevaleret,
2656 1799 2862 1871 viginti
2897 1797 3166 1854 homilias
3216 1793 3504 1864 Evangelii
3536 1805 3724 1847 coram

2025 1891 2284 1947 Ecclesia
2331 1891 2559 1946 diverso
2590 1894 2850 1959 tempore
2892 1885 3269 1953 declamavit;
3311 1883 3562 1954 reliquas
3592 1893 3722 1935 vero

2025 1981 2290 2052 ejusdem
2335 1982 2562 2038 numeri
2603 1980 2840 2036 dictavit
2891 1978 3151 2050 quidem,
3195 1976 3318 2042 sed,
3368 1973 3723 2030 lassescente

2027 2074 2328 2128 stomacho
2386 2072 2660 2142 languore
2721 2071 3021 2136 continuo,
3081 2067 3209 2124 aliis
3259 2061 3722 2137 pronuntiandas

2029 2163 2343 2219 commisit.

2104 2254 2188 2308 l9.
2241 2253 2604 2324 Sequebatur
2651 2251 2940 2309 exercitus
2999 2247 3223 2305 Domini
3271 2246 3421 2303 ultra
3463 2243 3726 2313 citraque

2032 2343 2368 2415 Gregorium
2405 2345 2776 2414 prmeuntem,
2802 2345 2858 2396 et
2889 2339 3172 2396 auditune
3195 2336 3429 2392 verbum
3457 2332 3728 2389 doctrinae

2030 2432 2484 2489 innumerabiles
2515 2432 2774 2504 undique
2804 2429 3018 2486 diversi
3057 2445 3252 2494 sexus,
3285 2425 3465 2482 aetatis
3496 2440 3561 2479 ac
3594 2439 3731 2495 pro-

2034 2522 2321 2592 fessionis,
2338 2521 2674 2577 voluntariae
2693 2521 3063 2576 confluebant
3080 2518 3364 2579 cohortes,
3383 2515 3593 2586 quibus
3609 2513 3727 2580 ille,

2031 2618 2226 2686 utpote
2251 2614 2454 2669 doctor
2479 2611 2729 2669 caelestis
2754 2611 3004 2676 militiae,
3024 2609 3248 2664 cunctis
3272 2607 3554 2662 duntaxat
3571 2619 3730 2659 arma

2031 2703 2319 2777 spiritalia
2351 2702 2718 2774 suggerebat,
2736 2699 3092 2772 pauperibus
3118 2713 3250 2753 vero
3273 2700 3329 2751 et
3350 2693 3607 2758 advenis,
3633 2690 3729 2762 qui

2031 2812 2134 2867 pro
2165 2793 2495 2850 conditione
2527 2797 2856 2863 temporum
2881 2790 3125 2846 Romam
3157 2786 3525 2853 inﬂuxerant,
3549 2779 3730 2853 quoti-

2032 2885 2208 2940 diana
2228 2883 2520 2954 stipendia
2550 2881 2938 2938 ministrabat.

2100 2975 2190 3028 20.
2225 2973 2410 3045 Super
2439 2988 2681 3044 corpora
2713 2971 3011 3027 beatorum
3041 2966 3192 3023 Petri
3223 2969 3278 3022 et
3307 2961 3474 3021 Pauli
3505 2964 3733 3033 aposto-

2033 3064 2222 3119 lorum
2243 3064 2557 3119 missarum
2582 3060 2868 3117 solemnia
2889 3056 3170 3114 celebrari
3194 3054 3462 3122 decrevit,
3483 3049 3734 3123 acquisi-

2029 3155 2104 3210 tis
2120 3172 2194 3210 nu
2206 3152 2607 3210 merosissimis
2621 3150 2872 3219 olivetis,
2886 3165 3133 3222 quorum
3150 3162 3427 3204 summam
3442 3145 3501 3200 in
3516 3141 3732 3199 tabulis

2030 3244 2371 3299 marmoreis
2393 3259 2507 3314 pris
2533 3242 2754 3297 foribus
2776 3240 3038 3311 ejusdem
3071 3237 3324 3293 basilica:
3349 3236 3392 3292 5
3410 3237 3443 3290 Ι
3482 3236 3732 3289 annota-

2029 3329 2128 3386 vit.
2156 3332 2488 3387 Luminaria
2513 3328 2942 3402 superaddidit,
2967 3327 3158 3384 officia
3187 3323 3388 3383 sedula
3417 3319 3728 3394 deputavit.

2029 3428 2106 3479 De
2153 3423 2453 3496 sepultura
2493 3422 2658 3494 juxta
2708 3416 3445 3484 Ecclesiam,commodum
3495 3423 3729 3484 sperare

2029 3513 2344 3587 prohibuit.
2369 3513 2599 3583 Septem
2632 3527 2701 3566 ex
2723 3509 3131 3565 defensoribus
3163 3506 3382 3561 honore
3403 3498 3727 3573 regionario

2026 3604 2383 3660 decorandos
2424 3602 2652 3657 indixit.
2683 3599 2927 3656 Alleluia
2967 3602 3126 3656 extra
3167 3595 3536 3651 Pentecostes
3566 3594 3727 3645 tem-

2028 3711 2168 3768 pora
2216 3693 2330 3749 dici
2379 3694 2450 3749 ad
2485 3692 2698 3748 missas
2745 3691 2898 3746 fecit.
2931 3687 3332 3744 Subdiaconos
3374 3679 3726 3754 exspoliatos

2027 3783 2335 3856 procedere
2381 3781 2606 3837 statuit.
2640 3781 2806 3851 Kyrie
2842 3779 3046 3834 eleison
3074 3773 3296 3832 cantari
3350 3769 3641 3844 praecepit,
3675 3776 3728 3824 et

2025 3872 2340 3929 orationem
2375 3869 2738 3926 Dominicam
2769 3884 2899 3924 mox
2931 3873 3058 3938 post
3087 3878 3367 3921 canonem
3398 3875 3569 3931 super
3599 3857 3733 3914 hos-

2024 3963 2162 4019 tiam
2195 3960 2424 4018 censuit
2453 3959 2703 4016 recitari.

2093 4053 2185 4108 21.
2218 4053 2297 4107 De
2327 4049 2542 4122 quibus
2592 4064 2726 4105 cum
2774 4050 2976 4119 postea
3023 4043 3308 4116 quosdam
3359 4052 3728 4095 murmurare

2026 4142 2284 4210 sentiret,
2318 4145 2597 4211 tanquam
2632 4137 2733 4210 qui
2773 4131 3420 4204 Constantinopolitanae
3464 4125 3728 4184 Ecclesiae

2028 4232 2482 4290 consuetudines
2515 4233 2876 4302 sequeretur,
2900 4225 3205 4299 piissimus
3237 4222 3404 4278 Pater
3426 4236 3536 4277 non
3569 4216 3732 4273 dedi-

2027 4328 2243 4396 gnatus
2275 4327 2362 4380 est
2391 4323 2633 4378 reddere
2665 4318 2972 4384 rationem,
3003 4316 3237 4372 dicens:
3275 4333 3304 4363 «
3333 4311 3449 4368 Nos
3472 4311 3533 4365 in
3565 4306 3729 4364 nullo

2028 4414 2231 4470 borum
2256 4412 2425 4468 aliam
2441 4411 2753 4468 Ecclesium
2779 4407 2966 4464 secuti
2989 4421 3214 4462 sumus.
3230 4403 3376 4459 Nam
3397 4404 3463 4457 ut
3484 4397 3729 4454 Alleluia

202 4495 363 4550 illius
395 4459 809 4554 testimonium
855 4459 1062 4568 Ferant,
1094 4501 1316 4573 absque
1347 4501 1468 4558 ulla
1507 4504 1915 4561 retractatione
1946 4459 1994 4525 Β
2026 4503 2120 4559 hic
2149 4504 2222 4576 (ο)
2253 4503 2557 4569 diceretur,
2581 4503 2652 4556 de
2675 4496 3169 4570 Jerosolymorum
3199 4491 3455 4549 Ecclesia
3485 4507 3552 4546 ex
3572 4486 3728 4544 beati

208 4587 418 4642 servire
451 4586 516 4641 in
561 4590 916 4646 monasterio
949 4591 1331 4662 omnipotenti
1362 4593 1477 4648 Deo
1523 4593 1914 4667 permittatur,

207 4679 270 4730 ut
319 4676 393 4730 ab
433 4677 694 4734 humano
727 4679 961 4736 servitio
1014 4681 1162 4738 liber
1191 4684 1438 4751 recedat,
1474 4684 1570 4755 qui
1609 4684 1671 4739 in
1721 4683 1914 4740 divino

208 4765 492 4836 obsequio
529 4765 939 4825 districtiorem
971 4769 1166 4827 subire
1206 4773 1424 4844 appetit
1466 4773 1824 4831 servitutem.
1859 4773 1918 4830 Si

211 4858 403 4910 autem
439 4858 499 4910 et
527 4855 586 4911 in
611 4858 952 4915 monachico
981 4859 1183 4916 habitu
1204 4863 1528 4919 secundum
1559 4862 1798 4921 Patrum
1820 4881 1916 4921 re-

218 5143 228 5154 .
276 5070 354 5154 (a)
383 5072 635 5154 andegq
669 5076 927 5154 fugiendi
953 5077 1024 5133 ad
1068 5078 1458 5154 ecclesiastici,
1493 5079 1582 5138 vel
1627 5081 1914 5140 saeculari:

203 5143 345 5220 juris
377 5143 691 5220 dominium
721 5143 1060 5220 Occasionem
1082 5151 1420 5220 praebemus.

235 5286 245 5296 .
276 5216 354 5283 (b)
387 5216 730 5296 Siedictum
769 5235 837 5274 ex
866 5216 1099 5296 Gelasio
1118 5222 1160 5288 Ι,
1194 5223 1323 5292 ejus
1357 5228 1613 5282 auctore.
1644 5225 1724 5281 De
1756 5225 1919 5281 addi-

211 5287 359 5370 tione
390 5287 546 5370 facta
577 5289 905 5370 verborum,
941 5287 1172 5370 Diesque
1201 5287 1439 5370 nostros,
1472 5301 1605 5370 etc.,
1639 5297 1767 5370 lege
1783 5297 1915 5370 Βε-

210 5357 360 5439 dam,
396 5357 496 5439 lib.
532 5377 588 5439 n_
617 5361 792 5431 Hist.,
827 5357 1277 5439 cap.At.__fCen_set
1323 5357 1728 5425 doctissimus”
1748 5369 1910 5439 Hugo

208 5427 538 5497 Menardus,
575 5431 633 5488 in
677 5427 813 5489 nota
862 5427 994 5489 2'ad
1028 5434 1127 5490 lib.
1167 5437 1675 5497 Sacramentorum
1727 5427 1912 5498 sancti

206 5500 470 5569 Gregorii
496 5503 635 5558 olim
670 5505 940 5573 posthaec
972 5509 1159 5569 verba,
1186 5508 1247 5563 in
1273 5512 1440 5565 unius
1463 5513 1603 5568 libri
1634 5512 1911 5569 volumine

207 5576 519 5640 coarctavit,
555 5575 772 5631 lectum
808 5577 999 5648 fuisse,
1030 5581 1174 5648 quod
1204 5582 1456 5637 volumen
1488 5585 1688 5639 librum
1722 5585 1910 5641 Sacra-

207 5651 518 5722 mentorum
546 5647 961 5722 praelitulavil;
992 5647 1304 5722 nititurque
1330 5656 1668 5713 testimonio
1699 5657 1910 5713 Barno-

209 5715 296 5771 uis
323 5715 560 5774 abbatis
585 5720 922 5792 Augiensis,
953 5737 1002 5777 c.
1036 5721 1063 5777 1
1086 5715 1229 5781 libri
1249 5724 1321 5782 de
1350 5726 1703 5798 quibusdam
1735 5729 1912 5785 rebus

2027 4592 2358 4666 Hieronymi
2399 4591 2734 4659 traditione,
2765 4591 3026 4660 tempore
3064 4586 3245 4641 beatas
3282 4579 3571 4638 memoris:
3610 4576 3728 4633 Da-

2029 4683 2174 4739 masi
2225 4699 2405 4754 papae,
2436 4681 2684 4736 traditur
2728 4683 3012 4748 tractum;
3048 4679 3106 4732 et
3145 4675 3270 4731 ideo
3303 4670 3492 4744 magis
3515 4669 3578 4724 in
3619 4667 3727 4722 hac

2026 4773 2162 4829 sede
2192 4771 2353 4827 illam
2387 4768 2874 4827 consuetudinem
2918 4764 3379 4837 amputavimus,
3411 4776 3538 4832 quae
3571 4757 3664 4813 hic
3695 4754 3731 4794 ⁸

2026 4861 2237 4919 Graecis
2259 4862 2442 4919 fuerat
2463 4859 2691 4918 tradita.
2708 4858 3105 4915 Subdiaconos
3128 4857 3320 4912 autem
3335 4896 3349 4922 ,
3364 4854 3432 4906 ut
3447 4846 3724 4920 spoliatos

2024 5082 2093 5138 ad
2118 5081 2360 5138 missam
2380 5077 2810 5146 spectantibus:
2834 5071 3229 5145 unde,inquit,
3250 5072 3299 5126 el
3323 5069 3379 5123 in
3403 5067 3523 5146 νέῳ
3543 5067 3720 5146 ἱρείας

2024 5135 2257 5223 ἷεῇἰῆἆέ
2273 5135 2435 5216 ῖξςέᾶ
2464 5135 2550 5227 et
2580 5149 2955 5227 Gelasimum,
2989 5135 3172 5227 stega,
3206 5135 3718 5227 coarctavithquofl

2021 5211 2292 5294 volumen,
2317 5232 2423 5280 etc.
2447 5224 2556 5280 Sed
2588 5224 2828 5296 fortasse
2858 5211 3061 5296 ultima
3088 5211 3570 5296 illa_verba.sunlt‘
3586 5213 3721 5296 Ber-

2022 5279 2221 5366 nonis,
2249 5279 2647 5353 n'oniloannis
2686 5289 2943 5366 Diaconi.
2984 5288 3147 5344 Certe
3189 5286 3251 5342 in
3299 5283 3487 5366 ipsius
3531 5279 3715 5365 Godd.

2020 5386 2161 5427 mss.
2177 5355 2324 5426 nihil
2338 5368 2384 5424 si
2396 5368 2527 5423 mile
2539 5365 2769 5436 legitur,
2784 5361 3057 5431 nullaque
3069 5355 3379 5432 supersunt
3393 5355 3713 5411 abrasionis

2018 5447 2117 5497 aut
2145 5439 2461 5496 avulsiouis
2491 5437 2755 5506 vestigia.

2092 5514 2156 5584 (c)
2191 5512 2408 5568 Mabill.
2433 5515 2489 5565 et
2516 5499 2820 5584 Guss'anv,
2853 5522 2961 5584 non
2979 5505 3285 5584 diceretur.
3317 5499 3597 5557 Tollenda
3627 5501 3716 5555 est

2019 5576 2346 5658 necessario
2380 5581 2610 5658 negatio
2635 5578 2941 5658 ;_alioquin
2971 5576 3285 5658 Gregorius
3323 5589 3438 5658 non
3471 5587 3715 5644 respon-

2017 5656 2177 5712 deret
2207 5643 2559 5727 querelisvde
2589 5643 2918 5710 introducto
2948 5643 3170 5707 cantico
3199 5643 3463 5703 Alleluia.
