4088 6172
328 179 405 244 95
889 191 952 252 S.
1001 193 1373 256 GREGORII
1418 194 1671 258 MAGNI
1714 195 1923 272 VlTA,
1966 195 2198 259 AUCT.
2239 195 2538 260 JOANNE
2582 195 2947 260 DIACONO.
2990 199 3143 261 LIB.
3188 201 3268 263 ΙΙ.
3755 199 3832 263 96

327 319 640 386 procedere
663 323 930 390 facerem,
953 327 1195 398 antiqua
1215 331 1574 387 consuetudo
1600 330 1868 386 Ecclesia:
1895 331 2022 399 fuit,
2056 333 2108 398 Α
2208 333 2297 388 23.
2346 333 2472 387 Alio
2519 348 2750 403 quoque
2800 338 3060 405 tempore
3097 333 3253 388 idem
3297 334 3628 403 Gregorius,
3665 335 3843 404 juxta

328 407 429 462 sed
473 409 692 480 placuit
732 415 964 472 cuidam
997 423 1194 474 nostro
1226 419 1507 491 pontifici,
1543 421 1734 475 nescio
1775 420 1890 485 cui,
1921 421 2023 492 qui

328 511 428 552 eos
459 501 696 558 vestitos
745 507 1053 574 procedere
1085 510 1379 580 praecepit.
1412 510 1554 564 Nam
1588 510 1795 565 Siciliae
1826 510 2022 564 Eccle-

328 585 450 652 size,
475 592 732 659 nunquid
758 595 1127 652 traditionem
1153 614 1186 653 a
1209 598 1420 654 Graecis
1440 599 1833 671 acceperunt?
1864 601 2022 657 Unde

326 690 460 745 ergo
507 677 726 738 habent
774 682 946 738 hodie
992 690 1057 741 ut
1103 687 1442 743 subdiaconi
1482 688 1540 743 in
1591 689 1759 746 lineis
1805 691 2021 747 tunicis

325 767 664 835 procedant,
700 771 809 826 nisi
856 773 996 844 quia
1044 773 1153 831 hoc
1178 794 1210 830 a
1243 781 1426 832 matre
1476 795 1584 834 sua
1631 778 1892 836 Romana
1922 781 2021 836 Ec—

324 854 502 940 clesia
553 865 983 930 perceperunt?
1012 865 1176 934 Kyrie
1222 865 1422 922 eleison
1451 870 1644 923 autem
1693 886 1800 924 nos
1832 885 2022 940 neque

325 937 575 998 diximus
608 961 795 1017 neque
826 949 1097 1020 dicimus,
1129 953 1280 1008 sicut
1310 971 1342 1009 a
1371 955 1584 1011 Graecis
1618 956 1850 1027 dicitur,
1881 937 2021 1028 quia

323 1028 384 1084 in
415 1032 631 1088 Graecia
661 1051 865 1092 omnes
897 1040 1072 1094 simul
1106 1041 1328 1112 dicunt,
1361 1045 1515 1114 apud
1549 1062 1650 1101 nos
1680 1063 1814 1103 vero
1844 1065 1874 1100 a
1906 1047 2021 1102 cle-

323 1117 458 1172 riois
488 1120 667 1176 simul
700 1124 932 1195 dicitur,
957 1145 990 1183 a
1021 1129 1230 1200 populo
1250 1135 1654 1204 respondetur.
1681 1135 1748 1190 Et
1778 1137 2018 1192 totidem

318 1205 544 1264 vicibus
576 1212 751 1267 etiam
777 1214 988 1272 Christe
1016 1219 1219 1276 διεξεοη
1250 1222 1481 1292 dicitur,
1507 1225 1659 1295 quod
1691 1228 1841 1297 apud
1873 1229 2021 1281 Grae-

319 1310 418 1351 cos
445 1298 785 1358 nullomodo
834 1305 1063 1364 dicitur.
1099 1311 1158 1364 In
1191 1313 1548 1380 quotidianis
1582 1320 1777 1371 autem
1823 1315 2020 1371 missis

318 1383 432 1477 alia
493 1403 617 1457 quas
666 1389 780 1446 dici
837 1394 1026 1451 solent
1075 1405 1341 1467 tacemus,
1392 1405 1796 1459 tantummodo
1846 1407 2019 1477 Kyric

316 1472 541 1563 eleison,
575 1482 630 1531 et
657 1478 874 1537 Christe
904 1485 1113 1540 cleison
1145 1488 1409 1558 dicimus,
1444 1497 1506 1545 ut
1530 1491 1589 1547 in
1623 1492 1714 1547 his
1747 1472 2015 1563 depreca-

319 1559 498 1619 tionis
528 1567 768 1624 vocibus
801 1573 973 1641 paulo
1006 1575 1225 1632 diutius
1272 1594 1643 1651 occupemur.
1677 1559 2014 1638 Orationem

317 1665 450 1742 vero
490 1651 855 1715 Dominicam
897 1662 1111 1718 idcirco
1146 1682 1279 1722 mox
1323 1675 1450 1739 post
1482 1685 1708 1740 precem
1739 1672 2014 1742 dicimus,

2133 422 2616 478 consuetudinem
2646 439 2834 493 suam,
2868 424 3140 495 praecepit
3186 423 3486 480 sacellario
3522 430 3580 480 ut
3619 426 3842 481 duode-

2133 511 2245 566 cim
2279 513 2614 583 peregrinos
2645 514 2715 569 ad
2768 515 3070 584 prandium
3106 514 3396 570 invitaret.
3431 514 3538 577 Qui
3588 531 3840 586 pergens

2126 602 2296 671 jussa
2312 601 2640 674 complevit,
2659 620 2874 675 eosque
2897 606 2965 660 ad
2995 622 3255 660 mensam
3281 604 3577 676 pariter(b)
3603 606 3835 660 ordina-

2129 691 2229 745 vit.
2263 691 2414 748 Dum
2442 697 2631 749 autem
2664 695 2841 749 simul
2882 695 3341 762 discumberent,
3373 694 3608 750 intuens
3659 712 3834 766 papa,

2129 780 2406 836 tredecim
2467 783 2847 850 numeravit;
2891 789 2948 838 et
3004 784 3283 839 accersito
3343 783 3665 850 sacellario,
3727 800 3842 840 cur

2130 873 2330 925 contra
2361 870 2686 939 jussionem
2730 888 2896 927 suam
2947 871 3184 928 tertium
3235 873 3530 928 decimum
3585 873 3832 927 invitare

2131 961 2565 1031 praesumpserit
2612 961 2935 1032 inquisivit.
2985 962 3089 1017 llle
3135 962 3598 1033 obstupefactus,
3630 962 3832 1016 convi-

2129 1053 2334 1104 vantes
2366 1049 2702 1121 peregrinos
2732 1050 3020 1106 curiosius
3063 1056 3407 1119 numeravit,
3435 1057 3492 1106 et
3522 1051 3833 1106 duodecim

2132 1135 2284 1191 solos
2332 1137 2662 1204 inveniens,
2691 1138 2864 1194 veluti
2919 1156 3158 1194 securus
3209 1140 3538 1208 respondit:
3569 1160 3598 1188 «
3655 1139 3836 1194 Crede

2131 1225 2300 1292 mihi,
2317 1225 2673 1282 honorabilis
2697 1231 2886 1294 Pater,
2905 1246 3014 1284 non
3040 1233 3180 1284 sunt
3204 1231 3312 1282 nisi
3338 1228 3836 1297 duodecim,sicut

2133 1314 2257 1385 ipse
2280 1316 2530 1384 jussisti.
2556 1337 2585 1366 »δ
2617 1317 2764 1388 Ergo
2786 1318 2925 1372 dum
2960 1319 3258 1374 convictus
3281 1318 3494 1389 saepius
3527 1317 3834 1373 duodecim

2130 1402 2448 1459 identidem
2483 1417 2834 1471 numeraret,
2858 1424 2923 1461 ac
2954 1409 3191 1463 tertium
3216 1407 3510 1461 decimum
3544 1421 3716 1477 quem
3737 1421 3834 1460 so-

2131 1491 2222 1548 lus
2273 1509 2423 1564 papa
2469 1494 2662 1549 videre
2710 1500 2951 1565 poterat,
2975 1513 3092 1551 non
3142 1497 3379 1561 videret,
3427 1494 3837 1549 animadvertit

2131 1580 2454 1651 spiritualis
2471 1584 2630 1639 Pater
2653 1585 2959 1654 Gregorius
2974 1587 3158 1640 virum
3186 1585 3423 1656 propius
3445 1583 3833 1640 discumben-

2131 1678 2236 1725 tem
2267 1671 2458 1727 vultus
2491 1673 2690 1729 crebro
2733 1680 3083 1742 convertere,
3111 1683 3164 1730 et
3205 1690 3360 1730 nunc
3389 1673 3831 1738 adolescentem,

1146 1715 1279 1722 _-_
1323 1715 1450 1739 τ---
1482 1715 1708 1740 νην...
1739 1715 2014 1742 _..,.......,,
2133 1715 2236 1725 η...
2278 1715 2458 1727 ...η-ν
2492 1715 2689 1729 ...ν-ην
2733 1715 3083 1742 νυ...υ.....ν,
3111 1715 3164 1730 υ.
3205 1715 3360 1730 ...μιν
3389 1715 3831 1738 ..πωπω-ηιμ,

323 1739 464 1809 quia
507 1758 634 1799 mos
665 1748 1058 1816 apostolorum
1099 1754 1209 1808 fuit
1234 1759 1296 1810 ut
1325 1758 1395 1812 ad
1427 1758 1613 1828 ipsam
1655 1760 2023 1817 solummodo
2051 1715 2101 1781 Β
2141 1776 2297 1815 nunc
2327 1777 2457 1816 vero
2489 1761 2744 1816 vetulum
2776 1765 3102 1818 veneranda
3133 1763 3378 1834 quadam
3408 1762 3620 1819 canitie
3646 1761 3834 1816 simu-

323 1832 645 1933 Ora‘tioonem
678 1837 989 1933 oblationis
1021 1845 1271 1901 hostiam
1313 1857 1732 1906 consecrarent.
1765 1852 1834 1907 Et
1863 1852 2022 1907 Valde
2132 1857 2269 1915 lare.
2293 1858 2482 1914 Finito
2514 1862 2800 1928 convivio,
2831 1832 3402 1933 duodecim—quidem
3436 1860 3592 1916 abire
3625 1858 3837 1930 permi-

327 1920 472 2022 mihli
505 1923 913 1986 inconveniens
943 1933 1133 1990 visum
1171 1942 1258 1992 est
1290 1943 1354 1993 ut
1384 1955 1612 2011 precem
1647 1959 1819 2014 quam
1853 1944 2023 1998 scho-
2127 1948 2237 2014 sit;
2266 1950 2498 2003 tertium
2527 1949 2820 2005 decimum
2852 1966 2984 2006 vero
3009 1967 3180 2007 manu
3211 1950 3556 2022 suscipiens,
3580 1949 3639 2004 iu
3671 1950 3830 2004 cubi-

328 2011 567 2112 lasticus
589 2033 993 2112 composuerat
1024 2042 1199 2098 super
1219 2028 1571 2087 oblationem
1599 2011 1948 2102 diceremus,
1972 2041 2026 2089 et
2134 2011 2332 2093 culum
2364 2055 2538 2094 suum
2589 2039 2836 2105 induxit,
2872 2040 3240 2097 vehementer
3285 2011 3566 2112 adj'urans
3600 2043 3661 2094 ut
3688 2037 3739 2094 ei
3772 2054 3837 2094 se

326 2101 515 2173 ipsam
550 2109 924 2167 traditionem
958 2130 1130 2184 quam
1168 2117 1521 2192 Redemptor
1550 2128 1750 2178 noster
1782 2101 2024 2193 compo-

325 2193 448 2285 suit
478 2209 655 2264 super
683 2197 809 2267 ejus
830 2217 1039 2272 corpus
1068 2210 1125 2260 et
1146 2209 1492 2278 sanguinem
1525 2226 1640 2265 non
1673 2211 2024 2285 diceremus.

331 2279 442 2372 Sed
469 2291 522 2337 et
552 2282 860 2345 Dominica
881 2293 1068 2348 oratio
1099 2297 1253 2366 apud
1276 2296 1504 2355 Graecos
1535 2301 1607 2355 ab
1630 2300 1792 2356 omni
1816 2283 2027 2372 populo

329 2369 564 2441 dicitur,
596 2377 743 2444 apud
786 2394 889 2435 nos
923 2397 1053 2438 vero
1083 2402 1115 2438 a
1145 2385 1269 2441 solo
1300 2389 1593 2444 sacerdote
1640 2369 1928 2446 cantatur.
1963 2391 2026 2444 In

333 2474 449 2530 quo
475 2478 608 2533 ergo
630 2468 959 2526 Graecorum
984 2477 1439 2533 consuetudines
1463 2479 1646 2535 secuti
1677 2496 1902 2540 sumus.
1926 2479 2029 2550 qui

333 2553 436 2604 aut
466 2560 684 2609 veteres
715 2565 942 2614 nostras
979 2564 1400 2635 reparavimus,
1431 2573 1532 2622 aut
1561 2585 1736 2624 novas
1768 2573 1824 2624 et
1858 2566 2030 2624 utiles

332 2641 770 2730 constituimus,
785 2647 842 2703 in
865 2649 1079 2720 quibus
1096 2657 1292 2710 tamen
1316 2655 1461 2712 alios
1479 2658 1555 2728 (a)
1581 2674 1694 2713 non
1715 2657 2030 2730 probamur

333 2727 550 2786 imitari
573 2732 602 2785 ’ἲ
631 2733 776 2806 Ergo
797 2744 991 2795 vestra
1020 2741 1292 2812 charitas,
1317 2760 1450 2801 cum
1475 2727 1700 2802 occasio
1716 2727 1948 2802 dederit
1969 2750 2029 2802 ut

335 2817 405 2907 ad
443 2817 820 2907 Gatenensem
871 2826 1164 2886 civitatem
1196 2839 1417 2904 pergat,
1447 2833 1530 2888 vel
1565 2835 1621 2890 in
1671 2836 2030 2907 Syracusana

330 2904 606 2967 Ecclesia.
641 2926 742 2966 eos
779 2930 924 2984 quos
963 2919 1145 2973 credit
1173 2926 1274 2976 aut
1315 2922 1608 2994 intelligit,
1641 2904 1776 2994 quia
1806 2925 1875 2980 de
1917 2924 2026 2980 hac

330 3006 391 3057 re
424 3009 789 3055 murmurare
820 3006 1153 3073 potuerunt,
1185 3009 1339 3064 facta
1370 3009 1771 3082 collocutione,
1803 3015 2024 3080 doceat,

331 3085 386 3136 et
421 3086 588 3155 quasi
609 3087 724 3143 alia
747 3105 814 3147 ex
845 3097 1150 3154 occasione
1173 3116 1270 3155 eos
1303 3101 1591 3159 instruere
1612 3121 1724 3160 non
1758 3105 2020 3160 desistat.
2053 3087 2097 3153 Ο

329 3170 476 3264 Nam
526 3174 596 3231 de
643 3181 1283 3257 Constantinopolitana
1310 3191 1563 3248 Ecclesia
1610 3195 1760 3263 quod
1804 3194 2026 3264 dicunt,

329 3263 618 3354 quiseam
670 3269 896 3328 dubitet
937 3278 1070 3332 sede
1120 3281 1448 3349 apostolica:
1480 3299 1609 3339 esse
1639 3284 1971 3354 subjectam
2003 3285 2030 3340 ‘I

325 3351 488 3415 Quod
508 3362 560 3409 et
581 3356 882 3426 piissimus
904 3365 1175 3423 dominus
1206 3369 1536 3442 imperator,
1555 3378 1611 3429 et
1638 3351 1812 3430 frater
1834 3381 2029 3433 noster

329 3443 590 3513 ejusdem
631 3447 884 3509 civitatis
914 3457 1221 3529 episcopus
1259 3463 1495 3518 assidue
1528 3464 1906 3535 profitentur;
1941 3477 2025 3523 ta-

328 3547 462 3625 men
503 3536 552 3591 si
605 3539 743 3608 quid
778 3541 933 3612 boni,
967 3545 1055 3602 vel
1087 3548 1230 3620 ipsa,
1264 3550 1352 3606 vel
1385 3553 1562 3608 altera
1608 3555 1882 3625 Ecclesia,
1916 3558 2024 3613 ha-

327 3622 444 3718 bet,
477 3641 582 3697 ego
613 3637 666 3684 et
699 3631 954 3691 minores
986 3653 1163 3707 meos,
1198 3657 1344 3711 quos
1375 3644 1446 3699 ab
1477 3643 1693 3702 illicitis
1723 3622 2021 3718 prohibeo,

326 3712 387 3768 in
419 3714 802 3810 bonoimitari
835 3732 1072 3796 paratus
1092 3748 1245 3787 sum.
1279 3733 1500 3790 Stultus
1527 3739 1612 3790 est
1641 3712 1794 3792 enim
1830 3741 1929 3810 qui
1962 3712 2022 3795 in

328 3818 394 3860 eo
425 3822 485 3862 se
512 3807 768 3879 primum
801 3816 1114 3888 existimat,
1139 3827 1205 3877 ut
1233 3824 1383 3880 bona
1414 3842 1538 3896 qua:
1569 3827 1774 3883 viderit
1803 3807 2023 3887 discere

324 3899 679 3954 contemnat.
717 3921 743 3952 ι
779 3904 912 3971 (Lib.
947 3924 1023 3975 1x,
1055 3925 1141 3981 ep.
1180 3913 1289 3985 12.)

392 3986 482 4078 22.
515 3992 710 4045 Tantae
760 3992 1174 4066 hospitalitatis
1219 4005 1529 4075 Gregorius
1559 4006 1619 4062 in
1668 4007 1795 4078 ipso
1845 4010 2017 4067 etiam

332 4077 681 4171 patriarchio
713 4089 1055 4158 permansit,
1079 4098 1140 4146 ut
1169 4095 1426 4163 exceptis
1459 4095 1549 4150 his
1583 4077 1746 4167 quos,
1767 4105 1887 4154 tam
1921 4117 2024 4171 per

327 4167 588 4224 diversas
619 4173 881 4243 regiones
910 4193 1085 4248 quam
1128 4179 1321 4236 Roma
1353 4199 1580 4253 quoque
1613 4167 2024 4256 Langobardo-

327 4270 455 4349 rum
483 4259 582 4349 φτ
605 4262 859 4330 perfidia:
879 4265 1104 4337 gladios
1129 4268 1438 4341 fugientes,
1461 4272 1850 4332 ecclesiastica
1872 4278 2021 4349 stipe

325 4345 778 4437 misericorditer
816 4355 1132 4424 nutriebat,
1165 4360 1234 4413 ad
1277 4375 1530 4417 mensam
1564 4378 1726 4419 suam
1759 4345 2018 4437 quotidie

2134 2144 2467 2198 nomenque
2498 2145 2666 2184 suum
2701 2130 3042 2202 simpliciter
3074 2131 3316 2202 prodere
3346 2130 3703 2201 dignaretur.
3728 2126 3839 2193 Qui

2137 2219 2515 2288 respondens,
2567 2220 2744 2274 dixit:
2778 2243 2806 2270 ι(
2853 2220 2918 2275 Et
2963 2237 3070 2277 cur
3117 2221 3440 2291 interrogas
3486 2219 3558 2274 de
3605 2216 3842 2272 nomine

2137 2321 2287 2374 meo,
2313 2308 2466 2377 quod
2490 2313 2578 2362 est
2599 2307 2905 2363 mirabile?
2935 2312 3348 2364 Verumtamen
3371 2308 3538 2372 scito,
3561 2303 3847 2362 memoria

2137 2410 2579 2466 recognoscens,
2614 2397 2749 2468 quia
2769 2414 2874 2470 ego
2906 2415 3035 2453 sum
3069 2399 3387 2469 naufragus
3408 2396 3502 2452 ille
3521 2395 3621 2466 qui
3652 2410 3846 2465 quon-

2137 2483 2271 2538 dam
2304 2485 2432 2540 veni
2464 2487 2532 2541 ad
2565 2493 2640 2554 te,
2665 2490 2898 2559 quando
2926 2489 3223 2544 scribebas
3245 2489 3303 2543 in
3336 2486 3482 2544 cella
3499 2483 3838 2540 monasterii

2137 2573 2225 2627 tui
2243 2573 2313 2627 ad
2329 2572 2543 2630 clivum
2563 2576 2783 2644 Scauri,
2799 2577 3111 2633 cuidedisti
3131 2577 3440 2633 duodecim
3461 2575 3833 2632 numismata.

2138 2665 2196 2718 et
2219 2669 2555 2733 argenteam
2575 2666 2904 2731 scutellam,
2929 2683 3103 2737 quam
3134 2666 3238 2722 tibi
3263 2667 3502 2722 miserat
3521 2679 3649 2721 cum
3671 2663 3832 2717 infu-

2137 2751 2220 2806 sis
2265 2750 2660 2822 leguminibus
2691 2755 2858 2811 beata
2901 2754 3080 2811 Silvia
3105 2761 3291 2812 mater
3327 2760 3448 2811 tua.
3476 2753 3545 2808 Et
3573 2753 3683 2807 hoc
3731 2750 3835 2806 tibi

2137 2858 2240 2914 pro
2269 2848 2425 2900 certo
2447 2843 2522 2899 sit
2551 2845 2871 2917 cognitum,
2895 2846 3033 2916 quia
3064 2846 3255 2902 abillo
3285 2847 3378 2901 die
3401 2862 3515 2916 quo
3547 2842 3692 2899 mihi
3713 2840 3833 2896 haec

2136 2931 2307 2988 hilari
2353 2932 2543 2988 animo
2597 2934 2875 3004 tribuisti,
2921 2937 3229 2991 destinavit
3272 2939 3328 2991 te
3376 2934 3658 2990 Dominus
3711 2929 3834 2986 fieri

2138 3019 2440 3091 praesulem
2468 3026 2680 3078 sanctae.
2710 3039 2827 3080 sua:
2859 3024 3148 3091 Ecclesiae,
3172 3042 3276 3096 pro
3309 3041 3424 3094 qua
3449 3030 3503 3078 et
3533 3020 3835 3093 proprium

2136 3109 2478 3180 sanguinem
2510 3111 2679 3174 fudit,
2712 3117 2769 3168 et
2797 3128 2926 3168 esse
2957 3117 3011 3168 te
3043 3129 3435 3169 successorem
3473 3117 3648 3180 atque
3679 3109 3836 3163 vica-

2140 3199 2288 3253 rium
2322 3199 2713 3269 apostolorum
2760 3201 3042 3274 principis
3075 3203 3247 3268 Petri,
3272 3204 3442 3271 cujus
3471 3207 3527 3256 et
3554 3199 3832 3253 virtutem

2139 3288 2404 3345 imitatus
2435 3306 2497 3345 es
2529 3307 2664 3346 cum
2713 3292 3102 3348 substantiam
3137 3293 3504 3349 offerentium
3536 3289 3836 3352 divideret,

2137 3381 2310 3447 prout
2358 3379 2570 3449 cuique
2611 3396 2756 3450 opus
2798 3385 2941 3436 erat.
2985 3400 3010 3432 ι
3064 3380 3193 3436 Hec
3231 3381 3475 3436 audiens
3525 3376 3839 3448 Gregorius

2135 3465 2275 3530 dixit
2301 3482 2313 3519 :
2349 3487 2377 3515 «
2402 3465 2470 3520 Et
2498 3471 2558 3520 tu
2593 3467 2884 3538 quomodo
2910 3468 3062 3524 nosti
3092 3470 3246 3540 quod
3272 3474 3414 3523 tunc
3439 3482 3526 3522 me
3556 3465 3840 3521 Dominus

2135 3569 2380 3624 praeesse
2419 3561 2634 3611 sancta:
2678 3557 2947 3613 Ecclesiae.
2988 3575 3108 3614 suae
3151 3557 3493 3615 destinarit?
3523 3557 3600 3612 At
3631 3555 3725 3610 ille
3756 3556 3839 3610 in-

2134 3641 2254 3714 quit
2283 3659 2296 3697 :
2333 3663 2362 3693 κ
2384 3645 2668 3709 Quoniam
2692 3661 2794 3716 ego
2828 3646 3070 3718 angelus
3093 3647 3218 3718 ejus
3248 3663 3404 3713 sum,
3429 3652 3487 3701 et
3515 3651 3653 3701 tunc
3675 3645 3743 3699 ab
3767 3659 3834 3698 eo

2130 3739 2200 3794 ad
2225 3743 2389 3797 tuum
2419 3740 2832 3813 inquirendum
2858 3744 3214 3815 propositum
3237 3744 3584 3800 destinatus.
3607 3763 3636 3792 κ
3669 3741 3831 3797 Tunc

2132 3828 2461 3903 Gregorius,
2483 3832 2616 3902 quia
2645 3834 2902 3887 nondum
2938 3834 3241 3889 manifeste
3289 3834 3507 3888 viderat
3535 3830 3830 3902 angelum,

2131 3934 2369 3988 prorsus
2401 3921 2646 3990 expavit,
2679 3920 2906 3991 sibique
2939 3922 3092 3976 hunc
3125 3922 3317 3978 taliter
3344 3923 3630 3976 dicentem
3664 3919 3834 3975 audi-

2129 4008 2250 4063 vit:
2290 4028 2312 4058 ι
2347 4008 2428 4063 Ne
2469 4009 2698 4080 timeas,
2732 4027 2921 4082 neque
2968 4011 3264 4078 formides,
3296 4027 3425 4068 ecce
3472 4011 3627 4068 enim
3673 4010 3838 4065 misit

2132 4112 2224 4152 me
2271 4097 2577 4163 Dominus,
2612 4104 2680 4154 ut
2722 4100 2832 4156 sim
2879 4103 2986 4157 tibi
3019 4107 3234 4167 custos,
3269 4103 3528 4172 quandiu
3568 4100 3745 4156 fueris
3774 4101 3836 4154 in

2131 4185 2241 4241 isto
2272 4185 2501 4242 mortali
2534 4189 2766 4258 seculo,
2801 4195 3093 4260 quatenus
3134 4207 3547 4262 quamcunque
3575 4207 3695 4246 rem
3737 4205 3838 4260 pe-

2133 4273 2310 4343 tieris,
2325 4291 2428 4347 per
2447 4293 2539 4331 me
2556 4279 2709 4349 apud
2729 4293 2859 4334 eum
2882 4280 3233 4336 ﬁducialiter
3249 4281 3441 4336 valeas
3461 4282 3834 4351 impetrare.»

2134 4363 2290 4420 Illico
2323 4366 2635 4438 Gregorius
2664 4367 2721 4422 in
2755 4367 2957 4423 faciem
2990 4386 3155 4424 suam
3188 4370 3423 4437 corruit,
3450 4371 3684 4425 dicens:
3718 4390 3747 4417 κ
3771 4366 3834 4422 Si

324 4434 660 4505 peregrinos
681 4441 969 4529 quoslibet
990 4444 1280 4503 invitaret.
1305 4451 1463 4506 Inter
1482 4468 1630 4522 quos
1654 4455 1746 4510 die
1767 4434 2016 4526 quadam
2048 4450 2096 4515 D
2128 4462 2360 4524 propter
2395 4434 2672 4526 pusillum
2704 4473 2843 4512 mea:
2878 4459 3178 4529 parvitatis
3222 4434 3641 4514 munusculum
3672 4462 3832 4512 tanta

319 4537 473 4578 unus
500 4527 766 4615 accessit,
791 4530 850 4586 in
874 4535 1041 4604 cujus
1067 4537 1343 4592 manibus
1366 4539 1504 4596 dum
1537 4542 1661 4615 ipse
1681 4561 1749 4600 ex
1779 4546 2015 4603 humili-

315 4613 454 4667 tatis
488 4613 808 4675 ministerio
838 4638 1052 4694 aquam
1087 4627 1329 4684 fundere
1356 4628 1547 4701 vellet,
1563 4613 1885 4691 conversus
1917 4654 2017 4693 ur-

316 4718 482 4762 ceum
530 4708 771 4778 accepit,
820 4713 920 4767 sed
962 4719 1199 4786 repente
1245 4734 1378 4774 eum
1420 4719 1478 4775 in
1528 4723 1697 4793 cujus
1745 4726 2016 4783 manibus

320 4810 531 4886 aquam
569 4797 813 4856 fundere
859 4801 1120 4861 voluerat
1166 4825 1281 4866 non
1334 4809 1577 4868 invenit.
1619 4815 1876 4886 Cumque
1906 4816 2015 4872 hoc

315 4884 535 4942 factum
566 4903 762 4946 secum
796 4889 923 4964 ipse
955 4893 1283 4965 miraretur,
1317 4901 1516 4955 eadem
1542 4907 1710 4958 nocte
1740 4884 2014 4962 Dominus

315 4976 366 5032 ei
401 4993 501 5048 per
528 4979 810 5038 visionem
843 4983 1027 5040 dixit:
1065 5008 1085 5034 ι
1115 4985 1348 5044 Ceteris
1378 4990 1582 5048 diebus
1613 5009 1706 5048 me
1736 4995 1792 5049 in
1827 5011 2015 5052 mem-

312 5064 435 5120 bris
488 5071 654 5139 meis,
708 5073 978 5131 hesterno
1034 5080 1222 5134 autem
1278 5079 1371 5135 die
1414 5096 1504 5138 me
1555 5081 1614 5137 in
1672 5085 2010 5159 memetipso

311 5159 641 5228 suscepisti.
679 5184 706 5211 ››

387 5341 466 5428 (α)
480 5343 624 5428 Editi
636 5347 1565 5428 .comprobantur-,repugnantibus
1576 5357 1713 5414 Mss.
1729 5362 1786 5414 et
1804 5364 2008 5416 contra

311 5418 494 5487 sancti
525 5418 781 5487 Gregorii
816 5418 1090 5476 mentem.

365 5485 458 5575 ,(ὺ)
491 5485 672 5559 Βὶεοῐ.
705 5499 760 5544 et
799 5490 967 5561 Utic.,
1001 5493 1279 5566 invitavit,
1312 5502 1490 5556 Porro
1540 5500 1633 5558 hic
1662 5502 2005 5571 sacellarius,

2125 4543 2267 4598 mihi
2289 4545 2555 4602 retribuit
2576 4547 3188 4618 omnipotentissimus
3210 4548 3516 4610 Dominus,
3535 4553 3598 4602 ut
3618 4551 3675 4603 et
3695 4562 3832 4616 pon-

2126 4631 2340 4688 tificem
2371 4649 2465 4690 me
2495 4640 2710 4691 sanctae
2742 4652 2860 4691 sum
2886 4636 3153 4693 Ecclesia
3186 4637 3418 4706 faceret,
3441 4641 3498 4692 et
3527 4637 3825 4692 custodem

2125 4722 2272 4778 mihi
2301 4739 2470 4781 suum
2521 4726 2792 4798 angelum
2824 4729 3146 4798 deputaret,
3179 4735 3400 4800 quanta
3448 4736 3646 4799 putem
3679 4726 3826 4782 mihi

2124 4813 2379 4881 restitui,
2404 4815 2452 4870 si
2476 4816 2535 4871 in
2559 4819 2864 4888 praceptis
2886 4819 3014 4888 ejus
3039 4819 3175 4873 totis
3211 4817 3432 4874 viribus
3457 4833 3828 4888 permanens,

2123 4902 2225 4958 58
2259 4901 2428 4973 plura
2458 4908 2738 4962 studuero
2771 4909 2842 4963 de
2874 4907 3141 4979 pluribus
3171 4922 3408 4980 erogare
3434 4908 3461 4962 ‘i
3489 4927 3514 4960 ι

2191 4992 2281 5046 2t.
2315 4991 2501 5064 Igitur
2531 4994 2820 5073 incipiens
2851 5002 3081 5053 tantum
3114 4997 3333 5069 largior
3362 5013 3490 5054 esse
3519 4997 3590 5052 de
3616 4994 3828 5064 collato

2119 5082 2427 5154 temporali
2470 5086 2796 5156 commodo,
2831 5093 3120 5158 quantum
3153 5089 3364 5144 certior
3394 5088 3463 5143 de
3493 5085 3825 5159 recipiendo

2120 5174 2358 5246 praemio
2390 5177 2759 5248 sempiterno,
2787 5187 3129 5236 cunctorum
3163 5178 3646 5251 patrimoniorum
3679 5192 3822 5249 pra-

2119 5385 2220 5426 eu
2254 5371 2447 5441 potius
2478 5373 2853 5442 saccellarius,
2887 5374 3117 5438 dicitur,
3149 5374 3249 5445 qui
3283 5372 3544 5430 sacculos
3577 5388 3641 5427 ac
3670 5370 3820 5427 eice-

2117 5459 2420 5519 mosynam
2461 5451 2686 5519 servat;
2723 5462 2821 5501 seu
2875 5446 3299 5519 thesaurarius.
3335 5446 3501 5519 Apud
3552 5447 3820 5499 sanctum

2116 5514 2430 5573 Antonium
2458 5516 2734 5572 scribitur
2761 5517 3136 5572 saccellarius.
