4088 6172
247 285 322 343 97
813 286 1299 349 S.'GREGORII
1350 286 1594 349 MAGNI
1639 286 1844 360 VITA,
1893 283 2120 347 AUCT.
2168 287 2470 352 JOANNE
2513 293 2880 362 DIACONO.
2929 301 3075 364 LIB.
3123 307 3200 369 II.
3684 304 3763 384 9‘s

240 425 591 496 diorumque
610 425 832 480 reditus
848 441 913 480 ex
931 427 1006 498 (α)
1025 425 1328 484 Gelasiano
1349 423 1950 534 polyptyco,cuj‘usjni-
1982 427 2030 492 Α
2064 425 2268 534 sieum
2303 433 2553 503 propriis
2567 435 2864 509 manibus,
2895 444 3053 512 quod
3083 446 3240 504 dictu
3263 453 3423 511 nefas
3459 463 3568 526 est,
3600 458 3762 534 pere-

243 515 461 569 mirum
483 516 958 571 studiosissimus
979 516 1277 572 videbatur
1301 518 1696 590 pedissequus,
1715 517 1786 589 (b)
1809 516 1952 570 adae-

241 605 413 671 ravit,
438 621 762 677 eorumque
786 607 1163 677 pensionibus
1187 609 1244 663 in
1269 625 1407 664 auro
1432 613 1788 680 argentoque
1809 606 1949 677 (col-

239 692 370 748 latis
405 695 688 749 omnibus
733 695 1034 752 ordinibus
1079 697 1503 761 ecclesiasticis,
1536 698 1620 752 vel
1655 696 1946 768 palatinis,

238 784 640 847 monasteriis,
700 784 983 854 ecclesiis,
1035 788 1399 854 cmmeteriis,
1448 787 1725 843 diaconiis
1772 803 1948 842 xeno-

238 871 469 926 dochiis
486 873 747 939 urbanis,
771 875 850 928 vel
872 875 1400 947 suburbanis)quot
1421 876 1593 932 solidi
1611 877 1681 948 (ο)
1701 876 1945 946 singulis

238 968 442 1031 quater
477 962 534 1016 in
565 979 716 1017 anno
747 963 1263 1032 distribuerentur,
1302 966 1520 1020 Pascha
1569 966 1810 1034 scilicet,
1844 983 1946 1021 na-

235 1052 330 1106 tali
364 1055 794 1123 apostolorum,
829 1054 1006 1110 natali
1048 1056 1236 1110 sancti
1266 1057 1526 1125 Andreae,
1570 1058 1946 1126 natalitioque

234 1157 356 1204 suo,
391 1158 500 1210 per
523 1141 933 1214 polyptychum
952 1161 1065 1216 quo
1097 1145 1382 1200 hactenus
1413 1152 1682 1217 erogatur
1717 1147 1941 1202 indixit.

296 1246 390 1300 25.
429 1246 600 1301 Extra
631 1264 776 1316 quos
809 1248 996 1318 primo
1038 1251 1341 1307 Dominicaa
1382 1252 1825 1308 resurrectionis
1855 1254 1944 1310 di-

230 1335 432 1389 luculo
467 1337 526 1391 in
560 1336 798 1392 basilica
820 1339 1116 1409 quondam
1167 1340 1486 1396 doctissimi
1524 1359 1684 1413 papa
1724 1341 1944 1427 Vigilii,

223 1425 397 1493 juxta
433 1441 612 1495 quam
651 1427 1215 1484 consuetudinaiiter
1265 1430 1580 1495 habitabat,
1614 1433 1684 1487 ad
1717 1425 1941 1505 imper-L

230 1514 506 1568 tiendum
541 1515 700 1586 pacis
732 1516 1000 1572 osculum
1036 1518 1319 1585 residens,
1353 1521 1576 1575 cunctis
1634 1522 1940 1593 episcopis,

230 1605 618 1676 presbyteris,
633 1606 996 1675 diaconibus,
1014 1607 1260 1680 aliisque
1274 1611 1350 1680 (ἀ)
1370 1610 1728 1667 axiomaticis
1740 1629 1943 1668 aureos

231 1694 530 1765 erogabat.
565 1693 841 1751 Natalitio
871 1712 1003 1751 vero
1025 1699 1444 1768 apostolorum,
1479 1700 1560 1754 vel
1587 1717 1714 1761 suo,
1737 1701 1940 1758 mistos

227 1783 454 1838 solidos
497 1784 769 1850 oﬂ'erens,
815 1789 1118 1858 peregrina
1161 1787 1544 1844 nihilominus
1597 1791 1944 1848 vestimenta
1975 1804 2019 1867 Β

229 1874 513 1929 donabaL

294 1989 390 2042 26.
427 1987 719 2042 Omnibus
753 1989 990 2046 omnino
1022 1989 1323 2060 Kalendis,
1369 1995 1726 2065 pauperibus
1765 2012 1939 2066 gene-

226 2077 437 2132 raliter
487 2077 723 2132 easdem
774 2078 993 2150 species
1042 2097 1169 2151 quae
1201 2086 1666 2154 congerebantur
1687 2101 1756 2140 ex
1787 2086 1942 2140 redi-

228 2167 386 2221 tibus
448 2166 757 2236 erogabat:
792 2173 850 2222 et
905 2185 1012 2224 suo
1073 2175 1330 2240 tempore
1392 2173 1771 2242 frumentum,
1831 2191 1938 2230 suo

235 2256 467 2322 vinum,
499 2271 606 2310 suo
656 2272 916 2324 caseum,
951 2274 1058 2312 suo
1083 2257 1376 2330 legumen,
1411 2278 1517 2317 suo
1550 2262 1800 2329 lardum,
1832 2279 1939 2318 suo

224 2347 292 2415 (ε)
327 2345 771 2401 manducabilia
802 2346 1099 2414 animalia,
1133 2365 1236 2402 suo
1269 2350 1453 2421 pisces
1484 2351 1568 2406 vel
1600 2353 1792 2408 oleum
1847 2371 1938 2422 pa-

225 2433 578 2488 terfamilias
637 2433 865 2489 Domini
946 2435 1362 2493 discretissime
1446 2439 1760 2496 dividebat.
1845 2441 1937 2498 Pi-

228 2526 472 2594 gmenta
495 2538 628 2577 vero
650 2523 879 2594 aliaque
899 2525 971 2596 (f)
992 2525 1324 2582 delicatiora
1343 2532 1687 2586 commercia
1721 2533 1937 2602 primo-

225 2614 390 2667 ribus
415 2611 838 2668 honorabiliter
859 2615 1153 2684 oii'erebat,
1187 2616 1266 2670 ita
1308 2623 1370 2672 ut
1398 2619 1538 2673 nihil
1573 2620 1728 2675 aliud
1761 2639 1934 2692 quam

226 2704 571 2758 communia
625 2705 894 2774 quaedam
955 2705 1181 2775 horrea,
1238 2708 1567 2766 communis
1631 2717 1937 2783 putaretur

226 2791 511 2848 Ecclesia.

283 2902 377 2956 27.
416 2901 636 2956 Tribus
695 2902 954 2959 millibus
1002 2905 1230 2960 ancillis
1262 2907 1383 2974 Dei,
1427 2925 1569 2980 quas
1611 2911 1789 2966 Graeci
1821 2927 1932 2968 mo-

217 2992 460 3044 aastrz‘as
509 2996 738 3057 vocant,
772 2992 1105 3062 quindecim
1146 2993 1326 3050 libras
1358 2999 1482 3053 auri
1516 3016 1618 3070 pro
1649 2999 1928 3057 lectister-

217 3080 323 3134 niis
350 3079 541 3145 dedit,
564 3079 765 3151 eisque
780 3097 880 3150 pro
902 3083 1262 3152 quotidianis
1306 3087 1611 3156 stipendiis
1635 3091 1930 3161 octoginta

214 3168 393 3223 libras
448 3171 780 3224 annualiter
823 3172 1172 3229 conferebat.
1213 3180 1293 3229 De
1333 3175 1545 3246 quibus
1579 3179 1922 3234 Theoctistae
1953 3192 2003 3256 Ο

214 3258 470 3329 palriciae
528 3258 827 3315 scribens:
886 3283 914 3310 ι(
948 3264 1185 3332 Harum,
1236 3264 1449 3335 inquit,
1502 3268 1634 3323 talis
1669 3269 1920 3339 vitaeet,

212 3354 386 3418 atque
421 3348 481 3402 in
515 3352 745 3403 tantum
776 3349 1050 3421 lacrymis
1081 3356 1138 3406 et
1168 3352 1516 3410 abstinentia
1548 3358 1825 3426 districta,
1863 3366 1923 3414 ut

209 3440 531 3493 credamus
563 3440 694 3509 quia
726 3440 773 3494 si
804 3440 944 3511 ipsas
987 3457 1099 3496 non
1149 3450 1364 3512 essent,
1422 3445 1614 3502 nullus
1657 3454 1920 3504 nostrum

205 3528 321 3597 jam
369 3543 480 3598 per
509 3533 596 3583 tot
649 3545 833 3584 annos
863 3531 921 3585 in
955 3529 1078 3586 loco
1109 3531 1219 3588 hoc
1250 3534 1569 3593 subsistere
1599 3537 1749 3594 inter
1777 3540 1923 3594 Lan-

210 3619 606 3686 gobardcrum
638 3618 862 3689 gladios
884 3623 1185 3690 potuisset.
1215 3645 1243 3672 ιι
1278 3624 1397 3695 (Lib
1425 3667 1436 3681 .
1471 3643 1544 3693 vr,
1577 3643 1661 3700 cp.
1692 3629 1813 3701 26.)

275 3725 370 3779 28.
407 3725 776 3789 Quolidianis
808 3728 1140 3800 quibusque
1166 3731 1372 3787 diebus
1407 3749 1510 3804 per
1535 3737 1798 3792 omnium
1840 3755 1925 3795 re-

213 3814 455 3885 gionum
487 3815 645 3868 vicos
677 3815 760 3870 vel
793 3817 1067 3887 compita,
1101 3818 1351 3875 inﬁrmis
1373 3837 1472 3876 seu
1507 3824 1764 3893 qualibet
1794 3842 1919 3882 cor-

209 3903 373 3974 poris
407 3912 570 3972 parte
603 3905 892 3960 debilibus
923 3912 1081 3962 cocta
1114 3909 1400 3974 stipendia
1442 3927 1542 3980 per
1572 3915 1921 3973 constitutos

207 3992 548 4046 veredarios
562 3994 883 4050 emittebat.
903 3995 1430 4054 Verecundioribus
1443 4016 1594 4067 vero,
1608 4009 1918 4073 antequam

209 4082 334 4152 ipse
367 4082 567 4136 cibum
604 4089 853 4152 caperet,
887 4101 917 4138 a
960 4101 1164 4140 mensa
1194 4104 1301 4141 sua
1333 4089 1754 4148 benedictionis
1786 4110 1923 4165 apo-

211 4171 432 4224 stolica
489 4171 752 4227 ostiatim
811 4172 1056 4243 dirigere
1095 4176 1332 4231 curabat
1381 4178 1706 4247 scutellam,
1741 4182 1820 4237 ita
1858 4189 1921 4240 ut

210 4260 512 4314 neminen:
547 4275 785 4329 prorsus
807 4263 1096 4333 exciperet
1119 4264 1648 4324 misericordissimi
1683 4270 1922 4327 benevo-

175 4346 391 4402 .lentia
423 4348 760 4418 provisoris,
810 4368 978 4421 quem
1028 4354 1098 4408 ad
1143 4354 1314 4410 ﬁdem
1361 4363 1611 4412 traxerat
1661 4361 1922 4432 omnipo-

211 4437 384 4492 tentis
415 4438 674 4508 cognitio
711 4440 1021 4497 Creatoris.

2061 517 2285 572 misset.

2129 606 2218 663 30.
2237 607 2446 701 Exstat
2476 627 2659 685 usque
2688 616 2859 674 hodie
2889 619 2946 676 in
2980 628 3377 689 sacratissimo
3408 636 3754 701 Lateranen-

2057 697 2136 750 sis
2157 697 2354 766 palatii
2382 701 2592 758 scrinio
2624 704 2802 775 hujus
2833 713 3165 772 confectum
3205 726 3560 791 temporibus
3591 697 3756 790 char-

2057 788 2284 842 taceam
2311 795 2642 862 pra-grando
2667 801 2960 872 volumen,
2995 805 3051 858 in
3085 825 3199 879 quo
3221 788 3549 876 communis
3581 839 3754 883 sexus

2058 881 2394 934 cunctarum
2454 891 2682 940 aetatum
2750 905 2814 944 ac
2869 894 3290 962 professionum
3344 910 3579 966 nomina
3638 881 3754 974 tam

2059 965 2247 1020 Romae
2273 985 2446 1040 quam
2483 990 2580 1043 per
2610 977 2948 1038 suburbana
2981 985 3318 1050 civitatesve
3348 997 3584 1066 vicinas,
3621 1021 3759 1062 nec-

2057 1073 2170 1111 non
2203 1057 2550 1131 longinquas
2583 1068 2898 1127 maritimas
2930 1075 3103 1131 urbes
3126 1079 3482 1155 degentium,
3507 1057 3757 1153 5;!cum

2055 1147 2181 1202 suis
2213 1152 2679 1221 cognominibus,
2705 1160 3082 1231 temporibus,
3107 1178 3158 1223 et
3182 1147 3752 1242 remunerationibus

2052 1240 2382 1308 expressius
2411 1244 2802 1303 continentur.
2831 1251 3086 1314 Quorum
3116 1275 3426 1333 summam,
3452 1285 3524 1324 ne
3553 1240 3757 1330 videli;

2052 1332 2140 1434 pet
2156 1327 2451 1434 fastiditus
2469 1336 2783 1434 transiliar,
2802 1355 2906 1412 ego
2924 1347 3234 1405 transferre
3251 1327 3511 1427 diffugia,
3529 1327 3755 1434 meique

2051 1416 2283 1474 lectoris
2314 1421 2546 1478 oculum
2581 1427 2648 1480 ad
2685 1426 2840 1485 illius
2873 1440 3180 1492 venerandi
3205 1416 3752 1518 scriniivplenitujdi-

2054 1523 2209 1617 nem,
2237 1511 2402 1617 cujus
2425 1513 2547 1582 ipse
2570 1531 2712 1584 pene
2742 1517 2800 1573 in
2833 1525 3062 1582 cunctis
3119 1511 3551 1606 auctoritatem,
3602 1559 3752 1617 papa

2054 1597 2356 1670 largiente,
2391 1608 2630 1659 secutus
2669 1623 2820 1679 sum,
2855 1613 3205 1673 transmitte.

2121 1689 2515 1747 31.Praeterea
2569 1710 2700 1750 cum
2758 1699 3101 1760 Arianorum
3133 1707 3375 1768 basilica
3407 1714 3467 1770 in
3517 1721 3751 1792 regione

2051 1777 2213 1880 urbis
2272 1779 2447 1880 hujus
2480 1798 2619 1880 quae
2669 1785 2933 1845 Suburra
2962 1792 3177 1851 dicitur
3219 1801 3417 1859 clausa
3463 1777 3747 1880 usquead

2049 1866 2308 1965 Gregorii
2333 1872 2704 1940 pontiﬁcatus
2726 1880 2988 1950 tempora
3009 1888 3411 1958 remansisset,
3446 1866 3745 1965 placuit—ei

2050 1959 2113 2008 ut
2135 1955 2188 2010 in
2225 1957 2337 2013 ﬁde
2367 1960 2670 2031 catholica,
2706 1965 3050 2027 introductis
3079 1973 3216 2031 illuc
3239 1955 3743 2046 beati-sebastiani

2048 2135 2334 2230 set-,-quod
2359 2138 2572 2230 factum
2605 2148 2712 2197 est.
2747 2144 2890 2202 Nam
2922 2165 3054 2206 cum
3079 2169 3290 2224 magna
3313 2160 3510 2230 populi
3542 2166 3746 2222 multi-

2046 2221 2250 2276 tudine
2295 2225 2607 2318 Qregorius
2636 2230 2838 2290 laudes
2867 2241 3130 2295 canendo
3163 2221 3526 2318 perveni-ens,
3546 2221 3749 2310 basili-

2047 2326 2171 2366 cam
2194 2315 2491 2384 prasl‘atam
2516 2319 2814 2390 ingressus
2833 2333 2916 2381 est
2937 2343 3217 2400 ;cumque
3237 2315 3584 2396 venerabilis
3605 2357 3747 2412 pon—

2046 2403 2183 2458 tifex
2212 2408 2332 2475 jam
2364 2408 2672 2467 missarum
2714 2415 2998 2472 solemnia
3039 2419 3372 2492 celebraret,
3415 2444 3481 2485 ac
3515 2403 3745 2503 propter

2044 2494 2307 2561 ejusdem
2329 2496 2437 2551 loci
2458 2501 2764 2590 angustias
2784 2507 2976 2576 populi
3003 2525 3064 2564 se
3079 2514 3248 2566 turba
3267 2494 3742 2590 comprimerent,

2043 2585 2279 2653 quidam
2313 2602 2382 2642 ex
2416 2589 2502 2644 his
2535 2593 2630 2660 qui
2665 2604 2825 2648 extra
2854 2599 3174 2656 sacrarium
3210 2585 3467 2675 stabant,
3502 2585 3738 2678 porcum

2043 2673 2228 2728 subito
2259 2675 2410 2730 inter
2439 2693 2574 2733 suos
2606 2679 2802 2749 pedes,
2835 2682 2948 2737 huc
2986 2691 3042 2740 et
3092 2687 3226 2743 illuc
3257 2673 3578 2752 discurrere
3612 2715 3742 2756 sen-

2041 2767 2260 2817 serunt.
2294 2763 2473 2826 Quem
2495 2766 2634 2821 dum
2671 2769 3096 2844 uniusquisque
3118 2778 3377 2850 sentiret,
3403 2787 3460 2837 et
3481 2784 3652 2853 juxta
3677 2803 3740 2844 se

2039 2852 2334 2909 stantibus
2386 2855 2689 2924 indicaret,
2737 2858 2888 2915 idem
2957 2879 3164 2933 porcus
3224 2852 3739 2945 ecclesimjanuas

2038 2943 2218 3013 petiit,
2252 2949 2307 3000 et
2335 2961 2559 3012 omnes,
2594 2965 2693 3020 per
2737 2966 2880 3020 quos
2911 2956 3165 3022 transiit,
3200 2958 3254 3013 in
3287 2943 3736 3023 admirationem

2037 3034 2318 3089 convertit
2351 3053 2364 3101 ;
2400 3037 2497 3090 sed
2535 3038 2710 3093 videri
2741 3041 2820 3094 nil
2854 3044 3060 3112 potuit,
3092 3049 3359 3116 quamvis
3409 3055 3608 3109 sentiri
3641 3072 3738 3127 po-

2035 3123 2263 3181 tuisset.
2299 3126 2453 3190 Quod
2504 3125 2717 3182 idcirco
2751 3131 2946 3186 divina
2979 3133 3159 3204 pietas
3182 3140 3458 3209 ostendit,
3491 3147 3554 3197 ut
3597 3123 3736 3202 cun-

2033 3214 2138 3267 ctis
2172 3220 2491 3285 putesceret
2521 3218 2659 3287 quia
2714 3221 2976 3276 veniente
3009 3240 3142 3278 cum
3195 3228 3458 3300 reliquiis
3498 3239 3733 3290 sancto-

2033 3318 2162 3356 rum
2215 3303 2503 3375 Gregorio,
2546 3307 2770 3362 deloco
2811 3311 3011 3366 eodem
3051 3313 3389 3373 immundus
3440 3320 3734 3383 habitator

2032 3392 2230 3447 exiret.

2100 3479 2189 3534 32.
2241 3480 2475 3536 Peracta
2541 3483 2719 3553 igitur
2769 3485 3082 3544 missarum
3143 3493 3542 3565 celebratione,
3586 3516 3734 3572 papa

2031 3585 2162 3623 cum
2198 3569 2362 3638 plebe
2391 3572 2661 3638 recessit;
2696 3575 2795 3628 sed
2829 3576 3021 3632 adhuc
3054 3586 3220 3637 nocte
3249 3585 3444 3640 eadem
3479 3569 3730 3659 magnus

2030 3658 2088 3712 in
2129 3659 2391 3728 ejusdem
2435 3660 2699 3718 Ecclesiaa
2725 3665 2892 3720 tectis
2924 3670 3201 3738 strepitus
3225 3672 3408 3728 factus
3438 3680 3547 3744 est,
3582 3658 3648 3734 ac
3680 3679 3730 3736 si

2032 3749 2088 3803 in
2121 3765 2187 3803 ea
2236 3749 2449 3822 aliquis
2495 3755 2741 3809 errando
2783 3756 3152 3816 discurreret.
3205 3763 3482 3834 Sequenti
3533 3772 3727 3826 autem

2033 3841 2200 3891 nocte
2251 3840 2482 3908 gravior
2525 3842 2752 3897 sonitus
2812 3847 3082 3914 excrevit,
3117 3866 3248 3904 cum
3299 3853 3491 3909 subito
3540 3861 3742 3913 tantus

2031 3933 2214 3982 terror
2243 3927 2526 3996 insonuit,
2546 3947 2611 3984 ac
2640 3933 2682 3985 si
2707 3933 2898 3988 omnis
2930 3936 3172 3991 ecclesia
3204 3939 3304 3993 illa
3335 3958 3367 3996 a
3389 3943 3739 4004 fundamen-

2032 4017 2102 4070 tis
2155 4017 2362 4072 fuisset
2391 4033 2604 4087 eversa,
2639 4025 2695 4074 et
2727 4023 2987 4091 protinus
3024 4029 3280 4092 recessit,
3314 4046 3380 4084 ac
3419 4031 3583 4087 nulla
3617 4033 3736 4089 illic

2033 4106 2274 4162 ulterius
2308 4107 2649 4179 inquietudo
2679 4110 2906 4183 antiqui
2940 4113 3126 4170 hostis
3160 4119 3468 4187 apparuit;
3503 4123 3600 4176 sed
3640 4139 3747 4193 per

2033 4197 2268 4252 terroris
2309 4199 2588 4266 sonitum,
2623 4216 2797 4271 quem
2849 4203 3002 4268 fecit,
3036 4204 3294 4262 innotuit
3323 4225 3356 4261 a
3389 4209 3514 4265 loco
3558 4227 3740 4280 quem

2033 4286 2130 4340 diu
2160 4291 2426 4342 tenuerat
2451 4291 2599 4359 quod
2628 4307 2726 4361 per
2756 4291 3174 4350 invocationem
3209 4296 3466 4368 Gregorii
3506 4312 3738 4358 coactus

2032 4375 2246 4431 exibat.
2289 4376 2424 4432 Post
2460 4394 2674 4448 paucos
2716 4397 2846 4436 vero
2895 4380 3018 4437 dies
3063 4383 3122 4439 in
3157 4400 3370 4456 magna
3425 4390 3740 4447 serenitate

2035 4467 2184 4521 aeris
2205 4482 2381 4538 super
2411 4465 2589 4521 altare
2609 4468 2863 4537 ejusdem
2898 4469 3154 4527 ecclesiae
3187 4474 3369 4530 nubes
3389 4476 3619 4534 coalitus
3643 4479 3742 4535 de-

282 4545 371 4598 29.
409 4544 629 4599 Horum
673 4546 812 4602 dum
847 4549 1159 4617 quemdam
1197 4566 1509 4623 pauperem
1559 4554 1619 4610 in
1655 4559 1926 4628 angustis
1959 4551 2004 4615 D
2034 4556 2278 4620 scendit,
2314 4572 2538 4627 suoque
2581 4555 2725 4612 illud
2778 4557 3064 4615 velamine
3101 4562 3351 4632 operuit,
3385 4581 3744 4638 omnemque

220 4637 294 4702 (g)
321 4633 720 4689 andronarum
756 4638 1083 4693 recessibus
1133 4658 1164 4694 a
1197 4641 1638 4711 vespillionibus
1677 4645 1925 4705 inveniri

217 4732 512 4776 mortuum
541 4724 904 4794 contigisset,
925 4726 1228 4782 aestimans
1259 4745 1388 4785 eum
1415 4731 1586 4801 stipis
1618 4732 1816 4804 inopia
1843 4737 1924 4808 (Ir)

214 4812 474 4879 periisse,
514 4814 593 4866 ita
638 4829 737 4881 per
790 4815 1013 4886 aliquot
1068 4817 1216 4886 dies,
1251 4824 1312 4874 ut
1358 4821 1589 4888 dicitur,
1640 4839 1672 4875 a
1730 4824 1927 4880 missa-

218 4917 347 4955 rum
408 4900 806 4959 celebratione
865 4907 1144 4972 vacando,
1195 4908 1460 4965 tristatus
1505 4915 1616 4978 est,
1651 4919 1922 4983 tanquam

278 5097 367 5179 (α’).
391 5100 435 5152 Α
479 5099 679 5154 Graeco
701 5101 928 5178 πτυχίς,
954 5103 1245 5179 signiﬁcat
1271 5105 1546 5179 vestium,
1571 5108 1924 5179 chartarum,

215 5170 552 5252 et‘aliorum
613 5187 740 5252 quas
791 5170 1543 5252 ciimplicantugsingulas
1586 5170 1922 5251 plicaturas,

217 5239 350 5323 folia
390 5246 450 5294 et
496 5239 1064 5323 lamin.as._l\dasiLL.
1090 5277 1156 5323 ἡ
1204 5248 1309 5302 Hic
1338 5239 1777 5308 libellus‘estin
1809 5239 1924 5323 quo

217 5311 437 5395 reditus
466 5313 860 5395 ecclesiastici
895 5318 1355 5395 annotabantur,
1386 5327 1444 5376 et
1487 5323 1626 5392 quid
1673 5311 1922 5395 singulis

215 5381 621 5508 ingigentibgs
645 5392 1009 5512 grogaretur.
1043 5388 1124 5445 De
1154 5388 1263 5446 hac
1296 5381 1448 5458 voce,
1493 5381 1625 5450 vide
1654 5381 1821 5466 epist.
1847 5398 1922 5451 40

239 5471 250 5506 l
303 5496 314 5507 .
351 5471 454 5512 vix.
488 5472 544 5509 in
597 5499 609 5510 .
689 5501 700 5512 .

239 5455 314 5508 ib.
351 5471 454 5520 vix,
488 5455 609 5510 ind.
645 5459 700 5513 2.

281 5526 358 5606 (rb)
398 5527 456 5580 in
479 5530 672 5606 _Colb.,_
691 5531 1039 5606 aggregavit;
1060 5532 1116 5606 in
1145 5532 1307 5604 Reg.,
1329 5535 1642 5593 adhaerere.
1666 5541 1726 5595 In
1752 5537 1920 5606 Utic.,

213 5599 694 5678 verboedzrauit
723 5602 1175 5678 superscribitur
1203 5599 1288 5660 υὲι
1313 5611 1573 5678 erogavit.

281 5670 353 5738 (ε)
384 5669 568 5726 Abest
597 5673 845 5741 singulis
875 5691 909 5732 a
942 5672 1081 5730 Mss.
1116 5676 1314 5736 Norm.

283 5741 364 5810 (ά)
387 5741 449 5797 Id
483 5747 594 5810 est,
620 5744 760 5800 viris
779 5744 838 5800 in
860 5746 1243 5819 dignitatibus
1264 5752 1602 5809 constitutis
1623 5753 1693 5809 ab
1706 5750 1922 5827 ἀξίωμα

2034 4645 2338 4702 ecclesiam
2368 4650 2529 4702 tanto
2568 4650 2785 4702 terrore
2816 4665 2880 4702 ac
2911 4650 3195 4706 suavitate
3225 4653 3422 4710 odoris
3455 4654 3736 4726 implevit,

2033 4743 2112 4804 ut,
2147 4736 2713 4809 patentibusjanuis,
2740 4737 2938 4794 nullus
2959 4739 3077 4796 illic
3102 4746 3742 4813 praesumeretintrare,

2028 4831 2084 4882 et
2113 4827 2447 4882 sacerdotes
2478 4830 2648 4898 atque
2679 4828 2967 4895 custodes,
3005 4829 3088 4884 vel
3122 4831 3181 4886 hi
3215 4833 3309 4902 qui
3344 4832 3411 4887 ad
3443 4832 3738 4888 celebran-

2031 4916 2104 4972 da
2134 4915 2451 4972 missarum
2505 4917 2792 4972 solemnia
2841 4925 3136 4988 venerant,
3190 4926 3244 4976 et
3276 4937 3397 4976 rem
3430 4921 3732 4991 videbant,

2028 5111 2303 5187 dignitas.
2337 5113 2461 5169 Non
2496 5130 2622 5170 raro
2652 5114 2909 5171 Joannes
2955 5114 3247 5170 Diaconus
3279 5119 3527 5187 usurpat
3558 5117 3739 5176 verba

2030 5184 2246 5240 Graeca.

2097 5255 2399 5331 (e)_Co_l_b.,
2432 5257 2651 5331 Gemet.
2686 5261 2743 5312 et
2773 5258 2920 5329 Big.,
2953 5254 3333 5326 manducalia,
3366 5260 3520 5331 quod
3551 5262 3732 5320 etiam

2028 5327 2167 5382 olim
2191 5328 2246 5381 in
2282 5327 2426 5383 Utic.
2463 5327 2781 5394 legebatur.

2097 5397 2176 5477 (ἦ)
2207 5399 2389 5463 Colb.,
2423 5400 2640 5477 Gemet.
2668 5403 2724 5454 et
2744 5399 2952 5469 Bigct.,
2980 5399 3204 5458 ditiora.
3231 5402 3379 5459 Utic.
3413 5407 3724 5477 utramque

2028 5467 2340 5525 lectionem
2375 5475 2580 5524 servat.

2099 5541 2175 5610 (g)
2207 5536 2464 5615 ’ᾼνδρών,
2502 5542 2659 5615 locus
2684 5540 2741 5596 in
2783 5560 2896 5614 quo
2915 5543 3023 5600 soli
3055 5544 3158 5603 viri
3182 5545 3436 5615 degunt;
3471 5546 3606 5602 hinc
3627 5563 3733 5602 an-

2025 5609 2198 5665 drona
2235 5609 2572 5669 formatum.
2600 5613 2770 5672 BOLL.

2095 5683 2174 5757 (Ii)
2207 5684 2492 5759 Ds[eciue.
