4088 6172
349 281 465 343 «99
950 271 1012 334 S.
1059 266 1435 333 GREGORII
1479 263 1726 327 MAGNI
1768 261 1971 335 VlTA,
2018 258 2249 321 AUCT.
2296 256 2607 320 JOANNE
2648 253 3018 317 DIACONO.
3063 253 3216 314 LIB.
3263 254 3342 313 II.

3781 251 3906 312 100

383 430 610 506 ingredi
641 425 883 483 minime
912 421 1196 493 poterant,
1228 419 1284 471 et
1311 414 1653 472 suavitatem
1678 408 1910 466 mirifici
1942 407 2081 464 odo-
2112 404 2163 473 Α
2194 403 2522 470 roboratus,
2582 419 2686 474 per
2733 401 2974 458 zEtherii
3037 398 3390 456 Arelatensis
3454 397 3628 469 vatis,
3683 415 3904 472 perque

385 497 481 581 risv
505 518 831 577 trahebant.
862 512 964 567 Die
1011 525 1139 564 vero
1172 505 1283 561 alia
1313 505 1369 560 in
1421 521 1486 560 ea
1518 501 1814 572 lampades
1837 499 1962 554 sine
1991 497 2084 553 lu-

383 613 543 670 mine
572 614 706 665 sunt
736 617 1007 661 accensa.
1034 601 1168 653 Post
1189 611 1403 666 paucos
1427 593 1640 648 iterum
1665 590 1790 646 dies
1811 605 1970 656 cum,
1993 603 2088 642 ex-

382 701 554 775 pletis
587 698 899 754 missarum
923 685 1247 754 solemniis,
1268 682 1564 741 exstinctis
1580 678 1968 751 lampadibus,
1991 693 2088 732 cu-

383 770 506 852 stos
558 807 627 847 ex
674 787 877 843 eadem
928 781 1006 851 (α)
1055 775 1299 833 ecclesia
1368 788 1639 845 egressus
1689 771 1914 835 fuisset,
1961 770 2088 839 post

379 880 687 957 paululum
711 870 1028 936 intravit,et
1046 865 1347 936 lampades
1367 878 1514 934 quas
1528 860 1879 917 exstinxerat
1895 857 2086 912 lucen-

381 947 466 1029 tes
498 968 728 1043 reperit,
773 979 918 1035 quas
950 956 1310 1026 negligenter
1339 951 1684 1007 exstinxisse
1713 964 1774 1005 se
1813 947 2080 1017 credidit,

381 1038 681 1135 atque'eas
709 1059 836 1127 jam
862 1047 1176 1107 sollicitius
1216 1043 1511 1109 exstinxit,
1543 1041 1641 1112 qui
1673 1042 1873 1096 exiens
1903 1038 2089 1095 eccle-

383 1129 529 1209 sia-m
549 1145 780 1205 clausit.
810 1141 920 1198 Sed
945 1137 1365 1210 posthorarum
1385 1131 1564 1186 trium
1583 1129 1843 1202 spatium
1868 1143 2088 1199 regres-

383 1258 505 1308 sus,
543 1238 800 1294 lucenles
847 1227 1140 1298 lampades
1187 1238 1328 1295 quas
1369 1220 1718 1278 exstinxerat
1747 1216 1991 1284 invenit,
2027 1223 2087 1272 ut

383 1307 650 1389 videlicet
677 1341 746 1380 ex
790 1322 914 1393 ipso
966 1315 1189 1372 lumine
1218 1315 1415 1384 aperte
1439 1309 1795 1376 claresceret,
1821 1307 1958 1378 quia
1990 1321 2088 1377 per

383 1422 622 1478 beatum
658 1410 998 1483 Gregorium
1048 1406 1214 1461 locus
1261 1400 1358 1458 ille
1388 1401 1459 1455 de
1505 1397 1758 1455 tenebris
1789 1396 1858 1450 ad
1895 1395 2084 1452 lucem

380 1511 662 1570 venisset.

451 1599 540 1654 33.
579 1593 689 1650 Sed
741 1605 873 1646 cum
921 1582 1232 1656 Gregorius
1279 1596 1382 1652 pro
1429 1573 1834 1634 convertendis
1880 1573 2084 1645 Anglis

379 1685 725 1752 Saxonibus,
758 1672 1249 1752 quemadmodum
1273 1669 1333 1724 in
1364 1665 1714 1724 manacbatu
1738 1679 1844 1719 suo
1877 1679 2086 1733 propo-

377 1781 595 1843 suerat,
629 1768 884 1829 assiduis
908 1762 1329 1836 cogitationum
1353 1757 1628 1813 fluetibus
1656 1754 1735 1825 (ὁ)
1763 1756 2091 1844 urgeretur,
2126 1777 2173 1844 Β

378 1885 513 1926 mox
538 1842 661 1931 ubi,
693 1857 962 1918 Ecclesia
1012 1857 1165 1910 statu
1199 1847 1544 1920 composito,
1578 1846 1650 1918 (ο)
1681 1848 1959 1916 quartum
1989 1842 2088 1900 55

378 1959 467 2016 sui
511 1953 885 2029 pontificatus
934 1959 1156 2003 annum
1204 1938 1462 2007 intravit,
1510 1935 1904 2008 Augustinum
1955 1948 2089 1987 cum

378 2019 750 2104 aliis-domus
787 2053 907 2093 sua
939 2034 1022 2107 (ά)
1052 2027 1394 2088 monasterii
1434 2022 1737 2081 monachis
1766 2021 1827 2078 in
1861 2019 2089 2076 Britan-

380 2137 535 2194 niam
560 2125 993 2201 evangelizandi
1018 2120 1205 2194 gratia
1221 2114 1554 2174 destinavit.
1578 2114 1650 2184 (ε)
1673 2112 1779 2177 Qui
1804 2113 2088 2201 suscepta

378 2196 890 2299 peregrinationis,
943 2215 1073 2284 post
1150 2209 1277 2264 dies
1349 2205 1596 2276 aliquot,
1672 2201 1842 2256 inerti
1921 2196 2088 2253 tadio

379 2291 749 2391 pragravati,
796 2307 984 2364 redire
1031 2303 1274 2359 domum
1326 2296 1520 2369 potius
1552 2309 1728 2366 quam
1763 2291 2088 2391 barbaram,

379 2379 586 2471 feram,
645 2395 1131 2464 incredulamque
1187 2391 1441 2460 gentem,
1474 2384 1645 2454 cujus
1705 2379 2088 2471 nelinguam

380 2496 617 2568 quidem
665 2487 1083 2558 intelligerent,
1133 2479 1296 2535 adire
1324 2476 1724 2532 decreverunt.
1756 2470 1874 2526 Nec
1905 2485 2087 2538 mora,

377 2559 798 2655 Augustinum,
837 2589 1010 2647 quem
1077 2571 1160 2626 eis
1206 2567 1543 2638 episcopum
1610 2559 2086 2625 consecrandum,

380 2677 430 2734 si
473 2651 559 2730 ‘ab
616 2669 819 2742 Anglis
875 2663 1296 2732 exciperentur,
1358 2653 1663 2720 indixerat,
1713 2651 1956 2707 Romam
2006 2665 2090 2704 re-

380 2767 641 2830 mittunt,
702 2771 999 2816 summum
1059 2749 1368 2824 prasulem
1426 2746 1804 2816 deprecantes
1861 2745 1924 2796 ut
1969 2744 2086 2795 tam

381 2855 756 2916 laboriosam,
785 2852 907 2904 tam
935 2846 1240 2906 incertam,
1287 2841 1527 2906 tamque
1571 2831 1956 2904 periculosam
1989 2846 2090 2900 pe-

383 2942 838 3016 regrinationem
888 2932 1000 2989 sibi
1043 2945 1227 2998 nuper
1275 2925 1611 2995 impositam
1659 2924 2001 2984 removeret,
2031 2922 2086 2974 et

382 3009 627 3091 ad'suos
684 3024 892 3084 reverti
949 3020 1335 3094 permitteret.
1371 3014 1590 3082 Quibus
1620 3011 1717 3067 ille
1765 3009 2082 3081 rescripsit,

381 3125 584 3181 dicens
618 3135 630 3174 :

452 3213 542 3268 34.
578 3232 606 3261 ‹‹
638 3203 953 3278 Gregorius
1012 3199 1342 3272 episcopus,
1373 3210 1577 3250 servus
1624 3205 1923 3247 servorum
1969 3189 2086 3256 Dei,

383 3301 567 3361 servis
591 3295 819 3356 Domini
842 3290 1026 3350 nostri
1057 3291 1189 3345 Jesu
1221 3285 1455 3343 Christi.
1486 3283 1629 3347 Quia
1655 3280 1866 3337 melius
1904 3279 2093 3334 fuerat

383 3395 537 3450 bona
568 3406 684 3445 non
714 3385 988 3457 incipere.
1024 3395 1200 3453 quam
1234 3376 1306 3431 ab
1337 3376 1429 3430 his
1461 3390 1588 3446 qua
1618 3376 1804 3443 capta
1834 3373 1969 3424 sunt
2001 3384 2091 3424 co-

382 3482 664 3556 gitatione
711 3480 1029 3532 retrorsum
1080 3468 1284 3537 redire,
1317 3479 1552 3521 summo
1591 3460 1800 3526 studio,
1831 3457 2088 3513 dilectis-

382 3547 518 3630 simi
576 3567 730 3633 Filii,
787 3565 1014 3636 oportet
1042 3565 1111 3614 ut
1165 3572 1311 3627 Opus
1343 3555 1562 3610 bonum
1613 3551 1764 3621 quod
1811 3547 2089 3619 capistis,

381 3661 696 3722 auxiliante
724 3654 992 3719 Domino,
1015 3645 1377 3720 complestis.
1405 3645 1521 3700 Nec
1543 3642 1703 3698 labor
1722 3656 1823 3696 vos
1839 3655 1974 3710 ergo
1995 3638 2090 3693 iti-

384 3754 566 3819 neris,
591 3765 695 3806 nec
715 3744 1130 3803 maledicorum
1165 3736 1468 3793 hominum
1499 3732 1709 3804 lingua
1738 3731 2088 3797 deterreant,

383 3843 484 3899 sed
516 3817 677 3896 omni
705 3832 1008 3898 instantia,
1031 3827 1311 3898 omnique
1336 3826 1574 3883 fervore,
1598 3837 1723 3893 qua
1748 3817 2089 3884 inchoastis,

381 3933 497 3988 Deo
510 3933 769 3996 auctore,
791 3921 1066 3997 peragite,
1096 3918 1347 3974 scientes
1360 3913 1516 3986 quod
1533 3911 1789 3967 laborem
1807 3922 2089 3979 magnum

381 4023 573 4093 major
613 4022 839 4074 aterna
881 4007 1283 4068 retributionis
1313 4003 1499 4078 gloria
1537 4003 1947 4072 consequetur.
1982 4000 2089 4052 Re-

381 4088 600 4169 meanti
634 4111 827 4164 autem
859 4100 1186 4174 Augustino
1225 4093 1534 4169 praposito
1565 4096 1774 4158 vestro,
1807 4103 1984 4160 quem
2032 4088 2091 4140 et

379 4203 645 4258 abbatem
695 4194 860 4252 vobis
909 4187 1349 4252 constituimus,
1380 4184 1440 4238 in
1477 4181 1754 4237 omnibus
1784 4177 2088 4234 humiliter

381 4287 634 4352 obedite,
665 4284 914 4339 scientes
943 4278 1156 4335 vestris
1187 4273 1501 4330 animabus
1532 4285 1631 4341 per
1677 4267 1868 4322 omnia
1898 4265 2087 4335 profu-

380 4379 580 4430 turum
624 4369 911 4445 quidquid
945 4384 978 4423 a
1019 4363 1185 4420 vobis
1218 4359 1390 4417 fuerit
1433 4359 1492 4413 in
1535 4357 1663 4427 ejus
1686 4353 2087 4411 admonitione

380 4462 755 4534 completum.
788 4457 1173 4527 Omnipotens
1223 4452 1375 4508 Deus
1415 4465 1517 4504 sua
1546 4463 1649 4503 vos
1681 4445 1866 4518 gratia
1897 4447 2088 4514 prote-

2121 3153 2172 3222 C

2197 494 2446 550 aliorum
2478 493 2881 564 episcoporum
2923 490 3144 556 Gallia,
3195 504 3509 561 regumque
3560 489 3770 558 quibus
3803 508 3904 547 eos

2194 585 2495 657 piissimus
2529 582 2960 655 Paterpropriis
2995 581 3204 637 litteris
3224 579 3680 646 commendarat,
3700 580 3900 652 hospi-

2197 675 2296 744 tia,
2343 674 2702 730 Britanniam
2735 672 2917 744 petiit,
2949 677 3005 727 et
3035 672 3106 726 ad
3140 671 3214 742 (g)
3278 668 3649 725 Edelberlum
3703 687 3904 743 regem

2197 764 2639 822 Cantuariorum
2679 761 2940 830 veniens,
2987 761 3088 817 Dei
3139 768 3478 829 cooperante
3518 761 3723 830 gratia,
3785 777 3903 816 non

2198 859 2389 914 solum
2438 855 2732 912 licentiam
2792 850 3164 923 pradicandi,
3196 866 3398 905 verum
3423 850 3595 905 etiam
3627 850 3816 906 victus
3847 855 3908 906 et

2198 947 2533 1006 mansiones
2565 946 2622 1000 in
2654 943 2891 1000 civitate
2941 939 3381 1007 Dorovernensi,
3415 955 3542 1011 qua
3573 947 3693 995 erat
3737 941 3904 1012 regni

2197 1041 2322 1110 ejus
2338 1035 2694 1106 metropolis,
2729 1032 2898 1088 facile
2927 1029 3274 1102 impetravit.
3307 1030 3391 1084 Ad
3424 1045 3600 1099 quam
3629 1030 3906 1101 Augusti-

2196 1144 2310 1184 nus
2349 1145 2481 1183 cum
2531 1126 2728 1190 sociis,
2763 1122 2997 1194 pralata
3052 1135 3243 1189 cruce,
3275 1134 3378 1173 seu
3415 1117 3731 1174 Salvatoris
3754 1119 3908 1174 ima-

2194 1219 2348 1290 gine,
2373 1215 2847 1289 appropinquans
2889 1209 3117 1278 cecinit,
3151 1209 3350 1264 dicens
3385 1223 3397 1261 :
3433 1228 3461 1258 ‹‹
3509 1208 3906 1281 Deprecamur

2196 1316 2270 1376 te,
2319 1306 2580 1372 Domine,
2617 1303 2677 1358 in
2724 1300 2879 1357 omni
2923 1297 3325 1354 misericordia
3349 1301 3474 1362 tua,
3508 1301 3572 1352 ut
3601 1298 3908 1354 auferatur

2196 1397 2356 1452 furor
2377 1404 2510 1450 tuus
2540 1393 2742 1464 iraque
2773 1395 2872 1446 tua
2892 1406 2926 1445 a
2965 1388 3193 1444 civitate
3225 1387 3358 1452 ista,
3383 1403 3413 1442 e
3445 1387 3668 1442 adomo
3699 1389 3906 1443 sancta

2196 1492 2314 1553 tua,
2340 1484 2617 1556 quoniam
2637 1480 3027 1551 peccavimus.
3053 1500 3079 1527 ››
3097 1475 3557 1533 Pradicantibus
3575 1481 3769 1531 autem
3792 1477 3900 1544 eis,

2195 1586 2247 1634 et
2279 1579 2337 1633 in
2370 1577 2607 1633 nomine
2635 1573 2777 1629 Jesu
2809 1569 3095 1627 miracula
3125 1568 3495 1634 facientibus,
3527 1567 3905 1623 crediderunt

2195 1667 2388 1735 multi,
2440 1671 2496 1721 et
2544 1661 2814 1735 baptizati
2849 1665 3008 1729 sunt,
3056 1659 3337 1714 mirantes
3390 1655 3716 1713 innocentis
3776 1656 3900 1712 vita

2202 1757 2657 1829 simplicitatem,
2680 1751 3244 1824 complectentesque
3264 1745 3632 1804 dulcedinem
3655 1744 3905 1802 coelestia

2204 1847 2503 1904 doctrina.

2269 1940 2356 1993 36.
2391 1937 2751 2006 QuaprOpter
2782 1931 3143 2003 Augustinus
3183 1928 3380 1985 Arelas
3409 1929 3590 1996 venit,
3620 1933 3673 1982 et
3703 1942 3906 1983 secun-

2199 2030 2336 2084 dum
2361 2023 2957 2099 Gregoriijussionem
2971 2021 3041 2077 ab
3064 2020 3143 2092 (ἡ)
3161 2019 3416 2075 [Etherio
3439 2017 3747 2089 episcopus
3765 2033 3906 2073 con-

2200 2124 2484 2188 secratus,
2517 2117 2573 2171 in
2608 2113 2966 2171 Britanniam
2995 2109 3305 2179 remeavit;
3336 2108 3607 2181 illicoque
3640 2122 3738 2179 per
3760 2107 3902 2162 Lau-

2199 2211 2453 2267 rentium
2505 2207 3012 2281 presbyterum,et
3059 2204 3296 2258 Petrum
3347 2200 3701 2256 monachum
3744 2215 3903 2270 papa

2199 2301 2469 2372 Gregorio
2501 2297 2936 2355 conversionem
2964 2293 3154 2366 gentis
3192 2290 3530 2364 Anglorum,
3563 2304 3742 2362 seque
3774 2307 3907 2345 con-

2198 2395 2493 2449 secratum
2508 2388 2783 2455 innotuit,
2805 2400 3121 2458 suggerens
3142 2387 3205 2438 ut
3222 2382 3332 2437 sibi
3348 2380 3603 2436 mitteret
3625 2379 3906 2451 plurimos

2197 2480 2355 2538 verbi
2387 2479 2706 2546 ministros,
2763 2493 2828 2533 eo
2878 2475 3032 2546 quod
3062 2488 3303 2528 messem
3369 2470 3598 2542 quidem
3657 2470 3904 2525 multam

2198 2572 2463 2637 haberet,
2497 2566 2793 2640 operarios
2823 2568 3016 2619 autem
3051 2578 3288 2635 paucos.

2268 2663 2358 2718 37.
2392 2659 2617 2728 Quibus
2664 2655 3046 2713 relationibus
3080 2651 3388 2724 Gregorius
3428 2651 3487 2705 in
3515 2648 3734 2706 Christo
3757 2648 3905 2704 lati-

2199 2752 2427 2820 ficatus,
2463 2749 2625 2805 misit
2665 2746 2991 2818 Augustino
3047 2743 3332 2814 plurimos
3361 2741 3520 2796 verbi
3579 2739 3900 2808 ministros,

2196 2842 2298 2898 56
2329 2841 2386 2896 in
2419 2839 2631 2912 quibus
2658 2835 2934 2908 pracipui
2963 2840 3126 2890 erant
3152 2831 3429 2898 Mellitus,
3452 2834 3676 2898 Justus,
3709 2828 3902 2884 Pauli-

2198 2947 2330 2998 nus,
2392 2934 2447 2984 et
2474 2928 2541 3000 (i)
2573 2926 2953 2992 Rufinianus;
2979 2928 3035 2980 et
3083 2938 3186 2994 per
3215 2937 3315 2976 eos
3347 2919 3618 2975 universa
3650 2934 3776 2988 qua
3833 2917 3907 2972 ad

2197 3019 2422 3076 cultum
2479 3019 2646 3074 erant
2701 3015 2968 3071 Ecclesia
3037 3011 3389 3077 necessaria,
3451 3025 3592 3064 vasa
3643 3007 3914 3063 videlicet

2202 3124 2390 3179 sacra,
2424 3111 2480 3162 et
2519 3104 2861 3160 vestimenta
2909 3100 3205 3168 altarium,
3260 3101 3604 3155 ornamenta
3651 3095 3916 3152 ecclesia-

2202 3199 2369 3264 stica,
2400 3195 2745 3251 vestimenta
2768 3191 3082 3260 clericalis,
3107 3189 3506 3261 apostolorum
3530 3184 3913 3242 etmultorum

2201 3291 2536 3342 sanctorum
2603 3282 2902 3353 reliquias,
2936 3283 2993 3335 et
3049 3279 3283 3334 Codices
3339 3273 3756 3332 multos.Misit
3785 3273 3836 3328 ei
3858 3276 3916 3328 et

2201 3375 2458 3448 pallium,
2484 3373 2700 3444 jubens
2732 3375 2796 3427 ut
2825 3370 2936 3426 sub
2968 3366 3274 3439 metropoli
3302 3382 3409 3421 sua
3441 3363 3655 3420 Cantia
3689 3363 3912 3418 duode-

2201 3467 2311 3522 cim
2335 3465 2638 3537 episcopos
2660 3460 2977 3527 ordinaret,
3010 3459 3080 3514 ad
3105 3455 3466 3514 Londoniam
3497 3459 3554 3511 et
3580 3455 3909 3510 Eburacam

2199 3555 2460 3628 singulos
2490 3553 2794 3625 episcopos
2827 3549 3095 3614 mitteret,
3131 3547 3232 3618 qui
3265 3545 3370 3602 sub
3395 3561 3456 3600 se
3479 3543 3784 3600 duodecim
3817 3540 3913 3596 ni-

2199 3646 2522 3703 hilominus
2553 3645 2856 3714 episcopos
2870 3641 3298 3705 eonsecrantes,
3317 3635 3559 3708 pallium
3577 3635 3648 3689 ab
3671 3637 3906 3705 aposto-

2201 3738 2310 3793 lica
2341 3737 2480 3793 sede
2527 3733 2910 3806 perciperent,
2936 3738 2990 3785 et
3022 3732 3148 3800 post
3176 3725 3489 3799 Augustini
3523 3723 3744 3781 obitum
3777 3725 3906 3794 ipse

2197 3830 2349 3882 inter
2393 3840 2491 3882 eos
2521 3824 2746 3896 primus
2793 3820 2985 3876 haberi
3033 3817 3347 3886 debuisset,
3382 3815 3480 3886 qui
3513 3813 3676 3885 prius
3709 3828 3911 3869 conse-

2199 3916 2347 3972 crari
2378 3913 2709 3970 meruisset.
2761 3910 3039 3981 Pracepit
3088 3923 3322 3979 quoque
3380 3909 3444 3961 ut
3492 3904 3552 3959 in
3581 3903 3904 3975 Anglorum

2198 4011 2371 4079 gente
2393 4003 2683 4060 idolorum
2715 4001 2845 4057 fana
2864 4015 2978 4055 non
3011 4000 3358 4064 destrueret,
3388 3994 3491 4051 sed
3528 3992 3909 4050 sanctiﬁcatis

2197 4095 2367 4167 aquis
2415 4109 2677 4164 respersa
2727 4090 2789 4146 in
2838 4089 3115 4145 basilicas
3147 4087 3456 4143 dedicaret.
3490 4085 3556 4140 Et
3603 4083 3738 4156 quia
3763 4081 3913 4138 sole-

2195 4187 2339 4242 bant
2385 4189 2646 4239 Saxones
2676 4181 2736 4236 in
2777 4178 3064 4236 sacrificio
3110 4177 3446 4232 daemonum
3477 4176 3654 4230 boves
3693 4171 3911 4228 multos

2195 4275 2476 4340 occidere,
2513 4272 2693 4343 jussit
2722 4274 2788 4326 ut
2831 4271 2888 4325 in
2921 4269 3015 4323 die
3046 4265 3453 4331 dedicationis,
3484 4264 3577 4320 vel
3625 4261 3910 4319 natalitiis

2191 4369 2528 4421 sanctorum
2547 4365 3161 4435 martyrum,quorum
3195 4355 3456 4429 reliquia
3485 4353 3605 4410 illic
3635 4368 3909 4426 poneren-

2194 4460 2312 4525 tur,
2345 4451 2723 4509 tabernacula
2752 4449 2863 4506 sibi
2896 4449 3045 4504 circa
3073 4447 3305 4502 easdem
3355 4443 3653 4510 ecclesias,
3685 4458 3808 4514 qua
3836 4458 3910 4498 ex

379 4558 480 4627 gat
508 4531 601 4621 (Ι),
624 4554 682 4606 et
702 4547 873 4604 vestri
919 4544 1138 4601 laboris
1166 4543 1416 4597 fructum
1448 4539 1508 4594 in
1539 4541 1754 4592 aterna
1784 4549 1877 4589 me
1899 4531 2080 4604 patria

2266 4543 2339 4600 tis
2370 4545 2739 4599 commutata
2787 4542 2942 4606 sunt,
2974 4538 3046 4592 de
3099 4535 3279 4591 ramis
3310 4534 3580 4591 arborum
3627 4533 3902 4599 facerent,

377 4623 574 4699 videre
614 4639 914 4704 concedat,
947 4637 1234 4707 quatenus
1272 4635 1329 4687 et
1375 4628 1426 4684 si
1459 4626 1761 4683 vobiscum
1815 4623 2079 4679 laborare

2269 4633 2557 4707 religiosis
2604 4630 2884 4688 conviviis
2915 4626 3309 4685 solemnitates
3366 4625 3592 4680 debitas
3639 4623 3904 4681 celebra-

377 4747 625 4806 nequeo,
656 4727 832 4785 simul
861 4727 922 4781 in
955 4722 1165 4795 gaudio
1208 4717 1608 4776 retributionis
1639 4715 1922 4783 inveniar,
1949 4712 2082 4786 quia

379 4827 644 4886 loborare
674 4819 894 4877 scilicet
921 4813 1068 4870 volo.
1103 4835 1132 4861 »
1165 4812 1306 4884 (Lib.
1338 4827 1413 4876 vr,
1446 4809 1601 4880 epist.
1633 4807 1752 4878 51.)

451 4915 543 4972 35.
577 4911 676 4968 His
706 4902 1207 4966 exhortationibus
1232 4899 1590 4972 Augustinus
1621 4913 1754 4953 cum
1807 4893 2085 4954 fratribus

478 5107 528 5169 a)
561 5099 747 5169 Bigot.
779 5100 837 5153 et
865 5093 1036 5159 Utic.,
1070 5089 1318 5148 basilica.

481 5174 538 5243 ὁ)
570 5172 731 5238 Mss.,
763 5169 1113 5243 argueretur.

450 5226 674 5314 (cflmo
701 5226 936 5303 sextum,
986 5234 1092 5293 etsi
1120 5232 1282 5290 Miss.
1315 5228 1552 5287 Codices
1601 5226 1850 5284 habeant
1894 5242 2073 5299 quar-

383 5322 532 5480 mZI.)
566 5400 791 5480 InReg.
824 5397 1133 5463 omittitur,
1165 5393 1540 5452 monasteriis.
1571 5389 1734 5448 Colb.
1767 5391 1826 5445 et
1853 5388 2078 5457 Norm.,

383 5478 730 5534 Britannias.

480 5552 527 5608 e)
562 5543 732 5609 Utic.,
764 5542 861 5613 qui
890 5543 998 5613 iter
1017 5538 1396 5613 suscipientes.

480 5552 527 5608 e)
562 5547 732 5609 Utic.,
764 5547 861 5613 qui
890 5547 998 5595 iter
1017 5547 1396 5607 suscipientes.

455 5547 521 5692 En
551 5615 698 5692 Edit.
725 5611 1274 5692 vatic.,_Gussa_nv.,
1299 5607 1542 5692 Mabill.,
1566 5615 1620 5663 et
1648 5607 1822 5690 nostri
1850 5605 2077 5692 laboris,

380 5677 1081 5752 contradicentibus'Mss.
1111 5685 1170 5739 et
1226 5679 1508 5738 orationis
1549 5679 1722 5748 serie,
1754 5694 1870 5753 qua
1897 5677 2082 5752 liquet

2198 4729 2348 4783 rent.
2380 4725 2451 4780 Et
2483 4723 2622 4796 quia
2651 4736 2825 4791 super
2854 4717 3202 4790 quibusdam
3227 4713 3498 4786 capitulis
3535 4712 3901 4784 Augustinus

2193 4831 2325 4873 eum
2358 4814 2744 4881 interrogans,
2778 4809 3026 4881 qualiter
3071 4807 3381 4877 episcopus
3437 4819 3567 4860 cum
3600 4803 3722 4858 suis
3755 4818 3897 4859 con-

2193 4903 2411 4961 versari
2441 4901 2673 4958 deberet
2693 4899 2939 4966 clericis,
2971 4894 3284 4968 requisivit,
3308 4895 3507 4949 doctor
3529 4892 3901 4950 humillimus

2193 5090 2531 5160 Gregorium
2563 5087 2782 5144 nullam
2813 5085 2924 5142 sibi
2954 5082 3168 5140 laboris
3187 5079 3487 5160 apostolici
3519 5082 3744 5160 partem
3779 5094 3902 5149 pra

2194 5149 2477 5220 modestia
2520 5162 2776 5218 tribuere
2808 5161 3116 5231 :quatenus
3162 5149 3264 5209 etsi
3318 5149 3594 5209 vobiscum
3650 5149 3903 5206 laborare

2192 5250 2584 5378 mixtim“.
2613 5319 2742 5359 cum
2789 5302 2974 5373 Bigot.
3007 5303 3064 5356 et
3109 5298 3294 5364 Colb.,
3327 5295 3690 5360 Edilbertum,
3720 5290 3900 5361 Utic.,

2192 5380 2575 5434 Adetbertum.

2262 5451 2342 5533 (ιι)
2373 5448 2702 5533 Lamiam
2741 5445 2985 5533 γίνσίξίον
3019 5435 3903 5533 ,ειμί,ξριτιιξπίὲιξεδειειξξξιθξξέῑξξ

2190 5512 2516 5593 episcopus.
2546 5512 2986 5593 [Etheriusiviro
3017 5512 3276 5593 Lugdun.
3311 5512 3499 5566 Errori
3530 5512 3900 5564 occasionem

2191 5586 2436 5666 praebuit
2462 5592 2630 5666 Beda,
2659 5590 2711 5666 ξ.
2744 5588 3040 5666 {Hist-lc.
3072 5586 3164 5666 2⁵].

2261 5665 2329 5742 (ἰ)
2359 5651 2627 5737 Δῐιᾱθε.,’
2651 5660 2863 5734 Eruﬁn.
2901 5651 3066 5728 Utic.,
3098 5658 3348 5730 Ruﬁnus.
3384 5654 3546 5726 Reg.,
3603 5651 3896 5724 Ruﬁanus.
