4114 6178
201 259 309 319 101

759 255 818 315 S.
869 248 1241 314 GREGORII
1287 247 1541 313 MAGNI
1581 246 1786 318 VITA,
1833 245 2066 309 AUCT.
2114 247 2426 311 JOANNE
2469 250 2837 315 DIACONO.
2885 257 3031 318 LIB.
3079 259 3160 320 II.

3601 271 3720 336 102

194 394 352 450 inter
383 396 592 450 caetera
637 391 719 448 sic
773 389 1074 461 rescripsit
1105 405 1119 443 :
1153 411 1181 439 κ
1213 386 1358 452 Quia
1403 395 1498 482 tua
1543 385 1903 482 fraternitas,
1934 387 1986 454 Α
2019 387 2260 482 gantur;
2294 387 2403 482 sed
2429 388 2620 482 adhuc
2638 390 2782 482 illos
2813 394 3135 467 neophytos
3166 399 3500 470 existentes,
3523 411 3722 482 sapia.

199 485 545 540 monasterii
578 482 793 554 regulis
817 482 1062 547 erudita,
1089 496 1356 534 seorsum
1379 479 1566 534 vivere
1605 494 1717 532 non
1744 476 1915 531 debet

197 592 227 630 a
267 573 499 629 clericis
549 574 696 636 suis,
736 573 795 627 in
838 571 1094 626 Ecclesia
1144 569 1488 639 Anglorum,
1521 585 1650 640 quae
1703 582 1908 638 nuper,

197 668 438 720 auctore
471 665 608 730 Deo,
642 663 714 717 ad
759 662 834 732 (a)
884 660 1054 714 ﬁdem
1107 659 1389 731 perducta
1422 665 1529 723 est,
1566 657 1713 712 hanc
1745 656 1913 711 debet

198 754 705 809 conversationem
757 750 1083 814 instituere,
1117 765 1244 820 qua
1298 749 1356 802 in
1405 747 1571 802 initio
1621 745 1913 802 nascentis

195 842 472 899 Ecclesiae
499 842 606 895 fuit
628 840 890 912 patribus
915 837 1148 904 nostris,
1171 838 1226 893 in
1249 838 1462 911 quibus
1485 836 1684 891 nullus
1708 851 1912 892 eorum

201 949 271 987 ex
301 931 398 986 his
431 947 558 1002 quae
592 929 971 1000 possidebant
1002 927 1222 998 aliquid
1273 943 1446 982 suum
1496 942 1622 982 esse
1667 925 1912 991 dicebat,

201 1022 303 1077 sed
336 1024 506 1075 erant
534 1019 650 1074 illis
671 1017 866 1074 omnia
889 1015 1243 1073 communia.
1280 1037 1309 1065 »
1332 1015 1478 1070 Cum
1503 1032 1620 1070 una
1641 1015 1718 1070 sit
1745 1016 1913 1084 ﬁdes,

203 1127 310 1167 cur
343 1125 520 1180 super
551 1108 863 1164 missarum
890 1105 1278 1162 celebratione
1317 1105 1615 1161 Gallicana
1656 1103 1916 1160 Ecclesia

203 1204 475 1257 Romana
531 1198 823 1254 discordet
876 1195 1206 1268 Augustino
1267 1195 1550 1266 quaerenti
1601 1195 1914 1266 Gregorius

199 1291 274 1345 ait
309 1307 324 1345 :
363 1313 392 1340 ‹‹
427 1289 593 1346 Novit
626 1293 729 1342 tua
760 1287 1095 1342 fraternitas
1139 1287 1412 1342 Romanae
1460 1283 1730 1340 Ecclesiae
1775 1300 1916 1340 con-

197 1379 599 1447 suetudinem,
635 1378 695 1434 in
727 1394 843 1449 qua
882 1393 943 1432 se
973 1377 1244 1432 meminit
1269 1375 1606 1432 enutritam.
1632 1375 1743 1430 Sed
1771 1373 1916 1429 mihi

198 1471 394 1543 placet
427 1475 492 1523 ut
521 1468 640 1524 sive
671 1467 731 1522 in
765 1468 1048 1534 Romana,
1084 1467 1202 1521 sive
1244 1466 1301 1520 in
1348 1464 1610 1537 qualibet
1660 1463 1918 1519 Ecclesia

177 1548 430 1631 aliquid
461 1555 764 1624 invenisti,
796 1556 950 1626 quod
985 1556 1120 1626 plus
1152 1553 1538 1624 omnipotenti
1568 1554 1684 1609 Deo
1737 1552 1918 1624 possit

202 1650 460 1722 placere.
511 1645 761 1702 sollicite
810 1644 1014 1716 eligas,
1048 1647 1105 1700 et
1153 1643 1212 1698 in
1261 1643 1581 1715 Anglorum
1634 1641 1909 1705 Ecclesia,

201 1757 335 1812 qua:
371 1738 566 1828 adhuc
593 1752 740 1791 nova
772 1738 858 1791 est
888 1734 959 1828 ad
995 1733 1190 1828 ﬁdem,
1225 1733 1591 1788 institutione
1621 1731 1912 1803 pracipua
1947 1762 1995 1828 Β

199 1845 335 1901 quae
369 1827 442 1883 de
477 1825 677 1882 multis
706 1823 982 1880 Ecclesiis
1013 1822 1286 1894 colligere
1317 1821 1580 1894 potuisti,
1615 1821 1916 1879 infundas.

194 1919 329 1976 Non
365 1919 525 1974 enim
564 1933 666 1987 pro
714 1915 858 1970 locis
909 1929 1025 1984 res,
1059 1914 1161 1969 sed
1214 1930 1315 1986 pro
1346 1912 1515 1968 bonis
1565 1913 1742 1968 rebus
1791 1910 1920 1968 loca

199 2010 469 2067 amanda
499 2011 653 2063 sunt.
692 2006 769 2061 Ex
794 2004 1046 2076 singulis
1079 2019 1214 2075 ergo
1247 2004 1579 2075 quibusque
1623 2003 1915 2071 Ecclesiis,

201 2117 339 2171 qua
393 2100 510 2170 pia,
543 2113 669 2168 quas
719 2095 1010 2168 religiosa,
1044 2110 1174 2165 quae
1224 2099 1383 2148 recta
1427 2101 1584 2161 sunt,
1616 2092 1823 2164 eligas,
1865 2097 1921 2147 et

197 2190 333 2244 haec
366 2188 536 2260 quasi
568 2187 626 2241 in
659 2186 901 2241 vasculo
932 2183 1194 2248 collecta,
1227 2183 1380 2254 apud
1411 2181 1733 2254 Anglorum
1767 2198 1920 2237 men-

199 2297 333 2335 sam
369 2278 427 2333 in
463 2276 943 2333 consuetudinem
989 2278 1209 2329 vertas.
1244 2295 1271 2321 »
1307 2275 1696 2344 Interrogatus
1746 2273 1918 2327 etiam

192 2369 498 2442 quomodo
529 2384 594 2423 ea
625 2382 750 2437 qua
782 2365 937 2420 fures
969 2365 1040 2419 de
1070 2362 1334 2417 ecclesiis
1385 2360 1736 2417 abstulerint
1786 2361 1920 2417 red-

186 2463 328 2517 dere
393 2460 666 2526 debeant,
701 2455 1056 2512 mitissimus
1096 2455 1258 2510 Pater
1291 2471 1303 2508 :
1338 2477 1365 2503 «
1399 2454 1584 2523 Absit,
1615 2454 1821 2523 inquit,
1855 2458 1920 2509 ut

192 2550 450 2607 ecclesia
501 2564 634 2604 cum
693 2550 1013 2617 augmento
1073 2543 1316 2614 recipiat
1364 2543 1518 2614 quod
1568 2544 1637 2598 de
1679 2544 1919 2598 terrenis

191 2642 385 2696 rebus
434 2638 663 2692 videtur
712 2635 1003 2699 amittere,
1036 2638 1093 2688 et
1132 2633 1292 2688 lucra
1345 2649 1488 2688 vana
1539 2633 1914 2703 requirere.»

197 2730 362 2786 Sane
382 2727 710 2798 requisitus
742 2727 814 2780 ab
848 2725 1051 2780 eodem
1083 2724 1409 2794 Augustino
1443 2737 1631 2793 usque
1653 2722 1723 2775 ad
1766 2738 1914 2792 quo-

197 2826 323 2875 tam
361 2816 799 2890 generationem
825 2813 1026 2869 ﬁdeles
1048 2814 1295 2869 debeant
1313 2803 1916 2890 c0pulari,Gregorius

193 2888 634 2980 dispensatoris
665 2906 750 2962 sic
785 2902 1086 2976 rescripsit
1119 2918 1131 2956 :
1168 2925 1196 2952 «
1229 2904 1504 2969 Quaedam
1553 2888 1783 2958 terrena
1829 2902 1918 2957 lex

194 3000 255 3054 in
293 2998 569 3053 Romana
600 2993 900 3067 republica
931 2992 1217 3064 permittit
1240 2996 1303 3047 ut
1323 2992 1441 3048 sive
1463 2993 1637 3047 frater
1659 3001 1710 3046 et
1734 3007 1915 3056 soror,

197 3105 310 3144 seu
347 3088 606 3141 duorum
641 3085 882 3140 fratrum
916 3097 1350 3155 germanorum,
1377 3080 1466 3136 vel
1492 3081 1738 3136 duarum
1763 3096 1917 3136 soro-

196 3193 339 3233 rum
373 3175 536 3230 ﬁlius
566 3179 622 3230 et
653 3173 774 3229 ﬁlia
806 3172 1181 3228 misceantur.
1207 3170 1318 3226 Sed
1344 3170 1734 3240 experimento
1767 3169 1920 3224 didi-

197 3268 398 3323 cimus
432 3281 503 3320 ex
533 3263 629 3318 tali
681 3263 953 3334 conjugio
1003 3260 1264 3317 sobolem
1300 3277 1414 3316 non
1466 3276 1636 3331 posse
1692 3273 1922 3314 succre-

194 3373 390 3424 scere,
405 3355 488 3426 (b)
504 3357 561 3409 et
575 3370 737 3408 sacra
751 3351 840 3406 lex
855 3351 1118 3422 prohibet
1135 3350 1495 3422 cognationis
1513 3348 1923 3421 turpitudinem

196 3446 486 3504 revelare.
522 3443 687 3500 Unde
718 3457 953 3498 necesse
985 3450 1069 3496 est
1104 3447 1166 3496 ut
1189 3441 1315 3511 jam
1359 3440 1548 3505 tertia,
1588 3441 1676 3495 vel
1719 3443 1925 3511 quarta

197 3533 593 3610 generatione
621 3529 912 3601 generatio
945 3529 1203 3586 ﬁdelium
1236 3529 1476 3585 licenter
1506 3528 1804 3600 sibijungi
1829 3530 1928 3584 de-

199 3628 367 3683 beat.
429 3624 576 3680 Nam
628 3623 697 3694 (c)
749 3622 808 3677 in
859 3622 1251 3689 secunda,57
1309 3637 1484 3690 quam
1538 3620 1927 3691 praadiximus,

218 3714 572 3773 omnimodo
622 3712 795 3768 debet
843 3712 1155 3767 abstinere.
1212 3731 1240 3760 ››
1294 3710 1432 3778 (Lib.
1480 3727 1558 3771 x1.
1609 3713 1766 3780 epist.
1816 3711 1929 3782 64.)

285 3807 379 3862 38.
419 3804 634 3860 Verum
660 3807 790 3874 post
813 3802 1066 3857 multum
1089 3801 1370 3872 temporis
1393 3817 1424 3854 a
1441 3799 1627 3856 Felice
1650 3801 1930 3856 Messanae

207 3897 433 3953 Siciliae
467 3896 713 3967 pressule
749 3893 1070 3964 requisitus
1105 3896 1298 3947 utrum
1321 3891 1645 3961 Augustino
1668 3889 1935 3960 scripsis-

209 3995 304 4043 set
341 3991 410 4040 ut
442 3983 764 4054 Anglorum
788 3988 999 4053 quarta
1020 3980 1385 4050 generatione
1411 3983 1710 4035 contracta
1733 3979 1936 4034 matri-

212 4077 419 4131 monia
454 4073 695 4128 minime
719 4074 1105 4135 solverentur,
1137 4069 1503 4125 humillimus
1535 4069 1701 4124 Pater
1719 4067 1935 4140 Grego-

209 4167 338 4222 rius
377 4168 533 4220 inter
559 4167 764 4216 caetera
809 4161 986 4216 talem
1042 4159 1294 4214 reddidit
1347 4159 1628 4213 rationem
1665 4175 1678 4212 :
1716 4178 1742 4206 «ι
1775 4159 1936 4223 Quod

208 4252 435 4325 scripsi
463 4251 807 4321 Augustino,
834 4249 1154 4320 Anglorum
1175 4248 1364 4319 gentis
1384 4248 1678 4318 episcopo,
1697 4247 1938 4304 alumno

209 4343 520 4405 videlicet,
552 4341 627 4411 (εἰ)
661 4344 724 4394 ut
755 4341 1095 4394 recordatus
1128 4355 1211 4405 es,
1243 4343 1363 4403 tuo,
1387 4337 1457 4392 de
1478 4337 1782 4405 sanguinis
1803 4354 1937 4392 con-

201 4430 677 4506 junctione,ipsi
701 4435 756 4485 et
778 4429 1094 4502 Anglorum
1119 4429 1298 4498 genti,
1319 4443 1444 4498 quae
1474 4443 1658 4498 nuper
1679 4429 1743 4482 ad
1769 4427 1942 4483 ﬁdem

2017 473 2160 528 sime
2191 491 2289 530 eos
2322 478 2480 546 prius
2513 478 2717 535 illicita
2748 481 2952 538 docere
2984 485 3053 556 (f)
3087 486 3290 559 vitare,
3322 496 3379 547 et
3421 473 3618 552 verbis
3653 517 3719 557 ac

2017 564 2646 659 exemplisinstruere,
2679 575 2734 625 et
2769 588 2896 642 quae
2938 580 3070 644 post
3110 578 3180 632 de
3212 580 3429 637 talibus
3474 588 3716 659 egerint,

2014 654 2442 712 rationabiliter
2497 674 2562 712 ac
2619 658 2867 716 ﬁdeliter
2919 664 3223 722 excludere
3253 654 3531 741 oportet;
3569 654 3717 735 Nam

2011 743 2176 814 juxta
2206 745 2568 815 Apostolum,
2599 749 2697 819 qui
2730 752 2811 805 ait
2843 768 2856 807 :
2890 755 3000 808 Lac
3027 758 3178 812 vobis
3201 764 3390 829 polum
3429 762 3576 833 dedi,
3608 785 3721 824 non

2015 848 2192 888 escam
2223 836 2268 926 (ζ
2289 835 2409 889 Cor.
2446 853 2528 904 ιιι,
2562 839 2642 909 2),
2669 839 2744 911 (g)
2780 841 2890 897 ista
2919 842 3034 898 illis
3069 848 3261 918 modo,
3299 868 3408 907 non
3447 859 3720 926 posteris,

2020 926 2084 976 ut
2122 924 2424 1016 praeﬁxum
2469 931 2578 993 est,
2613 931 2893 1000 temporis
2933 936 3187 992 tenenda
3221 939 3302 1011 (ἡ)
3344 924 3723 1016 indulsimus,

2020 1028 2091 1108 ne
2122 1012 2338 1108 bonum
2370 1016 2785 1108 quodinﬁrma
2805 1021 2993 1077 adhuc
3027 1026 3215 1081 radice
3246 1028 3580 1100 plantatum
3603 1012 3722 1095 erat

2020 1099 2085 1170 (ἱ)
2110 1106 2428 1193 erueretur,
2444 1105 2540 1158 sed
2561 1111 2814 1177 emptum
2839 1099 3268 1181 aliquantulum
3294 1118 3645 1193 ﬁrmaretur,
3663 1135 3718 1184 et

2021 1191 2299 1285 usquead
2322 1193 2733 1285 perfectionem
2757 1201 3171 1258 custodiretur.
3199 1225 3226 1255 »
3252 1206 3393 1279 (Lib.
3416 1228 3534 1281 xxv,
3555 1191 3716 1285 epist.

2021 1279 2154 1349 ult.)
2185 1280 2315 1376 llaec
2346 1297 2481 1354 ergo
2505 1283 2718 1376 idcirco
2737 1290 3184 1362 perstringenda
3202 1298 3418 1368 curavi,
3445 1279 3720 1376 utqui

2022 1370 2327 1426 occasione
2385 1388 2540 1428 novas
2586 1375 3043 1446 dispensationis
3091 1382 3295 1441 illicita
3342 1370 3722 1451 matrimonia

2023 1458 2398 1527 contrahunt,
2446 1463 2912 1521 eruditissimum
2956 1485 3161 1540 papam
3214 1473 3556 1546 Gregorium
3607 1497 3722 1538 non

2023 1546 2368 1640 regulariter
2398 1555 2614 1621 quartas
2647 1557 3038 1624 generationis
3087 1562 3354 1632 copulam
3404 1570 3720 1640 censuisse,

2025 1636 2145 1692 imo
2177 1640 2482 1696 venialiter
2511 1643 2802 1716 simulque
2825 1649 3223 1719 temporaliter
3249 1656 3586 1724 permisisse
3633 1636 3728 1718 co;-

2027 1734 2332 1822 gnoscant.
2367 1733 2543 1803 Cujus
2572 1734 2852 1792 nimirum
2884 1741 3153 1809 precibus
3184 1743 3338 1801 Deus
3360 1749 3729 1822 omnipotens

2027 1820 2246 1873 tantam
2278 1821 2603 1893 Augustino
2635 1827 2876 1897 ejusque
2907 1830 3083 1887 sociis
3116 1820 3728 1914 faciendorumsigno-

2027 1912 2432 2002 rum‘gratiam
2465 1914 2736 1982 contulit,
2769 1920 2831 1971 ut
2856 1918 3096 1976 verbum
3128 1921 3254 1978 vita
3286 1927 3440 1996 quod
3473 1944 3570 1986 ore
3589 1912 3733 2002 prae-

2027 1998 2613 2066 dicabantsignorum
2628 2005 3498 2073 efﬁcaciaconﬁrmarent.Unde
3511 1998 3730 2079 fac-tum

2025 2093 2116 2144 est
2147 2095 2210 2144 ut
2232 2091 2428 2161 paucis
2451 2092 2818 2152 elabentibus
2841 2098 3033 2168 annis,
3058 2101 3233 2158 etiam
3255 2109 3440 2161 caeteri
3462 2109 3728 2169 Saxonica.

2026 2195 2194 2272 reges
2221 2181 2292 2234 ad
2325 2180 2537 2236 Christi
2563 2182 2797 2241 Domini
2847 2187 3024 2246 ﬁdem
3076 2207 3181 2262 per
3229 2193 3554 2267 discipulos
3601 2201 3729 2272 ejus

2027 2269 2386 2325 accederent.

2095 2360 2184 2414 39.
2229 2365 2304 2416 De
2335 2363 2505 2433 cujus
2535 2364 2727 2435 gentis
2775 2368 3170 2439 conversione,
3205 2372 3498 2447 simulque
3547 2379 3730 2436 mira-

2024 2451 2289 2538 culorum
2322 2453 2600 2521 prodigiis
2628 2470 2752 2524 quaa
2785 2455 3003 2512 ibidem
3039 2459 3274 2530 ﬁebant,
3309 2463 3390 2520 ita
3419 2467 3732 2538 Gregorius

2024 2537 2082 2629 in
2116 2538 2278 2594 libris
2310 2540 2632 2596 Moralibus
2664 2543 2948 2612 perhibet,
2991 2547 3193 2604 dicens
3223 2566 3236 2605 :
3272 2572 3300 2602 ‹‹
3334 2551 3476 2609 Ecce
3523 2537 3729 2629 lingua

2025 2628 2359 2694 Britanniae,
2394 2646 2523 2700 quas
2556 2631 2700 2685 nihil
2734 2631 2894 2687 aliud
2925 2642 3164 2692 noverat
3190 2655 3368 2709 quam
3407 2628 3722 2704 barbarum

2025 2716 2311 2784 frendere,
2337 2717 2689 2788 jamdudum
2722 2721 2779 2775 in
2802 2720 2903 2776 Dei
2937 2722 3216 2782 laudibus
3262 2727 3500 2786 Hebraea
3550 2735 3726 2806 etrapit

2022 2808 2200 2862 verba
2230 2824 2523 2864 resonare.
2564 2813 2711 2866 Ecce
2761 2813 3056 2882 quondam
3104 2818 3389 2888 tumidus,
3415 2821 3538 2890 jam
3588 2825 3730 2881 sub-

2024 2901 2243 2953 stratus
2273 2901 2614 2954 sauctorum
2657 2901 2904 2971 pedibus
2953 2904 3126 2960 servit
3165 2906 3452 2980 Oceanus,
3484 2913 3732 2986 ejusque

2024 2986 2303 3043 barbaros
2323 2994 2539 3056 motus,
2564 3005 2710 3060 quos
2736 2993 2946 3048 terreni
2967 2995 3262 3067 principes
3285 2999 3560 3057 edomare
3581 3004 3731 3061 ferro

2032 3076 2430 3146 nequiverant,
2463 3077 2572 3134 hos
2611 3095 2712 3149 pro
2761 3079 2962 3138 divina
3007 3084 3317 3142 formidine
3368 3092 3732 3150 sacerdotum

2034 3183 2135 3222 ora
2154 3167 2519 3236 simplicibus
2539 3169 2731 3223 verbis
2752 3168 2966 3242 ligant;
2991 3177 3047 3228 et
3068 3173 3166 3244 qui
3194 3179 3452 3234 catervas
3477 3196 3741 3252 pugnan-

2034 3255 2185 3310 tium
2215 3255 2468 3311 inﬁdelis
2500 3273 2869 3329 nequaquam
2903 3265 3334 3334 meluerat,jam
3361 3283 3518 3324 nunc
3548 3270 3738 3328 ﬁdelis

2037 3345 2350 3402 humilium
2376 3347 2608 3418 linguas
2630 3349 2811 3404 timet.
2837 3350 2979 3416 Quia
3004 3352 3160 3408 enim
3187 3357 3474 3427 perceptis
3496 3361 3743 3417 coelesti-

2039 3435 2151 3491 bus
2168 3436 2376 3505 verbis,
2401 3437 2858 3496 clarescentibus
2880 3457 3114 3513 quoque
3137 3444 3458 3515 miraculis,
3483 3449 3666 3506 virtus
3687 3451 3740 3508 ei

2041 3525 2248 3581 divine
2281 3526 2630 3598 cognitionis
2685 3529 3040 3600 infunditur,
3091 3534 3352 3603 ejusdem
3421 3539 3743 3598 divinitatis

2042 3629 2258 3671 terrore
2295 3617 2649 3686 refrenetur;
2683 3624 2744 3673 ut
2776 3637 2946 3691 prave
2997 3639 3166 3692 agere
3216 3632 3457 3695 metuat,
3493 3646 3558 3686 ac
3609 3632 3747 3686 totis

2043 3706 2350 3761 desideriis
2379 3709 2449 3761 ad
2500 3709 2840 3766 aeternitatis
2889 3715 3132 3784 gratiam
3180 3717 3479 3785 pervenire
3526 3735 3748 3778 concu-

2044 3795 2247 3865 piscat.
2300 3819 2327 3846 «
2361 3797 2499 3865 (Lib.
2550 3814 2704 3853 xxvn
2749 3800 2904 3866 Man,
2937 3817 2993 3856 n.
3029 3803 3146 3875 21.)
3191 3805 3429 3879 Eulogio
3487 3826 3742 3882 quoque,

2047 3886 2384 3956 patriarchae
2428 3887 2838 3957 Alexandrino,
2872 3891 2944 3946 de
2983 3893 3250 3950 doctrina
3289 3914 3406 3952 sum
3457 3899 3745 3968 Ecclesiae,

2048 3975 2423 4031 conversione
2490 3976 2916 4047 haereticorum,
2986 3984 3412 4056 concordiaque
3486 3988 3749 4046 ﬁdelium

2049 4063 2382 4136 plausibilia
2400 4065 2686 4137 referenti,
2709 4067 3025 4138 Gregorius
3057 4070 3136 4126 ita
3172 4074 3472 4144 rescripsit
3499 4093 3514 4131 :
3538 4099 3566 4127 ‹‹
3591 4079 3754 4143 Quo-

2050 4154 2208 4209 niam
2240 4154 2298 4210 in
2333 4153 2498 4210 bonis
2531 4171 2656 4227 quaa
2689 4157 2879 4227 agitis,
2911 4158 3031 4214 scio
3064 4162 3218 4232 quod
3251 4166 3307 4216 et
3337 4161 3470 4220 aliis
3502 4182 3754 4240 congau-

2050 4244 2220 4311 detis,
2253 4250 2452 4300 vestras
2485 4262 2716 4317 quoque
2746 4246 2845 4303 58
2897 4249 3095 4320 gratis:
3145 4251 3329 4308 vicem
3383 4253 3581 4322 reddo,
3618 4257 3757 4329 quia

2054 4335 2190 4389 dum
2250 4349 2392 4406 gens
2439 4336 2786 4406 Anglorum,
2818 4336 2878 4392 in
2932 4339 3137 4394 mundi
3187 4343 3403 4412 angulo
3452 4346 3662 4414 posita,
3695 4347 3755 4402 in

2051 4424 2211 4480 cultu
2242 4424 2528 4497 lignorum
2562 4442 2628 4480 ac
2651 4427 2912 4497 lapidum
2938 4429 3155 4498 perﬁda
3179 4448 3332 4487 nunc
3355 4449 3537 4506 usque
3561 4452 3756 4493 rema-

215 4529 490 4586 venerat,
526 4522 594 4591 (ε)
623 4537 690 4576 ne
720 4539 751 4576 a
775 4522 924 4576 bono
943 4518 1100 4589 quod
1124 4522 1374 4587 cmperat
1400 4517 1712 4570 metuendo
1737 4521 1938 4571 auste-
1971 4514 2019 4576 Ι)
2051 4517 2230 4580 neret,
2265 4531 2330 4569 ex
2367 4520 2571 4570 vestris
2603 4514 2744 4570 mihi
2795 4516 3075 4573 orationis
3115 4520 3405 4590 adjutorio
3447 4523 3666 4594 placuit
3696 4531 3761 4584 ut

218 4614 384 4669 riora
415 4611 730 4680 recederet,
763 4607 1094 4678 specialiter
1124 4613 1177 4661 et
1208 4622 1320 4660 non
1353 4602 1702 4676 generaliter
1726 4605 1946 4662 caeteris
2055 4605 2126 4658 ad
2159 4620 2286 4660 eam
2317 4605 2656 4660 monasterii
2690 4605 2799 4660 mei
2832 4608 3182 4664 monachum
3206 4609 3264 4666 in
3289 4613 3758 4683 praedicationem

229 4720 327 4760 me
362 4703 672 4773 scripsisse
722 4715 1052 4770 cognoscas.
1087 4697 1249 4753 Unde
1280 4701 1336 4753 et
1366 4696 1508 4752 mihi
1544 4696 1709 4752 testis
1755 4695 1947 4751 omnis
2057 4694 2477 4763 transmittere,
2512 4694 2629 4750 Deo
2675 4700 2934 4763 auctore,
2967 4698 3339 4770 debuissem;
3391 4704 3513 4774 qui,
3554 4706 3688 4761 data
3732 4724 3766 4761 a

231 4795 505 4850 Romana
536 4790 740 4847 civitas
771 4789 987 4856 existit,
1021 4803 1129 4843 nec
1187 4802 1255 4842 ea
1295 4786 1614 4841 intentione
1665 4785 1780 4840 haec
1831 4784 1947 4839 illis
2059 4800 2150 4840 me
2219 4784 2470 4852 licentia,
2519 4801 2552 4839 a
2609 4785 3056 4843 Germaniarum
3107 4790 3398 4861 episcopis
3450 4793 3763 4865 episcopus

227 4883 476 4954 scriptis
500 4879 880 4947 mandavi,ut
898 4883 1211 4950 postquam
1246 4875 1414 4930 ﬁrma
1437 4875 1630 4930 radice
1657 4872 1948 4930 fuerintin
2060 4873 2266 4942 factus,
2300 4890 2433 4930 cum
2481 4890 2683 4930 eorum
2724 4892 2955 4948 quoque
3017 4879 3244 4935 solatiis
3302 4882 3372 4936 ad
3428 4883 3764 4951 praedictam

231 4975 345 5030 ﬁde
377 4971 640 5038 solidati,
677 4971 726 5026 si
757 4970 908 5025 infra
933 4969 1225 5037 propriam
1246 4965 1818 5038 consanguinitatem
1860 4966 1948 5020 in-
2059 4972 2291 5035 gentem
2323 4963 2380 5018 in
2416 4963 2589 5020 ﬁnem
2623 4965 2829 5020 mundi
2855 4966 3171 5036 perductus
3203 4972 3312 5024 est.
3346 4969 3415 5024 Et
3439 4969 3565 5038 jam
3611 4985 3765 5028 nunc

231 5065 396 5122 venti
448 5063 690 5130 fuerint,
743 5077 855 5115 non
905 5063 1271 5130 separentur,
1310 5062 1412 5112 aut
1454 5056 1605 5112 infra
1649 5055 1951 5112 afﬁnitatis
2063 5053 2134 5109 de
2161 5054 2285 5124 eius
2319 5053 2504 5110 salute
2535 5059 2591 5110 et
2620 5070 2793 5127 opere
2823 5056 2895 5110 ad
2947 5072 3054 5112 nos
3093 5056 3313 5127 scripta
3354 5065 3764 5134 pervenerunt,

231 5154 479 5220 lineam,
513 5151 571 5206 id
603 5155 693 5207 est
722 5165 908 5222 usque
939 5149 1009 5204 ad
1033 5147 1338 5219 septimam
1361 5148 1794 5218 generationem
1815 5145 1950 5215 jun-
2065 5143 2200 5216 quia
2225 5145 2403 5202 tantis
2448 5144 2771 5214 miraculis,
2803 5143 2890 5201 vel
2936 5144 3084 5217 ipse,
3115 5145 3205 5203 vel
3255 5145 3316 5201 hi
3368 5147 3470 5219 qui
3510 5166 3643 5208 cum
3692 5167 3762 5210 eo

2064 5298 2329 5355 Bolland.
2363 5298 2513 5354 Edit.

2137 5373 2206 5442 (ε)
2237 5375 2574 5442 Τυιοιιηῃσ
2605 5369 2670 5424 ab
2706 5384 2812 5442 uno
2853 5368 3017 5442 quod.

2136 5439 2206 5516 (Γ)
2235 5443 2412 5516 Abest
2442 5440 2624 5516 vitare
2654 5457 2687 5497 a
2723 5439 2946 5511 Norm.,
2977 5441 3117 5515 Reg.
3150 5444 3206 5500 et
3230 5442 3391 5502 Colb,

2137 5514 2207 5586 (9)
2243 5514 2489 5586 Andes.
2533 5514 2628 5586 ita.

2138 5584 2224 5660 (h)
2256 5584 2436 5660 Utic.,_
2460 5584 2788 5660 indiximus.

2137 5658 2209 5732 (ἱ)
2226 5658 2472 5733 Andeg.,
2503 5673 2638 5716 cum
2667 5658 2826 5718 Colb.
2860 5662 2919 5718 et
2948 5658 3170 5732 Norm.,
3203 5671 3557 5722 exuruntur.

309 5309 384 5378 (a)
415 5304 678 5378 Yulgati,
712 5320 976 5378 conuersa
1002 5311 1099 5360 est.

313 5374 562 5451 (b')rHaac'
585 5377 800 5451 desunt
828 5377 885 5431 in
917 5375 1104 5451 _Bigot.
1139 5374 1401 5451 et_Utic.,
1434 5375 1534 5432 ubi
1566 5379 1692 5448 post
1720 5390 1958 5451 succres-

240 5448 378 5507 cere
400 5449 743 5504 immediate
768 5448 1029 5521 sequitur
1061 5465 1073 5501 :
1106 5448 1274 5513 unde,
1316 5455 1422 5521 etc.
1799 5448 1809 5455 ’

252 5596 284 5650 d
316 5522 385 5592 (ε)
415 5525 644 5589 Norm.,
677 5537 811 5575 nam
851 5519 884 5575 ὶι
934 5522 1203 5576 secunda.
1237 5519 1564 5593 Andegav.,
1591 5536 1723 5576 nam
1758 5535 1958 5577 secun-

290 5611 402 5648 am.

290 5611 402 5648 am.

325 5668 415 5736 (d)
449 5661 692 5737 Plurimi
725 5663 896 5737 Edit.,
931 5671 988 5720 ut
1019 5662 1274 5721 recordor
1298 5663 1714 5737 nostro.__lpsis
1748 5663 1959 5722 suffra-

261 5733 475 5812 gantur
502 5733 666 5797 Golb.
695 5741 756 5797 et
804 5736 940 5811 Reg.
974 5737 1292 5811 Sequimur
1337 5739 1459 5796 tres
1506 5733 1647 5798 M53.
1670 5735 1872 5797 Norm.
1903 5740 1961 5796 et
2056 5817 2062 5821 _
