4088 6172
423 284 539 358 103

939 315 949 324 -
989 293 1055 352 s.
1099 287 1469 352 GREGOBII
1514 274 1766 350 MAGN'I
1809 287 2015 360 VITA,
2063 286 2291 348 AUCT.
2338 289 2642 351 JOANNE
2685 292 3052 354 DIACONO.
3102 293 3244 353 LIB.
3293 294 3365 354 Il.

3812 294 3933 354 104

421 435 748 495 transmissi
779 436 939 498 sunt,
972 432 1029 488 in
1062 435 1234 504 gente
1263 431 1464 486 eadem
1495 431 1826 495 coruscant,
1857 431 1922 483 ut
1959 428 2112 498 Apo-
2143 437 2196 504 Α
2225 427 2541 499 sigilasset.
2571 431 2779 503 legatie
2797 431 3046 504 largitus
3072 434 3176 487 est.
3207 430 3296 486 Illi
3320 435 3621 504 susceptas
3643 431 3926 505 reliquias

429 528 710 584 stolorum
733 525 975 578 virtutes
1009 524 1066 577 in
1099 520 1280 591 signis
1313 536 1443 590 quas
1475 518 1750 574 exhibent
1779 516 1996 572 imitari
2029 516 2118 570 vi-

389 660 396 666 .
424 619 692 672 deantur.
729 613 791 667 In
825 611 1188 667 solemnitate
1215 617 1407 664 autem
1430 607 1738 662 dominicae
1776 604 2114 672 nativitatis,

420 722 546 777 quae
571 705 645 774 (α)
680 702 866 772 prima
896 699 1210 754 indictione
1231 701 1524 752 transacta.
1543 700 1653 762 est,
1676 697 1988 765 plusquam
2021 694 2119 750 de-

419 811 544 850 cem
577 792 755 848 millia
783 790 949 858 Angli
979 787 1049 843 ab
1077 788 1277 842 eodem
1313 786 1563 840 nuntiati
1592 789 1723 839 sunt
1755 784 1926 839 fratre
1947 788 2004 839 et
2021 800 2115 839 co-

423 884 694 956 episcopo
735 889 927 935 nostro
975 875 1266 947 baptizati.
1302 876 1464 941 Quod
1506 875 1721 930 idcirco
1772 874 2020 934 narravi,
2053 877 2117 929 ut

417 970 784 1044 cognoscatis
812 968 954 1040 quid
984 967 1043 1021 in
1073 965 1460 1021 Alexandrino
1484 963 1695 1035 populo
1724 962 2037 1034 loquendo,
2062 971 2115 1018 et

416 1063 554 1133 quid
588 1061 646 1115 in
675 1059 879 1115 mundi
936 1057 1151 1111 ﬁnibus
1202 1055 1375 1126 agitis
1421 1054 1662 1109 orando.
1693 1052 1911 1108 Vestras
1955 1053 2112 1108 enim

419 1149 711 1207 orationes
740 1151 877 1202 sunt
907 1146 966 1203 in
1000 1146 1124 1201 loco
1156 1145 1252 1199 ubi
1287 1161 1401 1199 non
1424 1143 1580 1208 estis,
1613 1139 1858 1214 quarum
1908 1157 2114 1208 opera-

387 1241 603 1296 -tiones
649 1245 861 1293 sanctis
913 1238 1317 1291 monstrantur
1356 1233 1414 1287 in
1463 1249 1527 1288 eo
1559 1232 1704 1303 loco,
1739 1232 1837 1288 ubi
1884 1229 2048 1287 estis.
2081 1253 2108 1281 »

414 1330 560 1401 (Lib.
595 1345 716 1394 vm,
743 1329 902 1399 epist.
937 1325 1049 1395 30.)

484 1421 572 1477 40.
621 1417 1018 1474 Nihilominus
1062 1414 1252 1470 eidem
1299 1412 1626 1484 Augustino
1672 1426 1847 1482 super
1894 1411 2111 1466 eisdem

412 1507 708 1565 miraculis
777 1507 925 1561 inter
967 1504 1078 1560 alia
1127 1502 1347 1569 scribit,
1381 1501 1656 1573 inquiens
1688 1517 1701 1554 :
1739 1523 1766 1552 ι(
1801 1501 1929 1556 Scio
1973 1502 2112 1572 quia

384 1599 785 1671 omnipotens
827 1597 977 1652 Deus
1009 1611 1108 1666 per
1149 1593 1516 1649 dilectionem
1550 1596 1708 1647 tuam
1747 1590 1807 1646 in
1857 1596 2109 1662 gentem,

410 1691 483 1760 (b)
515 1703 691 1760 quam
722 1685 857 1757 eligi
887 1684 1089 1753 voluit,
1113 1698 1325 1754 magna
1347 1682 1628 1738 miracula
1647 1681 1920 1736 ostendit.
1945 1681 2111 1739 Unde

412 1792 645 1835 necesse
675 1780 763 1832 cst
795 1779 858 1830 ut
903 1775 976 1829 de
1023 1774 1218 1829 eodem
1270 1773 1421 1827 dono
1468 1770 1707 1837 caelesti,
1740 1776 1796 1826 et
1844 1771 2108 1827 timendo

412 1869 692 1941 gaudeas,
729 1873 783 1921 et
830 1863 1137 1936 gaudendo
1189 1862 1567 1933 pertimescas
1601 1878 1614 1915 :
1649 1861 1900 1932 gaudeas
1948 1861 2112 1915 vide-

376 1959 570 2026 ‘licet,
604 1955 744 2027 quia
775 1953 1094 2026 Anglorum
1127 1951 1335 2006 anime:
1365 1966 1465 2022 per
1494 1950 1780 2005 exteriora
1831 1949 2113 2004 miracula

413 2048 489 2104 ad
545 2044 882 2101 interiorem
932 2041 1174 2113 gratiam
1230 2038 1684 2111 pertrahuntur;
1737 2039 2113 2109 pertimescas

411 2152 567 2203 vero,
603 2150 674 2189 ne
703 2135 856 2189 inter
885 2131 1051 2202 signa
1073 2146 1200 2202 quis
1219 2129 1367 2183 fiunt
1388 2126 1660 2182 inﬁrmus
1682 2127 1913 2182 animus
1936 2126 1992 2182 in
2018 2127 2110 2182 sui

411 2222 858 2296 praesumptione
892 2236 953 2276 ss
984 2218 1187 2288 elevet,
1227 2221 1289 2273 ut
1319 2215 1477 2272 unde
1509 2217 1658 2271 foras
1690 2232 1788 2286 per
1830 2216 2110 2272 honorem

411 2312 656 2378 tollitur,
690 2311 825 2366 inde
856 2325 957 2381 per
1002 2310 1237 2363 inanem
1269 2307 1514 2378 gloriam
1537 2307 1692 2361 intus
1740 2307 1927 2373 cadat,
1951 2309 2059 2363 etc.
2083 2327 2111 2356 ιι

413 2402 554 2472 (Lib.
589 2418 666 2466 xi,
703 2400 860 2470 epist.
893 2399 1013 2461 28.)

487 2490 576 2545 Η.
612 2489 744 2552 Qum
776 2491 972 2542 autem
1005 2487 1076 2541 de
1115 2484 1374 2557 Gregorii
1428 2484 1724 2539 miraculis
1767 2499 1945 2554 penes
1988 2499 2112 2538 eas-

414 2580 546 2634 dem
578 2575 900 2647 Anglorum
933 2575 1220 2630 Ecclesiae
1250 2573 1424 2644 vulgo
1466 2573 1763 2645 leguntur,
1793 2573 2113 2628 omittenda

415 2685 529 2724 non
557 2667 824 2734 arbitror,
857 2683 929 2721 ne
959 2665 1209 2722 studiosi
1233 2663 1464 2720 lectoris
1483 2665 1733 2733 animus,
1759 2669 1858 2718 aut
1880 2664 2111 2719 defrau-

413 2760 586 2815 dasse
618 2756 1012 2829 pertinaciter,
1046 2760 1146 2811 aut
1168 2755 1526 2826 negligenter
1554 2754 1899 2824 praeteriisse
1932 2769 2022 2808 me
2043 2755 2113 2824 (ο)

412 2848 799 2916 cognitionem
832 2861 1151 2915 congruam
1177 2844 1527 2914 suspicetur.
1561 2845 1818 2898 Matrona
1847 2843 2109 2915 quasdam

410 2935 580 2989 beato
611 2933 906 3000 Gregorio,
940 2948 1043 3003 per
1071 2930 1353 2986 stationes
1386 2929 1647 2999 publicas
1682 2929 1997 2984 missarum
2022 2945 2111 2984 eo-

405 3021 621 3078 lemnia
666 3020 1002 3087 celebranti,
1034 3018 1242 3074 solitas
1289 3018 1612 3074 oblationes
1660 3017 1969 3074 obtulerat.
2005 3018 2106 3073 Cui

406 3115 542 3181 post
575 3110 853 3183 mysteria
887 3109 1230 3176 traditurus,
1264 3125 1399 3164 cum
1432 3108 1650 3164 diceret
1683 3125 1698 3163 :
1739 3108 1964 3180 Corpus
1996 3108 2106 3164 Do-

2225 520 2589 577 veneratione
2627 539 2880 591 congrua
2912 523 3258 589 deferentes,
3291 527 3598 594 postquam
3650 523 3928 594 quaedam

2227 606 2450 664 itineris
2501 610 2772 665 milliaria
2819 619 3330 682 consumpserunt.
3363 610 3540 665 stulte
3580 627 3644 666 se
3685 617 3922 668 tantum

2223 697 2500 753 viaticum
2552 701 2871 756 confecisse
2934 716 3296 755 murmurare
3343 706 3660 772 coeperunt,
3714 701 3762 756 si
3824 716 3934 756 ne-

2224 787 2408 842 sciant
2468 793 2658 843 utrum
2714 793 3048 844 sanctorum
3103 805 3235 844 ossa
3284 806 3358 843 an
3405 790 3590 860 magis
3639 805 3840 845 carnes
3891 808 3928 845 a

2227 875 2488 933 Romana
2554 879 2827 949 pontifice
2887 879 3298 950 suscepissent.
3358 879 3560 949 Itaque
3617 880 3920 935 communi

2224 967 2489 1034 consilio,
2534 977 2753 1024 remoto
2799 967 3113 1038 pontiﬁcali
3155 967 3479 1038 signaculo,
3532 970 3930 1040 reseratisque

2224 1057 2554 1128 pyxidibus,
2617 1056 2930 1127 particulas
2974 1056 3211 1111 brandei
3258 1066 3615 1126 repererunt.
3668 1057 3798 1112 Mox
3849 1059 3923 1112 ad

2224 1147 2386 1202 urbis
2418 1147 2632 1202 mtenia
2662 1163 2793 1202 cum
2830 1147 3019 1201 furore
3052 1146 3233 1201 nimio
3279 1150 3645 1207 revertentes,
3679 1164 3779 1217 per
3827 1163 3930 1201 ar-

2222 1235 2628 1291 chidiaconum
2646 1253 2676 1289 a
2696 1235 2969 1307 Gregorio
2983 1234 3216 1289 delusos
3240 1233 3515 1299 fuisse,ut
3530 1251 3630 1305 pro
3655 1234 3924 1307 reliquiis

2221 1323 2387 1378 vilem
2425 1340 2680 1395 pannum
2732 1324 3109 1394 susciperent,
3162 1322 3434 1377 ﬂebiliter
3495 1324 3914 1394 querebantur,

2221 1412 2478 1468 dicentes
2501 1412 2768 1467 dominos
2789 1429 2926 1467 suos
2950 1411 3360 1484 pulcherrimis
3384 1411 3580 1484 palliis
3602 1412 3928 1477 abundare,

2220 1519 2287 1557 ac
2319 1519 2420 1573 per
2451 1503 2558 1557 hoc
2592 1503 2984 1557 Romanorum
3012 1501 3222 1555 vilibus
3259 1501 3530 1556 brandeis
3572 1517 3687 1556 non
3729 1517 3922 1570 egere.

2221 1591 2389 1647 Forte
2417 1595 2556 1646 tunc
2577 1591 2888 1661 Gregorius
2913 1592 3224 1646 missarum
3249 1590 3536 1645 solemnia
3559 1589 3912 1647 celebrabat.

2221 1681 2443 1747 Quibus
2474 1681 2738 1751 expletis,
2769 1682 2840 1736 ab
2871 1681 3092 1736 eisdem
3125 1680 3327 1751 legatis
3361 1680 3680 1735 brandeum
3723 1697 3923 1738 coram

2219 1770 2443 1826 cunctis
2470 1770 2775 1841 recipiens,
2809 1785 2981 1840 super
3009 1769 3188 1824 altare
3210 1768 3554 1839 composuit,
3581 1785 3756 1841 seque
3779 1786 3918 1825 cum

2220 1861 2496 1916 omnibus
2544 1860 2604 1914 in
2653 1859 2976 1914 orationem
3020 1859 3197 1929 dedit,
3234 1862 3296 1913 ut
3336 1858 3485 1913 Deus
3533 1859 3902 1928 omnipotens

2223 1956 2419 2005 utrum
2461 1949 2616 2021 quod
2646 1966 2678 2003 a
2701 1948 3006 2003 liminibus
3039 1947 3427 2019 apostolorum
3453 1947 3524 2003 de
3549 1963 3704 2002 more
3729 1957 3923 2004 trans-

2222 2039 2472 2094 missum
2505 2043 2594 2094 est
2626 2054 2729 2110 pro
2758 2038 3017 2108 reliquiis
3049 2042 3370 2109 martyrum
3403 2036 3664 2093 venerari
3685 2037 3924 2094 deberet

2222 2129 2569 2202 quantocius
2614 2129 2918 2184 indicaret.
2954 2129 3169 2184 Deinde
3221 2128 3290 2182 ab
3340 2127 3599 2181 oratione
3647 2143 3922 2198 surgens,

2219 2219 2553 2276 incredulos
2575 2219 2794 2289 legatos
2818 2217 3054 2288 propius
3076 2221 3265 2272 astare
3292 2216 3582 2288 praecepit.
3604 2216 3918 2272 Cultellum

2221 2310 2404 2382 petiit,
2438 2309 2506 2379 (e)
2540 2323 2696 2362 more
2738 2307 3092 2362 sanctissimi
3127 2321 3286 2377 papas
3328 2306 3553 2372 Leonis,
3589 2306 3916 2362 brandeum

2220 2399 2488 2471 pupugit,
2505 2399 2574 2452 de
2598 2398 2764 2466 cujus
2780 2395 3186 2468 punctionibus
3208 2395 3447 2466 sanguis
3465 2395 3729 2464 protinus
3753 2411 3926 2451 ema—

2218 2489 2397 2544 navit.
2431 2489 2552 2554 Quo
2585 2485 2867 2541 miraculo
2890 2493 3008 2540 tam
3033 2484 3202 2556 legati
3225 2485 3474 2551 confusi,
3507 2501 3686 2556 quam
3711 2502 3918 2541 omnes

2219 2577 2318 2648 qui
2351 2579 2593 2633 aderant
2623 2573 2964 2643 tremefacti,
2989 2575 3158 2644 jussu
3193 2573 3451 2643 Gregorii
3483 2590 3615 2629 cum
3641 2590 3705 2628 eo
3747 2578 3918 2630 terras

2220 2666 2489 2740 prostrati
2535 2674 2689 2732 sunt,
2740 2679 2846 2719 nec
2898 2668 3034 2719 ante
3087 2665 3157 2719 ab
3216 2663 3471 2719 oratione
3519 2667 3918 2732 cessaverunt,

2219 2773 2398 2830 quam
2421 2759 2632 2811 cuncta
2678 2753 3061 2808 brandeorum
3113 2751 3395 2808 foramina
3442 2752 3719 2808 divinitus
3763 2752 3930 2808 clau-

2221 2849 2520 2902 derentur.

2290 2936 2376 2991 43.
2412 2933 2655 2998 Quidam
2685 2936 2961 3003 praeterea
2981 2931 3234 2987 divitum
3285 2931 3700 2997 Romanorum,
3728 2931 3932 2987 relicta

2220 3026 2484 3098 conjuge,
2546 3024 2732 3078 fuerat
2791 3039 2823 3077 a
2873 3023 3132 3077 Romano
3183 3021 3451 3091 pontifice
3512 3022 3936 3078 communione

2221 3117 2499 3186 privatus.
2532 3113 2694 3178 Quod
2729 3111 2826 3167 ille
2859 3110 3276 3166 molestissime
3308 3111 3518 3177 ferens,
3538 3115 3594 3166 et
3613 3110 3930 3166 auctorita-

407 3201 550 3255 mini
584 3200 768 3254 nostri
811 3202 952 3254 Jesu
1001 3197 1212 3253 Christi
1256 3201 1556 3253 conservet
1604 3197 1860 3253 animam
1915 3202 2101 3266 tuam,
2131 3192 2176 3256 C
2215 3211 2326 3260 tem
2363 3205 2505 3259 tanti
2536 3201 2828 3272 pontificis
2861 3216 3136 3256 evacuare
3168 3216 3291 3255 non
3332 3199 3668 3271 pravalens,
3710 3215 3926 3271 mago-

406 3288 628 3344 laeciva
657 3288 918 3343 subrisit.
954 3285 1051 3342 ille
1081 3286 1356 3341 continuo
1398 3287 1695 3341 dexteram
1728 3287 1800 3341 ab
1833 3287 1961 3356 ejus
2011 3303 2111 3343 ore

405 3383 768 3447 convertens,
802 3381 1027 3447 partem
1084 3375 1247 3431 illam
1299 3375 1579 3431 dominici
1628 3376 1889 3447 corporis
1936 3392 2112 3446 super

403 3467 584 3523 altare
613 3467 905 3537 deposuit.
937 3465 1196 3536 Expletis
1240 3481 1374 3520 vero
1416 3465 1730 3521 missarum
1780 3466 2107 3535 solemniis,

404 3561 732 3612 matronam
779 3570 974 3610 coram
1025 3555 1236 3625 populo
1284 3554 1591 3625 inquisivit
1640 3571 1817 3626 quam
1862 3555 1934 3610 ob
1987 3571 2109 3610 rem

402 3663 614 3718 corpus
645 3645 1004 3704 dominicum
1037 3650 1384 3715 susceptura
1415 3646 1603 3700 ridere
1648 3647 2104 3717 praesumpserit.

405 3740 475 3790 At
506 3735 606 3790 illa
635 3734 732 3790 diu
765 3736 1109 3802 mussitans,
1133 3736 1370 3790 tandem
1397 3735 1678 3806 prorupit,
1707 3736 1847 3806 quia
1871 3753 2104 3808 panem,

401 3825 694 3897 inquiens,
727 3841 902 3897 quem
937 3826 1188 3897 propriis
1212 3826 1484 3880 manibus
1518 3842 1611 3881 me
1641 3826 1847 3880 fecisse
1891 3842 2107 3895 cogno-

399 3930 617 3984 veram,
647 3919 710 3968 tu
742 3929 951 3984 corpus
980 3913 1341 3969 dominicum
1374 3914 1743 3986 perhibebas.
1774 3915 1940 3971 Tunc
1966 3916 2107 3970 Gre-

401 4004 622 4074 gorius,
655 4019 756 4073 pro
787 4003 1197 4058 incredulitate
1221 4002 1508 4070 mulieris,
1536 4020 1670 4058 cum
1698 4009 1812 4059 lota
1841 4004 2006 4074 plebe
2045 4021 2108 4060 se

404 4096 461 4150 in
493 4095 811 4152 orationem
845 4094 1200 4164 prostravit;
1232 4099 1290 4148 et
1316 4099 1442 4163 post
1475 4093 1784 4164 paululum
1835 4111 2105 4165 surgens,

404 4181 752 4254 particulam
778 4182 946 4252 panis
969 4197 1145 4252 quam
1167 4196 1343 4252 super
1358 4181 1538 4236 altare
1559 4185 1855 4252 posuerat,
1871 4199 2106 4238 carnem

404 4271 615 4325 factam
653 4271 865 4340 reperit
894 4286 908 4324 :
938 4286 1115 4341 quam
1147 4285 1342 4325 coram
1375 4270 1606 4325 cunctis
1637 4269 1951 4327 incredulae
1981 4288 2106 4326 ma-

403 4364 585 4413 tronm
609 4361 1037 4424 demonstrans,
1055 4360 1125 4412 ad
1146 4359 1510 4415 credulitatis
1531 4360 1779 4432 gratiam
1803 4368 1919 4416 tam
1943 4361 2103 4418 illam

364 4463 667 4504 revocare
725 4448 932 4519 potuit,
976 4464 1150 4519 quam
1201 4454 1382 4504 totum
1429 4450 1708 4520 populum
1759 4451 2107 4507 confirmare

2218 3309 2347 3349 rum
2407 3292 2685 3364 suffragia
2731 3291 3056 3361 requisivit.
3105 3290 3234 3356 Qui,
3284 3288 3510 3360 magnis
3575 3289 3926 3345 muneribus

2221 3381 2688 3454 persuasi,posse
2719 3395 2782 3435 se
2811 3379 2935 3433 suis
2955 3378 3315 3433 carminibus
3347 3392 3515 3448 agere
3547 3380 3629 3442 ut,
3655 3376 3925 3434 immisso

2220 3475 2503 3540 demone,
2540 3468 2741 3525 tandiu
2772 3467 3030 3524 callabus
3064 3467 3356 3538 pontificis
3388 3471 3692 3521 vexaretur
3730 3483 3922 3537 quou-

2221 3579 2367 3635 sque
2397 3577 2530 3618 cum
2555 3576 2778 3616 sessore
2807 3576 2914 3614 suo
2945 3558 3390 3631 periclitaretur,
3412 3556 3760 3612 ﬁducialiter
3782 3573 3932 3627 pro-

2222 3652 2525 3708 miserunt.
2551 3649 2666 3705 Hac
2699 3650 2959 3704 incestus
2985 3648 3165 3717 judex
3210 3645 3627 3717 pollicitatione
3671 3646 3899 3702 letatue

2221 3757 2420 3812 magos
2445 3741 2614 3810 juxta
2652 3739 2806 3794 viam
2853 3754 2971 3809 qua
3014 3737 3270 3808 pontifex
3313 3737 3382 3790 ad
3412 3736 3721 3791 stationem
3771 3752 3923 3807 pro-

2223 3832 2476 3886 fecturus
2506 3833 2632 3884 erat
2661 3829 2720 3883 in
2752 3828 2905 3882 edito
2929 3831 3082 3882 stare
3110 3824 3398 3896 permisit,
3423 3830 3486 3879 ut
3507 3824 3700 3880 videre
3722 3829 3923 3882 trans-

2220 3924 2446 3985 euntes,
2481 3934 2596 3973 non
2629 3917 2807 3971 videri
2841 3935 2874 3971 a
2905 3914 3351 3970 transeuntibus
3383 3916 3922 3986 possent.Cumque

2221 4009 2375 4078 magi
2407 4023 2476 4061 ex
2508 4008 2933 4076 planslatorum
2959 4001 3549 4074 mappulatorumque
3601 4004 3928 4073 processio-

2218 4098 2393 4151 nibus
2422 4111 2696 4166 magnum
2722 4094 3048 4164 pontificem
3075 4093 3499 4164 cognovissent,
3521 4093 3789 4148 immisso
3814 4093 3931 4148 das-

2220 4202 2411 4252 mone,
2443 4190 2560 4240 tam
2595 4184 2824 4240 fortiter
2853 4184 2981 4254 ejus
3024 4200 3239 4254 equum
3290 4184 3484 4239 vexari
3535 4184 3819 4249 fecerunt,
3851 4187 3922 4238 ut

2220 4291 2522 4345 nunquam
2551 4291 2584 4328 a
2617 4290 2848 4328 sessore
2897 4273 3018 4328 sive
3049 4291 3079 4326 a
3130 4273 3480 4327 stratoribus
3520 4273 3702 4327 teneri
3745 4287 3922 4343 posse

2217 4369 2539 4435 putaretur.
2573 4365 2737 4420 Tunc
2768 4362 3098 4434 Gregorius,
3133 4361 3424 4417 revelante
3448 4361 3665 4431 Spiritu
3690 4365 3924 4428 sancto,

2216 4454 2633 4508 dasmoniaoam
2648 4452 3105 4508 eubmissionem
3122 4466 3495 4521 cognoscens,
3512 4454 3716 4506 sancto
3729 4449 3928 4505 crucis

403 4537 647 4594 curavit.
700 4538 924 4593 Rursus
974 4539 1169 4609 itaque
1219 4539 1276 4593 in
1328 4541 1652 4595 orationem
1696 4557 1830 4596 cum
1881 4541 2100 4596 eisdem
2140 4557 2184 4620 ι)
2217 4543 2543 4614 signaculo,
2577 4548 2698 4598 tam
2731 4540 3012 4597 caballum
3048 4558 3081 4595 a
3111 4539 3383 4612 praesenti
3416 4538 3578 4595 rabie
3618 4538 3919 4604 liberavit,

405 4630 754 4699 prostratus,
815 4627 1005 4682 carnis
1085 4629 1335 4684 frustum
1411 4630 1469 4684 in
1548 4630 1712 4700 panis
1789 4629 2109 4701 primordia

404 4716 764 4772 reformavit.

476 4806 565 4862 42.
599 4806 723 4862 Alio
755 4823 988 4879 quoque
1019 4811 1282 4879 tempore
1310 4809 1399 4865 vir
1429 4811 1528 4866 Dei
1563 4812 1896 4883 Gregorius,
1931 4813 2104 4868 mira~

401 4895 602 4953 culum
635 4913 780 4968 pene
805 4897 938 4953 huic
961 4896 1153 4952 simile
1179 4901 1546 4970 perpetravit.
1571 4901 1714 4955 Nam
1740 4917 1895 4970 cum,
1912 4907 2107 4971 peten-

399 4987 561 5043 tibus
591 4986 946 5058 quibusdam
978 4987 1443 5044 occidentalibus
1485 5005 1588 5059 per
1627 4991 1867 5062 legatos,
1900 4993 1998 5049 59
2042 4992 2100 5048 in

358 5113 364 5124 .
401 5075 652 5146 singulis
683 5076 994 5148 pyxidibus
1023 5076 1131 5132 sub
1163 5077 1490 5133 nominibus
1528 5079 1836 5147 petitorum
1886 5085 2104 5152 marty-

403 5177 530 5216 rum
551 5165 632 5233 (d)
677 5165 995 5222 brandeum
1043 5166 1212 5222 solito
1259 5183 1418 5222 more
1455 5167 1823 5235 concludens,
1858 5169 2104 5238 desuper

474 5321 554 5399 (ᾳ)
587 5320 763 5399 ptis,
793 5340 920 5399 qua
948 5326 1049 5382 hac
1077 5330 1283 5399 prima.

473 5394 550 5473 (b)
581 5391 765 5473 Golb.,
798 5391 1021 5473 Gemet.
1053 5391 1119 5473 ac
1141 5400 1348 5471 Bigot..
1383 5417 1547 5471 quam
1577 5401 1760 5473 elegit,
1794 5410 1852 5456 ut
1903 5403 2097 5459 caluit.

474 5465 546 5533 (ε)
587 5464 829 5549 Aedem,
857 5468 1163 5549 cognitioni
1190 5464 1461 5549 congrum.
1503 5464 1758 5538 Gemet.,
1797 5474 2101 5546 cognitioni

402 5551 665 5601 congrua.
700 5535 823 5663 Dig;
857 5535 1112 5606 et'Utic.,
1143 5535 1452 5608 coynitione
1479 5535 1749 5615 congrua.

476 5607 551 5677 (ά)
584 5606 642 5661 In
673 5607 768 5661 Col
822 5650 833 5663 .
867 5615 922 5663 et
951 5608 1149 5664 Norm.
1183 5629 1413 5677 semper
1445 5619 1738 5677 scribitur.

612 5623 642 5660 Π
673 5623 833 5663 U010.

867 5615 922 5688 et
951 5608 1149 5664 Norm.
1183 5629 1413 5685 semper
1445 5608 1738 5685 scribitur,
1770 5617 2094 5688 praudeum.
2137 5639 2144 5645 ·

2219 4648 2392 4705 quam
2426 4631 2721 4687 maleficos
2751 4647 2818 4686 ex
2853 4631 3063 4685 latente
3095 4629 3346 4684 culmine
3367 4630 3586 4699 jubcns
3608 4630 3920 4698 deponere,

2219 4731 2496 4795 perpetua
2527 4720 2778 4776 caecitate
2811 4718 3093 4774 multavit.
3128 4720 3282 4783 Quos
3314 4724 3540 4773 reatum
3573 4734 3742 4773 suum
3774 4732 3922 4788 sug-

2215 4812 2474 4885 gestione
2504 4809 2707 4864 incesti
2738 4809 2958 4878 judicis
2986 4807 3350 4873 confitentes,
3384 4823 3447 4861 ac
3481 4811 3611 4877 post
3660 4804 3918 4862 multum

2217 4899 2496 4968 temporis
2525 4899 2596 4952 ad
2630 4897 2780 4953 sacri
2807 4896 3173 4967 baptismatis
3203 4897 3448 4967 gratiam
3474 4895 3789 4962 venientes,
3824 4895 3926 4949 lu-

2215 4990 2476 5046 minibus
2491 4987 2774 5060 quidem,(
2778 4990 2827 5059 f)
2841 5004 2911 5043 ne
2927 4986 3149 5058 magica
3182 4986 3526 5057 relegerent,
3553 4985 3793 5040 reddere
3825 5001 3930 5040 no-

2213 5080 2343 5146 luit,
2375 5095 2474 5134 eos
2505 5085 2702 5134 tamen
2734 5076 3130 5132 ecclesiastica
3159 5074 3306 5146 stipe
3342 5073 3550 5130 nutriri
3583 5071 3881 5144 precepit.

2285 5170 2370 5224 44.
2408 5167 2643 5238 Legitur
2673 5167 2847 5222 etiam
2883 5181 3056 5237 penes
3086 5165 3314 5220 easdem
3361 5162 3678 5234 Anglorum
3726 5161 3926 5216 Eccle-

2278 5331 2356 5403 (ε)
2411 5335 2660 5387 Sanctus
2717 5328 3070 5403 GregoriusL
3111 5327 3214 5403 lib.
3267 5323 3922 5403 1v,__epist.‘39,__refert

2209 5394 2478 5459 sanctum
2538 5394 2981 5468 Leonem,dum
3032 5399 3212 5455 Grazci
3265 5397 3498 5468 quidam
3552 5394 3916 5468 dubitarent,

2209 5477 2533 5530 brandeum
2569 5466 2868 5530 forficibus
2917 5472 3215 5535 incidisse,
3251 5466 3306 5524 et
3336 5485 3400 5522 ex
3448 5467 3578 5539 ipsa
3628 5466 3920 5521 incisione

2206 5548 2550 5617 sanguinem
2580 5545 2898 5617 effluxisse.

2277 5610 2346 5688 (ἦ
2377 5618 2558 5686 Colb.,
2593 5619 2754 5688 Reg,
2783 5616 2928 5673 Utic.
2961 5617 3017 5668 et
3060 5612 3210 5684 Dig.,
3243 5629 3310 5667 ne
3358 5612 3650 5683 magicam.
3683 5610 3915 5664 Gemet.

402 5679 750 5761 Brandeu_m_,
785 5680 1013 5761 Isidoro
1041 5679 1341 5761 zonarum;
1366 5701 1568 5761 genus,
1602 5679 1792 5744 velum
1849 5694 1938 5761 est
1982 5705 2094 5760 quo
2203 5679 2471 5755 κάλπη
2506 5679 2574 5745 ne
2602 5679 2861 5761 mavgiam.

402 5767 613 5823 corpus
642 5751 1016 5824 defuncti,vsl
1039 5769 1216 5810 sacra
1241 5751 1498 5829 reliquiis
1528 5751 1823 5831 teguntur.
1849 5751 2090 5820 Maefen.
