4088 6172
273 177 392 241 103

838 184 904 245 S.
955 183 1330 246 GREGORII
1375 182 1605 244 PAP/E
1653 182 1855 254 VITA,
1903 183 2135 245 AUCT.
2181 184 2485 248 JOANNE
2532 190 2898 258 DIACONO.
2948 200 3093 263 LIB.
3143 208 3219 268 ll.

3667 223 3782 286 £06

263 318 407 389 aias,
442 322 601 422 quod
646 322 1091 422 Gfegorinsper
1134 321 1319 422 forum
1369 318 1622 422 Trajani,
1658 318 1810 422 quod
1856 318 1978 389 ipse
2008 322 2059 388 Α
2089 324 2320 422 propter
2364 321 2507 379 illud
2553 330 2703 422 quod
2746 333 3029 405 scriptum
3075 345 3199 397 est:
3245 348 3370 403 Nisi
3397 354 3522 422 quis
3564 368 3794 417 renatus

266 411 574 480 quondam
618 412 1029 484 pulcherrimis
1078 410 1337 468 aediﬁciis
1376 413 1739 474 venustarat,
1769 425 1976 481 proce-

263 496 435 567 dens,
461 501 675 571 judicii
705 504 832 574 ejus
861 519 972 574 quo
1005 502 1235 557 viduam
1283 502 1613 557 consolatus
1659 500 1847 554 fuerat
1891 514 1975 553 re-

259 590 545 647 cordatus
579 594 653 663 (a)
696 598 868 664 atque
903 592 1146 647 miratus
1179 590 1251 646 sit
1281 609 1293 647 :
1328 591 1477 662 quod
1509 590 1729 646 scilicet
1758 589 1910 643 sicut
1941 605 1974 643 a

255 678 562 747 prioribus
586 681 855 749 traditur,
876 683 954 737 ita
983 697 1045 737 se
1073 682 1263 737 habet.
1285 679 1541 746 Quodam
1570 680 1671 734 ϐο
1695 682 1969 749 tempore,

255 767 520 839 Traiano
553 772 625 828 ad
669 771 1032 828 imminentis
1073 770 1211 827 belli
1263 772 1622 843 procinctum
1676 767 1971 824 festinanti

258 858 799 924 vehementissime.
833 863 1010 918 vidua
1054 861 1324 934 quaedam
1374 858 1658 932 processit
1704 858 1973 913 ﬂebiliter

261 948 468 1006 dicens
501 967 515 1005 :
551 952 730 1008 Filius
772 969 932 1008 meus
962 954 1267 1021 innocens,
1296 956 1354 1007 te
1402 954 1697 1022 regnante,
1742 963 1970 1020 perem-

258 1044 396 1111 ptus
442 1050 563 1108 est;
614 1044 853 1100 obsecro
897 1048 982 1112 ut,
1014 1044 1151 1114 quia
1200 1058 1330 1098 eum
1379 1041 1523 1097 mihi
1572 1040 1809 1097 reddere
1856 1055 1969 1093 non

257 1128 441 1199 vales,
478 1132 828 1203 sanguinem
875 1134 998 1204 ejus
1047 1130 1305 1199 legaliter
1352 1131 1648 1186 vindicare
1687 1129 1967 1199 digneris.

257 1217 527 1292 Cumque
577 1222 882 1292 Trajanus,
919 1222 968 1279 si
1016 1239 1194 1277 sanus
1244 1224 1626 1277 reverteretur
1670 1236 1703 1274 a
1749 1218 1965 1290 praelio.

260 1306 415 1363 hunc
450 1326 513 1365 se
542 1311 972 1367 vindicaturum
1008 1328 1106 1384 per
1137 1311 1335 1367 omnia
1366 1312 1763 1381 responderet,
1797 1311 1966 1364 vidua

254 1398 441 1454 dixit:
479 1400 533 1454 Si
570 1403 629 1455 tu
664 1401 723 1456 in
747 1401 944 1473 praelia
970 1406 1237 1457 mortuus
1267 1401 1462 1461 fueris,
1491 1400 1623 1471 quis
1656 1399 1797 1454 mihi
1824 1416 1966 1470 pris-

254 1487 489 1544 stabit?
517 1489 801 1559 Trajanus
834 1490 977 1546 dixit
1010 1507 1023 1546 :
1058 1489 1157 1545 Ille
1189 1491 1285 1563 qui
1324 1496 1455 1562 post
1499 1504 1588 1545 me
1632 1489 1961 1560 imperabit.

252 1577 447 1633 Vidua
478 1578 654 1635 dixit:
681 1580 748 1635 Et
769 1581 876 1635 tibi
906 1579 1044 1652 quid
1077 1581 1353 1652 proderit,
1374 1580 1423 1635 si
1455 1580 1601 1635 alter
1623 1579 1761 1633 mihi
1787 1579 1962 1649 justi-

256 1666 392 1721 tiam
430 1668 678 1724 fecerit?
718 1670 1010 1741 Trajsnus
1056 1670 1357 1742 respondit
1388 1685 1401 1725 :
1444 1668 1657 1739 Utique
1695 1668 1863 1723 nihil.
1898 1669 1966 1722 Et

255 1754 432 1809 vidua
460 1772 473 1810 :
507 1755 731 1822 Nonne,
752 1755 964 1828 inquit,
986 1756 1197 1813 melius
1223 1756 1325 1813 tibi
1348 1760 1437 1812 est
1459 1765 1517 1811 ut
1546 1760 1606 1811 tu
1640 1756 1967 1827 mibijusti-

254 1843 392 1898 tiam
429 1844 630 1905 facias,
662 1850 717 1901 et
748 1851 811 1901 tu
844 1862 947 1917 pro
992 1845 1101 1901 hoc
1146 1846 1474 1902 mercedem
1508 1850 1668 1900 tuam
1703 1846 1966 1915 recipias,

250 1949 436 2004 quam
463 1933 629 1990 alteri
653 1934 804 1990 hanc
828 1935 1231 1991 transmittas?
1252 1936 1415 1991 Tunc
1437 1935 1725 2006 Trajanus
1749 1935 1968 1991 ratione

248 2024 478 2092 pariter
526 2023 864 2095 pietateque
912 2028 1262 2084 commotus,
1304 2038 1454 2096 equo
1488 2024 1807 2090 descendit,
1862 2040 1966 2079 nec

247 2120 383 2167 ante
407 2111 691 2167 discessit
720 2129 896 2183 quam
915 2113 1204 2184 judicium
1229 2113 1413 2168 vidua:
1440 2130 1543 2185 per
1572 2118 1753 2168 semet
1774 2113 1965 2167 immi-

245 2217 395 2257 nens
432 2202 786 2273 proﬂigaret.
822 2201 1010 2274 Hujus
1037 2218 1174 2273 ergo
1209 2203 1715 2258 mansuetudinem
1741 2203 1961 2274 judicia

242 2296 527 2347 asserunt
555 2291 895 2364 Gregorium
924 2293 1293 2347 recordatum
1329 2294 1396 2347 ad
1431 2294 1615 2348 sancti
1648 2292 1795 2347 Petri
1830 2309 1963 2363 apo-

240 2379 374 2436 stoli
410 2379 723 2436 basilicam
748 2382 1110 2452 pervenisse;
1134 2382 1329 2452 ibique
1352 2384 1545 2437 tandiu
1572 2399 1745 2453 super
1772 2398 1959 2437 errore

240 2474 356 2525 tam
422 2467 874 2525 clementissimi
936 2470 1214 2542 principis
1273 2470 1597 2538 deﬂevisse,
1652 2488 1960 2542 quousque

240 2575 603 2632 responsum
650 2559 912 2632 sequenti
963 2566 1131 2615 nocte
1174 2560 1444 2632 cepisset,
1477 2577 1539 2616 se
1578 2577 1678 2631 pro
1709 2562 1955 2632 Trajano

242 2650 427 2708 fuisse
468 2649 761 2719 auditum,
796 2654 1024 2705 tantum
1080 2666 1183 2721 pro
1229 2649 1389 2706 nullo
1435 2652 1683 2707 ulterius
1732 2667 1956 2721 pagano

240 2756 445 2811 preces
476 2740 821 2795 effunderet.
842 2739 952 2795 Sed
981 2755 1103 2795 cum
1128 2740 1197 2795 de
1229 2741 1629 2812 superioribus
1662 2740 1956 2796 miraculis

242 2831 653 2886 Romanorum
680 2829 755 2883 sit
783 2844 954 2885 nemo
988 2829 1084 2901 qui
1117 2830 1361 2899 dubitet,
1386 2832 1456 2885 de
1479 2831 1587 2885 hoc
1614 2832 1765 2902 quod
1797 2831 1951 2901 apud

2088 412 2261 519 fuerit
2291 428 2360 467 ex
2379 429 2529 519 Ia'qua
2552 424 2603 470 et
2626 417 2836 489 Spiritu
2863 437 3049 484 sancto
3078 447 3185 486 non
3217 412 3451 496 intrabit
3479 444 3538 498 in
3564 412 3790 519 modum

2082 500 2342 603 calorum
2376 503 2676 603 (Jama-In,
2711 511 2928 603 3);7sed
2963 516 3308 590 simpliciter
3335 528 3568 603 dicitur,

2084 588 2231 689 ferni
2255 592 2626 689 solummodo
2662 602 3015 689 cruciatibus
3040 588 3298 670 liberata.
3334 619 3496 682 Quod
3521 588 3785 689 videlicet

2086 683 2276 778 potest
2306 682 2481 739 videri
2515 688 2795 778 credibile
2843 694 3058 766 quippe
3098 716 3227 757 cum
3263 706 3338 761 ita
3368 711 3558 769 valeat
3587 682 3784 778 anima

2083 768 2140 822 in
2175 768 2399 867 inferno
2440 775 2704 847 existere,
2737 785 2794 835 et
2824 781 3034 840 inferni
3081 792 3367 850 cruciatus
3398 814 3500 867 per
3546 768 3786 866 Dei—mi:

2084 858 2457 970 sericordiam
2492 880 2606 920 non
2651 872 2888 940 sentire,
2923 874 3089 932 sicuti
3135 897 3287 937 unus
3319 858 3784 970 gehennae-ignis

2083 947 2232 1050 valet
2256 965 2464 1051 omnes
2498 961 2826 1024 peccatores
2861 966 3072 1030 pariter
3114 947 3388 1042 detinere,
3423 978 3507 1034 sic
3551 947 3782 1053 per-013;;

2075 1040 2367 1136 jus-titiam
2402 1050 2641 1102 cunctos
2683 1065 2797 1104 non
2842 1054 2994 1110 valet
3022 1060 3318 1127 (ellualiter
3346 1040 3603 1128 exurere.
3636 1040 3781 1136 Nam

2082 1129 2545 1239 Epiuspujpsque
2588 1144 2871 1239 quantum
2907 1148 3119 1203 meruit
3154 1151 3345 1225 culpa,
3369 1158 3530 1227 justo
3561 1129 3787 1239 Deijt;

2081 1218 2229 1273 dicio
2264 1225 2487 1278 tantum
2520 1227 2801 1283 sentietur
2828 1234 2887 1287 et
2923 1250 3109 1302 poena.

2153 1308 2243 1363 45.
2275 1309 2667 1413 Nihilominus
2699 1334 2767 1413 ex
2800 1318 2946 1413 libro
2978 1326 3076 1394 qui
3119 1344 3151 1382 a
3183 1329 3397 1391 Graecis
3443 1335 3650 1413 λειμὼν
3694 1348 3782 1403 di-

2080 1396 2248 1504 citur”
2283 1416 2315 1504 θζ
2350 1401 2560 1459 Latinis
2589 1422 2720 1504 vf”?
2752 1408 3097 1504 intﬁmgitu“
3133 1434 3379 1493 εανηριιε,
3417 1429 3506 1484 vel
3533 1396 3777 1504 pratum,

2078 1494 2392 1583 praeceptor
2423 1507 2587 1548 meus
2616 1495 2765 1551 inter
2807 1499 2920 1555 alia
2960 1506 3078 1560 toto
3128 1510 3267 1567 orbe
3305 1514 3431 1583 jam
3483 1494 3779 1583 diﬂ’amata

2077 1579 2371 1674 miracula
2386 1583 2799 1674 interpretatus
2829 1598 2939 1660 est,
2959 1596 3103 1653 mihi
3134 1579 3433 1665 scribens:
3469 1614 3562 1669 6|
3600 1579 3786 1674 Enar:

2075 1671 2224 1767 navit
2280 1672 2445 1767 nobis
2503 1677 2821 1767 presbyter,
2875 1686 3112 1743 nomine
3166 1691 3390 1763 Petrus,
3447 1701 3518 1756 de
3575 1671 3777 1767 sancto

2074 1759 2347 1858 Gregorio
2377 1779 2528 1835 papa
2552 1765 2815 1858 ’Ποιητιηο
2846 1772 3034 1841 (illinc
3073 1779 3227 1835 enim
3260 1759 3387 1841 erat
3410 1759 3775 1854 reverendis:

2071 1850 2383 1960 siin—uehis
2416 1853 2729 1960 presbyter)
2761 1876 2774 1915 :
2811 1862 2886 1960 is,
2913 1861 3107 1935 inquit
3138 1868 3311 1939 (Prat.
3346 1879 3521 1947 spirit.
3546 1898 3593 1938 c.
3628 1850 3751 1960 192—)

2071 1941 2307 1996 effectus
2349 1960 2515 2016 papa,
2550 1948 2854 2006 aedificavit
2897 1962 3316 2020 monasterium
3363 1930 3621 2029 virorum
3657 1930 3784 2034 m1:

2070 2046 2271 2125 gnum,
2316 2039 2371 2088 et
2423 2036 2581 2125 dedit
2615 2041 2956 2100 mandatum
3006 2053 3068 2103 ut
3109 2054 3308 2111 nullus
3356 2066 3775 2125 monachorum

2070 2122 2364 2223 proprium
2398 2123 2615 2223 aliquid
2640 2130 2878 2189 haberet
2903 2152 3085 2207 usque
3108 2142 3174 2195 ad
3211 2162 3390 2202 unum
3416 2150 3488 2223 (ο)
3511 2122 3771 2215 oboluni.

2069 2210 2263 2267 Frater
2293 2230 2428 2286 ergo
2460 2218 2529 2271 de
2564 2224 2916 2280 monasterio
2966 2226 3217 2287 habebat
3260 2210 3492 2295 fratrem
3527 2210 3771 2303 secula;

2069 2306 2292 2394 remxet
2325 2305 2634 2394 postulavit
2662 2325 2819 2380 eum,
2844 2314 3081 2373 dicens:
3118 2321 3387 2381 Casulam
3415 2346 3526 2385 non
3564 2333 3742 2394 habeo

2067 2390 2166 2485 sed
2219 2391 2303 2445 fac
2342 2392 2709 2485 charitatem,
2770 2416 2898 2458 eme
2957 2407 3120 2464 mihi.
3179 2412 3324 2469 Dicit
3372 2381 3771 2485 εἶἐᾨεξιῖιᾏῖἶέ

2066 2480 2242 2585 frater
2272 2484 2479 2585 :“Ecce
2524 2487 2633 2542 tria
2682 2492 3042 2552 numismata
3091 2503 3438 2576 suscipiens,
3474 2480 3767 2585 compara,

2067 2572 2141 2642 (d)
2162 2573 2352 2663 qualis
2378 2575 2479 2663 tibi
2505 2576 2709 2646 placet.
2737 2585 2997 2654 Acceptis
3022 2588 3210 2660 itaque
3235 2572 3550 2657 monachus
3573 2572 3760 2663 tiibus

2063 2661 2538 2733 numismatibus,
2575 2666 2745 2722 habet
2775 2686 2837 2724 ea
2869 2676 3021 2742 apud
3051 2693 3130 2734 se.
3162 2680 3323 2738 Alius
3353 2692 3549 2744 autem
3585 2661 3766 2749 frater

2058 2751 2259 2847 videns
2289 2754 2764 2847 eumhabentem
2794 2760 2903 2817 tria
2935 2768 3310 2840 numismata,
3339 2791 3583 2847 pergens
3614 2799 3765 2839 nun-

2061 2839 2222 2895 tiavit
2252 2841 2468 2897 abbati.
2502 2845 2693 2901 Abbas
2724 2864 2860 2905 vero
2900 2856 3164 2925 audiens,
3200 2839 3396 2919 retulit
3426 2839 3760 2930 beatissimo

239 2918 953 3019 _Sa_xoneslegi.tur,bujus
975 2920 1241 3019 precibus
1262 2919 1953 3019 'l‘rajani‘(b)animamlab
1990 3010 2029 3019 ἡ
2058 2945 2239 3019 papa.
2282 2930 2660 2989 Beatissimus
2691 2946 2883 2995 autem
2925 2918 3242 3017 Gregorius
3283 2918 3760 3019 disclina—'53:}:

240 3011 458 3065 inferni
488 3008 853 3108 cruciatibus
869 3008 1208 3117 jliberatam,
1242 3011 1314 3064 ob
1346 3009 1401 3064 id
1434 3009 1521 3065 vel
1554 3011 1801 3064 maxime
1841 3010 1951 3064 du-
1982 3010 2032 3077 C.
2060 3018 2286 3087 abbate,
2313 3024 2639 3094 segregavit
2660 3042 2789 3081 eum
2814 3046 2847 3084 a
2870 3008 3300 3110 commvunione,
3326 3008 3758 3117 tanquam'eu;

240 3099 415 3154 hitari
450 3098 709 3164 videtur,
741 3097 896 3167 quod
926 3102 1122 3154 tantus
1167 3099 1367 3154 doctor
1393 3114 1763 3170 nequaquam
1796 3115 1952 3170 prae-

237 3192 509 3245 sumeret
541 3203 645 3259 pro
672 3202 898 3258 pagano
924 3204 1165 3259 prorsus
1186 3204 1375 3257 orare;
1411 3188 1508 3259 qui
1536 3194 1739 3259 quarto
1761 3186 1952 3244 Dialo-

237 3292 707 3350 gorumsuorum
729 3276 877 3332 libro
890 3277 1429 3334 docueriteamdem
1450 3294 1685 3334 causam
1702 3294 1831 3335 esse
1848 3294 1953 3333 cur

238 3384 354 3422 non
391 3373 594 3423 oretur
626 3382 661 3420 a
685 3365 904 3421 sanctis
936 3366 994 3420 in
1026 3366 1218 3423 futuro
1240 3366 1466 3437 judicio
1496 3384 1601 3438 pro
1632 3367 1953 3438 peccatori-

234 3458 348 3513 bus
384 3460 609 3511 aaterno
640 3454 773 3526 igne
792 3454 1115 3523 damnatis;
1141 3470 1265 3527 quae
1290 3472 1445 3511 nunc
1465 3455 1642 3511 etiam
1666 3472 1843 3511 causa
1863 3463 1951 3512 est

234 3554 298 3602 ut
330 3563 455 3602 non
488 3552 657 3600 orent
685 3544 873 3599 sancti
907 3544 1173 3601 homines
1218 3561 1321 3617 pro
1365 3545 1703 3601 hominibus
1736 3546 1949 3601 infide-

230 3636 391 3690 libus
422 3634 744 3706 impiisque
775 3633 1101 3702 defunctis;
1137 3651 1249 3689 non
1275 3635 1638 3690 advertentes
1667 3635 1800 3706 quia
1832 3652 1947 3691 non

229 3725 448 3796 legitur
478 3740 584 3795 pro
614 3723 862 3793 Trajano
895 3725 1226 3797 Gregorium
1261 3742 1549 3792 exorasse,
1584 3727 1680 3781 sed
1714 3730 1941 3781 tantum

228 3814 488 3869 ﬂevisse.
523 3812 619 3867 Sic
649 3811 803 3867 enim
837 3827 971 3867 cum
1004 3830 1115 3867 non
1150 3815 1397 3868 oraverit
1427 3812 1759 3885 Gregorius,
1786 3814 1945 3884 plan-

222 3905 422 3975 gendo
467 3901 661 3974 potuit
698 3900 980 3969 exaudiri,
1024 3900 1197 3956 sicuti
1245 3900 1470 3972 Moyses
1514 3916 1645 3955 cum
1696 3901 1941 3958 dolendo

220 3996 471 4059 taceret,
508 3990 700 4064 potuit
730 3990 1018 4047 clamasse
1049 3990 1252 4057 videri,
1283 3992 1378 4046 cui
1415 3990 1696 4047 Dominus
1728 3992 1941 4048 tacenti

219 4082 401 4137 labiis
435 4097 449 4135 :
506 4078 649 4148 Quid
692 4080 920 4144 clamas,
960 4080 1170 4151 inquit.
1202 4079 1272 4133 ad
1309 4096 1396 4135 me
1424 4079 1623 4151 (Exod.
1656 4096 1770 4147 xtv,
1807 4081 1942 4152 15)?

218 4172 524 4227 Nimirum
549 4170 704 4226 Deus
726 4169 1097 4240 omnipotens
1116 4167 1293 4224 corda
1315 4185 1593 4240 renesque
1618 4175 1936 4238 scrutatur,

218 4266 274 4317 et
308 4262 651 4332 frequenter
679 4275 746 4315 ea
776 4257 1051 4314 misertus
1083 4258 1371 4327 concedit,
1390 4276 1516 4330 quis
1543 4259 1710 4316 homo
1735 4276 1939 4329 quam-

2061 3106 2161 3178 qui
2179 3108 2429 3201 solverat
2450 3112 2711 3182 regulam
2738 3124 3095 3180 monasterii.
3118 3106 3755 3201 Igiturpostmodicum

2058 3197 2337 3297 liam-poris
2369 3200 2618 3255 moritur
2654 3203 2825 3261 frater
2866 3218 3225 3286 segregatus,
3260 3197 3552 3280 nesciente
3583 3243 3755 3297 papa.

2061 3285 2196 3341 Post
2225 3286 2371 3342 duos
2402 3304 2537 3360 ergo
2568 3296 2667 3347 aut
2700 3302 2813 3352 tres
2837 3297 2957 3354 dies
2988 3316 3234 3370 pergens
3264 3308 3445 3366 abbas
3471 3285 3769 3372 nuntiavit

2058 3376 2109 3431 ei
2142 3377 2281 3448 quia
2313 3377 2487 3433 frater
2517 3383 2817 3453 requievit.
2843 3386 2905 3443 In
2938 3388 3047 3446 hoc
3078 3393 3276 3467 itaque
3309 3415 3421 3455 non
3456 3405 3762 3462 mediocri-

2059 3472 2143 3520 ter
2173 3467 2441 3561 tris‘ta-tus
2473 3474 2581 3540 est,
2604 3473 2754 3561 quia
2797 3484 3106 3549 antequam
3159 3486 3340 3542 exiret
3386 3491 3455 3546 de
3484 3491 3593 3549 hac
3625 3496 3763 3561 vita,

2060 3570 2185 3651 non
2207 3554 2378 3610 solvit
2407 3574 2536 3613 eum
2562 3560 2632 3613 ab
2662 3570 3281 3629 excommunicationis
3303 3578 3370 3647 (e)
3393 3579 3684 3651 epitimio;
3704 3554 3759 3640 et

2055 3644 2314 3700 scribens
2340 3649 2658 3705 orationem
2692 3652 2747 3708 in
2773 3658 3044 3728 pyctatio,
3068 3662 3225 3718 dedit
3252 3644 3757 3729 univdi'aconorum

2053 3736 2555 3829 suorum,jubens
2603 3742 2653 3796 ei
2706 3743 2807 3809 ire,
2842 3750 2899 3801 et
2946 3764 3121 3820 super
3169 3752 3405 3812 fratrem
3456 3758 3567 3829 legi
3601 3778 3760 3818 eam.

2052 3823 2187 3877 Erat
2217 3829 2409 3879 autem
2448 3828 2633 3882 oratio
2666 3830 2894 3890 solvens
2925 3838 2997 3892 ab
3028 3823 3629 3906 excommunicatione
3659 3853 3757 3909 de-

2052 3913 2520 4009 fuctumeadit
2567 3935 2700 3990 ergo
2752 3923 3050 3994 diaconus,
3100 3931 3254 3987 sicut
3303 3944 3653 4009 praeceptum
3701 3943 3753 3997 ei

2051 4002 2259 4095 fuerat,
2285 4007 2541 4095 et-super
2573 4010 2860 4067 tumulum
2896 4016 3086 4071 fratris
3118 4019 3257 4091 legit
3288 4002 3629 4095 pyctatium,
3658 4031 3750 4086 ha-

2049 4090 2192 4145 bens
2223 4091 2567 4149 orationem.
2603 4098 2671 4153 Et
2711 4098 2838 4169 ipsa
2890 4109 3055 4161 nocte
3096 4090 3244 4164 vidit
3288 4090 3473 4169 abbas
3517 4116 3751 4174 fratrem

2050 4180 2611 4275 illu_rn_d_efunctum,
2645 4196 2698 4243 et
2730 4190 2874 4247 dixit
2905 4193 2955 4249 ei
2991 4214 3002 4247 :
3046 4195 3168 4253 Non
3213 4216 3274 4255 es
3306 4208 3597 4275 mortuus,
3630 4208 3754 4264 fra-

2049 4272 2179 4325 ter?
2228 4271 2330 4367 llle
2382 4277 2703 4367 respondit,
2755 4282 2948 4338 etiam.
3003 4286 3071 4340 Et
3118 4286 3328 4345 iterum
3378 4271 3753 4367 interrogavit

216 4352 302 4454 vis
328 4356 399 4454 ut
425 4348 681 4454 c‘a‘rn‘alis
705 4348 1011 4454 desideret,
1030 4352 1225 4454 tamen
1253 4351 1445 4419 petere
1469 4366 1583 4404 non
1610 4350 1933 4454 praesumit.
1965 4372 2013 4438 Ι)
2047 4374 2182 4415 eum
2215 4362 2432 4419 abbas:
2468 4366 2569 4422 Ubi
2594 4383 2719 4423 eras
2744 4385 2929 4442 usque
2960 4375 3169 4433 hodie?
3198 4380 3513 4454 Respondit
3537 4348 3756 4444 nisi};

215 4441 387 4497 Unde
448 4437 761 4495 Psalmista
810 4453 824 4493 :
888 4437 1235 4494 Desiderium
1286 4454 1593 4510 pauperum
1649 4440 1932 4496 exaudivit

218 4531 516 4594 Dominus,
543 4532 593 4584 et
627 4527 896 4582 desideria
937 4527 1117 4583 cordis
1158 4543 1352 4583 eorum
1397 4528 1613 4583 audivit
1650 4529 1806 4584 auris
1834 4534 1931 4584 tua

218 4620 394 4690 (Psal.
428 4633 548 4687 xxx,
584 4617 692 4689 17).
737 4616 807 4672 Et
834 4617 1157 4672 notandum
1192 4616 1332 4689 quia
1363 4634 1477 4672 non
1527 4616 1744 4688 legitur
1786 4618 1931 4674 Gre-

216 4711 364 4784 gorii
397 4708 672 4780 precibus
702 4706 935 4778 Trajani
965 4706 1163 4762 anima
1206 4707 1278 4761 ab
1318 4706 1546 4763 inferno
1589 4707 1845 4778 liberata,
1874 4714 1931 4766 et

215 4801 278 4857 in
311 4798 587 4871 paradiso
611 4797 886 4869 reposita,
904 4798 1054 4868 quod
1077 4796 1315 4854 omnino
1338 4798 1679 4855 incredibile
1699 4799 1931 4855 videtur

288 4964 374 5035 (α)
406 4961 558 5035 Big,,
589 4960 885 5035 miseratus
916 4960 1011 5035 sit2

290 5032 371 5105 (b)
401 5032 595 5105 Co_lb.,
628 5032 848 5105 Andeg.
881 5037 939 5087 et
968 5032 1190 5101 Norm.,
1227 5034 1451 5104 Trajam'
1478 5036 1758 5091 animum.
1795 5035 1928 5092 libe-

222 5103 420 5162 ram...
454 5103 715 5159 dubitare
741 5103 1019 5158 videntur.

292 5178 370 5302 (9
399 5174 682 5231 Nonnulli
715 5174 863 5256 Editi
898 5182 948 5229 et
980 5174 1142 5260 Mss.,
1173 5176 1416 5260 oculum.

294 5252 311 5302 ί
361 5252 379 5302 )
407 5247 635 5302 Gemet.
670 5262 735 5301 ac
760 5248 967 5302 Βιαοι..
993 5246 1257 5302 amdauid
1280 5248 1416 5302 uim

294 5245 379 5317 (ἆ)
407 5247 635 5303 Gemet.
670 5262 735 5301 ac
760 5247 967 5317 Bigot.,
993 5246 1257 5319 quidquid
1280 5245 1604 5318 tibiplacet.
1632 5248 1802 5304 Porro
1833 5266 1927 5304 ca-

225 5324 357 5375 sula
386 5319 566 5373 vestis
601 5334 701 5372 seu
736 5321 934 5391 tunica
983 5324 1071 5373 est
1117 5319 1556 5385 monachorum,
1593 5320 1724 5372 licet
1754 5320 1928 5391 vulgo

224 5395 500 5462 sumatur
534 5405 635 5460 pro
667 5389 869 5462 casula
891 5391 1237 5462 presbyteri,
1262 5393 1329 5444 de
1352 5408 1465 5462 qua
1489 5393 1739 5445 notanda
1760 5389 1929 5447 verba

224 5461 436 5536 synodi
468 5459 578 5515 sub
607 5459 1222 5536 Carlomannohabitaa
1245 5459 1386 5536 ann:
1409 5463 1511 5516 742
1540 5479 1553 5517 :
1580 5464 1929 5536 Decrevimus

224 5531 434 5606 quoque
464 5539 525 5612 ut
574 5531 885 5612 presbyteri
926 5532 1008 5586 vel
1055 5532 1275 5612 diaconi
1317 5549 1425 5587 non
1467 5536 1624 5612 sagis
1660 5535 1927 5612 lautorum

224 5603 393 5669 mra,
426 5603 521 5659 sed
568 5603 775 5659 casulis
823 5611 1073 5670 utantur,
1105 5606 1227 5660 ritu
1268 5620 1545 5660 servorum
1590 5605 1708 5673 Dci,
1736 5605 1792 5661 id
1843 5613 1930 5662 est

227 5676 670 5737 monachorum.
696 5673 938 5732 MABILL.
966 5676 1026 5731 In
1058 5678 1230 5733 Prato
1260 5693 1350 5751 sp.
1382 5676 1592 5749 legitur
1622 5693 1634 5732 :
1671 5677 1929 5736 Tunicam

548 5776 821 5841 Panos.
867 5773 1102 5840 LXXV.

2046 4450 2207 4539 vere,
2241 4451 2499 4519 domine,
2538 4455 2599 4510 in
2644 4461 2932 4529 custodia,
2966 4468 3023 4519 et
3061 4482 3247 4539 usque
3296 4450 3419 4527 heri
3465 4490 3579 4529 non
3613 4493 3747 4533 sum

2040 4537 2615 4635 absolutus-Notum
2646 4545 2841 4619 itaque
2874 4550 3091 4609 factum
3118 4537 3209 4611 est
3230 4561 3505 4618 omnibus
3530 4565 3668 4635 quia
3690 4567 3749 4621 in

2041 4626 2185 4724 hora
2217 4644 2331 4724 qua
2362 4631 2643 4690 diaconus
2667 4638 2988 4695 orationem
3013 4643 3158 4699 dixit
3190 4663 3369 4719 super
3393 4626 3747 4724 sepulcrum,

2142 4733 2209 4772 ea
2256 4718 2398 4774 hora
2445 4721 2746 4781 absolutus
2786 4733 2874 4784 est
2923 4732 2993 4786 ab
3042 4716 3659 4813 excommunicatione,
3692 4716 3749 4799 et

2037 4804 2286 4863 liberata
2316 4812 2406 4866 est
2434 4810 2503 4883 (Ι)
2537 4829 2570 4868 a
2602 4814 3001 4877 dominatione
3033 4823 3229 4881 anima
3258 4828 3409 4898 ejus.

2038 4969 2390 5061 genuussuum.
2447 4973 2658 5061 Graece,
2692 4977 2966 5061 uapiatov.
3012 4984 3398 5061 Hieronymus
3447 4988 3617 5061 epist.
3674 4992 3747 5047 ad

2042 5038 2414 5132 Fabiolam!
2444 5038 2985 5132 Solent'miiilantes
3036 5038 3249 5132 habere“
3268 5038 3748 5132 'iiyiiaﬁiiiiciﬁ

2040 5124 2743 5203 quas:carnisiasnvocant.
2771 5124 3060 5203 _Is_id9rus_,
3094 5126 3134 5179 l.
3181 5144 3295 5203 xix.
3346 5130 3523 5203 Orig,
3560 5150 3608 5188 c.
3657 5124 3747 5203 22,

2040 5187 2303 5276 captiuas
2332 5187 2611 5276 appellat,
2635 5193 2788 5276 quod
2821 5195 2877 5248 in
2903 5195 2991 5276 his
3015 5187 3342 5276 dormimus
3375 5187 3752 5276 inbcamis,‘ivd

2041 5259 2138 5347 est
2162 5259 2452 5347 instratis
2479 5262 2712 5347 nostris.
2738 5264 2983 5347 consule
3001 5268 3419 5347 gnomasticon
3445 5259 3750 5347 Rosvey'di:

2039 5325 2157 5450 ξξὶ
2177 5331 2371 5382 autem
2404 5346 2561 5385 cama
2592 5333 2761 5387 etiam
2798 5335 2968 5391 hodie
3000 5325 3744 5414 Hispanis

2164 5415 2325 5450 nano.

2089 5413 2325 5453 OLLAND.

2112 5470 2201 5559 (“et
2218 5471 2774 5559 Ιξξίὶιεξξηλίιέηιηφυηε
2816 5477 3225 5540 ecclesiastica.
3276 5491 3629 5559 Pyctacium,
3663 5494 3752 5547 ta-

2043 5538 2204 5592 bella:
2239 5538 2551 5599 litterariae.
2574 5549 2813 5604 MABILL.

2114 5609 2182 5689 ([‘)
2215 5612 2559 5689 Purgatorii,
2587 5633 2700 5673 non
2737 5620 2947 5679 inferni
2987 5642 2998 5681 ε
3031 5626 3161 5683 vide
3196 5638 3355 5685 notas
3388 5632 3442 5687 in
3475 5632 3660 5689 Vitam
3686 5634 3748 5689 Β.

2043 5679 2102 5737 Ρ.
2134 5679 2372 5753 Βθιιθᾱῖ,
2407 5699 2455 5742 c.
2488 5679 2579 5744 23.

3379 5805 3428 5863 Δ
