4088 6172
341 240 456 300 107

906 237 969 298 S.
1020 235 1394 298 GREGORII
1441 234 1670 296 PAPIE
1711 233 1926 304 VITA,
1975 231 2202 294 AUCT.
2248 231 2546 294 JOANNE
2589 230 2952 292 DIACONO.
2998 229 3144 292 LIB.
3191 228 3272 293 II.

3729 231 3850 295 108

407 377 496 432 46.
531 376 713 449 Igitur
736 377 1046 448 Gregorius
1073 391 1190 431 non
1215 374 1401 430 solum
1427 375 1682 428 Saxones
1707 372 1765 426 in
1792 370 2042 442 propriis
2069 371 2122 438 Α
2155 369 2347 425 missis
2376 368 2426 423 ei
2459 367 2701 422 relaxari
2747 367 2952 423 debeat
2978 385 2992 436 ;
3023 369 3074 424 si
3105 371 3223 422 tres
3265 366 3349 422 vel
3391 371 3662 439 quatuor,
3694 385 3852 424 unus

337 467 571 522 sedibus
603 471 1037 522 commanentes
1063 465 1292 521 Christo
1323 464 1570 519 Domino
1603 463 1908 522 dedicavit,
1943 478 2037 515 ve-

336 573 467 612 rum
500 557 673 613 etiam
708 573 920 628 pueros
953 572 1150 610 eorum
1185 571 1286 625 per
1314 557 1538 608 exteras
1572 553 1833 622 regiones
1877 551 2044 605 diffu-

335 663 448 712 sos,
485 647 609 701 suis
643 646 842 715 pretiis
883 661 1228 715 comparans
1261 642 1611 706 annualiter,
1643 642 1713 695 ad
1746 641 2037 712 cognitio-

333 753 468 792 nem
501 737 634 791 ﬁdei
681 736 1022 791 deducebat.
1059 735 1217 789 Unde
1257 732 1582 787 Candidum
1633 731 2034 802 presbyterum

332 833 681 892 commonet,
723 826 921 880 dicens
963 841 976 878 :
1037 845 1060 875 ‹
1114 825 1387 893 Pergens,
1422 820 1739 876 auxiliante
1789 821 2036 875 Domino

330 918 445 971 Deo
479 920 676 972 nostro
706 916 838 970 Jesu
860 915 1108 983 Christo,
1131 914 1200 968 ad
1236 913 1654 984 patrimonium
1681 911 1830 980 quod
1866 915 1953 966 est
1974 910 2034 965 in

328 1004 528 1060 Galliis
559 1004 1028 1074 gubernandum,
1053 1002 1324 1056 volumus
1357 1006 1420 1055 ut
1453 1000 1681 1055 dilectio
1713 1003 1815 1053 tua
1846 1014 1912 1052 ex
1939 1015 2032 1052 so-

326 1093 458 1149 lidis
487 1110 632 1163 quos
653 1093 938 1163 acceperit
959 1093 1307 1148 vestimenta
1331 1106 1653 1162 pauperum
1672 1133 1684 1155 ,
1706 1089 1792 1142 vel
1820 1104 2031 1158 pueros

323 1182 554 1255 Anglos,
587 1183 686 1254 qui
719 1190 851 1238 sunt
881 1182 952 1237 ab
982 1182 1148 1236 annis
1187 1180 1383 1236 decem
1424 1185 1479 1234 et
1528 1183 1774 1249 septem,
1807 1176 1896 1231 vel
1935 1177 2030 1232 de-

321 1288 447 1328 cem
480 1276 533 1329 et
564 1280 711 1341 octo,
748 1277 809 1326 ut
840 1271 898 1326 in
950 1270 1320 1326 monasteriis
1368 1269 1487 1323 dati
1539 1273 1650 1323 Deo
1698 1266 2024 1338 proﬁciant,

319 1366 635 1433 comparet,
660 1369 943 1432 quatenus
972 1360 1140 1415 solidi
1164 1359 1503 1424 Galliarum,
1529 1359 1627 1428 qui
1659 1356 1718 1410 in
1751 1360 1902 1410 terra
1923 1371 2023 1411 no-

317 1455 434 1506 stra
465 1451 709 1521 expendi
733 1467 846 1505 non
871 1453 1137 1520 possunt,
1172 1448 1323 1518 apud
1355 1446 1546 1503 locum
1580 1446 1882 1518 proprium
1916 1444 2024 1498 uti-

314 1541 444 1597 liter
466 1540 888 1612 expendantur.
913 1538 971 1594 Si
999 1538 1139 1610 quid
1165 1554 1296 1593 vero
1320 1536 1390 1592 de
1413 1535 1676 1605 pecuniis
1700 1534 2019 1602 redituum,

313 1648 438 1702 quae
462 1630 736 1686 dicuntur
755 1629 831 1699 (a)
858 1629 1082 1698 ablatae,
1105 1628 1360 1699 recipere
1382 1625 1661 1698 potueris,
1679 1639 1746 1678 ex
1769 1623 1860 1678 his
1883 1638 2021 1693 quo-

2149 461 2364 516 solidus
2386 459 2703 523 relaxetur;
2729 459 2776 512 si
2810 459 2947 528 quid
2979 457 3379 528 amplius,jam
3399 458 3570 527 juxta
3586 459 3858 514 eumdem

2147 553 2387 607 modum
2421 551 2586 604 debet
2618 550 2892 604 relaxatio
2915 549 3058 617 ﬁeri,
3095 549 3177 604 vel
3207 555 3361 604 certe
3386 551 3549 617 juxta
3581 550 3735 618 quod
3769 549 3857 603 di-

2144 641 2314 696 lectio
2349 648 2444 694 tua
2483 639 2771 708 pravidel,
2808 649 2870 693 ut
2899 645 2957 693 et
2986 640 3034 694 ei
3069 640 3423 694 convertitur
3452 654 3601 693 onus
3632 637 3852 694 releve-

2142 733 2257 797 tur,
2291 734 2347 784 et
2379 728 2776 784 ecclesiastica
2807 729 3031 784 utilitas
3057 745 3170 782 non
3196 728 3351 799 gravi
3372 727 3676 798 dispendio
3721 743 3852 798 pre-

2142 823 2354 874 matur.
2382 818 2497 874 Nec
2541 819 2647 874 hoc
2697 819 2985 872 inutiliter
3034 818 3299 884 facimus,
3335 817 3384 871 si
3435 833 3536 887 pro
3586 817 3847 873 lavandis

2139 908 2485 980 pensionum
2518 910 2792 963 oneribus
2818 924 2913 962 eos
2943 908 3011 961 ad
3046 907 3259 962 Christi
3299 908 3540 975 gratiam
3572 909 3843 976 perduci-

2138 1016 2290 1064 mus,
2323 1001 2462 1070 quia
2489 1007 2546 1055 et
2576 1001 2622 1055 si
2648 1000 2758 1071 ipsi
2793 1000 2990 1053 minus
3014 999 3262 1054 ﬁdeliter
3280 999 3544 1062 veniunt,
3571 998 3625 1052 hi
3650 1009 3843 1056 tamen

2135 1089 2235 1160 qui
2267 1089 2336 1144 de
2368 1090 2451 1144 eis
2483 1089 2600 1144 nati
2637 1090 2868 1154 fuerint,
2899 1090 3015 1158 jam
3052 1087 3279 1142 ﬁdelius
3309 1087 3690 1159 baptizantur.
3725 1091 3843 1145 Aut

2132 1179 2297 1251 ipsos
2347 1196 2506 1251 ergo.
2539 1185 2639 1234 aut
2689 1180 2841 1234 ﬁlios
2885 1196 3084 1235 eorum
3133 1178 3455 1243 lucramur,
3477 1186 3528 1233 et
3560 1178 3688 1233 ideo
3720 1197 3838 1234 non

2132 1271 2222 1320 est
2247 1282 2420 1338 grave
2456 1266 2733 1336 quidquid
2784 1267 2854 1322 de
2904 1265 3183 1337 pensione
3216 1281 3318 1336 pro
3340 1264 3568 1320 Christo
3591 1265 3838 1321 dimitti-

2132 1372 2284 1410 mus.
2321 1371 2337 1410 ι
2370 1357 2512 1424 (Lib.
2543 1372 2598 1421 v,
2630 1355 2789 1425 epist.
2821 1355 2900 1424 8.)

2201 1445 2290 1500 49.
2326 1445 2629 1500 Enimvero
2679 1447 2794 1498 tam
2839 1442 3292 1514 levigationibus
3321 1443 3622 1498 dationum
3655 1460 3833 1515 quam

2124 1533 2616 1604 promissionibus
2641 1532 2798 1601 regni
2833 1531 3107 1587 ccelorum
3131 1532 3315 1586 Judaei
3336 1548 3438 1603 pcr
3457 1533 3686 1588 diversa
3709 1531 3835 1588 loca

2127 1623 2198 1677 ad
2234 1621 2557 1690 Christum,
2591 1637 2761 1693 quem
2799 1626 2990 1692 patres
3010 1637 3211 1677 eorum
3247 1625 3617 1692 negaverant,
3635 1620 3832 1678 venire

310 1739 423 1794 que
452 1723 791 1778 vestimenta
841 1735 1156 1791 pauperum
1204 1733 1545 1790 comparare
1591 1709 1648 1772 te
1699 1715 2007 1780 volumus;
2042 1732 2089 1798 Β
2122 1711 2687 1782 coeperunt.Quibus
2718 1726 2851 1765 cum
2878 1709 3068 1765 salute
3091 1711 3300 1765 animae
3322 1711 3667 1765 vestimenta
3688 1727 3830 1782 quo-

306 1811 414 1873 vel.
444 1811 596 1868 sicut
626 1808 845 1882 praefati
867 1824 1094 1875 sumus,
1122 1823 1333 1879 pueros
1366 1806 1465 1878 qui
1497 1806 1556 1859 in
1586 1803 2004 1875 omnipotentis

304 1900 405 1956 Dei
438 1899 665 1956 servitio
695 1898 1012 1970 proﬁciant.
1041 1898 1150 1952 Sed
1183 1897 1317 1967 quia
1340 1895 1551 1967 pagani
1575 1899 1734 1960 sunt,
1759 1892 1854 1963 qui
1887 1890 2005 1946 illic

303 1989 545 2044 inveniri
579 1992 839 2061 possunt,
862 1986 989 2042 volo
1023 1992 1083 2042 ut
1111 2001 1244 2041 cum
1273 1985 1356 2040 eis
1381 1984 1684 2055 presbyter
1714 1981 2007 2036 transmit-

299 2084 475 2146 tatur,
497 2096 567 2135 ne
586 2078 728 2150 quid
747 2076 1106 2150 aegritudinis
1124 2075 1424 2145 contingat
1442 2074 1625 2144 invia,
1643 2077 1705 2128 ut
1721 2088 1867 2143 quos
1887 2087 2003 2126 mo-

298 2167 510 2223 rituros
545 2167 911 2238 conspexerit
945 2166 1154 2221 debeat
1185 2165 1542 2235 baptizare.»
1567 2163 1682 2217 Lib.
1708 2180 1784 2228 vr,
1814 2177 1896 2231 ep.
1920 2161 1998 2228 7.)

366 2257 454 2311 47.
481 2257 579 2312 62
611 2256 889 2312 Sardiniae
913 2271 1141 2326 quoque
1165 2254 1416 2309 rusticos
1442 2252 1787 2308 mitissimus
1814 2254 2000 2304 rector

294 2344 605 2416 Gregorius
627 2344 684 2399 in
709 2359 900 2399 errore
918 2345 995 2414 (b)
1017 2344 1319 2398 vetustatis
1338 2343 1476 2396 adeo
1501 2356 1838 2413 permanere
1866 2356 1997 2394 con-

292 2434 496 2502 doluit,
521 2437 585 2490 ut
614 2433 959 2489 Januarium
993 2431 1381 2487 Caralitanum
1405 2430 1745 2502 episcopum
1771 2446 1873 2501 pro
1904 2445 1996 2484 ne-

289 2522 585 2594 gligentiis
631 2522 1007 2593 increpando,
1043 2521 1194 2576 inter
1233 2526 1438 2577 cetera
1478 2521 1696 2575 scribat
1731 2537 1744 2574 :
1778 2541 1804 2569 ε(
1834 2520 1996 2574 Acci-

287 2613 370 2667 dit
400 2611 557 2668 aliud
590 2611 752 2667 valde
793 2611 1134 2683 lugendum,
1169 2610 1306 2679 quia
1349 2609 1509 2680 ipsos
1543 2609 1810 2676 rusticos,
1845 2625 1991 2679 quos

284 2700 459 2756 habet
489 2700 742 2758 Ecclesia
774 2717 928 2755 nunc
970 2715 1155 2770 usque
1195 2700 1252 2754 in
1308 2698 1649 2754 inﬁdelitate
1694 2714 1991 2754 remanere

285 2789 645 2862 negligentia
675 2790 1052 2844 fraternitatis
1079 2793 1280 2844 vestrm
1317 2786 1595 2857 permisit.
1623 2788 1693 2842 Et
1720 2788 1858 2857 quid
1891 2804 1990 2842 vos

285 2879 570 2934 admoneo
602 2882 666 2932 ut
706 2877 779 2932 ad
821 2878 1137 2932 Dominum
1187 2881 1491 2930 extraneos
1532 2876 1856 2942 adducatis,
1890 2874 1985 2944 qui

278 2971 503 3022 vestros
535 2966 606 3021 ab
637 2965 983 3020 inﬁdelitate
1017 2965 1307 3037 negligitis
1331 2964 1654 3034 corrigere?
1686 2962 1847 3018 Unde
1880 2980 1987 3019 ne-

279 3071 442 3110 cesse
474 3059 562 3110 est
590 3071 689 3110 vos
722 3071 823 3125 per
853 3055 1050 3110 omnia
1089 3054 1146 3108 in
1189 3070 1389 3108 eorum
1431 3053 1808 3108 conversione
1848 3053 1985 3124 vigi-

276 3145 412 3199 lare.
448 3144 583 3198 Nam
616 3143 665 3198 si
715 3143 1027 3213 cujuslibet
1071 3143 1325 3214 episcOpi
1373 3142 1433 3196 in
1476 3141 1748 3196 Sardinia
1789 3143 1979 3197 insula

274 3247 568 3304 paganum
617 3232 897 3287 rusticum
948 3232 1205 3287 invenire
1236 3235 1494 3301 potuero,
1529 3232 1585 3285 in
1620 3231 1816 3286 eodem
1852 3233 1976 3300 epi-

268 3338 440 3391 scopo
474 3323 696 3377 fortiter
727 3321 1047 3376 vindicabo.
1090 3322 1220 3376 Jam
1252 3336 1383 3375 vero
1426 3319 1475 3374 si
1509 3320 1759 3374 rusticus
1803 3326 1973 3375 tantae

267 3411 439 3465 fuerit
472 3411 726 3480 perﬁdia;
750 3416 804 3465 et
833 3410 1241 3466 obstinationis
1271 3410 1561 3476 inventus,
1589 3415 1650 3464 ut
1672 3411 1741 3464 ad
1774 3410 1969 3465 Domi-

265 3518 400 3557 num
428 3502 620 3557 venire
654 3501 892 3556 minime
925 3501 1266 3568 consentiat,
1293 3507 1450 3556 tanto
1482 3501 1777 3570 pensionis
1801 3517 1971 3557 onere

263 3593 596 3662 gravandus
628 3599 732 3658 est,
768 3601 830 3647 ut
860 3592 987 3663 ipsa
1017 3591 1332 3648 exactionis
1363 3608 1487 3647 sum
1521 3609 1691 3662 paena
1721 3592 1972 3662 compel-

262 3682 417 3736 latur
449 3683 519 3736 ad
552 3682 956 3737 rectitudinem
994 3682 1285 3739 festinare.
1321 3701 1345 3731 »
1381 3681 1521 3752 (Lib.
1561 3698 1635 3746 ιν,
1668 3696 1747 3751 ep.
1782 3681 1899 3749 26.)

334 3771 422 3824 48.
459 3771 618 3837 Quod
649 3786 780 3825 cum
813 3771 1122 3841 Gregorius
1157 3772 1451 3826 fructuose
1483 3769 1772 3840 simulque
1806 3771 1965 3824 salu-

262 3859 446 3915 briter
474 3860 533 3914 in
564 3860 839 3914 Sardiniae
885 3861 1129 3916 rusticos
1181 3860 1537 3932 processisse
1569 3866 1965 3930 cognosceret,

260 3950 436 4004 etiam
460 3949 519 4002 in
541 3949 775 4004 Judwos
799 3950 1284 4020 patrimoniorum
1310 3966 1549 4005 suorum
1578 3950 1829 4004 rusticos
1850 3967 1963 4004 non

260 4037 619 4093 dissimiliter
666 4044 755 4094 est
800 4044 1042 4094 conatus
1092 4040 1418 4095 extendere.
1463 4039 1625 4094 Unde
1675 4040 1961 4110 Cypriano

260 4130 500 4184 diacono
531 4128 750 4198 scribit,
785 4129 985 4184 dicens
1020 4145 1032 4182 :
1085 4151 1112 4179 ‹‹
1148 4129 1414 4184 Pervenit
1455 4130 1522 4183 ad
1571 4144 1663 4183 me
1693 4144 1821 4182 esse
1853 4128 1962 4182 He-

260 4218 442 4273 braos
473 4219 533 4273 in
568 4219 1036 4287 possessionibus
1066 4221 1134 4288 (ο)
1167 4219 1401 4285 nostris,
1435 4217 1534 4289 qui
1585 4218 1834 4272 converti
1887 4219 1956 4271 ad

258 4307 442 4362 Deum
482 4305 820 4361 nullatenus
868 4307 1085 4362 volunt.
1121 4307 1234 4362 Sed
1285 4306 1510 4361 videtur
1562 4306 1704 4360 mihi
1754 4311 1818 4360 ut
1863 4323 1962 4376 per

261 4409 461 4449 omnes
493 4397 892 4466 possessiones
923 4396 980 4449 in
1014 4397 1229 4466 quibus
1258 4396 1370 4466 ipsi
1403 4395 1622 4451 Hebraei
1666 4412 1792 4450 esse
1825 4411 1961 4451 nos-

2116 1817 2230 1871 que
2261 1800 2628 1871 baptizandis
2663 1799 2875 1854 habilia
2896 1800 3249 1855 conferebat.
3269 1799 3433 1855 Unde
3452 1799 3695 1855 Fantino
3727 1800 3826 1855 de-

2115 1889 2330 1944 fensori
2358 1906 2370 1944 :
2406 1911 2434 1938 ‹‹
2467 1889 2734 1953 Domina,
2759 1888 2972 1959 inquit,
3004 1889 3302 1946 abbatissa
3325 1889 3663 1944 monasterii
3693 1906 3826 1945 san-

2114 1980 2189 2033 cti
2222 1979 2524 2049 Stephani,
2558 1979 2712 2048 quod
2753 1979 2811 2031 in
2835 1978 3215 2050 Agrigentino
3239 1983 3328 2034 est
3357 1979 3643 2034 territorio
3675 1996 3819 2035 con-

2112 2069 2406 2137 stitutum,
2431 2070 2743 2134 indicante,
2762 2069 3153 2138 comperimus
3170 2069 3723 2125 multosJudteorum
3743 2071 3817 2127 ad

2112 2159 2493 2214 christianam
2547 2160 2744 2227 ﬁdem,
2804 2158 2999 2214 divina
3051 2159 3238 2230 gratia
3284 2160 3624 2228 inspirante,
3672 2160 3818 2217 velle

2117 2247 2396 2315 converti,
2425 2248 2523 2302 sed
2558 2263 2687 2302 esse
2710 2246 3101 2302 necessarium
3127 2253 3191 2302 ut
3221 2247 3436 2318 aliquis
3466 2248 3604 2303 illuc
3626 2265 3693 2304 ex
3715 2266 3817 2304 no-

2111 2340 2230 2392 stro
2260 2337 2538 2392 mandato
2589 2337 2794 2392 debeat
2840 2336 3148 2407 proﬁcisci.
3184 2337 3432 2393 Proinde
3482 2337 3658 2407 huius
3706 2339 3812 2393 tibi

2109 2426 2477 2482 auctoritatis
2510 2431 2708 2481 tenore
2739 2426 3114 2496 praecipimus
3146 2430 3230 2494 ut,
3253 2426 3413 2481 omni
3443 2426 3813 2482 excusatione

2104 2518 2514 2586 summota,ad
2545 2515 3089 2588 praedictumlocum
3110 2517 3809 2588 pergere,etdesiderium

2102 2621 2304 2661 eorum
2355 2605 2494 2673 tuis,
2527 2610 2637 2661 Deo
2688 2605 2961 2676 propitio,
2992 2605 3492 2661 adhortationibus
3539 2606 3809 2675 adjuvare

2101 2697 2365 2752 festines.
2399 2698 2621 2761 Quibus
2670 2701 2866 2751 tamen
2916 2696 2962 2750 si
3003 2695 3236 2765 longum
3271 2696 3356 2751 vel
3389 2695 3550 2751 triste
3581 2697 3679 2752 08
3715 2697 3804 2752 vi-

2099 2787 2270 2840 detur
2302 2785 2376 2856 (d)
2410 2786 2836 2841 solemnitatem
2887 2785 3178 2840 sustinere
3224 2784 3579 2856 paschalem,
3612 2791 3669 2840 et
3706 2803 3803 2843 eos

2098 2891 2255 2929 nunc
2287 2877 2354 2930 ad
2390 2875 2681 2942 baptisma
2713 2874 2989 2929 festinare
3029 2875 3354 2945 cognoscis,
3386 2891 3478 2942 ne,
3511 2876 3664 2944 quod
3697 2877 3804 2931 ab-

2097 2963 2194 3028 sit,
2228 2967 2399 3033 longa
2420 2964 2619 3019 dilatio
2639 2979 2840 3019 eorum
2873 2969 3022 3018 retro
3048 2964 3228 3034 possit
3251 2963 3479 3019 animos
3509 2981 3800 3033 revocare,

2094 3070 2226 3108 cum
2259 3055 2535 3126 episcopo
2581 3053 2688 3108 loci
2741 3054 2928 3125 ipsius
2975 3054 3228 3124 loquere,
3264 3058 3328 3108 ut
3368 3055 3706 3125 pcenitentia
3737 3073 3802 3110 ac

2093 3143 2450 3198 abstinentia
2481 3143 2867 3214 quadraginta
2898 3143 3123 3197 dierum
3160 3143 3396 3209 indicta,
3431 3147 3532 3197 aut
3561 3143 3650 3198 die
3682 3144 3800 3199 Do—

2088 3231 2323 3301 minico,
2359 3237 2458 3286 aut
2489 3233 2536 3287 si
2570 3233 2951 3288 celeberrima
2996 3232 3278 3286 festivitas
3309 3232 3574 3287 fortassis
3605 3250 3800 3288 occur-

2088 3320 2249 3389 rerit,
2283 3337 2402 3392 eos,
2435 3323 2852 3393 omnipotentis
2870 3322 2969 3376 Dei
3005 3321 3407 3376 misericordia
3438 3327 3797 3392 protegente,

2086 3411 2382 3480 baptizet;
2416 3413 2548 3481 quia
2572 3416 2628 3467 et
2655 3412 2933 3482 temporis
2965 3411 3217 3482 qualitas
3251 3418 3484 3483 propter
3514 3428 3640 3468 eam
3667 3429 3796 3484 qua":

2085 3499 2198 3554 sibi
2220 3500 2492 3556 imminet
2512 3501 2735 3556 cladem
2757 3500 2998 3572 impellit
3019 3506 3081 3555 ut
3104 3499 3388 3556 desideria
3409 3517 3608 3556 eorum
3635 3502 3796 3558 nulla

2081 3589 2327 3644 debeant
2374 3589 2654 3645 dilatione
2706 3589 2943 3644 differri.
2979 3591 3367 3660 Quoscunque
3419 3607 3551 3646 vero
3601 3608 3666 3646 ex
3707 3593 3792 3647 eis

2083 3694 2388 3748 pauperes,
2421 3684 2478 3735 et
2509 3680 2576 3733 ad
2611 3686 2831 3735 vestem
2884 3680 2995 3735 sibi
3047 3681 3350 3735 emendem
3382 3698 3494 3735 non
3528 3681 3790 3736 sufﬁcere

2082 3784 2254 3838 posse
2284 3785 2620 3841 cognosces,
2649 3775 2703 3824 te
2734 3771 2816 3825 eis
2850 3775 3091 3835 vestem,
3115 3787 3290 3841 quam
3324 3772 3390 3824 ad
3426 3770 3787 3842 baptismum

2081 3857 2354 3926 habeant,
2386 3875 2725 3931 comparare
2782 3858 3051 3914 volumus
3085 3877 3151 3914 ac
3182 3861 3455 3930 praebere,
3489 3861 3546 3913 in
3572 3860 3790 3931 quibus

2083 3949 2334 4019 pretium
2381 3951 2531 4019 quod
2565 3950 2795 4004 dederis
2826 3950 2944 4006 tuis
2977 3951 3204 4005 noveris
3237 3949 3559 4006 rationibus
3590 3951 3785 4020 impu-

2081 4040 2344 4092 tandum.
2362 4039 2420 4093 Si
2439 4056 2573 4094 vero
2595 4049 2864 4095 sanctum
2891 4040 3110 4095 Pascha
3131 4040 3410 4111 elegerint
3431 4046 3786 4112 exspectare,

2080 4127 2289 4182 iterum
2324 4146 2455 4184 cum
2487 4130 2757 4200 episCOpo
2792 4131 3023 4200 loquere
3057 4135 3119 4185 ut
3149 4132 3320 4185 modo
3354 4131 3589 4201 quidem
3625 4137 3786 4187 cate-

2079 4217 2352 4272 chumeni
2386 4219 2543 4287 ﬁant,
2579 4225 2755 4289 atque
2787 4220 2854 4274 ad
2899 4234 2995 4274 eos
3031 4220 3361 4290 frequenter
3391 4221 3644 4286 accedat,
3679 4237 3783 4290 ge-

2079 4312 2280 4378 ratque
2312 4309 2765 4365 sollicitudinem
2799 4318 2852 4365 et
2893 4309 3119 4365 animos
3150 4326 3347 4365 eorum
3381 4311 3783 4367 admonitione

2077 4413 2195 4451 suae
2227 4397 2648 4453 adhortationis
2671 4401 2952 4454 accendat
2976 4417 2989 4466 ;
3014 4399 3086 4469 (el,
3110 4403 3174 4454 ut
3191 4404 3406 4469 quanto
3430 4417 3555 4471 quae
3579 4415 3781 4472 exspe-

258 4487 491 4550 cuntur,
520 4485 794 4555 epistolas
821 4486 1218 4541 transmittere
1241 4486 1471 4553 debeas,
1496 4486 1580 4541 eis
1612 4501 1680 4541 ex
1713 4502 1802 4540 me
1828 4502 1956 4556 spe-
1997 4468 2038 4532 ῧ
2069 4492 2258 4541 ctatur
2309 4486 2612 4560 elongatur
2657 4488 2961 4555 festivitas,
3012 4468 3174 4544 tanto
3209 4468 3301 4543 ise
3350 4468 3699 4560 praeparare“
3723 4494 3781 4544 et

259 4573 483 4628 cialiter
513 4576 860 4644 promittens
886 4576 1038 4646 quod
1072 4578 1405 4646 quicunque
1437 4577 1506 4630 ad
1541 4592 1737 4630 verum
1764 4574 1958 4629 Domi-

257 4679 400 4718 num
433 4662 617 4718 Deum
651 4668 916 4719 nostrum
947 4664 1150 4719 Jesum
1182 4665 1476 4721 Christum
1510 4681 1577 4720 ex
1607 4665 1689 4720 eis
1718 4680 1959 4719 conver-

255 4771 357 4808 sus
411 4753 600 4820 fuerit,
636 4769 782 4809 onus
829 4754 1211 4824 possessionis
1259 4756 1385 4824 ejus
1438 4773 1502 4810 ex
1553 4755 1748 4826 aliqua
1796 4757 1957 4826 parte

254 4842 659 4899 imminuatur.
679 4843 840 4907 Quod
874 4843 952 4898 ita
983 4859 1213 4915 quoque
1237 4843 1358 4900 ﬁeri
1389 4844 1535 4914 volo,
1559 4849 1622 4898 ut
1652 4843 1698 4898 si
1731 4844 1864 4913 quis
1890 4859 1957 4900 ex

254 4933 337 4988 eis
368 4949 680 4990 conversus
721 4932 912 5002 fuerit,
947 4933 997 4989 si
1029 4933 1197 4989 solidi
1227 4935 1569 5004 pensionem
1613 4934 1804 5002 habet,
1839 4938 1955 4990 tre-

323 5141 401 5210 (a)
424 5140 549 5211 Big.
583 5147 639 5196 et
665 5147 913 5212 Gemet.,
936 5143 1150 5200 oblatae.

291 5211 394 5294 _(b)
427 5212 643 5271 Mabill.
675 5220 731 5270 et
760 5216 1064 5278 Gussanv.,
1096 5230 1320 5272 necnon
1354 5213 1453 5270 alii
1484 5214 1655 5285 Editi,
1689 5217 1947 5273 vetustis-

251 5298 408 5338 sima.

324 5354 392 5427 (cr),
424 5352 546 5427 Sig.
581 5359 639 5410 et
668 5357 957 5427 nonnulli,
986 5361 1192 5414 vestris.

321 5425 401 5500 (tt)
419 5425 700 5500 _Sole_mn_e
727 5427 834 5481 fuit
855 5425 1147 5497 quondam
1169 5431 1226 5485 in
1252 5429 1506 5485 Ecclesia
1530 5434 1592 5483 ut
1616 5429 1945 5500 baptismus

250 5495 376 5551 sola
406 5495 731 5572 ‘Paschatis,
767 5495 1265 5572 vel—Pentecostes
1314 5502 1510 5570 vigilia
1557 5495 1945 5572 frequentare-

249 5574 373 5643 tur:
398 5567 502 5643 Qui
530 5584 650 5643 mos
684 5584 794 5643 non
828 5569 1018 5643 solum
1049 5572 1117 5624 ad
1151 5572 1335 5626 Caroli
1372 5567 1441 5625 Μ.
1481 5567 1740 5643 tempora
1761 5573 1946 5641 viguit

248 5640 305 5692 in
340 5639 596 5714 Ecclesia
629 5640 854 5714 (iallic.,
890 5642 988 5714 sed
1024 5659 1207 5714 usque
1240 5643 1308 5695 ad
1344 5639 1625 5698 sreculurii
1658 5662 1706 5698 ιι
1742 5639 1949 5714 perdu-

250 5711 410 5766 ‘avit.
446 5710 583 5769 Nam
618 5715 672 5768 in
715 5713 884 5769 Conc.
921 5710 1186 5769 Rothom.
1233 5730 1367 5766 ann.
1412 5715 1570 5781 1072,
1614 5710 1762 5783 apud
1805 5715 1939 5770 0rd.

2069 4593 2197 4631 eam
2229 4577 2518 4633 desiderio
2551 4578 2787 4632 ferventi
2821 4579 3069 4633 debeant
3099 4579 3390 4634 sustinere
3422 4600 3449 4626 ››
3483 4579 3621 4650 (Lib.
3652 4596 3778 4661 VIII,

2067 4668 2225 4736 epist.
2256 4667 2371 4738 23.)
2405 4667 2547 4722 Item
2597 4670 2788 4736 Petro,
2819 4669 3088 4738 episcopo
3132 4668 3400 4736 Corsicae,
3434 4669 3587 4723 inter
3620 4669 3772 4724 alia:

2064 4778 2092 4805 ‹‹
2127 4757 2614 4824 Transmisimus,
2647 4756 2745 4823 ait,
2781 4757 3126 4812 fraternitati
3172 4761 3288 4812 tute
3343 4756 3776 4828 quinquaginta

2063 4847 2278 4902 solidos
2326 4847 2400 4902 ad
2449 4849 2795 4902 vestimenta
2842 4863 3040 4902 eorum
3090 4847 3188 4919 qui
3251 4848 3580 4918 baptizandi
3633 4851 3774 4901 sunt

2061 4937 2473 5008 comparanda.
2510 4959 2537 4987 »
2571 4937 2857 5007 (Lib.vm,
2889 4953 2972 5009 ep.
3009 4940 3074 5006 ι.)

2057 5144 2326 5211 Vitalem,
2364 5146 2400 5201 Ι.
2436 5162 2490 5200 ιν
2518 5145 2652 5200 hist.
2679 5145 2857 5212 Eccl.,
2885 5163 2939 5217 p.
2971 5147 3096 5214 529,
3121 5147 3397 5202 statuitur
3418 5163 3488 5203 ne
3507 5147 3772 5217 generale

2059 5217 2325 5287 baptisma
2380 5219 2492 5271 nisi
2540 5219 2774 5273 Subbato
2841 5220 3064 5288 pascha?
3132 5224 3183 5273 et
3250 5219 3585 5274 Pentecostes
3640 5219 3764 5286 ﬁat.

2057 5287 2300 5344 MABILL.
2334 5288 2514 5358 Cujus
2533 5287 2988 5345 observationem
3025 5290 3452 5360 longiusculam
3485 5289 3771 5345 exscribe-

2057 5375 2116 5413 re
2146 5361 2476 5433 exAintegro
2525 5377 2637 5433 non
2693 5366 2875 5433 vacat,
2930 5361 3035 5415 etsi
3077 5363 3312 5432 dignam
3364 5379 3489 5432 qua)
3536 5361 3768 5433 legatur

2056 5436 2194 5485 tota.
2229 5430 2525 5503 Videﬂuot.
2561 5432 2628 5485 ad
2664 5432 2832 5503 epist.
2867 5434 2936 5487 23
2966 5433 3066 5487 lib.
3099 5430 3223 5488 vfu.

2125 5503 2196 5572 (e)
2230 5503 2352 5568 Big.
2382 5509 2436 5555 et
2466 5502 2712 5569 Gemet.,
2748 5513 2807 5557 ut
2838 5510 3039 5575 quanto
3072 5507 3418 5574 exspectatur
3446 5503 3762 5575 elongatur-

2052 5589 2154 5644 que
2183 5575 2475 5642 festivitas.
2509 5576 2751 5644 Andeg.,
2786 5574 2854 5632 ut
2875 5582 3077 5646 quanto
3109 5591 3233 5646 quae
3273 5585 3580 5647 exspectata
3611 5574 3762 5630 elon-

2049 5649 2214 5715 gatur
2239 5647 2531 5715 festivitas.
