4114 6178
203 284 318 345 109

781 289 846 350 S.
898 287 1270 348 GREGOBII
1321 288 1549 350 PAPIE
1589 289 1796 360 Vl'l‘A,
1847 288 2074 352 AUCT.
2121 287 2428 349 JOANNE
2474 287 2840 349 DIACONO.
2891 289 3037 351 LIB.
3084 291 3162 351 II;

3622 291 3740 352 lit)

275 425 369 480 50.
404 423 802 481 Nihilominus
834 442 936 498 pro
966 424 1311 481 Arianorum
1347 423 1596 494 parvulis
1650 423 1778 479 fidei
1821 441 1916 479 ca-
1952 426 2001 491 Α
2034 431 2246 479 aeterna
2275 425 2389 479 vita
2422 425 2825 495 Redemptoris
2857 425 3040 482 nostri
3090 424 3277 498 gratia
3322 430 3738 497 compensante

205 511 437 578 (helices
460 514 783 580 sociandis,
829 514 1142 585 Gregorius
1175 512 1484 584 pastoralis
1517 529 1666 568 cura:
1707 513 1930 568 sollici-

201 603 474 658 tudinem
510 621 752 674 prorsus
785 603 1061 658 extendit.
1095 605 1461 675 Quapropter
1493 602 1774 657 universis
1799 604 1924 674 epi-

207 693 408 762 scopis
442 693 621 749 Italiae
671 694 952 760 scribens,
1004 693 1084 748 ait
1125 708 1194 746 ;‹‹
1254 691 1537 756 Quoniam
1572 691 1926 746 nefandissi-

205 797 340 837 mus
372 782 684 838 Aulharith
718 783 774 838 in
809 783 916 838 hac
948 799 1074 853 quae
1117 799 1303 854 nuper
1333 783 1406 854 (a)
1449 782 1674 852 expleta
1705 785 1792 838 est
1818 787 1922 836 Pa-

207 871 398 928 schali
430 872 742 928 festivitate
770 873 1278 943 Langobardorum
1308 872 1461 927 filios
1486 870 1546 926 in
1581 872 1691 926 fide
1723 871 1924 926 catho-

206 962 320 1017 lica
355 961 631 1033 baptizari
682 961 1002 1033 prohibuit,
1064 978 1166 1034 pro
1201 978 1317 1034 qua
1348 960 1522 1032 culpa
1568 977 1697 1016 eum
1731 960 1923 1014 divina

205 1052 478 1123 Maiestas
507 1052 800 1120 exstinxit,
850 1057 914 1108 ut
944 1052 1370 1108 solemnitatem
1399 1052 1477 1122 (ὁ)
1521 1051 1754 1107 Pascbae
1787 1050 1924 1105 alte-

207 1142 330 1197 rius
383 1158 498 1197 non
540 1143 780 1207 videret,
812 1146 1058 1197 vestram
1110 1141 1530 1197 fraternitatem
1582 1143 1746 1196 decet
1776 1157 1920 1195 cun-

203 1237 334 1286 ctos
367 1249 474 1303 per
503 1231 630 1287 loca
656 1239 844 1287 vestra
880 1232 1291 1302 Langobardos
1321 1231 1658 1297 admonere,
1691 1234 1756 1284 ut
1787 1229 1921 1298 quia

203 1321 429 1392 ubique
459 1322 652 1392 gravis
684 1321 1010 1376 mortalitas
1034 1319 1317 1386 imminet,
1350 1321 1585 1375 eosdem
1614 1319 1762 1375 filios
1788 1335 1920 1374 suos

200 1408 260 1463 in
285 1409 506 1464 Ariana
529 1408 736 1464 haeresi
761 1409 1076 1480 baptizatos
1107 1411 1178 1462 ad
1210 1408 1554 1464 catholicam
1587 1408 1759 1462 ﬁdem
1785 1424 1918 1462 con-

202 1499 427 1566 cilient,
473 1505 763 1571 quatenus
809 1499 957 1554 iram
999 1515 1176 1571 super
1219 1516 1316 1555 eos
1355 1499 1772 1571 omnipotentis
1817 1497 1917 1553 Dei

205 1589 465 1662 placent.
489 1613 515 1640 »
534 1593 674 1646 Item
691 1593 756 1661 (c)
776 1591 1067 1661 Praajecto,
1087 1591 1355 1662 episcopo
1373 1590 1675 1646 Narniensi
1703 1608 1716 1658 ς
1741 1613 1768 1640 ‹‹
1792 1588 1917 1644 Per-

203 1679 366 1735 venit
398 1681 470 1735 ad
512 1697 638 1746 nos,
671 1680 922 1751 peccatis
968 1680 1429 1748 imminentibus,
1461 1681 1520 1736 in
1552 1681 1782 1735 civitate
1824 1695 1920 1734 ve-

205 1781 326 1823 stra
351 1769 768 1824 mortalitatem
791 1769 1030 1825 omnino
1052 1771 1326 1841 grassari,
1349 1787 1476 1840 qua
1502 1785 1592 1825 res
1614 1786 1716 1825 nos
1744 1769 1919 1823 nimis

204 1857 455 1912 addixit.
509 1858 895 1921 Quamobrem
929 1858 1250 1914 salutantes
1299 1859 1710 1914 fraternitatem
1737 1862 1920 1924 tuam,

203 1947 640 2003 instantissime
689 1948 1007 2003 suademus
1057 1952 1120 2002 ut
1169 1965 1202 2003 a
1245 1949 1770 2020 Langobardorum,
1805 1947 1924 2003 sive

205 2038 632 2107 Romanorum,
659 2036 759 2108 qui
783 2038 839 2091 in
866 2037 1065 2093 eodem
1098 2038 1223 2092 loco
1256 2039 1493 2110 degunt,
1528 2039 1925 2093 admonitione

204 2126 370 2182 nulla
403 2127 628 2181 ratione
664 2126 924 2195 cessetis,
958 2131 1015 2182 et
1053 2127 1295 2182 maxime
1326 2145 1359 2182 a
1396 2127 1700 2198 gentilium
1738 2134 1793 2182 et
1817 2127 1926 2181 haz-

207 2216 557 2282 reticorum,
583 2220 648 2270 ut
678 2217 746 2269 ad
781 2232 976 2271 veram
1002 2221 1332 2287 rectamque
1365 2217 1535 2271 fidem
1579 2216 1921 2271 catholicam

205 2310 648 2361 convertantur.
669 2305 759 2360 Sic
779 2304 934 2360 enim
964 2305 1272 2360 autdivina
1287 2305 1685 2360 misericordia
1705 2321 1804 2375 pro
1818 2321 1925 2359 sua

203 2397 409 2451 forsan
431 2399 515 2451 eis
536 2394 929 2462 conversione,
955 2397 1090 2452 etin
1119 2397 1227 2452 hac
1249 2396 1362 2451 vita
1397 2397 1719 2465 subveniet,
1754 2402 1852 2451 aut
1874 2397 1923 2450 si

202 2502 305 2542 eos
320 2485 916 2556 migrarecontigerit,
945 2487 1138 2554 asuis,
1159 2487 1308 2557 quod
1325 2491 1379 2542 et
1398 2487 1580 2556 magis
1607 2489 1920 2558 optandum

199 2583 313 2640 est,
341 2579 654 2631 transeunt
684 2574 1037 2630 facinoribus
1077 2575 1347 2630 absoluti.
1383 2599 1410 2625 ››
1446 2577 1585 2647 (Lib.
1630 2593 1691 2645 It,
1731 2593 1813 2647 ep.
1845 2578 1898 2630 2.

274 2666 374 2720 51.
402 2665 589 2736 igitur
608 2665 1103 2735 prudentissimus
1121 2665 1532 2736 paterfamilias
1554 2665 1766 2721 Christi
1793 2666 1925 2720 Gre-

199 2756 408 2829 gorius
441 2755 693 2827 singulis
751 2755 1036 2810 diaconiis
1068 2754 1154 2810 vel
1195 2755 1568 2811 xenodochiis
1601 2757 1748 2811 viros
1785 2754 1922 2810 ido-

199 2861 351 2901 neos
379 2845 698 2915 deputavit,
735 2861 882 2915 quos
912 2845 1109 2910 etiam,
1160 2849 1224 2900 ut
1286 2846 1564 2913 securius,
1606 2846 1723 2901 imo
1756 2861 1923 2914 saga-

200 2936 335 2991 cius
363 2935 424 2989 in
461 2949 631 3004 opere
663 2934 895 3004 pietatis
917 2951 983 2989 ac
1006 2933 1420 2990 misericordia:
1445 2934 1796 3000 laborarent,
1822 2935 1925 2988 bu-

194 3023 474 3096 jusmodi
508 3022 823 3094 privilegiis
855 3024 1205 3078 muniendos
1227 3040 1351 3079 esse
1378 3025 1628 3079 decrevit
1662 3043 1673 3079 :
1711 3048 1737 3076 ‹‹
1771 3024 1924 3080 Licet

200 3133 303 3171 eos
338 3116 440 3186 qui
474 3113 569 3184 pia
600 3114 922 3169 intentione
970 3114 1378 3172 sollicitudinis
1408 3132 1602 3172 curam
1636 3117 1924 3177 debilibus

203 3224 273 3262 ac
324 3206 529 3278 egenis
578 3205 948 3277 impendunt,
1001 3206 1101 3260 64
1156 3223 1262 3261 sua
1307 3209 1454 3277 apud
1494 3224 1698 3264 omnes
1741 3210 1926 3265 valeat

205 3296 364 3352 tueri
398 3295 651 3356 devotio,
685 3293 898 3350 melius
928 3299 1124 3350 tamen
1155 3300 1242 3351 est
1287 3297 1332 3351 si
1369 3313 1469 3368 pro
1501 3298 1691 3368 quiete
1720 3316 1828 3354 sua
1859 3300 1928 3354 dc

203 3385 304 3440 his
340 3383 563 3440 fuerint
592 3384 804 3438 muniti
839 3401 964 3454 quae
996 3386 1300 3456 gesserint,
1334 3402 1404 3441 ne
1429 3387 1559 3442 inde
1591 3387 1673 3443 eis
1700 3387 1930 3460 inquie-

204 3474 444 3530 tudinis
475 3473 702 3528 occasio
743 3473 895 3528 unde
927 3473 1114 3545 magis
1174 3475 1451 3531 laudandi
1500 3482 1639 3532 sunt
1686 3477 1924 3533 oriatur.

206 3567 362 3632 Quia
384 3567 569 3636 igitur
585 3571 638 3619 te
652 3564 840 3619 virum
856 3566 932 3635 (d)
948 3565 1278 3636 religiosum
1291 3609 1304 3635 ,
1326 3567 1660 3624 intentionis
1677 3576 1784 3625 tuae
1804 3576 1929 3626 stu-

207 3656 311 3710 dio
343 3655 659 3726 provocati,
714 3654 931 3709 mensis
971 3671 1298 3726 pauperum
1350 3657 1688 3714 exhibendae
1729 3661 1932 3715 diaco—

209 3745 325 3799 nias
356 3743 649 3814 elegimus
681 3744 1157 3814 praeponendum,
1199 3761 1270 3801 ne
1301 3761 1414 3816 qua
1456 3748 1558 3802 tibi
1592 3763 1659 3802 ex
1689 3747 1796 3804 hac
1829 3766 1933 3804 na-

207 3839 425 3888 scatur
456 3831 967 3888 administratione
1015 3833 1304 3895 dubietas.
1339 3835 1446 3890 hac
1502 3841 1557 3891 te
1608 3837 1932 3894 munitione

211 3920 628 3995 prospeximus
686 3919 1070 3986 fulciendum,
1125 3924 1544 3981 constituentes
1603 3935 1664 3982 ut
1722 3927 1794 3982 de
1824 3927 1931 3984 hoc

212 4013 370 4084 quod
407 4011 478 4065 ad
503 4024 738 4065 mensas
753 4026 1072 4082 pauperum
1102 4012 1188 4066 vel
1223 4013 1930 4072 diaconiaeexhibitionem

211 4099 560 4174 percepisti,
585 4101 703 4154 sive
729 4101 976 4156 subinde
1019 4104 1345 4173 perceperis
1383 4107 1761 4177 erogandum,
1787 4105 1930 4161 nulli

210 4206 486 4263 unquam
513 4189 846 4259 hominum,
869 4191 1128 4262 quolibet
1148 4195 1318 4248 modo
1342 4211 1443 4250 seu
1476 4196 1734 4267 ingenio,
1765 4213 1930 4266 coga-

209 4283 293 4336 ris
328 4294 550 4352 ponere
581 4281 883 4350 rationem,
930 4280 1018 4336 vel
1049 4281 1308 4353 aliquam
1355 4283 1565 4340 debeas
1603 4285 1929 4342 molestiam

209 4370 539 4425 sustinere.
573 4370 684 4425 Sed
718 4369 854 4440 quia
885 4369 964 4425 ita
995 4370 1270 4428 humanis
1299 4376 1353 4428 te
1375 4375 1648 4430 omnibus
1672 4392 1799 4431 esse
1831 4392 1930 4431 vo-

209 4460 421 4514 lumus
445 4456 769 4513 rationibus
793 4456 1154 4525 absolutum,
1171 4469 1228 4514 ut
1253 4462 1362 4516 Deo
1383 4468 1576 4517 nostro
1600 4463 1668 4518 de
1685 4464 1776 4519 his
1800 4480 1924 4534 quae

2039 513 2303 584 recipias.
2341 536 2367 563 ››
2401 515 2538 583 (Lib.
2573 530 2649 580 x1,
2685 530 2767 584 ep.
2816 517 2930 586 27.)

2106 606 2196 661 5‘2.
2233 608 2358 660 Haec
2389 606 2624 675 quidem
2675 605 2982 678 Gregorius
3013 606 3164 662 intra
3220 606 3303 661 vel
3345 612 3503 663 extra
3535 609 3739 664 urbem

2034 697 2226 751 studio
2253 696 2476 767 pietatis
2499 697 2772 752 exercuit.
2806 699 3087 752 Czeterum
3117 698 3367 753 Probum
3397 699 3738 771 religiosum

2035 785 2303 840 abbatem
2322 801 2453 840 cum
2475 785 2670 840 multis
2690 785 3386 858 pecnniisJerosolymam
3401 788 3736 857 destinavit,

2032 877 2202 944 cujus
2227 875 2501 931 instantia
2520 875 3281 931 venerabilexenodocbium
3311 878 3634 946 constituit,
3659 884 3738 946 et,

2033 971 2141 1019 tam
2176 965 2251 1019 ibi
2287 981 2458 1034 quam
2493 966 2551 1019 in
2584 970 2779 1019 monte
2823 966 2964 1020 Sina
2994 982 3170 1036 penes
3201 967 3494 1034 Arabiam,
3532 968 3628 1022 Dei
3663 968 3742 1023 fa-

2032 1053 2207 1108 mulis
2230 1055 2338 1109 sub
2364 1055 2639 1122 regimine
2662 1053 2902 1108 Palladii
2921 1055 3272 1123 constitutis,
3304 1056 3632 1126 quotidiani
3655 1058 3740 1112 vi-

2030 1149 2157 1200 ctus
2190 1150 2245 1200 et
2288 1144 2610 1200 vestimenti
2648 1145 2873 1214 cepiam
2908 1145 3165 1214 quandiu
3198 1146 3382 1201 vivere
3415 1146 3603 1217 potuit
3633 1163 3740 1203 an-

2030 1234 2278 1290 nualiter
2312 1235 2539 1290 mittere
2571 1236 2920 1305 procuravit.

2098 1326 2187 1378 53.
2222 1323 2618 1378 Nihilominus
2652 1340 2750 1394 per
2773 1324 3027 1379 diversas
3052 1325 3375 1395 provincias
3405 1342 3508 1397 pro
3539 1330 3738 1384 custo-

2027 1413 2121 1467 dia
2151 1430 2325 1468 sacris
2359 1413 2674 1484 religionis,
2709 1414 2988 1483 rebusque
3012 1430 3329 1485 pauperum
3364 1419 3600 1472 strenue
3631 1434 3739 1490 gu-

2027 1503 2366 1567 bernandis,
2421 1502 2679 1558 Ecclesiae
2723 1519 2841 1557 suae
2893 1502 3042 1559 viros
3095 1503 3434 1572 industrios,
3486 1511 3740 1564 rectores

2028 1592 2514 1665 patrimoniorum
2548 1592 2765 1648 ascivit.
2799 1593 2864 1646 In
2912 1592 3128 1663 quibus
3160 1594 3512 1665 Cyprianum
3545 1597 3741 1652 diaco-

2029 1700 2171 1740 num
2197 1683 2533 1754 patrimonii
2579 1683 2781 1749 Siculi,
2805 1683 3214 1740 Pantaleonem
3238 1686 3533 1742 notarium
3562 1689 3740 1761 Syra-

1954 1797 2000 1860 B
2031 1773 2254 1843 cusani,
2288 1773 2596 1828 Fantinum
2631 1774 2990 1828 defensorem
3014 1775 3439 1846 Panormitani,
3471 1777 3740 1848 Sergium

2035 1864 2396 1918 defensorem
2446 1861 2818 1928 Calabritani,
2861 1867 3190 1919 Romanum
3222 1865 3512 1920 notarium
3543 1867 3742 1939 Apuli,

2036 1954 2392 2009 Benenatum
2425 1953 2786 2008 defensorem
2834 1953 3161 2023 Samnitici,
3196 1955 3568 2011 Anthemium
3601 1956 3743 2012 sub-

2035 2043 2344 2097 diaconum
2404 2041 2787 2112 Neapolitani,
2838 2041 3071 2096 Petrum
3114 2043 3540 2099 subdiaconum
3574 2045 3746 2101 Cam-

2035 2132 2191 2203 pani,
2218 2131 2547 2186 Candidum
2572 2132 2933 2186 defensorem
2967 2131 3161 2198 Tusci,
3186 2132 3462 2189 Urbicum
3483 2135 3746 2191 defenso-

2036 2238 2154 2277 rem
2189 2221 2413 2283 Sabini,
2467 2221 2738 2290 Optatum
2790 2220 3154 2275 defensorem
3198 2223 3454 2290 Nursini,
3501 2224 3743 2280 Benedi-

2036 2316 2130 2366 ctu
2143 2328 2195 2366 m
2208 2311 2278 2382 (Ι)
2295 2312 2518 2366 notariu
2531 2327 2583 2365 m
2604 2311 2966 2365 defensorem
2983 2311 3333 2382 Carseolani,
3357 2313 3599 2370 Felicem
3614 2332 3679 2370 su
3690 2316 3746 2371 b-

2035 2401 2345 2456 diaconum
2363 2401 2582 2471 Appiae,
2603 2399 2922 2454 Castorium
2939 2400 3353 2458 chartularium
3369 2403 3742 2474 Ravennatis,

2033 2491 2359 2545 Castorium
2394 2489 2686 2545 notarium
2719 2488 3023 2557 Histriani,
3055 2491 3378 2548 Antonium
3437 2495 3746 2550 subdiaco-

2037 2595 2175 2632 num
2222 2578 2594 2643 Dalmatiani,
2634 2578 2918 2633 Joannem
2961 2579 3252 2634 notarium
3302 2583 3379 2652 (g)
3425 2581 3743 2653 Illyricani,

2035 2667 2447 2738 Symmachum
2475 2665 2836 2720 defensorem
2871 2665 3170 2734 Sardiniae,
3233 2669 3595 2725 Bonifacium
3640 2687 3744 2726 no.

2035 2756 2253 2811 tarium
2298 2753 2612 2818 Corsicani,
2661 2752 3070 2810 Pantaleonem
3119 2757 3413 2812 notarium
3472 2757 3743 2830 Liguriae,

2036 2845 2452 2915 Hieronymum
2467 2843 2826 2898 defensorem
2847 2843 3077 2915 Alpium
3103 2845 3443 2915 Cottiarum,
3462 2847 3747 2904 Hilarium

2035 2934 2328 2988 notarium
2379 2932 2830 3000 Germaniciani,
2877 2938 2934 2988 et
2963 2934 3288 2990 Candidum
3341 2937 3748 3008 presbyterum

2033 3021 2336 3079 Gallicani.
2357 3024 2480 3076 Haec
2498 3027 2690 3076 autem
2715 3023 3210 3092 prudentissimus
3232 3025 3744 3098 PaterGregorius,

2038 3130 2154 3168 non
2197 3112 2382 3167 solum
2413 3111 2472 3165 in
2507 3111 2788 3180 Romana,
2822 3113 2918 3166 sed
2948 3115 3005 3166 et
3037 3130 3139 3184 per
3170 3114 3425 3171 diversas
3457 3117 3748 3174 Ecclesiae

2039 3201 2447 3273 perpetualiter
2466 3200 2826 3256 observanda
2840 3202 3132 3255 censebat.
3160 3204 3322 3258 Unde
3343 3204 3620 3260 Januario
3643 3207 3747 3261 Ca-

2038 3293 2286 3347 ralitano
2317 3290 2589 3360 episcopo
2623 3288 2773 3342 inter
2804 3293 3008 3344 caetera
3044 3291 3265 3358 scribit,
3299 3293 3500 3347 dicens
3533 3309 3546 3347 :
3581 3315 3608 3342 «
3645 3293 3755 3349 In-

2037 3383 2288 3438 dicatum
2323 3384 2408 3435 est
2439 3379 2605 3434 nobis
2637 3379 2813 3449 quod,
2847 3377 3010 3435 laicis
3041 3382 3390 3452 quibusdam
3423 3399 3624 3437 curam
3647 3399 3747 3438 ve-

2039 3471 2145 3526 stri
2178 3467 2508 3542 patrimonii
2543 3467 2994 3538 committentes,
3031 3473 3402 3540 postmodum
3435 3473 3529 3527 65
3567 3472 3624 3525 in
3659 3488 3751 3527 ru-

2039 3563 2318 3617 sticorum
2351 3563 2676 3614 vestrorum
2709 3558 3257 3628 depraedationibus,
3294 3566 3467 3633 atque
3509 3579 3610 3632 per
3642 3561 3749 3616 hoc

2040 3650 2569 3723 exfatigationibus,
2603 3649 2818 3703 fuerint
2849 3650 3214 3720 deprehensi,
3245 3653 3321 3723 (ἡ)
3339 3658 3393 3707 et
3409 3653 3752 3708 reddereres

2041 3759 2184 3813 quas
2214 3743 2548 3796 indecenter
2570 3738 2842 3805 retinent,
2877 3739 3106 3794 habitas
3135 3743 3303 3811 quasi
3338 3758 3452 3795 suae
3485 3741 3750 3812 ditionis,

2041 3831 2256 3903 quippe
2275 3833 2476 3885 vestrae
2499 3844 2615 3883 non
2639 3827 2926 3898 suppositi
2949 3830 3239 3884 curationi
3260 3835 3632 3900 postponunt,
3660 3846 3751 3885 vo-

2041 3922 2248 3992 bisque
2279 3918 2605 3990 despiciant
2633 3922 2868 3971 actuum
2901 3933 3142 3974 suorum
3177 3921 3411 3974 reddere
3444 3921 3748 3975 rationem.

2043 4010 2205 4078 Quod
2234 4010 2284 4065 si
2315 4011 2398 4064 ita
2420 4013 2523 4075 est,
2558 4006 2820 4061 districta
2849 4022 2881 4059 a
2911 4007 3070 4062 vobis
3102 4008 3311 4062 discuti
3350 4008 3642 4076 convenit,
3666 4012 3750 4063 at-

2044 4117 2156 4174 que
2187 4101 2338 4155 inter
2383 4114 2483 4153 eos
2532 4095 2914 4165 Ecclesiaaque
2961 4100 3159 4150 vestrae
3208 4097 3456 4153 rusticos
3513 4113 3749 4152 causam

2043 4189 2363 4247 examinari
2388 4187 2686 4254 subtilius,
2722 4189 2785 4240 ut
2806 4184 3094 4256 quidquid
3119 4187 3175 4240 in
3203 4186 3286 4241 eis
3329 4186 3502 4242 fuerit
3527 4185 3751 4242 fraudis

2043 4283 2344 4338 inventum
2379 4293 2511 4334 cum
2539 4293 2703 4347 poena
2735 4276 2958 4345 legibus
2990 4279 3202 4331 statuta
3235 4278 3473 4334 reddere
3495 4279 3754 4348 compel-

2046 4372 2253 4425 lantur.
2291 4370 2366 4423 De
2406 4371 2607 4422 caetero
2659 4381 2787 4420 vero
2829 4367 3149 4422 cavendum
3195 4385 3227 4423 a
3260 4368 3617 4425 fraternitate
3662 4384 3754 4424 ve-

2047 4465 2166 4516 stra
2197 4462 2306 4527 est,
2339 4474 2411 4512 ne
2456 4455 2834 4512 saecularibus
2865 4456 3024 4524 viris,
3060 4462 3230 4529 atque
3261 4476 3375 4515 non
3409 4459 3515 4515 sub
3551 4461 3755 4533 regula

209 4547 320 4603 tibi
354 4547 769 4602 commisimus
794 4548 1075 4604 rationem
1100 4553 1156 4605 te
1179 4551 1405 4606 noveris
1430 4552 1770 4623 positurum,
1801 4554 1932 4608 hor-
1966 4542 2010 4605 D
2044 4549 2111 4618 (i)
2133 4554 2334 4605 nostra
2355 4545 2724 4616 degentibus,
2750 4546 3062 4614 cujuslibet
3084 4564 3172 4603 res
3196 4549 3460 4605 Ecclesiae
3483 4551 3753 4605 commit-

207 4642 420 4692 tamur
457 4640 519 4692 ut
551 4636 683 4691 fidei
709 4636 765 4690 in
799 4641 854 4692 te
877 4637 1182 4693 sinceritas
1220 4639 1430 4710 vigeat,
1459 4641 1533 4696 sit
1556 4658 1722 4696 mens
1752 4643 1808 4697 in
1851 4659 1938 4698 re-

211 4729 328 4783 bus
342 4726 405 4781 in
419 4725 653 4794 tentior,
675 4742 810 4781 cura
833 4728 1190 4798 propensior,
1206 4728 1280 4801 (ε)
1296 4731 1491 4785 studiu
1505 4749 1556 4785 m
1573 4731 1933 4803 vigilantius,

217 4816 456 4872 devotio
517 4815 744 4884 clarior,
778 4815 1053 4872 exbibitio
1101 4818 1406 4886 efficacior,
1440 4826 1729 4890 quatenus
1771 4823 1934 4892 dum,

219 4907 427 4962 divino
453 4906 621 4976 jutus
652 4905 886 4975 auxilio,
910 4906 1017 4961 hoc
1035 4923 1180 4978 opus
1220 4909 1456 4964 solerter
1509 4910 1856 4981 impleveris,
1882 4917 1940 4968 et

214 4994 303 5049 illi
338 5010 448 5067 pro
481 4994 698 5065 quibus
729 4994 1182 5051 sollicitudinem
1215 4998 1362 5067 geris
1406 4999 1584 5054 studii
1619 5001 1703 5054 tui
1732 5002 1938 5058 solatio

217 5085 452 5139 utiliter
481 5083 875 5152 consolentur,
927 5088 984 5140 et
1034 5089 1100 5141 tu
1132 5087 1411 5142 mercedis
1473 5093 1583 5144 tuae
1629 5089 1848 5147 bonum
1879 5092 1936 5148 in

299 5270 380 5347 (a)
411 5267 582 5335 Corb,
617 5268 828 5340 Bigot.,
851 5269 1072 5347 Gemet.
1098 5273 1154 5326 et
1173 5271 1418 5347 Andeg.,
1439 5281 1688 5347 eaempta
1710 5295 1731 5340 ;
1763 5293 1938 5347 quam

221 5340 545 5398 lectionem
581 5346 934 5396 annotarunt
964 5342 1022 5397 in
1078 5358 1259 5412 marg.
1314 5340 1530 5400 Habill.
1581 5340 1940 5404 etGussanv.

228 5414 293 5470 In
332 5413 504 5481 Reg,
530 5412 739 5466 Exoria
767 5416 866 5467 est.

299 5483 498 5560 (b)_lta
529 5484 664 5538 Mss.
700 5483 899 5555 nostri,
930 5483 1040 5540 etsi
1068 5484 1280 5556 legitur
1311 5484 1368 5540 in
1400 5487 1660 5560 Excusis,
1712 5492 1942 5549 Pascha:

218 5557 488 5611 ulterius.

303 5630 374 5696 (c)
410 5627 555 5697 Reg.
581 5629 637 5678 et
671 5625 832 5696 Utic.,
869 5629 1133 5697 Projecto.

305 5695 381 5780 (it)
413 5703 479 5780 in
721 5714 897 5780 super
919 5695 1243 5780 religiosum
1273 5700 1486 5780 legitur
1511 5706 1796 5762 Joannem.

306 5772 382 5845 (c)
413 5769 476 5826 In
508 5768 658 5826 Utic.
683 5768 912 5828 additur
931 5771 1179 5828 voluntas
1205 5768 1527 5844 prorfiptior.

2046 4643 2265 4704 tantur,
2299 4636 2398 4692 sed
2425 4634 2681 4707 probatis
2707 4635 2777 4688 de
2811 4640 3000 4692 vestro
3032 4637 3222 4693 officio
3254 4638 3478 4694 clericis
3509 4659 3522 4707 ;
3549 4640 3606 4694 in
3632 4640 3756 4709 qui-

2048 4729 2158 4784 bus
2190 4729 2235 4783 si
2266 4727 2405 4799 quid
2441 4723 2676 4796 reperiri
2710 4726 2918 4795 poterit
2953 4727 3273 4797 pravitatis,
3308 4737 3369 4784 ut
3412 4729 3469 4783 in
3504 4727 3753 4783 subditis

2047 4819 2355 4874 emendare
2387 4815 2541 4887 quod
2567 4813 2768 4869 illicite
2798 4820 3024 4886 gestum
3053 4818 3224 4874 fuerit
3244 4816 3493 4886 Valeatis,
3513 4816 3573 4886 (ί)
3606 4832 3753 4886 quos

2045 4906 2318 4963 videlicet
2356 4907 2509 4978 apud
2534 4921 2633 4962 vos
2669 4902 2900 4961 habitus
2933 4907 3023 4962 sui
3053 4907 3313 4962 officium
3349 4905 3531 4975 magis
3554 4921 3756 4960 conve-

2048 4998 2171 5053 niat
2202 5013 2369 5066 quam
2401 5002 2654 5054 excuset.
2697 5020 2724 5048 »
2758 4998 2899 5069 (Lib.
2933 5014 2988 5067 x,
3017 5014 3100 5068 ep.
3124 4996 3237 5065 65.)

2117 5089 2206 5142 54.
2240 5087 2480 5158 Singula
2513 5087 2886 5143 ecclesiastici
2909 5087 3063 5157 juris
3102 5084 3312 5152 ofﬁcia,
3346 5082 3599 5155 singulis
3622 5084 3759 5155 qui—

2121 5278 2190 5347 (f)
2213 5278 2390 5333 Abest
2419 5279 2697 5333 notarium
2730 5294 2762 5332 a
2791 5277 2987 5330 Norm.
3021 5282 3072 5330 et
3104 5275 3325 5347 Turon.

2121 5351 2191 5418 (g)
2223 5348 2397 5412 Utic.,
2453 5351 2716 5405 Joannem
2759 5347 3046 5402 notarium
3105 5346 3500 5404 Corsicani.....
3539 5349 3760 5420 Boni/a-

2049 5424 2318 5476 cium.....
2355 5420 2686 5491 Illyriciani.

2119 5492 2200 5562 (Ii)
2233 5496 2369 5546 Post
2398 5490 2726 5561 deprehensi
2757 5491 2814 5544 in
2850 5490 3001 5562 plur.
3033 5491 3174 5548 Mss.
3201 5490 3760 5562 immediatelegitur

2051 5564 2195 5633 quod
2225 5564 2278 5616 si
2307 5562 2386 5617 ita
2416 5568 2510 5618 est.

2121 5633 2187 5702 (i)
2223 5634 2419 5688 Norm.
2457 5656 2471 5700 ;
2515 5642 2709 5689 vestra.

2121 5707 2186 5777 (ἱ)
2221 5706 2419 5772 Vatic.,
2481 5706 2667 5763 Mabll.
2717 5710 2771 5761 et
2811 5709 3121 5775 Gussanv.,

3197 5724 3329 5763 uo...
3391 5705 3563 5777 magis
3610 5720 3767 5777 com-

2053 5777 2284 5836 mendet.
2316 5779 2588 5837 Cedimus
2637 5779 2776 5837 Mle.
2810 5783 2867 5835 et
2893 5779 3137 5836 aliorum

3217 5779 3323 5835 dit.
3371 5774 3758 5835 multitudini.
