4088 6172
327 260 441 325 111

896 254 963 316 S.
1011 250 1380 316 GREGORII
1426 246 1655 310 ΡΑΡῶ
1699 246 1909 318 VITA,
1955 244 2180 306 AUGT.
2228 244 2526 307 JOANNE
2574 247 2947 312 DIACONO.
2998 252 3147 313 LIB.
3196 254 3276 317 II.

3738 261 3851 325 112

323 403 549 475 busque
577 396 844 473 personis
866 392 1206 466 singillatim
1230 386 1515 445 committi
1539 385 1744 441 debere
1768 383 2026 475 iubebat,
2060 387 2110 451 Α
2143 381 2693 475 deantguibusque
2708 388 3131 445 nonmodicum
3146 391 3535 464 condolenles,
3553 395 3847 453 decessori

321 473 592 549 asserens
640 488 780 561 quia
826 485 979 541 sicut
1025 484 1083 538 in
1120 496 1233 535 uno
1264 492 1505 549 corpore
1539 475 1717 529 multa
1767 473 2029 528 membra

320 583 625 647 habemus,
658 576 853 633 omnia
877 578 1072 629 autem
1107 569 1365 625 membra
1392 583 1504 621 non
1538 564 1811 619 eumdem
1832 567 2025 617 actum

320 671 730 743 habent(Rom.
764 665 885 737 xu),
918 664 997 718 ita
1027 662 1085 715 in
1112 657 1379 716 Ecclesia
1414 670 1673 726 corpore,
1707 654 2027 743 secundum

320 741 633 818 veridicum
653 756 814 813 Pauli
838 753 1208 816 sententiam,
1234 749 1293 802 in
1315 764 1428 801 uno
1452 746 1771 815 eodemque
1792 741 2025 814 spiritu,

316 850 412 905 alii
443 847 859 905 conferendum
883 847 970 899 est
988 842 1099 896 hoc
1121 838 1401 901 ofﬁcium,
1428 834 1524 889 alii
1545 832 2024 888 committendum

317 945 404 995 est
424 938 573 994 istud
604 953 617 1003 ;
644 950 831 1006 neque
864 932 982 997 uni,
1015 926 1441 1001 quantumlibet
1476 922 1795 979 exercitata
1822 937 2026 991 perso-

316 1046 426 1098 na,
460 1044 574 1083 uno
596 1031 861 1097 tempore
890 1023 1135 1077 duarum
1162 1034 1353 1072 rerum
1389 1014 1581 1070 ofﬁcia
1604 1011 2024 1067 committenda

316 1125 471 1182 sunt,
505 1116 640 1187 quia
662 1114 708 1169 si
738 1116 921 1167 totum
947 1124 1154 1179 corpus
1182 1105 1409 1173 oculus,
1439 1102 1534 1157 ubi
1559 1100 1793 1156 auditus
1814 1098 1842 1153 εἰ
1864 1099 2029 1178 Sicut

315 1205 470 1263 enim
498 1203 746 1260 varietas
789 1200 1186 1256 membrorum
1222 1212 1320 1265 per
1350 1193 1577 1247 diversa
1606 1188 1797 1245 ofﬁcia
1832 1192 1888 1243 et
1928 1204 2023 1243 ro-

317 1296 423 1351 bur
453 1292 708 1364 corporis
737 1293 947 1357 servat,
992 1291 1048 1342 ct
1087 1282 1578 1357 pulchritudinem
1628 1280 2023 1349 repraesentat,

316 1385 397 1440 ita
426 1383 671 1441 varietas
700 1393 1075 1454 personarum
1096 1391 1194 1447 per
1224 1372 1447 1428 diversa
1478 1369 1863 1426 nihilominus
1891 1366 2023 1421 ofﬁ-

315 1476 405 1531 cia
435 1472 768 1538 distributa,
800 1472 858 1524 et
888 1465 1315 1531 fortitudinem,
1336 1467 1393 1517 et
1412 1463 1773 1516 venustatem
1806 1460 2024 1512 sancta

312 1562 414 1619 Dei
436 1561 699 1618 Ecclesia
724 1558 1083 1615 manifestat.
1118 1559 1179 1609 Et
1210 1552 1360 1608 sicut
1389 1550 1729 1605 indecorum
1756 1552 1845 1602 est
1876 1545 2020 1600 utin

314 1668 553 1724 corpore
597 1650 854 1705 humano
897 1646 1142 1702 alterum
1176 1641 1505 1698 membrum
1540 1637 1779 1694 alterius
1820 1637 2021 1707 funga-

2139 475 2333 526 vestro
2365 471 2581 528 litteras
2614 475 2904 545 misimus,
2939 484 2998 533 ut
3036 479 3145 535 hoc
3176 484 3489 541 emendare
3520 502 3623 556 per
3654 488 3854 545 omnia

2140 560 2455 616 debuisset.
2488 565 2598 619 Sed
2644 566 2923 636 quoniam
2954 570 3085 624 vita
3116 576 3204 625 est
3250 574 3502 630 termino
3551 576 3718 632 citius
3748 594 3848 633 oc-

2140 655 2407 720 cupatus,
2448 669 2519 707 ne
2568 654 2675 708 hoc
2706 672 2852 711 onus
2902 660 3273 716 monasteriis
3323 670 3671 732 remaneret,
3722 668 3848 723 fra-

2142 740 2397 794 ternitati
2445 747 2646 798 vestra
2695 746 2896 801 eadem
2930 764 3035 804 nos
3062 750 3367 821 scripsisse
3398 754 3732 812 recolimus.
3778 758 3848 813 Et

2138 829 2298 899 quia,
2333 834 2395 884 ut
2425 834 2839 904 comperimus,
2900 836 2958 891 in
2984 837 3159 909 hujus
3217 842 3297 897 rei
3329 841 3612 901 hactenus
3652 862 3849 902 corre-

2137 919 2325 974 ctione
2356 925 2646 977 cessatum
2680 930 2786 992 est,
2819 925 2939 982 hac
2966 928 3037 983 ad
3081 945 3182 985 vos
3212 930 3426 988 iterum
3470 934 3845 1006 pravidimus

2136 1010 2351 1079 scripta
2381 1011 2652 1083 dirigere.
2677 1013 2991 1071 Hortamur
3014 1034 3146 1089 ergo
3168 1024 3250 1088 ut,
3278 1023 3438 1077 omni
3460 1040 3617 1079 mora
3648 1025 3843 1080 omni-

2136 1114 2249 1168 que
2296 1104 2668 1158 excusatione
2730 1107 3023 1175 submota,
3073 1109 3153 1165 ila
3203 1113 3556 1169 monasteria
3606 1116 3734 1186 ipsa
3773 1117 3847 1170 ab

2134 1190 2417 1258 ejusmodi
2441 1192 2720 1248 studealis
2742 1199 3078 1266 gravamine
3106 1199 3373 1267 relevare,
3400 1207 3687 1271 quatenus
3716 1204 3847 1260 nul-

2132 1276 2249 1332 lam
2283 1278 2559 1351 deinceps
2588 1281 2645 1335 in
2679 1284 2763 1338 eis
2793 1284 3006 1349 clerici,
3038 1286 3126 1342 vel
3170 1288 3226 1342 hi
3262 1290 3363 1360 qui
3394 1289 3453 1345 in
3505 1307 3669 1348 sacro
3702 1298 3847 1349 sunt

2133 1367 2334 1421 ordine
2366 1369 2685 1440 constituti,
2728 1372 2801 1427 ob
2833 1374 2993 1429 aliud
3016 1374 3286 1445 habeant,
3325 1379 3436 1434 nisi
3467 1381 3673 1437 orandi
3704 1386 3840 1438 tan-

2132 1458 2431 1512 tummodo
2463 1474 2661 1527 causa,
2694 1462 3006 1518 accedendi
3038 1464 3352 1535 licentiam,
3384 1473 3485 1525 aut
3508 1469 3555 1525 si
3589 1470 3735 1526 forte
3766 1472 3839 1527 ad

2135 1546 2460 1616 peragenda
2490 1563 2653 1603 sacra
2686 1550 3002 1607 missarum
3038 1554 3253 1610 fuerint
3280 1557 3506 1612 invitati
3543 1560 3838 1631 mysteria.

2133 1635 2243 1690 Sed
2279 1652 2370 1703 ne,
2405 1637 2490 1693 vel
2524 1656 2623 1709 pro
2656 1640 2967 1710 cujuslibet
3003 1646 3269 1700 monachi
3314 1650 3412 1702 aut
3442 1649 3671 1704 abbatis
3703 1667 3839 1722 pro-

311 1747 409 1798 tur
440 1741 649 1807 ofﬁcio,
684 1740 765 1794 ita
811 1738 1089 1793 nimirum
1138 1732 1377 1789 noxium
1420 1728 1712 1799 simulque
1750 1724 2018 1796 turpissi-
2048 1747 2097 1813 Β
2130 1727 2790 1802 motioneonusaliquod
2824 1732 3069 1789 fortasse
3099 1736 3445 1807 sustineant,
3472 1740 3833 1796 studendum

312 1848 498 1898 mum,
532 1830 579 1886 si
612 1826 847 1900 singula
875 1840 1071 1882 rerum
1120 1820 1446 1877 ministeria
1475 1817 1742 1890 personis
1774 1815 2017 1871 totidem

313 1939 429 1978 non
463 1920 671 1976 fuerint
695 1916 1028 1974 distributa.
1053 1913 1199 1969 Hinc
1226 1915 1318 1966 est
1338 1908 1493 1981 quod
1514 1907 1868 1979 quibusdam
1886 1921 2019 1961 am-

311 2010 561 2077 bitiosis,
585 2008 737 2064 sicut
758 2007 816 2062 in
840 2003 1202 2069 suislitteris,
1228 2017 1371 2073 quas
1384 2015 1485 2071 ego
1511 1997 1704 2053 studio
1720 1995 2018 2051 brevitatis

312 2101 505 2168 omisi,
532 2100 740 2172 poterit
762 2096 1035 2162 inveniri,
1059 2090 1477 2149 moderationis
1499 2088 1662 2143 frena
1684 2088 2019 2157 frequenter

308 2190 615 2261 imposuit.
648 2187 812 2243 Unde
842 2183 1153 2241 Anthemio
1176 2181 1537 2238 subdiacono
1570 2193 1673 2250 pro
1704 2174 2019 2232 Paschasio

310 2281 607 2352 episcopo,
638 2278 737 2350 qui
772 2293 874 2349 per
902 2274 1274 2345 semetipsum
1306 2270 1541 2325 sibimet
1574 2267 1759 2339 major
1789 2267 2018 2331 domus,

311 2374 369 2427 et
397 2368 798 2425 vicedominus
846 2364 1243 2438 permanebat,
1292 2361 1446 2415 inter
1474 2362 1678 2413 catera
1727 2356 2020 2428 pracepit,

311 2458 512 2514 dicen
546 2474 559 2512 :
599 2476 625 2507 σι
652 2455 941 2511 Volumus
985 2457 1180 2507 autem
1232 2454 1293 2505 ut
1334 2451 1508 2503 frater
1546 2451 1741 2501 noster
1774 2445 2019 2499 Pascha-

312 2549 437 2606 sius
478 2554 535 2604 et
572 2544 1005 2603 vicedominum
1051 2543 1159 2598 sibi
1210 2540 1459 2607 ordinet,
1509 2542 1565 2593 et
1605 2537 1885 2606 majorem
1919 2536 2020 2591 do-

310 2656 464 2708 mus,
508 2641 799 2710 quatenus
839 2633 1045 2707 possit,
1095 2631 1179 2687 vel
1233 2627 1559 2700 hospitibus
1610 2625 2023 2698 supervenien-

307 2729 462 2784 tibus
490 2725 574 2783 vel
617 2724 829 2793 causis,
870 2739 997 2794 qua
1046 2718 1340 2783 eveniunt,
1388 2716 1634 2771 idoneus
1693 2719 1749 2769 et
1780 2718 2022 2783 paratus

310 2819 574 2873 existere.
616 2815 676 2869 Si
712 2830 839 2869 vero
875 2812 960 2868 vel
998 2810 1390 2880 negligentem
1425 2821 1559 2859 eum
1594 2805 1900 2875 prospicis,
1935 2803 2021 2858 vel

311 2924 379 2964 ea
415 2922 542 2977 qua
588 2904 838 2958 dicimus
873 2900 1118 2972 implere
1175 2897 1557 2963 ditferentem,
1599 2894 1791 2948 omnis
1833 2894 2021 2949 clerus

313 2996 441 3067 ejus
462 2991 729 3049 adhiberi
760 2992 947 3055 debet,
982 2993 1045 3043 ut
1069 2985 1362 3042 communi
1396 2983 1640 3039 consilio
1672 2983 1781 3053 ipsi
1807 2983 2024 3053 eligant

311 3098 558 3158 quorum
593 3097 850 3155 persona
889 3078 963 3134 ad
984 3096 1050 3134 ea
1081 3093 1207 3149 qua
1249 3073 1627 3148 praediximus
1660 3072 1889 3127 valeant
1926 3090 2019 3129 or-

313 3173 525 3230 dinari.
560 3193 589 3222 »
620 3170 763 3236 (Lib.
795 3186 872 3236 χι,
905 3184 988 3240 cp.
1038 3168 1156 3237 71.)
1202 3166 1345 3220 Item
1396 3162 1828 3219 Ravennatibus
1860 3163 2020 3217 cleri-

313 3265 419 3329 cis,
450 3264 521 3317 ad
549 3260 1025 3317 monasteriorum
1059 3256 1341 3329 regimina
1371 3255 1701 3325 importune
1724 3254 2015 3310 tendenti-

309 3354 442 3418 bus,
491 3351 725 3416 restitit,
775 3348 986 3404 Joanni
1031 3344 1347 3401 Ravennati
1387 3344 1661 3415 episcopo
1712 3343 2013 3399 scribens:

308 3464 337 3492 «
363 3440 624 3496 Pervenit
647 3441 715 3495 ad
742 3456 832 3495 me
853 3438 1007 3510 quod
1037 3436 1185 3508 (a)in
1210 3434 1477 3490 Ecclesiis
1500 3433 1879 3488 fraternitatis
1902 3438 2012 3488 tua

306 3532 503 3603 aliqua
534 3530 658 3586 loca
687 3530 911 3585 dudum
946 3525 1313 3582 monasteriis
1344 3528 1684 3580 consecrata
1716 3540 1871 3578 nunc
1902 3524 2011 3579 ha-

306 3619 562 3675 bitacula
601 3618 965 3683 clericorum,
998 3619 1098 3670 aut
1136 3613 1311 3669 etiam
1348 3613 1620 3668 laicorum
1666 3612 1819 3666 facta
1849 3617 2008 3679 sunt,

306 3710 564 3778 dumque
590 3707 649 3761 hi
682 3708 783 3778 qui
825 3710 965 3761 sunt
994 3706 1051 3759 in
1086 3702 1352 3759 Ecclesiis
1388 3702 1619 3773 fingunt
1650 3718 1708 3757 se
1741 3700 2008 3773 religiose

302 3799 514 3866 vivere,
549 3796 921 3853 monasteriis
962 3793 1219 3867 praponi
1259 3797 1555 3864 appetunt,
1589 3797 1646 3847 et
1679 3809 1777 3861 per
1805 3808 2003 3848 eorum

301 3888 477 3943 vitam
513 3887 869 3943 monasteria
898 3886 1300 3940 destruantur.
1332 3885 1511 3938 Nemo
1544 3882 1757 3937 etenim
1795 3887 2003 3954 potest,

298 3960 356 4033 et
385 3976 792 4033 ecclesiasticis
824 3974 1122 4045 obsequiis
1158 3972 1468 4041 deservire,
1501 3972 1601 4027 66
1634 3975 1691 4026 et
1720 3971 1778 4026 in
1811 3988 2007 4027 mona-

296 4067 462 4122 chica
492 4064 692 4138 regula
719 4063 979 4121 ordinate
1012 4063 1329 4135 persistere,
1350 4067 1411 4117 ut
1442 4062 1565 4131 ipse
1583 4060 2003 4117 districtionem

298 4156 636 4211 monasterii
664 4157 857 4209 teneat
881 4152 975 4223 qui
1008 4151 1343 4223 quotidiein
1371 4150 1696 4204 ministerio
1726 4150 2005 4205 ecclesia-

295 4245 440 4300 stico
471 4244 698 4313 cogitur
727 4256 1085 4313 permanere.
1118 4240 1364 4296 Proinde
1404 4239 1736 4294 fraternitas
1775 4243 1874 4293 tua
1896 4240 2003 4294 hoc

293 4329 549 4403 quolibet
576 4330 637 4385 in
666 4329 792 4385 loco
825 4330 1037 4383 factum
1068 4336 1174 4395 est,
1226 4328 1535 4383 emendare
1577 4328 1830 4395 festinet,
1864 4329 2002 4400 quia

291 4436 397 4492 ego
426 4419 583 4475 nullo
618 4420 788 4475 modo
838 4418 1025 4491 patior
1056 4425 1121 4475 ut
1151 4419 1277 4474 loca
1307 4435 1473 4475 sacra
1516 4435 1615 4490 per
1654 4417 1997 4474 clericorum

2127 1816 2296 1871 nobis
2343 1821 2429 1872 est
2475 1817 2521 1872 si
2582 1818 2871 1891 quispiam
2924 1822 3200 1880 abbatum
3248 1831 3349 1881 aut
3408 1828 3832 1886 monachorum

2121 1921 2189 1960 ex
2220 1922 2568 1978 quocunque
2600 1911 2955 1966 monasterio
2983 1912 3062 1983 (b)
3105 1914 3174 1969 ad
3217 1914 3528 1973 clericatus
3573 1918 3833 1974 ofﬁcium

2121 1996 2210 2050 vel
2239 1996 2500 2053 ordinem
2525 2014 2756 2054 sacrum
2790 2004 3120 2071 accesserit,
3154 2021 3267 2061 non
3302 2006 3421 2061 illic
3452 2008 3707 2079 aliquam
3735 2009 3843 2065 ha-

2120 2084 2273 2154 beat,
2309 2091 2372 2141 ut
2397 2087 2671 2156 diximus,
2702 2089 2944 2147 ulterius
2975 2097 3338 2164 potestatem,
3360 2112 3430 2152 ne
3453 2099 3833 2167 monasteria,

2126 2174 2301 2245 hujus
2323 2177 2646 2234 occasionis
2677 2178 2979 2249 velamine,
3015 2198 3081 2237 ea
3112 2200 3235 2255 qua
3256 2185 3633 2256 prohibemus
3664 2188 3842 2243 susti-

2125 2284 2259 2324 nere
2291 2284 2466 2324 onera
2497 2268 2940 2340 compellantur.
2968 2273 3094 2329 Bac
3124 2273 3317 2346 itaque
3343 2277 3539 2332 omnia
3570 2278 3838 2350 vigilanti

2125 2372 2266 2413 cura
2309 2358 2618 2414 emendare
2662 2360 2785 2431 jam
2836 2363 3093 2418 secundo
3150 2365 3508 2420 commonita
3559 2368 3839 2422 sanctitas

2126 2452 2319 2502 vestra
2349 2463 2462 2501 non
2495 2448 2741 2515 differat,
2790 2465 2859 2505 ne
2911 2451 2959 2506 si
3008 2460 3136 2522 post
3168 2454 3277 2509 hoc
3331 2453 3691 2527 negligentes
3734 2474 3837 2513 vos

2126 2552 2269 2600 esse,
2303 2540 2452 2609 quod
2499 2555 2613 2593 non
2644 2541 2953 2609 credimus,
3006 2544 3383 2613 senserimus,
3426 2545 3591 2602 aliter
3632 2564 3838 2603 mona-

2126 2628 2440 2682 steriorum
2457 2628 2635 2699 quieti
2659 2631 2985 2701 prospicere
3006 2633 3447 2705 compellamur.
3470 2636 3610 2691 Nam
3630 2642 3833 2692 notum

2126 2715 2290 2770 vobis
2319 2716 2390 2770 sit
2421 2718 2561 2788 quia
2582 2723 2753 2773 tanta
2778 2720 3109 2775 necessitati
3136 2738 3430 2778 servorum
3464 2724 3564 2779 Dei
3596 2741 3836 2797 congre-

2128 2804 2420 2876 gationem
2443 2806 2695 2877 amplius
2716 2810 3015 2879 subiacere
3039 2826 3152 2865 non
3185 2812 3457 2882 patimur.
3496 2834 3523 2860 η
3554 2813 3698 2885 (Lib.
3731 2832 3837 2887 vn,

2126 2910 2218 2962 ep.
2262 2894 2371 2964 43.)
2400 2896 2541 2949 Item
2592 2897 2941 2953 Maximiano
2992 2898 3262 2970 episcopo
3298 2900 3658 2970 Syracusano
3701 2907 3836 2975 post

2128 2982 2323 3053 aliqua
2356 3002 2367 3033 :
2406 3005 2432 3031 α
2480 2984 2874 3056 Presbyteros,
2908 2987 3205 3054 diaconos,
3248 2994 3603 3062 caterosque
3633 2991 3835 3062 cujus-

2128 3072 2272 3127 libet
2314 3073 2533 3128 ordinis
2564 3073 2819 3143 clericos,
2854 3075 2951 3146 qui
2999 3077 3057 3131 in
3092 3078 3361 3134 Ecclesiis
3392 3096 3619 3151 quoquo
3658 3083 3833 3139 modo

2133 3164 2404 3234 militant,
2429 3166 2667 3220 abbates
2694 3166 2814 3222 ﬁeri
2846 3184 2946 3238 per
2973 3169 3325 3224 monasteria
3348 3186 3460 3225 non
3487 3171 3788 3242 permittas
3816 3190 3829 3237 ;

2123 3254 2223 3309 scd
2249 3256 2576 3310 automissa
2595 3255 2899 3312 clericatus
2935 3258 3166 3322 militia,
3199 3260 3557 3315 monachicis
3596 3279 3831 3333 promo-

2123 3346 2365 3398 veantur
2393 3344 2697 3400 ordinibus
2730 3365 2744 3414 ;
2780 3350 2881 3400 aut
2911 3348 2957 3400 si
2980 3347 3038 3401 in
3074 3347 3299 3402 abbatis
3331 3348 3453 3404 loco
3487 3366 3830 3420 permanere

2121 3432 2498 3504 decreverint,
2530 3433 2841 3490 clericatus
2893 3436 3227 3491 nullatenus
3280 3438 3691 3509 permittantur
3720 3441 3820 3494 ha-

2121 3521 2253 3576 bere
2284 3522 2571 3577 militiam.
2604 3522 2753 3579 Satis
2802 3525 2958 3579 enim
3009 3526 3400 3597 incongruum
3459 3531 3547 3583 est
3596 3528 3643 3583 si
3689 3545 3827 3584 cum

2121 3627 2303 3665 unum
2328 3628 2398 3667 cx
2421 3612 2508 3667 his
2530 3629 2630 3684 pro
2656 3615 2748 3669 sui
2781 3614 3183 3685 magnitudine
3205 3614 3511 3686 diligenter
3541 3618 3673 3688 quis
3706 3636 3825 3675 non

2119 3701 2305 3772 possit
2334 3701 2584 3773 explere,
2620 3704 2688 3757 ad
2734 3711 3045 3775 utrumque
3087 3704 3386 3775 judicctur
3415 3705 3680 3775 idoneus,
3713 3709 3829 3764 sic-

2118 3807 2229 3862 que
2260 3791 2505 3846 invicem
2540 3797 2596 3847 et
2634 3792 3064 3848 ecclesiasticus
3104 3794 3243 3850 ordo
3284 3794 3413 3848 vita
3446 3796 3824 3867 monachica,

2115 3882 2595 3937 etecclesiasticis
2612 3882 2960 3937 utilitatibus
2983 3885 3051 3954 (ε)
3076 3884 3275 3956 regula
3300 3884 3678 3942 monachatus
3717 3888 3827 3943 im-

2113 3972 2395 4042 pediatur.
2426 3995 2453 4021 ››
2487 3973 2624 4039 (Lib.
2659 3990 2732 4037 1v,
2764 3989 2846 4042 ep.
2887 3975 2999 4042 11.)

2181 4063 2270 4116 55.
2305 4060 2556 4124 Qualiter
2584 4079 2720 4117 sane
2738 4062 3052 4134 Gregorius
3076 4079 3173 4134 per
3195 4068 3600 4136 procuratores
3626 4063 3822 4120 eccle-

2111 4150 2477 4206 siasticorum
2515 4152 3015 4221 patrimoniorum,
3048 4152 3204 4207 velut
3228 4159 3416 4223 Argus
3448 4155 3683 4227 quidam
3730 4155 3821 4209 lu-

2113 4242 2573 4311 minosissimus,
2609 4260 2708 4314 per
2731 4244 2905 4298 totius
2931 4245 3133 4298 mundi
3170 4243 3534 4300 latitudinem
3566 4262 3682 4301 sua
3712 4263 3821 4317 pa-

2108 4333 2337 4389 storalis
2368 4333 2779 4389 sollicitudinis
2812 4334 3011 4389 oculos
3034 4333 3479 4403 circumtulerit,
3504 4352 3617 4390 non
3653 4336 3724 4391 ab
3758 4353 3824 4393 re

2111 4424 2351 4478 forsitan
2384 4425 2646 4480 duxerim
2697 4425 3228 4496 perstringendum.
3261 4424 3356 4479 Ait
3394 4425 3549 4480 enim
3592 4425 3647 4481 in
3683 4425 3819 4498 cpi-

289 4508 577 4566 ambitum
607 4510 1001 4565 destruantur.
1054 4532 1080 4558 ››
1133 4510 1273 4581 (Lib.
1324 4526 1380 4577 v,
1410 4527 1495 4581 ep.
1547 4510 1617 4580 1.)
1649 4512 1787 4565 Item
1833 4511 1996 4565 Mari-
2027 4492 2080 4555 D
2113 4512 2264 4569 stola
2296 4513 2605 4569 Anthemio
2629 4492 3026 4568 subdiacono:
3062 4536 3089 4561 ‹‹
3118 4507 3369 4568 Discenti
3395 4512 3493 4566 tibi
3519 4492 3817 4569 manda-vi-

290 4601 463 4656 niano
494 4600 764 4671 episOOpo
806 4599 1131 4654 Ravenna:
1168 4621 1196 4649 «
1243 4599 1474 4654 Dudum
1532 4598 1605 4654 ad
1648 4616 1752 4653 nos
1787 4601 1999 4654 multo-

286 4706 421 4747 rum
478 4689 755 4746 relatione
822 4694 1159 4761 pervenerat
1206 4688 1557 4744 monasteria
1605 4687 1661 4741 in
1712 4691 1992 4743 Ravenna

285 4780 547 4852 partibus
579 4778 891 4834 constituta
921 4778 1118 4833 omnio
1147 4778 1493 4833 clericorum
1532 4783 1849 4833 vestrorum
1891 4778 1991 4832 do-

283 4868 466 4925 minio
499 4866 872 4940 pragravari,
922 4866 1003 4921 ita
1035 4875 1094 4922 ut
1138 4867 1441 4922 occasione
1490 4860 1655 4939 quasi
1698 4868 1992 4937 regiminis

280 4975 369 5024 ea,
403 4958 554 5030 quod
608 4957 718 5014 dici
751 4971 925 5029 grave
970 4960 1078 5023 est,
1111 4955 1268 5011 velut
1311 4956 1367 5010 in
1416 4956 1759 5026 preprietate
1801 4957 1987 5027 possi-

284 5152 427 5279 Μ(τι)
485 5153 763 5210 Nonnulli
786 5153 1016 5222 Excusi,
1060 5154 1119 5208 in
1153 5152 1411 5209 Ecclesia.
1448 5152 1988 5208 Contradicentibus

345 5241 425 5277 ss.

345 5241 425 5277 SS.

349 5296 427 5365 (b)
463 5293 526 5365 Et
555 5299 748 5350 tamen
781 5296 1088 5363 Gregorius
1113 5297 1257 5365 ipse,
1278 5295 1339 5349 in
1370 5294 1582 5350 litteris
1602 5296 1673 5350 ad
1708 5294 1983 5350 Urbicum

277 5363 435 5430 abb.‘,
463 5363 564 5419 lib.
596 5381 675 5427 1x,
700 5368 868 5435 epist.
908 5369 1009 5420 42:
1055 5363 1338 5435 Volumus,
1373 5367 1583 5436 inquit,
1618 5374 1680 5420 ut
1721 5368 1987 5422 Domitius

273 5438 558 5507 presbyter
584 5437 747 5491 abbas
779 5452 889 5491 esse
923 5440 1215 5494 Lucusiani
1259 5439 1582 5494 monasterii
1612 5439 1815 5493 debeat.
1848 5439 1984 5494 Cer-

276 5506 330 5563 te
354 5511 411 5580 in
442 5506 625 5561 Gallia
658 5508 819 5576 pauci
845 5510 1161 5580 admodum
1187 5510 1424 5565 abhates
1448 5510 1754 5565 sacerdotii
1781 5527 1983 5580 exper—

276 5586 362 5635 tes
394 5577 500 5634 hoc
531 5584 787 5646 tempore
811 5589 989 5644 erant,
1024 5579 1130 5633 imo
1162 5586 1219 5635 et
1244 5582 1532 5636 monachi.
1568 5582 1709 5636 Vide
1733 5577 1977 5651 primam

275 5652 458 5706 sancti
495 5650 791 5706 Maximini
819 5651 1043 5705 abbatis
1076 5651 1432 5706 Mitiacensis
1465 5653 1658 5719 vitam,
1692 5650 1855 5708 num.
1896 5654 1977 5708 10.

274 5725 456 5789 Quam
488 5738 625 5796 ergo
658 5723 752 5780 hic
792 5722 1115 5799 praescribit
1173 5721 1507 5793 Gregorius,
1574 5724 1843 5795 specialis
1877 5742 1979 5797 pro

2108 4618 2261 4668 mus,
2296 4606 2351 4655 et
2383 4604 2751 4673 postmodum
2778 4602 3191 4673 praeceptis!”r
3222 4601 3692 4657 discurrentibus
3725 4604 3816 4658 in-

2097 4692 2364 4761 junxisse
2389 4708 2476 4746 me
2510 4691 2770 4760 memini,
2804 4696 2867 4746 ut
2897 4706 3096 4746 curam
3134 4708 3448 4762 pauperum
3480 4708 3728 4758 gereres,
3757 4699 3817 4748 et

2102 4780 2151 4834 si
2185 4796 2332 4850 quos
2388 4781 2502 4834 illic
2532 4796 2696 4849 egere
2735 4795 3138 4850 cognosceres,
3192 4781 3427 4850 scriptis
3467 4783 3813 4837 recurrenti-

2102 4869 2213 4923 bus
2245 4869 2529 4924 indicares
2575 4888 2589 4936 ;
2624 4874 2682 4925 et
2728 4870 2819 4924 vix
2851 4870 2920 4924 de
2969 4870 3170 4941 paucis
3201 4868 3320 4923 hac
3354 4870 3538 4925 facere
3569 4872 3813 4926 curasti.

2102 4958 2234 5014 Volo
2250 4961 2443 5013 autem
2468 4958 2544 5029 (ά)
2575 4962 2638 5013 ut
2676 4958 2901 5013 domna
2931 4958 3189 5019 Pateria,
3231 4957 3367 5013 thia
3405 4973 3563 5029 mea,
3589 4975 3722 5015 mox
3747 4968 3817 5018 ut

2097 5141 2222 5205 loco
2252 5150 2352 5204 illo
2392 5149 2722 5205 constitutio
2754 5154 2864 5216 est,
2897 5151 2967 5205 ad
3001 5152 3427 5207 retundendam
3460 5151 3806 5208 clericorum

2099 5222 2466 5294 monasteriis
2499 5222 2847 5294 inhiantium
2879 5223 3281 5294 cupiditatem.
3324 5224 3525 5279 ΜΑΒΙΙ..

2167 5293 2239 5363 (c)
2272 5292 2419 5348 Utic.
2454 5298 2511 5366 et
2559 5293 2805 5355 Gemet.,
2838 5292 3041 5360 regula
3092 5296 3476 5350 monachorum
3515 5294 3807 5366 impediat.

2097 5360 2281 5434 BigOt.
2311 5372 2365 5418 et
2394 5365 2591 5431 Andeg
2623 5408 2635 5432 ,
2670 5366 2854 5433 regula
2882 5367 3171 5420 monachos
3202 5367 3477 5436 impediat.

2166 5438 2241 5507 (ά)
2278 5436 2446 5499 Editi,
2481 5452 2611 5490 cum
2664 5436 2803 5491 Mss.
2864 5436 3027 5507 Reg..
3079 5437 3234 5493 Colb.
3284 5444 3340 5493 et
3390 5439 3569 5492 beata
3611 5440 3806 5495 Maria

2093 5505 2302 5570 Paris,
2337 5508 2688 5580 habentiaut
2719 5506 3050 5580 Paterichia
3073 5525 3221 5575 mea,
3256 5514 3356 5563 aut
3391 5511 3752 5566 Patriarchia
3784 5534 3804 5580 ,-

2092 5581 2191 5633 sed
2229 5580 2432 5635 melius
2470 5582 2527 5633 in
2560 5579 2699 5633 Mss.
2750 5578 2995 5651 Andeg.,
3025 5579 3271 5647 Gemet.,
3323 5580 3530 5651 Bigot.,
3569 5582 3708 5638 Utic.
3745 5578 3806 5640 et

2091 5651 2165 5706 al.
2218 5652 2446 5721 legitur,
2499 5652 2733 5705 Pateria
2791 5649 2941 5715 (hia,
2992 5651 3102 5707 hoc
3141 5656 3250 5721 est,
3301 5649 3496 5708 amita
3527 5668 3710 5719 mea;
3740 5655 3799 5711 id

2090 5723 2244 5779 enim
2278 5720 2445 5780 sonat
2474 5739 2581 5778 vox
2619 5736 2804 5794 graca
2840 5720 2976 5778 thta.
