4088 6172
332 238 450 300 115

886 241 950 301 S.
999 239 1365 301 GREGORII
1415 239 1644 301 PAP/E
1689 239 1897 312 VITA,
1948 235 2174 300 AUCT.
2220 234 2524 298 JOANNE
2568 231 2933 292 DIACONO.
2983 231 3137 291 LIB.
3185 231 3260 290 ll.

3719 223 3839 285 116

329 377 699 449 deputamus.
736 377 1049 434 Hortamur
1069 393 1204 449 ergo
1235 381 1296 432 ut
1327 378 1382 432 in
1409 377 1499 432 his
1536 375 1856 448 praebendis
1890 373 2028 429 nul-
2057 374 2111 438 Α
2143 373 2494 429 Gaudiosum
2541 371 2897 424 defensorem
2933 366 3090 421 sedis
3150 367 3382 431 DOSII'iB,
3415 363 3512 433 qui
3535 358 3846 432 Syracusis

329 469 446 524 lam
481 484 702 523 moram
759 475 857 522 aut
902 468 1322 523 excusationem
1383 467 1654 532 adducas,
1711 470 2024 536 quatenus,

329 557 466 612 dum
499 561 728 628 tempus
745 557 905 627 sinit,
936 563 992 612 et.
1013 557 1106 612 hic
1137 572 1269 612 cum
1293 555 1391 610 Dei
1415 553 1698 624 adjutorio
1722 554 1846 609 sine
1879 553 2039 624 peri-

331 645 460 701 culo
492 647 563 700 ad
614 646 845 717 propria
873 661 1150 714 remeare,
1186 650 1244 700 et
1299 645 1468 700 citius
1501 645 1905 699 necessitatem
1938 659 2041 713 pa-

333 736 614 792 tientibus
636 735 825 791 valeat
853 736 1181 792 subvenire.
1199 735 1386 803 »(Lib.
1410 751 1486 800 vr,
1515 750 1578 805 ep
1600 735 1675 801 ,4,
1696 733 1889 789 indici.
1927 732 2037 801 14.)

335 825 476 881 Item
509 824 816 896 Gregorius
875 824 1143 887 Eusebio,
1192 823 1466 894 religioso
1509 823 1744 877 abbati:
1785 844 1804 870 ι
1835 820 2042 876 Credat

334 913 477 970 mihi
509 913 762 970 cbaritas
819 921 934 980 tua,
986 912 1122 984 quia
1169 912 1334 968 valde
1374 912 1749 968 contristalus
1807 926 1937 965 sum
1971 909 2041 964 de

335 1003 541 1059 tistitia
573 1006 691 1062 tua,
725 1009 776 1058 et
808 1005 1063 1057 ceterae.
1092 1002 1172 1072 (a)
1202 1001 1486 1057 Praeterea
1534 1005 1764 1056 centum
1827 997 2041 1054 solidos

336 1107 436 1162 per
464 1091 699 1146 Petrum
757 1090 1180 1146 subdiaconum
1227 1090 1325 1144 69
1385 1089 1682 1144 dilectioni
1746 1093 1856 1142 tuae
1916 1084 2040 1140 dari

336 1181 604 1244 fecimus,
665 1183 794 1250 peto
852 1195 994 1249 quos
1053 1183 1115 1233 ut
1164 1178 1384 1249 absque
1421 1177 1635 1248 injuria
1683 1175 2039 1247 suscipias.»

336 1271 477 1342 (Lib.
536 1286 599 1329 ιι,
658 1285 742 1340 ep.
799 1270 890 1337 36,
950 1268 1140 1323 indici.
1202 1269 1311 1336 10.)
1344 1271 1484 1324 Item
1541 1267 1846 1338 Gregorius
1902 1268 2042 1318 Can-

337 1359 471 1414 dido
527 1357 857 1413 defensori:
893 1379 921 1407 ‹‹
973 1356 1389 1412 Necessitatem
1457 1356 1814 1427 patientibus
1857 1357 2044 1427 ponti-

337 1447 505 1503 ficale
562 1447 832 1503 convenit
863 1447 1064 1502 adesse
1096 1446 1446 1501 subsidium.
1495 1446 1600 1501 Pro
1633 1463 1750 1516 qua
1781 1462 1840 1501 re
1870 1462 2044 1518 expe-

337 1536 562 1592 rientiae
593 1540 708 1592 tum
739 1536 1012 1608 praesenti
1043 1537 1386 1591 auctoritate
1419 1535 1810 1606 praecipimus,
1845 1541 2042 1605 quate-

337 1643 450 1682 nus
473 1626 703 1687 Albino,
726 1626 947 1696 privato
967 1625 1314 1689 luminibus,
1339 1625 1456 1680 ﬁlio
1473 1625 1762 1695 quondam
1781 1626 1862 1693 (ὁ)
1887 1626 2044 1680 Mar-

2143 463 2348 533 degere
2381 453 3192 530 comprobatur,paupertalis
3225 450 3844 520 asseruitinopiacon-

2143 552 2374 621 stringi,
2410 550 2624 603 idcirco
2652 546 3016 617 experientia)
3051 554 3156 598 tua;
3196 541 3572 613 praesentium
3597 536 3844 594 auctori-

2141 645 2259 696 tate
2293 639 2659 703 mandamus,
2685 644 2744 690 ut
2765 653 2796 690 a
2818 633 3084 702 praesenti
3107 630 3364 687 secunda
3395 629 3709 684 indictione
3741 642 3845 680 sex

2143 729 2359 786 solidos
2391 727 2560 782 annis
2588 724 2835 796 singulis
2867 723 2918 778 ei
2947 724 3085 778 dare
3115 737 3227 776 non
3262 720 3524 785 differas;
3560 725 3622 772 ut
3659 720 3717 771 et
3749 715 3848 770 ille

2144 820 2314 887 hujus
2348 815 2584 873 remedii
2612 814 2816 870 solatio
2841 811 3113 885 potiatur,
3139 814 3196 866 et
3213 815 3276 866 tu
3299 810 3452 880 quod
3476 807 3703 863 dederis
3727 805 3847 860 tuis

2143 910 2270 965 sine
2316 908 2492 963 dubio
2533 905 2762 960 noveris
2811 902 3130 958 rationibus
3161 899 3594 973 imputandum.
3629 918 3658 946 »
3701 894 3849 967 (Lib.

2144 1017 2222 1064 xx,
2253 1015 2336 1070 ep.
2369 998 2458 1051 39.
2517 995 2710 1050 indici.
2750 994 2829 1064 2.)
2891 994 3028 1048 Item
3077 990 3381 1058 Gregorius
3433 987 3714 1044 Libertina
3747 1002 3851 1042 ex-

2146 1088 2452 1159 prastorizu
2474 1088 2700 1151 Quanta
2737 1100 2837 1138 vos
2869 1081 3064 1139 seaculi
3085 1080 3266 1149 huius
3298 1083 3526 1151 premat
3557 1075 3853 1148 angustia,

2145 1177 2506 1248 incognitum
2536 1192 2651 1231 non
2684 1174 2987 1229 habemus.
3019 1172 3125 1226 Sed
3145 1171 3283 1242 quia
3310 1169 3370 1224 in
3406 1184 3638 1224 summa
3661 1167 3856 1222 tribu-

2147 1267 2361 1322 latione
2392 1266 2601 1336 positis
2659 1263 2782 1319 sola
2812 1263 2892 1333 (d)
2951 1266 3039 1317 est
3087 1259 3406 1317 consolatio
3458 1256 3857 1314 misericordia

2146 1357 2452 1421 Creatoris,
2491 1357 2549 1410 in
2592 1370 2726 1410 eum
2761 1369 2925 1425 spem
2969 1356 3221 1408 vestram
3264 1350 3482 1421 ponite,
3526 1348 3596 1404 ad
3652 1347 3853 1417 ipsum

2146 1465 2245 1504 vos
2292 1452 2414 1503 tota
2463 1451 2656 1502 mente
2696 1443 3028 1500 convertite.
3061 1442 3162 1514 qui
3213 1446 3271 1497 et
3319 1442 3480 1510 juste
3511 1455 3683 1512 quem
3724 1437 3855 1492 vult

2149 1538 2429 1609 permittit
2468 1535 2669 1607 afﬂigi,
2685 1534 3136 1590 etcontidentem
3164 1531 3222 1586 in
3238 1547 3299 1587 se
3318 1528 3772 1586 misericorditer
3788 1526 3855 1582 li-

2149 1626 2395 1682 berabit.
2430 1625 2544 1696 Ipsi
2576 1640 2709 1696 ergo
2731 1624 2943 1696 gratias
2981 1621 3149 1690 agite,
3183 1627 3235 1675 et
3258 1620 3543 1691 patienter
3573 1632 3854 1687 quascun-

341 1715 446 1771 tini
475 1715 687 1782 coloni,
712 1713 957 1786 singulis
987 1715 1157 1770 annis
1174 1715 1322 1769 duos
1354 1714 1654 1770 tremisses
1684 1714 1808 1770 sine
1850 1715 2044 1786 aliqua
2076 1725 2119 1790 Β
2149 1734 2262 1788 que
2292 1718 2456 1773 illata
2494 1720 2629 1771 sunt
2672 1715 2967 1770 sustinete.
3006 1713 3103 1766 70
3134 1711 3279 1766 Nam
3322 1715 3490 1766 recta:
3521 1708 3733 1763 mentis
3763 1710 3856 1762 est

341 1805 618 1861 dilatione
675 1809 944 1876 praestare
999 1820 1114 1858 non
1174 1803 1428 1870 desinat,
1514 1820 1629 1859 non
1707 1804 2044 1860 dubitatura

341 1895 463 1951 suis
506 1894 614 1949 boc
644 1893 770 1949 sine
800 1893 974 1948 dubio
1006 1893 1328 1948 rationibus
1389 1893 1681 1960 imputari.
1718 1915 1744 1943 υ
1775 1894 1917 1964 (Lib.
1964 1911 2042 1963 iv,

339 2003 420 2058 ep.
453 1986 571 2055 28.)
602 1987 743 2040 Item
805 1984 1115 2054 Gregorius
1139 1983 1378 2038 Fantino
1437 1983 1722 2038 defensori
1759 1999 1771 2039 :
1808 2007 1835 2034 «
1874 1985 2046 2040 Lator

344 2073 712 2144 praesentium
740 2073 980 2128 Cosmas
1004 2072 1186 2144 Syrus
1214 2074 1268 2126 in
1303 2072 1534 2143 negotio
1558 2075 1698 2142 quod
1723 2074 1930 2144 agebat
1952 2073 2045 2128 de-

341 2165 536 2220 bitum
569 2180 628 2219 se
663 2163 1004 2218 contraxisse
1035 2161 1347 2232 perhibuit,
1381 2163 1530 2232 quod
1566 2168 1622 2216 et
1663 2163 1864 2218 multis
1896 2162 2040 2224 aliis,

343 2259 400 2310 et
433 2253 700 2325 lacrymis
729 2252 857 2321 eius
887 2253 1296 2307 attestantibus
1328 2267 1526 2307 verum
1575 2267 1702 2307 esse
1729 2252 2045 2310 credimus.

343 2345 410 2399 Et
458 2345 594 2414 quia
623 2349 850 2398 centum
885 2341 1309 2412 quinquaginta
1339 2341 1556 2398 solidos
1590 2342 1859 2411 debebat,
1894 2342 2045 2396 volui

344 2431 902 2489 utcreditoresillius
915 2447 1049 2485 cum
1071 2447 1136 2486 eo
1187 2431 1409 2501 aliquid
1430 2433 1876 2502 paciscerentur,
1903 2447 2047 2502 quo-

343 2523 500 2578 niam
534 2527 590 2576 et
618 2522 707 2575 lex
738 2520 914 2575 habet
944 2520 1090 2590 quod
1147 2519 1320 2575 homo
1379 2520 1527 2576 liber
1567 2521 1902 2575 nullatenus
1943 2537 2046 2592 pro

343 2611 534 2666 debito
565 2613 852 2675 teneatur,
886 2609 937 2663 si
969 2625 1060 2663 res
1108 2608 1398 2663 defuerint
1429 2626 1552 2678 qua:
1598 2611 1831 2679 possint
1861 2609 2048 2664 eidem

344 2700 536 2756 debito
592 2697 803 2755 addici.
860 2698 1181 2753 Creditores
1241 2714 1373 2769 ergo
1401 2715 1562 2763 suos,
1597 2704 1658 2752 ut
1719 2698 1942 2767 asserit,
1976 2697 2050 2752 ad

343 2790 597 2860 ctoginta
627 2788 847 2843 solidos
895 2787 1223 2842 consentire
1272 2788 1547 2856 possibile
1588 2793 1698 2843 est.
1740 2789 1851 2844 Sed
1913 2788 2052 2857 quia

345 2879 595 2933 multum
627 2883 714 2932 est
744 2881 808 2930 ut
837 2894 870 2930 a
902 2877 980 2929 nil
1018 2877 1265 2931 habente
1315 2876 1545 2932 homine
1590 2879 1878 2948 octoginta
1910 2876 2056 2932 soli-

344 2967 450 3021 dos
482 2969 700 3037 petant,
732 2965 1032 3034 sexaginta
1057 2965 1159 3018 tibi
1201 2964 1417 3018 solidos
1449 2981 1547 3035 per
1571 2967 1861 3020 notarium
1894 2971 2053 3019 tuum

344 3053 795 3118 transmisimus,
832 3060 892 3107 ut
921 3057 984 3106 tu
1009 3068 1137 3107 cum
1165 3052 1384 3108 eisdem
1405 3053 1786 3109 creditoribus
1818 3054 2051 3109 subtili-

347 3147 436 3198 ter
457 3141 714 3212 loquaris
745 3143 818 3209 (ε)
851 3145 908 3196 et
933 3141 1212 3196 rationem
1245 3142 1477 3208 reddas,
1521 3143 1660 3212 quia
1690 3142 1875 3197 ﬁlium
1919 3143 2047 3211 ejus

349 3247 521 3302 quem
557 3235 750 3286 tenere
789 3229 1086 3298 dicuntur,
1139 3233 1460 3286 secundum
1497 3232 1650 3298 leges
1686 3239 1876 3286 tenere
1938 3247 2054 3286 non

347 3325 618 3391 possunt.
653 3324 718 3374 Et
740 3319 788 3375 si
814 3321 1248 3391 potestﬁeri,ad
1270 3320 1702 3390 aliquidminus
1729 3337 1904 3392 quam
1948 3337 2054 3375 nos

349 3411 620 3464 dedimus
650 3410 1151 3476 condescendant;
1175 3419 1230 3466 et
1251 3411 1538 3482 quidquid
1565 3410 1864 3466 deeisdem
1899 3427 2057 3466 sexa-

353 3499 514 3572 ginta
545 3497 746 3554 solidis
779 3499 1140 3569 remanserit,
1184 3499 1295 3570 ipsi
1331 3502 1511 3569 Irade,
1545 3505 1608 3554 ut
1639 3516 1767 3555 cum
1802 3500 1921 3554 filio
1953 3515 2055 3554 suo

355 3589 560 3645 exinde
593 3587 779 3644 vivere
809 3589 1015 3644 valeat.
1050 3591 1102 3644 Si
1164 3597 1357 3644 autem
1422 3591 1498 3645 nil
1545 3596 1828 3657 remanet,
1861 3590 1945 3646 vel
1986 3592 2055 3645 ad

2152 1811 2332 1866 Deum
2357 1825 2471 1864 non
2504 1807 2694 1863 solum
2727 1807 2784 1861 in
2817 1804 3110 1877 prosperis
3159 1801 3516 1868 benedicere,
3549 1799 3651 1855 sed
3681 1797 3854 1853 etiam

2151 1900 2209 1953 in
2243 1898 2691 1954 adversitatibus
2739 1895 3091 1951 collaudare.
3136 1894 3196 1947 In
3231 1892 3319 1946 bis
3353 1892 3528 1961 igitur
3551 1905 3672 1958 quas
3706 1888 3845 1960 pati-

2155 1988 2298 2044 mini
2330 1988 2555 2044 nullum
2593 1992 2794 2042 contra
2824 1984 3139 2040 Dominum
3172 1996 3436 2036 murmur
3475 1979 3635 2035 cordi
3669 1985 3858 2033 vestro

2153 2079 2225 2150 (ε)
2258 2079 2559 2149 subrepat,
2601 2077 2738 2147 quia
2770 2075 2837 2130 ad
2874 2074 3012 2145 quid
3044 2072 3152 2127 hoc
3184 2071 3411 2126 Creator
3437 2073 3636 2124 noster
3667 2082 3865 2137 opere-

2155 2173 2272 2236 tur,
2305 2168 2570 2238 ignotum
2603 2169 2711 2220 est.
2749 2163 3007 2219 Forsitan
3043 2161 3216 2224 enim,
3252 2158 3552 2228 magniﬁce
3595 2157 3722 2224 Fili,
3756 2156 3868 2210 ali-

2155 2257 2294 2328 quid
2320 2257 2482 2310 illum
2502 2256 2557 2309 in
2589 2253 2882 2325 prosperis
2905 2252 3129 2322 positus
3151 2248 3464 2313 offendisti,
3484 2248 3637 2301 unde
3666 2251 3721 2300 te
3753 2245 3865 2300 cle-

2156 2345 2331 2400 menti
2376 2342 2764 2399 amaritudine
2815 2341 2938 2396 vult
2969 2339 3219 2409 purgari.
3252 2337 3319 2392 Et
3347 2337 3474 2392 ideo
3508 2351 3609 2391 nec
3640 2340 3864 2405 tempo-

2156 2433 2298 2489 ralis
2317 2440 2367 2487 te
2389 2433 2617 2502 frangat
2637 2430 2900 2494 afflictio,
2916 2444 3019 2483 nec
3039 2442 3232 2482 rerum
3255 2422 3864 2489 damnadiscrucient,

2157 2523 2296 2595 quia
2327 2521 2376 2576 si
2409 2521 2466 2576 in
2480 2519 2738 2575 adversis
2770 2519 2986 2589 gratias
3014 2517 3290 2572 referens.
3321 2513 3862 2584 Deumtibipatien-

2157 2614 2236 2667 tia
2260 2612 2602 2667 fecerisesse
2619 2608 2986 2680 placabilem,
3018 2610 3076 2661 et
3105 2621 3232 2676 qua:
3265 2604 3482 2659 amissa
3523 2608 3682 2668 sunt,
3717 2602 3868 2657 mul-

2158 2703 2416 2774 tiplicata
2449 2701 2780 2765 reddentur,
2814 2704 2869 2753 et
2900 2713 3078 2768 super
3108 2696 3228 2750 hac
3256 2694 3462 2765 gaudia
3482 2703 3690 2749 aalerna
3716 2709 3868 2763 pra-

2161 2796 2408 2847 stantur.
2436 2791 2567 2844 Peto
2603 2795 2798 2844 autem
2841 2805 2911 2842 ne
2941 2786 3293 2857 injuriosum
3344 2783 3569 2839 ducatis
3599 2783 3748 2852 quod
3781 2782 3867 2836 vi-

2163 2883 2304 2953 ginti
2337 2898 2563 2936 annuos
2593 2880 2834 2935 vestitus
2879 2879 2948 2933 ad
3003 2893 3210 2948 pueros
3255 2884 3474 2930 vestros
3516 2890 3615 2944 per
3667 2877 3872 2928 Roma-

2168 2989 2309 3028 num
2339 2972 2704 3026 defensorem
2752 2969 3088 3039 scripsimus
3137 2966 3395 3035 praeberi,
3428 2965 3567 3036 quia
3615 2965 3686 3018 de
3717 2963 3872 3019 beati

2170 3061 2322 3118 Petri
2381 3059 2634 3129 Apostoli
2678 3059 2874 3122 rebus,
2907 3056 3175 3128 quamvis
3224 3071 3402 3126 parva
3433 3054 3550 3109 sint
3581 3069 3711 3125 quas
3733 3053 3872 3107 offe-

2163 3155 2384 3212 rantur,
2419 3166 2518 3219 pro
2535 3165 2746 3220 magna
2761 3147 3158 3203 benedictione
3171 3145 3539 3214 suscipienda
3563 3149 3697 3199 sunt
3718 3159 3838 3198 sem
3851 3173 3874 3184 -

2163 3257 2282 3314 per,
2319 3241 2592 3311 quoniam
2621 3243 2676 3294 et
2705 3238 2801 3294 hic
2824 3237 2985 3293 vobis
3017 3237 3241 3306 majora
3270 3234 3481 3290 valebit
3512 3232 3872 3305 impendere,

2162 3336 2218 3387 et
2257 3331 2411 3401 apud
2455 3329 2917 3399 omnipotentem
2975 3327 3124 3381 Deus
3175 3324 3456 3380 beneﬁcia
3479 3328 3692 3379 interna
3733 3339 3874 3394 prae-

2164 3426 2340 3478 stare.
2378 3442 2404 3470 »
2435 3419 2578 3488 (Lib.
2632 3436 2685 3485 x,
2719 3434 2805 3488 ep.
2857 3416 2972 3486 31.)
3032 3417 3176 3470 Item
3239 3414 3550 3485 Gregorius
3603 3411 3872 3484 Philippo

2165 3509 2498 3580 presbytero
2532 3524 2544 3561 :
2601 3527 2625 3556 ‹
2664 3506 2902 3575 Suscepi
2951 3503 3227 3574 epistolas
3270 3501 3602 3558 dilectionis
3641 3505 3777 3567 tuae,
3813 3502 3874 3556 in

2167 3600 2381 3671 quibus
2415 3597 2557 3652 mihi
2589 3597 2951 3651 innotescere
2983 3593 3199 3649 curasti
3231 3593 3386 3664 quod
3415 3593 3504 3646 vir
3523 3590 3874 3647 venerabilis

349 3679 616 3735 eamdem
676 3678 942 3733 debitum
1000 3680 1128 3748 ejus
1186 3696 1456 3734 summac
1489 3681 1743 3735 incidere
1777 3683 1961 3749 stude,
1997 3684 2061 3734 ut
2167 3690 2445 3743 Andraaas
2482 3687 2778 3758 presbyter
2817 3686 2886 3738 de
2915 3685 3019 3738 bac
3053 3682 3179 3737 luce
3214 3681 3567 3752 migraverit.
3589 3681 3668 3736 De
3697 3681 3873 3748 cujus

354 3767 663 3840 possitsibi
697 3767 874 3823 libere
895 3769 1537 3838 postmodumlaborare
1562 3787 1576 3838 ;
1604 3772 1710 3824 hoc
1739 3777 1932 3824 tamen
1967 3786 2059 3824 so-

2164 3779 2458 3849 ereptione
2488 3777 2726 3848 gavisus
2758 3790 2910 3838 sum,
2944 3774 3076 3840 quia
3093 3774 3162 3827 ad
3181 3787 3245 3826 ea
3267 3788 3395 3841 quae
3419 3787 3648 3840 semper
3677 3771 3753 3840 (Ῑ)
3776 3784 3878 3824 ex-

355 3860 532 3915 Ierter
561 3871 689 3928 age,
723 3862 805 3927 ut,
834 3859 1084 3929 acceptis
1111 3859 1337 3928 solidis,
1363 3860 1412 3915 ei
1435 3861 1757 3930 plenarium
1779 3861 2040 3916 munitio

2212 3873 2333 3928 etiit
2363 3869 2577 3942 gaudia
2633 3871 2848 3920 aeterna
2879 3863 3154 3934 pervenit.
3209 3864 3284 3917 De
3330 3861 3532 3917 solidis
3580 3876 3737 3926 vero,
3771 3860 3877 3930 qui

352 3964 483 4004 nem
506 3947 724 4018 scripto
748 3949 1073 4004 conﬁciant.
1102 3971 1128 3997 ››
1155 3950 1294 4019 (Lib.
1322 3967 1394 4019 ιν,
1419 3966 1502 4021 ep.
1540 3951 1649 4020 45.)
1678 3952 1817 4006 Item
1843 3951 2062 4021 Grego-
2171 3978 2274 4032 pro
2309 3958 2571 4014 faciendo
2601 3953 2955 4009 xenodochio
2979 3969 3012 4007 a
3061 3951 3180 4006 filio
3214 3958 3409 4007 nostro
3447 3948 3630 4004 Probo
3663 3949 3876 4003 abbate

349 4043 470 4098 rius
502 4040 754 4097 Castorio
808 4042 1073 4109 diacono,
1102 4049 1157 4099 et
1188 4044 1534 4098 chartulario
1577 4044 1880 4111 Ravennae,
1913 4045 2064 4099 inter
2168 4047 2548 4118 Jerosolymis
2573 4045 2753 4101 relicti
2785 4051 2942 4109 sunt,
2968 4041 3075 4096 hoc
3097 4042 3246 4112 quod
3275 4041 3657 4096 deliberatum
3685 4040 3875 4093 fuerat

350 4136 553 4187 caatera
578 4148 590 4186 :
619 4130 1036 4186 «Valerianum
1065 4133 1439 4199 monachum,
1473 4148 1646 4202 quem
1689 4134 2062 4187 emendatum
2172 4144 2236 4194 ut
2268 4137 2389 4192 tieri
2441 4135 2738 4190 debuisset
2771 4132 3083 4186 immutare
3129 4147 3244 4185 non
3278 4129 3459 4201 potui,
3495 4128 3593 4184 sed
3629 4127 3876 4182 benedi-

348 4223 409 4278 in
434 4221 785 4278 monasterio
807 4221 964 4276 beati
986 4222 1230 4276 Joannis
1250 4223 1306 4276 in
1324 4221 1520 4277 Classe
1544 4223 1728 4291 posito
1748 4223 2063 4292 tradidisti,
2171 4227 2420 4284 ctionem
2454 4223 2753 4296 parvulam
2778 4221 3075 4277 sanctitati
3105 4225 3306 4277 vestrae
3329 4217 3754 4292 quinquaginta
3778 4233 3875 4272 so.

352 4309 410 4363 in
444 4326 508 4366 eo
543 4324 675 4365 cum
709 4310 1062 4365 monasterio
1120 4311 1243 4365 sine
1297 4309 1473 4365 dubio
1530 4310 1803 4367 volumus
1833 4329 2065 4382 perma-
2171 4318 2322 4372 lidos
2354 4315 2669 4370 transmisi.
2707 4335 2734 4362 »
2769 4313 2888 4368 Lib.
2922 4328 3048 4372 xm,
3081 4328 3162 4382 ep.
3187 4312 3301 4379 29.)

351 4414 508 4454 nere.
544 4398 851 4466 Praeterea,
882 4415 954 4454 ne
1014 4416 1189 4470 quam
1249 4399 1651 4455 necessitatem
1702 4401 1760 4456 in
1795 4402 2062 4472 expensis
2240 4408 2329 4462 26.
2364 4406 2620 4476 Longum
2671 4409 2755 4460 est
2802 4404 3092 4472 nimisque
3123 4401 3377 4468 difficile,
3403 4402 3448 4456 si
3479 4401 3880 4471 eleemosyna-

354 4491 458 4543 tua
489 4488 838 4557 experientia
871 4490 1146 4559 patiatur,
1180 4490 1248 4544 de
1282 4489 1560 4545 reditibus
1592 4497 1802 4546 sanctae
1852 4495 2060 4548 I’toma-
2094 4477 2136 4540 D
2169 4515 2297 4554 rum
2331 4499 2458 4566 ejus
2482 4497 2691 4552 saltem
2727 4494 3064 4564 hujusmodi
3097 4509 3414 4564 prosequar
3443 4491 3734 4555 actiones;
3766 4491 3879 4546 hoc

355 4593 443 4633 nte
474 4576 764 4644 Ecclesiae,
798 4579 898 4648 qui
931 4578 1073 4643 illic,
1099 4585 1152 4634 te
1183 4580 1536 4650 providente,
1569 4584 1863 4653 aggregati
1896 4588 2055 4650 sunt,

352 4683 552 4724 omnes
584 4682 868 4740 expensas
903 4675 1030 4724 tuas
1082 4674 1135 4723 te
1197 4671 1380 4726 facere
1411 4672 1718 4738 volumus;
1751 4677 1807 4727 et
1839 4673 1886 4727 si
1918 4673 2058 4744 quid

351 4757 724 4829 superfuerit,
760 4758 951 4828 nobis,
985 4775 1114 4813 cum
1167 4760 1412 4826 veneris,
1441 4761 1616 4816 defer.
1653 4783 1680 4810 »
1715 4763 1856 4830 (Lib.
1881 4780 1935 4830 ν,
1971 4779 2055 4833 ep.

349 4847 464 4915 28.)
498 4849 637 4903 Item
670 4847 984 4920 Gregorius
1014 4847 1272 4903 Romano
1305 4850 1594 4905 defensori
1631 4870 1642 4902 :
1675 4872 1699 4903 α
1722 4851 2058 4908 Divinorum

351 4954 456 4992 nos
483 4939 800 4994 admonent
825 4938 1056 5010 eloquia
1089 4945 1508 5010 praeceptorum
1534 4943 1940 4998 necessitatem
1966 4961 2062 5014 pa-

352 5027 635 5082 tientibus
691 5028 1149 5084 ecclesiasticum
1210 5029 1465 5098 prtebere
1525 5031 1881 5088 subsidium.
1915 5032 2062 5094 Quia

355 5129 488 5183 ergo
521 5115 938 5175 dilectissimus
973 5116 1128 5174 filius
1187 5123 1385 5175 noster
1423 5120 1747 5191 Cyprianus
1781 5122 2060 5178 diaconus

451 5339 502 5410 ᾳ)
530 5336 785 5410 Υιιιεθιὶ,
817 5351 1120 5410 ρνοῃιενεα.

357 5408 710 5534 Μέννρηῐέῗιειεε
767 5408 958 5467 Mariae
1020 5414 1220 5480 Paris.,
1254 5417 1437 5484 Colb.,
1470 5421 1691 5476 Gemet.
1743 5434 1810 5475 ac
1850 5420 2054 5490 Bigot.,

534 5551 719 5634 Iidem
757 5569 887 5634 cum
913 5555 1155 5634 Andeg.,
1189 5567 1239 5634 et
1260 5561 1568 5617 rationibus
1598 5562 1810 5619 reddas.

423 5622 498 5696 (ἀ)
533 5622 712 5695 Bigot.
745 5629 802 5681 et
833 5622 1231 5696 Gemet.,vs'ola
1263 5641 1340 5687 est
1369 5635 1665 5690 consolatio
1695 5635 2057 5690 omnicreato-

2169 4588 2420 4645 breviter
2467 4603 2685 4655 assero,
2713 4585 2848 4655 quia
2878 4590 2933 4640 et
2973 4600 3087 4639 non
3126 4583 3454 4652 petentibus
3496 4583 3648 4638 ultro
3679 4580 3882 4636 distri-

2169 4677 2312 4742 buit,
2336 4682 2392 4732 et
2423 4676 2698 4731 omnibus
2722 4675 2828 4730 sibi
2863 4673 3192 4744 petentibus
3216 4672 3478 4726 hilariter
3499 4669 3878 4726 ministravit.

2169 4767 2331 4822 Unde
2363 4766 2498 4820 Elite
2532 4764 2864 4835 presbytero
2896 4766 2952 4819 et
2999 4761 3194 4816 abbati
3235 4760 3541 4830 provinciae
3601 4758 3834 4815 Isauria
3865 4774 3878 4813 :

2165 4878 2194 4906 «
2228 4854 2649 4926 (g)Evangelia,
2711 4852 2922 4922 inquit,
2962 4852 3116 4906 sicut
3165 4849 3508 4918 mandastis,
3554 4846 3884 4904 transmisi-

2167 4961 2317 5000 mus.
2358 4965 2383 4992 »
2422 4944 2490 4998 Et
2530 4947 2662 5015 post
2704 4958 2908 5012 pauca.
2942 4963 2970 4991 «
3004 4939 3228 4996 Solidos
3258 4944 3449 4995 autem
3497 4937 3662 4994 vobis
3693 4935 3881 4992 volui-

2164 5034 2271 5089 stis
2305 5049 2406 5105 pro
2437 5032 2883 5088 necessitatibus
2919 5029 3071 5086 cellas
3098 5029 3527 5101 quinquaginta
3558 5024 3882 5083 transmitti

2162 5142 2306 5197 quos
2341 5123 2590 5180 multum
2623 5139 2750 5180 esse
2771 5123 3196 5187 existimantes,
3229 5136 3295 5177 ex
3327 5121 3412 5178 eis
3462 5119 3631 5176 nobis
3674 5119 3879 5174 decem

2162 5351 2259 5415 ris,
2295 5364 2408 5402 uno
2431 5346 2624 5412 verbo,
2662 5349 2723 5400 ut
2754 5343 2966 5401 dicitur
2997 5342 3404 5415 omnipotentis.

2236 5410 2303 5490 (ἐ)
2337 5418 2520 5487 Colb.,
2551 5410 2792 5475 Turon.,
2829 5424 2914 5472 An
2947 5415 3059 5486 leg.
3095 5410 3330 5490 et_plur.
3384 5412 3548 5477 Mss.,
3582 5410 3876 5490 subripiat.

2233 5483 2307 5561 (Γ)
2337 5483 2576 5554 Turon.,
2619 5494 2674 5545 et
2705 5491 2948 5561 Gemet.,
2981 5483 3230 5561 deperiit.
3251 5485 3450 5561 Bigot.,
3474 5483 3799 5561 cmpediunt.

2342 5562 2488 5616 Edit.
2518 5561 2703 5616 Vatic.
2738 5565 2794 5615 et
2825 5560 3017 5622 Guss.,
3054 5555 3482 5614 reluctantibus
3514 5555 3676 5624 Mss.,
3708 5570 3878 5611 evan-

2255 5651 2298 5688 ιδ
2326 5649 2433 5687 am.

2162 5635 2433 5705 gelistam.
