4088 6172
306 264 432 324 117

907 266 973 325 S.
1021 267 1382 329 GBEGORII
1430 268 1659 328 ΡΑΡιΕ
1701 269 1905 342 VITA,
1955 273 2187 335 AUCT.
2233 270 2530 332 JOANNE
2577 271 2947 331 DIACONO.
2998 271 3144 330 LIB.
3195 270 3265 330 ll.

3721 270 3838 333 118

302 399 688 464 donastis,ut
713 401 1102 471 quadraginta
1125 404 1634 458 mitteremus.Sed
1669 422 1738 460 ne
1782 407 2023 461 forsitan
2058 410 2106 474 Α
2141 407 2372 476 quidem
2392 405 3668 476 chartularionostronarrante,cognovimus
3701 407 3837 475 quia

304 493 364 544 et
390 489 503 543 hoc
525 503 698 558 grave
719 495 893 560 esset,
919 492 999 561 (a)
1021 491 1162 546 alios
1187 493 1354 547 nobis
1377 509 1444 548 ex
1463 493 1545 549 eis
1567 495 1757 549 adhuc
1799 495 2024 566 dignati

306 578 453 631 estis
490 578 711 649 largiri.
735 579 846 634 Sed
869 582 1009 649 quia
1029 597 1131 637 vos
1154 581 1322 637 valde
1354 583 1412 636 in
1445 582 1805 639 continentia
1835 591 2025 638 vestra

303 667 608 738 benignos
651 667 1008 738 invenimus,
1040 670 1226 725 eidem
1281 672 1621 743 benignitati
1673 673 1793 728 vice
1843 673 2020 728 simili

305 757 767 828 respondentes,
790 759 1216 830 quinquaginta
1247 761 1707 816 transmisimus.
1735 763 1800 816 Et
1818 779 1888 817 ne
1915 765 2026 817 for-

306 846 466 900 sitan
513 848 712 902 minus
761 853 938 915 esset,
991 848 1132 904 alios
1177 850 1377 906 decem
1429 851 1898 920 superaddimus.
1932 851 2021 921 .Ne

305 951 443 991 vero
476 944 530 990 et
565 935 675 992 hoc
701 937 889 992 adhuc
923 939 1116 994 minus
1147 944 1318 1006 esset,
1351 939 1495 994 alios
1523 940 2020 1010 duodecimjungi

308 1025 582 1080 fecimus.
615 1026 673 1080 In
708 1026 815 1081 hoc
842 1031 1036 1082 autem
1077 1029 1482 1098 cognoscimus
1532 1031 1874 1086 charitatem
1921 1049 2020 1087 ve-

308 1118 524 1182 stram,
552 1115 689 1185 quia
719 1116 789 1170 de
821 1116 990 1171 nobis
1022 1119 1099 1172 ita
1130 1120 1504 1189 praesumitis,
1537 1121 1686 1176 sicut
1731 1138 1833 1177 vos
1878 1139 2020 1193 pras-

305 1219 548 1259 sumere
580 1206 824 1261 debetis.
854 1226 878 1257 ι
913 1206 1048 1278 (Lib.
1081 1225 1138 1276 v,
1170 1224 1256 1278 ep.
1289 1210 1402 1279 37.)

375 1337 473 1392 57.
530 1339 670 1393 Item
719 1339 1278 1399 JulianonGloriae
1327 1354 1525 1402 vestris
1572 1348 1788 1421 scripta
1835 1352 2017 1407 susci-

302 1427 504 1497 piens,
536 1426 777 1498 legenda
805 1429 974 1488 latus
1023 1434 1244 1504 aperui,
1276 1437 1376 1490 sed
1430 1436 1615 1493 tristis
1646 1439 1897 1508 perlecta
1929 1458 2017 1497 re-

305 1515 540 1586 plicavi.
578 1517 640 1572 In
672 1518 756 1574 eis
788 1520 1002 1592 quippe
1033 1523 1330 1580 dicebatur
1352 1527 1502 1597 quod
1557 1528 1794 1599 pudoris
1842 1547 2017 1587 causa

300 1605 486 1661 fuerit
514 1606 660 1662 mihi
686 1624 783 1664 vos
813 1626 880 1664 ea
910 1628 1036 1682 quas
1069 1613 1316 1669 dicenda
1346 1622 1512 1672 erant
1544 1625 1801 1689 tempore
1833 1621 2014 1678 multo

302 1696 588 1751 tacuisse.
623 1696 689 1751 Et
719 1703 942 1754 certum
977 1709 1060 1756 est
1084 1701 1220 1772 quia
1252 1703 1444 1760 minus
1477 1712 1726 1776 amatur,
1760 1710 1860 1782 qui
1914 1711 2014 1766 ad-

298 1785 419 1840 huc
447 1787 835 1844 erubescitur.
857 1791 1086 1861 Absque
1110 1795 1278 1850 modo
1302 1796 1680 1854 contristatus
1703 1817 1857 1867 sum,
1879 1802 2017 1871 quia

299 1893 397 1931 me
431 1894 467 1931 a
500 1879 664 1934 vobis
697 1881 944 1949 comperi
980 1883 1174 1939 minus
1199 1902 1370 1956 quam
1405 1888 1822 1945 aestimaveram
1860 1908 2017 1947 ama-

295 1965 371 2022 ri.
395 1968 463 2021 in
500 1970 608 2023 hoc
632 1974 824 2024 autem
860 1971 935 2042 (b)
960 1972 1123 2028 valde
1158 1991 1248 2029 me
1280 1978 1588 2034 continetis
1636 1981 1682 2034 si
1736 1982 2014 2037 mercedis

290 2073 512 2112 causas
546 2059 693 2113 mihi
726 2062 964 2116 assidue
999 2065 1353 2134 providendo
1385 2069 1647 2125 studiose
1688 2071 2010 2141 requiritis.

293 2149 412 2203 Nec
448 2149 624 2205 debet
645 2167 772 2206 esse
799 2154 1153 2208 verecundiae
1182 2156 1231 2210 ei
1266 2157 1489 2228 aliquid
1530 2162 1596 2214 de
1628 2161 2012 2234 eleemosynis

291 2238 644 2308 importune
696 2240 908 2311 dicere,
939 2259 1108 2312 quem
1161 2251 1388 2301 constat
1439 2265 1550 2303 non
1605 2267 1762 2320 suas,
1796 2253 1896 2306 sed
1939 2255 2008 2307 ad

291 2326 774 2397 dispensandum
799 2347 888 2386 res
910 2349 1229 2404 pauperum
1255 2335 1484 2392 habere.
1503 2337 1582 2394 De
1605 2341 1794 2395 causis
1819 2341 2010 2412 itaque

302 2417 394 2471 71
443 2419 928 2492 mercedis,apud
953 2422 1286 2496 episc0pum
1316 2426 1495 2483 libere
1516 2445 1684 2500 agere
1701 2430 2007 2499 debuistis,

290 2508 535 2564 etiamsi
564 2526 754 2566 meum
776 2511 1038 2568 animum
1067 2515 1258 2585 qualis
1279 2516 1336 2572 in
1362 2534 1553 2574 amore
1577 2525 1763 2575 vestro
1795 2522 2009 2577 existe-

295 2603 388 2651 ret
421 2599 750 2655 nesciretis.
771 2599 1082 2672 Postquam
1102 2605 1260 2660 enim
1293 2615 1346 2661 et
1369 2624 1474 2664 nos
1505 2611 1743 2665 omnino
1766 2610 2008 2682 gloriam

298 2701 559 2744 vestram
584 2690 906 2761 diligimus,
938 2699 995 2750 et
1025 2695 1478 2766 dispensationis
1512 2700 1705 2756 locum
1729 2701 1786 2757 in
1811 2705 2006 2770 rebus,

293 2776 456 2831 sicut
512 2778 697 2845 scitis,
720 2796 1040 2851 pauperum
1078 2787 1367 2853 tenemus,
1392 2793 1602 2855 vestra,
1627 2792 1824 2857 fateor,
1849 2808 2009 2847 vere-

298 2866 518 2921 cundia
548 2867 720 2922 valde
763 2871 1110 2928 accusabilis
1159 2874 1286 2928 fuit.
1323 2876 1504 2939 Quam
1536 2878 1662 2935 ideo
1704 2883 1788 2936 tot
1817 2881 2006 2937 verbis

291 2954 665 3026 increpando
699 2957 996 3028 insequor,
1034 2965 1096 3015 ut
1129 2961 1278 3017 hanc
1305 2981 1338 3020 a
1371 2966 1540 3022 corde
1571 2973 1760 3023 vestro
1812 2969 2008 3025 fundi-

292 3047 385 3098 tus
410 3043 723 3116 repellam,
740 3052 795 3101 et
818 3047 875 3102 in
901 3051 1183 3106 mercedis
1206 3069 1408 3109 causas
1432 3071 1706 3127 magnum
1731 3057 2004 3115 solatium

291 3141 500 3188 vestra
527 3135 886 3205 provisionis
909 3138 1177 3195 habeam.
1207 3141 1556 3199 Monasterio
1579 3147 1775 3218 itaque
1797 3157 2007 3217 vestro,
2045 3129 2087 3196 ί]

293 3223 452 3292 quod
482 3241 514 3278 a
550 3223 712 3280 vobis
735 3225 792 3280 in
816 3225 1128 3285 Catanensi
1165 3231 1305 3287 urbe
1338 3239 1737 3292 constructum
1771 3243 1874 3304 est,
1910 3256 2011 3310 per

290 3313 649 3380 Adrianum,
684 3316 973 3372 notarium
1003 3323 1060 3373 et
1090 3325 1368 3376 rectorem
1402 3324 1766 3394 patrimonii,
1797 3331 2010 3385 emissa

295 3403 574 3473 praecepti
610 3404 843 3475 pagina,
876 3409 1075 3463 decem
1108 3425 1335 3466 annuos
1368 3414 1584 3468 solidos
1611 3416 1734 3470 dari
1766 3420 2006 3490 deputa-

294 3492 517 3548 vimus.
557 3495 712 3559 Quos
743 3497 996 3567 petimus
1029 3500 1153 3554 sine
1183 3500 1400 3572 injuria
1433 3505 1671 3577 suscipi,
1705 3509 1839 3579 quia
1891 3529 2003 3568 non

305 3583 425 3638 haec
457 3584 628 3640 vobis
662 3591 860 3642 nostra
892 3587 1124 3659 oblatio,
1160 3593 1256 3647 sed
1291 3595 1474 3649 sancti
1509 3595 1658 3652 Petri
1709 3602 2003 3670 apostolo-

495 3673 781 3746 principis
840 3677 1162 3736 benedictio
1212 3682 1468 3741 offertur.
1506 3707 1532 3734 »
1565 3686 1708 3755 (Lib.
1761 3706 1884 3758 xm,
1917 3709 2000 3763 ep.

353 3895 452 3987 ξε.
487 3894 663 3987 Sane,
696 3898 836 3968 quia
866 3907 1006 3956 sunt
1037 3904 1301 3960 nonnulli
1342 3907 1442 3977 qui
1485 3925 1553 3964 ea
1591 3911 1821 3981 quidem
1872 3932 1998 3987 qua

282 3983 510 4074 habent
541 3986 830 4074 tribuunt,
862 3991 962 4044 sed
987 3993 1174 4048 aliena
1223 4012 1348 4066 quas
1380 4013 1495 4053 non
1538 3999 1753 4056 habent
1803 3983 1997 4074 rapere

278 4089 399 4127 non
435 4073 754 4164 desistunt,
788 4081 845 4132 et
874 4078 1014 4135 dum
1051 4081 1219 4138 valde
1263 4086 1445 4140 videri
1495 4089 1759 4146 munifici
1814 4073 1996 4164 appe-

276 4167 436 4254 tunt,
470 4163 758 4254 violenter
790 4167 860 4223 ab
912 4169 1267 4230 habentibus
1317 4177 1614 4248 auferunt,
1647 4197 1775 4251 quas
1825 4163 1994 4254 quasi

275 4253 738 4310 misericorditer
768 4273 883 4313 non
927 4259 1278 4319 habentibus
1327 4265 1669 4337 largiantur,
1703 4253 1857 4327 duas
1903 4275 1993 4329 hic

277 4343 838 4418 Gregoriiepistolas
853 4349 1293 4422 insero,quibus
1311 4355 1676 4415 liberalitatis
1689 4361 1816 4430 ejus
1831 4362 1992 4419 inno-

276 4435 471 4488 centia
524 4436 872 4492 mirabiliter
929 4441 1222 4497 doceatur.
1277 4445 1366 4498 Ait
1411 4446 1566 4502 enim
1623 4447 1683 4504 in
1741 4453 1985 4521 epistola

285 4523 632 4580 Pantaleoni
693 4528 1026 4584 notarioztt
1100 4531 1458 4600 Experiontia
1516 4543 1633 4606 tua,
1685 4541 1838 4609 quod
1897 4543 1984 4597 vel

282 4611 453 4681 quale
487 4615 640 4683 apud
674 4617 1138 4675 sacratissimum
1160 4638 1369 4692 corpus
1394 4623 1541 4679 beati
1566 4627 1717 4682 Petri
1742 4631 1985 4699 apostoli

274 4702 696 4770 jusjurandum
722 4705 1053 4776 praebuerit,
1078 4725 1302 4765 memor
1323 4721 1427 4768 est.
1446 4713 1608 4771 Unde
1628 4733 1736 4773 nos
1755 4734 1984 4790 quoque

281 4791 473 4848 securi
509 4792 893 4852 discussionis
941 4797 992 4851 ei
1045 4814 1251 4857 causas
1296 4802 1354 4856 in
1405 4805 1758 4874 patrimonio
1809 4810 1987 4880 partis

282 4882 664 4953 Syracusanis
686 4887 1108 4944 commisimus.
1142 4889 1375 4960 Oportet
1399 4909 1534 4966 ergo
1559 4902 1612 4951 te
1636 4897 1806 4953 fidem
1830 4909 1984 4955 tuam

278 4976 334 5026 et
365 4971 636 5041 ejusdem
663 4973 815 5029 beati
839 4975 990 5030 Petri
1016 4979 1260 5048 apostoli
1286 4980 1554 5038 timorem
1582 5001 1812 5059 semper
1853 4993 1988 5045 ante

281 5063 484 5119 oculos
535 5064 769 5132 habere,
821 5071 996 5138 atque
1054 5069 1133 5124 ita
1174 5087 1341 5142 agere
1387 5078 1452 5128 ut
1498 5092 1686 5148 neque
1737 5079 1792 5133 in
1845 5097 1986 5150 prae-

281 5154 428 5211 senti
465 5153 576 5209 vita
610 5156 680 5210 ab
714 5154 1076 5224 hominibus,
1111 5176 1298 5233 neque
1339 5164 1411 5217 ab
1451 5167 1834 5237 omnipotenti
1875 5170 1990 5228 Deo

284 5243 341 5300 in
373 5250 634 5299 extremo
659 5245 888 5316 judicio
919 5247 1111 5306 valeas
1144 5251 1510 5323 reprehendi.
1547 5256 1620 5328 (ε)
1652 5257 1873 5315 Valerio
1914 5261 1988 5316 si.

353 5472 432 5545 (a)
465 5471 527 5545 in
561 5470 846 5545 Vulgatis,
880 5475 1015 5531 alios
1044 5476 1241 5534 decem.

355 5544 555 5626 (multa
587 5544 992 5626 Mss.,rqui_bus
1024 5552 1396 5626 consentiunt
1428 5555 1715 5626 Bolland.,
1741 5560 1914 5617 Gilot.
1938 5568 1997 5618 et

289 5615 522 5698 ῌρρὶιη.
543 5631 612 5669 ex
643 5615 823 5686 parte.
861 5622 920 5672 In
953 5623 1118 5698 Guss.
1143 5627 1201 5678 et
1231 5624 1439 5698 Vatic.,
1462 5629 1620 5685 valde
1638 5615 1727 5686 me
1747 5615 1997 5693 contente;

283 5689 442 5755 ditis,
474 5689 636 5744 si.....
674 5704 781 5744 non
814 5693 1121 5762 requiritis.

2134 497 2392 552 modium
2443 513 2578 551 cum
2631 513 2744 566 quo
2793 494 2981 551 coloni
3035 494 3304 550 Ecclesiae
3355 495 3649 550 frumenta
3692 497 3831 550 dare

2134 585 2634 656 compellebantur
2666 585 2861 656 viginti
2896 587 2952 639 et
2997 583 3257 654 quinque
3311 584 3692 638 sextariorum
3742 584 3834 638 in-

2134 677 2376 743 veneris,
2433 675 2588 746 quod
2644 676 2982 731 omnimodo
3027 675 3308 730 exsecrati
3382 691 3612 743 sumus,
3661 679 3838 746 atque

2133 768 2396 821 eamdem
2419 766 2800 822 discussionis
2832 781 3068 820 causam
3103 773 3154 818 te
3186 766 3350 822 tarde
3389 766 3598 821 fecisse
3646 765 3836 821 dolui-

2133 871 2288 910 mus.
2349 856 2493 919 Quia
2537 873 2669 911 vero
2736 856 3010 911 eumdem
3056 855 3316 909 modium
3368 858 3425 910 te
3487 855 3750 926 fregisse,
3783 860 3839 910 et

2121 945 2350 1014 justum
2375 946 2579 1000 fecisse
2615 961 3054 1013 commemoras,
3079 943 3259 1015 gavisi
3291 959 3522 999 sumus.
3547 944 3658 999 Sed
3699 945 3838 1014 quia

2129 1035 2443 1104 praedictus
2475 1035 2865 1089 chartularius
2908 1049 3197 1090 summam
3235 1049 3461 1103 quoque
3479 1033 3648 1089 nobis
3689 1032 3840 1087 indi-

2128 1139 2256 1180 care
2286 1125 2510 1179 studuit
2541 1140 2668 1193 quae
2691 1124 2760 1178 de
2780 1123 3080 1179 fraudibus
3106 1123 3528 1178 conductorum
3555 1123 3710 1194 apud
3735 1138 3836 1178 ex-

2128 1213 2466 1283 perientiam
2504 1222 2661 1268 tuam
2687 1214 2812 1282 jam
2846 1213 2915 1267 de
2946 1213 3173 1266 duobus
3221 1211 3528 1266 territoriis
3579 1215 3670 1266 est
3713 1211 3836 1267 col-

2129 1303 2296 1363 lecta,
2333 1303 2482 1358 sicut
2516 1313 2567 1357 te
2599 1304 2862 1359 studiose
2890 1302 3116 1369 fecisse,
3149 1302 3328 1357 fracto
3357 1302 3578 1370 injusto
3612 1301 3830 1370 modio,

2126 1394 2442 1463 gaudemus
2471 1410 2484 1458 ;
2520 1393 2595 1464 (d)
2628 1393 2760 1462 quia
2791 1393 2848 1446 in
2883 1393 3073 1447 futuro
3097 1391 3266 1446 nobis
3296 1390 3471 1446 etiam
3503 1391 3584 1445 ita
3601 1390 3671 1445 de
3694 1407 3830 1462 pec-

2125 1484 2270 1538 catis
2305 1483 2611 1553 praateritis
2637 1481 2986 1553 cogitamus,
3024 1496 3093 1536 ne
3113 1481 3162 1536 si
3183 1497 3250 1536 ea
3275 1496 3404 1552 quas
3434 1480 3834 1536 fraudulenter

2125 1573 2502 1628 conductores
2553 1589 2586 1626 a
2636 1571 2873 1627 rusticis
2923 1569 3313 1638 abstulerunt,
3366 1568 3440 1626 ad
3491 1586 3596 1625 nos
3634 1585 3832 1642 perve-

2123 1661 2308 1730 niant,
2343 1666 2578 1734 peccata
2609 1678 2735 1733 quas
2767 1661 2838 1716 ab
2872 1661 3015 1732 ipsis
3046 1663 3376 1731 perpetrata
3416 1665 3554 1714 sunt
3602 1659 3675 1714 ad
3723 1675 3830 1715 nos

2046 1778 2094 1844 B
2126 1753 2452 1844 trahantur.
2483 1758 2554 1808 Et
2575 1753 2702 1844 ideo
2727 1752 2996 1844 volumus
3026 1767 3158 1806 cum
3191 1749 3351 1844 omni
3383 1750 3830 1844 fide,_omnique

2127 1843 2400 1916 puritate,
2435 1843 2803 1898 considerato
2837 1842 3042 1896 timore
3073 1839 3489 1912 omnipotentis
3526 1839 3626 1896 Dei
3659 1840 3831 1894 redu-

2124 1940 2217 1992 cta
2259 1935 2330 1989 ad
2379 1934 2718 1989 memoriam
2752 1931 3114 1987 districtione
3156 1929 3311 1985 beati
3361 1929 3517 1984 Petri
3556 1928 3828 2002 apostoli,

2124 2042 2224 2098 per
2253 2039 2729 2094 unamquamque
2761 2038 3010 2077 massam
3044 2020 3278 2075 colonos
3302 2035 3579 2089 pauperes
3601 2023 3658 2074 et
3679 2019 3826 2074 indi-

2120 2124 2319 2187 gentes
2352 2113 2767 2185 experientiam
2817 2117 2974 2166 tuam
3027 2109 3378 2178 describere,
3403 2113 3578 2180 atque
3627 2124 3693 2164 ex
3743 2109 3829 2164 eis

2122 2204 2384 2277 pecuniis
2418 2219 2541 2275 qua:
2575 2203 2631 2256 in
2663 2201 2965 2256 fraudibus
3006 2203 3148 2255 sunt
3178 2199 3420 2253 iuventte
3443 2214 3666 2268 vaccas,
3691 2214 3827 2253 oves

2121 2309 2443 2367 porcosque
2475 2307 2830 2360 comparare,
2864 2293 2922 2344 et
2953 2287 3199 2358 singulis
3220 2287 3444 2343 colonis
3468 2287 3825 2359 pauperibus

2121 2401 2216 2441 eas
2248 2385 2619 2440 distribuere.
2653 2382 2817 2446 Quod
2851 2381 3035 2436 facere
3065 2384 3120 2435 te
3151 2395 3284 2435 cum
3319 2378 3565 2434 consilio
3597 2377 3703 2433 viri
3734 2393 3827 2432 re-

2119 2473 2520 2530 verendissimi
2545 2471 2744 2526 domni
2777 2469 3020 2525 Joannis
3061 2467 3315 2539 episcopi
3370 2471 3543 2538 atque
3584 2467 3825 2522 Adriani

2119 2563 2458 2619 chartularii
2491 2560 2671 2616 nostri
2703 2565 2760 2614 et
2791 2558 3033 2614 rectoris
3065 2557 3353 2613 volumus.
3389 2557 3450 2612 Si
3483 2561 3679 2612 autem
3722 2571 3825 2611 ne-

2119 2669 2276 2710 cesse
2335 2657 2570 2723 propter
2627 2648 2939 2704 consilium
2991 2645 3181 2716 fuerit,
3234 2645 3408 2700 etiam
3458 2644 3615 2700 filius
3660 2660 3822 2700 meus

2119 2744 2367 2798 domnus
2395 2740 2669 2796 Julianus
2701 2739 2872 2794 debet
2893 2735 3178 2801 adhiberi,
3210 2734 3290 2789 ita
3320 2739 3386 2789 ut
3417 2732 3616 2789 nullus
3666 2734 3820 2788 alius

2119 2835 2228 2890 hoc
2277 2835 2611 2903 cognoscat,
2658 2829 2758 2884 sed
2807 2827 3045 2883 omnino
3091 2828 3381 2880 secretum
3432 2824 3531 2880 sit.
3570 2824 3666 2880 72
3707 2823 3825 2879 Vos

2119 2926 2297 2996 igitur
2324 2924 2476 2993 apud
2510 2937 2610 2976 vos
2643 2923 2985 2992 pertractate
3015 2920 3210 2970 utrum
3243 2916 3302 2969 in
3353 2930 3515 2982 auro,
3549 2931 3623 2969 an
3672 2921 3823 2970 certe

2119 3015 2406 3086 pecuniis,
2430 3012 2649 3068 eisdem
2683 3008 2904 3065 colonis
2932 3005 3280 3076 pauperibus
3301 3004 3424 3058 dari
3446 3004 3646 3059 eadem
3680 3019 3823 3058 con-

2118 3104 2362 3160 tinentia
2395 3103 2621 3157 debeat.
2659 3097 2948 3167 Quidquid
2974 3112 3102 3150 vero
3147 3094 3537 3149 communiter
3575 3093 3818 3160 steterit,

2123 3193 2286 3265 prius
2334 3191 2806 3260 descriptionem,
2842 3188 2993 3242 sicut
3045 3184 3304 3255 praedixi,
3338 3183 3530 3252 facito,
3554 3186 3611 3236 et
3661 3188 3819 3252 post-

2123 3286 2357 3340 modum
2392 3280 2641 3353 singulis
2684 3280 2854 3350 juxta
2902 3275 3242 3346 qualitatem
3291 3290 3408 3327 sua:
3455 3272 3817 3342 paupertatis

2120 3375 2465 3430 distribuere
2498 3371 2688 3425 stude.
2720 3369 2832 3439 Ego
2864 3366 3043 3431 enim,
3076 3366 3223 3420 sicut
3259 3363 3526 3434 Magister
3555 3363 3817 3434 gentium

2117 3471 2377 3531 testatur,
2411 3463 2594 3516 habeo
2627 3458 2844 3523 omnia,
2879 3461 2935 3511 et
2964 3455 3214 3521 abundo,
3251 3469 3354 3508 nec
3385 3454 3683 3522 pecunias,
3718 3453 3818 3507 sed

2117 3553 2440 3610 mercedem
2474 3565 2666 3622 quaero
2701 3547 2868 3618 (Phil.
2921 3547 3014 3614 ιν).
3047 3548 3134 3599 Ita
3164 3557 3298 3613 ergo
3343 3557 3468 3611 age,
3503 3545 3565 3595 ut
3615 3541 3673 3594 in
3723 3541 3816 3594 die

2107 3644 2314 3717 judicii
2347 3645 2416 3699 de
2437 3642 2637 3698 eadem
2663 3654 2840 3694 causa
2862 3633 3145 3690 mercedis
3167 3649 3292 3703 qua
3312 3630 3678 3703 experientia
3702 3634 3814 3685 tuae

2113 3735 2427 3791 commissa
2457 3735 2545 3787 est
2578 3727 2722 3784 mihi
2753 3729 3004 3782 fructum
3037 3739 3213 3794 quem
3264 3722 3469 3778 feceris
3516 3721 3810 3777 ostendas.

2111 3825 2275 3892 Quod
2307 3826 2354 3879 si
2389 3838 2530 3894 pure
2560 3825 2617 3875 et
2657 3818 2899 3874 fideliter
2929 3832 2995 3870 ac
3045 3819 3284 3871 strenue
3305 3811 3514 3884 egeris,
3543 3815 3599 3866 et
3620 3809 3714 3865 hic
3742 3810 3816 3864 il-

2111 3917 2232 3971 lum
2265 3916 2324 3968 in
2357 3911 2493 3966 filiis
2526 3909 2643 3966 tuis
2675 3907 2935 3976 recipies,
2967 3909 3024 3959 et
3056 3902 3426 3973 postmodum
3475 3899 3810 3955 retributio-

2108 4019 2240 4060 nem
2277 4002 2598 4073 plenariam
2630 3997 2690 4052 in
2724 3993 2922 4050 aeterni
2950 3991 3164 4061 judicis
3196 3989 3460 4045 examine
3491 3987 3753 4043 habebis.
3782 4010 3810 4037 η

2106 4093 2246 4163 (Lib.
2280 4109 2359 4161 ιι,
2392 4106 2474 4161 ερ.
2508 4086 2588 4160 3.)

2176 4186 2320 4239 Item
2352 4183 2507 4236 idem
2543 4180 2706 4233 Petro
2739 4175 3090 4230 subdiacono
3121 4189 3132 4227 :
3161 4192 3188 4222 α
3221 4170 3383 4233 Quod
3416 4167 3805 4240 responsalem

2103 4283 2270 4331 tuum
2305 4273 2466 4328 tarde
2498 4269 2851 4334 dimisimus,
2887 4261 3175 4336 paschalis
3208 4260 3535 4316 festivitatis
3555 4274 3805 4329 occupa-

2101 4364 2358 4420 tionibus
2393 4359 2694 4431 implicati,
2721 4373 2852 4412 eum
2877 4353 3134 4410 relaxare
3155 4351 3326 4407 citius
3352 4348 3596 4404 minime
3620 4347 3812 4403 valui-

2100 4471 2249 4508 mus.
2311 4453 2532 4505 Causas
2591 4464 2722 4503 vero
2781 4446 2840 4500 in
2902 4444 3117 4514 quibus
3169 4440 3548 4495 indicandum
3593 4438 3808 4493 curasti

2099 4559 2303 4598 omnes
2335 4539 2624 4596 subtiliter
2658 4535 3078 4609 perquirentes,
3112 4530 3364 4602 qualiter
3405 4527 3806 4600 disposuimus

2095 4633 2341 4687 inferius
2373 4645 2672 4699 agnosces.
2703 4624 3089 4696 Cognovimus
3120 4619 3368 4675 rusticos
3402 4617 3669 4672 Ecclesia
3699 4632 3804 4670 ve-

2096 4723 2400 4778 hementer
2433 4720 2492 4773 in
2527 4718 2952 4771 frumentorum
3006 4710 3206 4782 pretiis
3252 4707 3581 4779 aggravari,
3617 4706 3696 4758 ita
3746 4711 3806 4758 ut

2099 4810 2363 4867 instituta
2397 4823 2628 4864 summa
2684 4805 2766 4860 eis
2819 4803 2880 4858 in
2929 4799 3366 4872 comparatione
3427 4793 3801 4851 abundantiae

2097 4906 2355 4970 tempore
2389 4915 2504 4954 non
2537 4899 2817 4952 servetur.
2849 4893 2919 4947 Et
2949 4889 3238 4947 voluimus
3283 4891 3347 4941 ut
3391 4886 3564 4956 juxta
3613 4882 3802 4954 pretia

2098 4990 2332 5063 publica
2362 4989 2420 5043 in
2455 4986 2615 5043 omni
2655 4989 2912 5054 tempore
2958 4980 3078 5036 sive
3127 4977 3344 5044 minus,
3376 4974 3496 5029 sive
3545 4970 3800 5042 amplius

2098 5085 2395 5139 frumenta
2425 5081 2764 5136 nascantur,
2797 5074 2856 5129 in
2889 5072 2973 5128 eis
3023 5066 3478 5138 comparationis
3527 5078 3802 5120 mensura

2098 5177 2386 5228 teneatur.
2421 5171 2735 5225 Frumenta
2774 5168 2970 5220 autem
3023 5173 3152 5229 quea
3202 5154 3506 5225 naufragio
3558 5157 3802 5225 pereunt

2099 5278 2201 5334 per
2245 5261 2441 5319 omnia
2490 5257 2756 5315 volumus
2807 5247 3084 5322 reputari,
3108 5246 3190 5302 ita
3213 5248 3431 5311 tatnen,
3463 5247 3528 5301 ut
3559 5248 3674 5301 ate
3706 5261 3798 5301 ne-

2174 5489 2250 5557 (c)
2281 5486 2526 5556 Andeg.,
2561 5483 2791 5539 Solerio.
2827 5478 3066 5557 Plurimi
3091 5477 3322 5557 _i‘io_rm.,
3357 5475 3586 5557 Sciet-io.
3616 5549 3625 5557 _
3764 5543 3774 5554 .

2176 5547 2252 5631 (d3
2281 5559 2371 5613 Sic
2403 5547 3146 5631 legendum_ex_lt_lss.,_ubi
3181 5547 3636 5631 Excttsihabent
3680 5547 3808 5614 quia

2103 5633 2165 5687 in
2183 5619 2382 5703 ‘ft'uuro
2413 5619 2568 5684 nabis
2596 5627 2840 5700 proderit
2869 5626 2946 5680 ita
2974 5626 3142 5679 etiam
3180 5619 3552 5689 conductores,
3590 5621 3699 5673 etc.
