4088 6172
302 266 414 327 119

870 268 934 326 S.
981 262 1348 326 GREGORH
1393 261 1620 324 ΡΑΡᾸΞ
1666 261 1868 335 VITA,
1920 263 2146 325 AUCT.
2193 263 2490 324 JOANNE
2537 265 2906 330 DIACONO.
2959 273 3115 332 LIB.
3165 274 3241 334 ll.

3697 274 3809 334 120

290 410 566 484 gligentia
617 409 686 464 ad
735 407 1253 464 transmittendum
1307 406 1549 460 minime
1594 405 1801 472 fiat,ne
1850 405 1986 459 dum
2029 406 2080 471 Α
2114 404 2464 471 persolvunt.
2501 407 2576 460 Ex
2600 424 2713 478 qua
2743 426 2799 463 re
2833 411 3321 483 fitul.dispendiis
3341 412 3810 482 gravibuscoan-

297 501 726 558 transmittendi
758 504 991 570 tempus
1033 497 1370 570 negligitur,
1405 498 1686 551 damnum
1740 512 1807 551 ex
1859 495 1998 549 vitio

293 596 487 648 vestro
513 594 842 663 generetur.
876 589 1055 644 Valde
1089 592 1281 642 autem
1316 586 1585 656 iniquum
1611 589 1666 640 et
1705 585 1994 654 injustum

293 697 420 738 esse
444 681 847 753 perspeximus
871 684 983 735 uta
1001 677 1233 733 rusticis
1262 676 1521 731 Ecclesiae
1566 676 1637 730 de
1677 673 1998 730 sextariati-

293 773 376 828 cis
406 772 626 844 aliquid
661 771 996 844 accipiatur,
1030 772 1088 822 et
1117 768 1186 822 ad
1221 768 1498 836 majorem
1547 764 1805 820 modium
1858 764 1993 819 dare

289 861 718 933 compellantur
783 875 954 931 quam
1013 858 1069 912 in
1130 856 1356 911 horreis
1425 855 1690 910 Ecclesiae
1721 853 1989 908 infertur.

290 950 452 1007 Unde
483 950 746 1021 praesenti
764 947 1155 1004 admonitione
1179 945 1552 1017 praecipimus
1575 951 1632 999 ut
1661 943 1789 1013 plus
1818 957 1993 1014 quam

290 1041 490 1095 decem
521 1047 575 1094 et
597 1042 726 1094 octo
759 1038 1143 1093 sextariorum
1178 1035 1442 1090 modium
1475 1048 1778 1103 nunquam
1827 1048 1858 1085 a
1903 1046 1995 1084 ru»

289 1130 452 1186 sticis
480 1127 745 1185 Ecclesiae
779 1129 1074 1183 frumenta
1103 1127 1350 1181 debeant
1380 1124 1587 1194 accipi,
1620 1121 1732 1177 nisi
1769 1122 1913 1176 forte
1949 1118 1996 1174 si

289 1220 426 1292 quid
459 1225 548 1275 est
581 1219 733 1291 quod
767 1223 952 1273 nautae
979 1218 1147 1286 juxta
1179 1213 1662 1272 consuetudinem
1695 1227 1872 1283 super
1905 1226 1991 1265 ac-

286 1309 533 1380 cipiunt,
568 1309 722 1379 quod
747 1307 931 1362 minui
961 1307 1071 1377 ipsi
1106 1306 1158 1360 in
1191 1306 1440 1359 navibus
1481 1306 1855 1358 attestantur.

358 1422 384 1448 «
411 1397 799 1469 Cognovimus
830 1397 1000 1451 etiam
1027 1397 1080 1449 in
1109 1394 1402 1465 aliquibus
1427 1395 1502 1464 (a)
1531 1392 1673 1448 locis
1703 1391 1995 1446 mansisve

287 1489 558 1545 Ecclesia
608 1488 964 1544 exactionem
1014 1485 1179 1540 valde
1227 1483 1681 1554 injustissimam
1735 1482 1882 1540 fieri,
1917 1483 1995 1536 ita

288 1586 350 1633 ut
374 1580 446 1649 (ὁ)
477 1596 510 1633 a
540 1579 913 1650 septuaginta
938 1574 1119 1631 ternis
1155 1573 1352 1641 semis,
1377 1574 1531 1644 quod
1563 1571 1676 1628 dici
1703 1572 1864 1626 nefas
1886 1576 1992 1638 est,

284 1669 672 1725 conductores
701 1669 1024 1738 exigantur.
1069 1665 1130 1718 Et
1161 1665 1355 1719 adhuc
1381 1678 1569 1734 neque
1600 1662 1706 1716 hoc
1751 1660 1990 1725 sufficit,

287 1757 387 1810 sed
422 1757 658 1826 insuper
690 1754 908 1825 aliquid
943 1770 1011 1808 ex
1041 1770 1148 1807 usu
1177 1753 1296 1822 jam
1332 1752 1648 1806 multorum
1701 1765 1989 1805 annorum

287 1802 387 1810 νυ*
424 1802 648 1826 ”’“’“”ι’“”“
690 1802 908 1825 “···“ι’“’“
946 1802 1011 1808 ⁷³*
1045 1802 1148 1807 *⁷⁷*
1177 1802 1296 1822 υ“’““
1332 1802 1538 1806 ""‘"“
1562 1802 1648 1805 ’“⁷“
1706 1802 1842 1805 "”“‘
1865 1802 1872 1803 ί
1901 1802 1910 1804 '
1941 1802 1946 1803 ’

285 1845 436 1916 exigi
485 1845 779 1900 dicuntur.
839 1843 1022 1906 Quam
1073 1857 1191 1897 rem
1242 1840 1480 1896 omnino
1523 1841 1904 1907 detestamur,
1934 1802 2075 1893 etB

285 1935 574 2005 amputari
607 1933 677 1990 de
703 1932 1053 2004 patrimonio
1087 1931 1348 1986 funditus
1397 1929 1684 1986 volumus.
1722 1929 1832 1984 Sed
1893 1934 1996 1983 tua

285 2024 639 2097 experientia
671 2024 787 2079 sive
831 2023 888 2077 in
946 2022 1070 2093 hoc,
1106 2022 1256 2093 quod
1307 2037 1408 2091 per
1456 2019 1666 2075 libram
1717 2017 1994 2089 amplius,

285 2114 406 2169 sive
437 2113 496 2169 in
527 2113 658 2168 aliis
693 2112 931 2167 minutis
963 2110 1256 2177 oneribus,
1291 2115 1348 2166 et
1381 2111 1535 2182 quod
1575 2108 1723 2163 ultra
1750 2108 1996 2163 rationis

289 2204 622 2275 aequitatem
657 2220 688 2257 a
736 2201 968 2256 rusticis
1017 2200 1311 2272 accipitur,
1348 2205 1568 2270 penset,
1608 2207 1661 2253 et
1711 2197 1908 2252 omnia
1939 2196 1997 2249 in

289 2309 582 2351 summam
612 2291 908 2364 pensionis
941 2291 1182 2359 redigat,
1217 2290 1288 2361 (υ)
1322 2298 1375 2344 et
1409 2294 1580 2361 prout
1613 2288 1760 2343 vires
1814 2285 2001 2341 rusti-

289 2401 490 2442 corum
533 2386 787 2455 portant,
831 2380 1168 2453 pensionem
1215 2380 1502 2450 integram
1555 2387 1608 2434 et
1656 2384 1993 2449 pensantem

293 2475 369 2544 (d)
401 2476 470 2530 ad
500 2479 854 2546 septuagena
883 2472 1018 2527 vina
1049 2471 1396 2543 persolvant,
1431 2475 1487 2524 et
1517 2485 1707 2539 neque
1747 2467 1996 2539 siliquas

292 2572 455 2622 extra
485 2565 683 2628 libras,
711 2579 896 2634 neque
927 2562 1137 2616 libram
1173 2563 1452 2632 majorem
1476 2560 1703 2630 exigere
1725 2561 1996 2624 debeant,

296 2656 398 2712 sed
431 2672 532 2728 per
563 2653 1009 2709 aestimationem
1042 2657 1230 2720 tuam,
1267 2657 1437 2721 prout
1467 2650 1651 2704 virtus
1673 2649 1914 2712 sufficit,
1940 2648 1998 2702 in

293 2762 590 2804 summam
626 2744 919 2814 pensionis
951 2743 1411 2810 crescant,etsic
1443 2741 1629 2812 turpis
1653 2739 1872 2795 exactio
1895 2755 1996 2793 ne-

291 2851 586 2908 quaquam
619 2836 740 2890 fiat.
775 2834 856 2888 Ne
886 2850 1016 2888 vero
1048 2838 1177 2902 post
1207 2833 1428 2886 obitum
1465 2847 1655 2885 meum
1708 2831 1822 2884 haec
1872 2831 1995 2900 ipsa

293 2943 470 2980 onera
501 2941 622 2994 quas
647 2939 823 2993 super
863 2937 1107 2991 pensum
1158 2920 1317 2974 illata
1369 2919 1797 2984 subtrahimus,
1830 2925 1881 2973 et
1934 2918 1989 2971 in

291 3014 478 3084 capite
510 3009 808 3082 pensionis
842 3009 1083 3063 fecimus
1107 3025 1382 3077 crescere,
1418 3009 1626 3063 iterum
1650 3007 1705 3061 in
1734 3006 1992 3077 quolibet

290 3103 597 3168 addantur,
625 3103 681 3154 et
712 3098 1042 3153 inveniatur
1073 3115 1303 3153 summa
1337 3097 1636 3169 pensionis
1681 3098 1900 3168 augeri,
1933 3101 1988 3151 et

2111 499 2434 563 gustentur.
2471 497 2631 552 Unde
2665 500 3035 572 praecipimus
3085 503 3359 573 praesenti
3403 501 3804 558 admonitione

2110 586 2169 651 (ἱ)
2207 589 2266 639 ut
2298 585 2429 655 plus
2453 603 2629 659 quam
2653 589 2849 644 decem
2875 595 2929 646 et
2952 596 3078 646 octo
3097 591 3476 647 sextariorum
3499 605 3804 662 nunquam

2107 675 2390 746 exigatur,
2426 686 2476 732 et
2509 695 2679 735 omne
2709 681 2862 751 quod
2898 686 3164 736 mutuum
3221 698 3323 752 pro
3378 681 3580 737 eadem
3630 695 3811 736 causa

2106 764 2177 820 ab
2208 768 2495 824 extraneis
2525 769 2783 840 accipere
2818 775 3102 840 poterant,
3137 789 3170 827 a
3201 777 3302 826 tua
3331 772 3690 843 experientia
3737 786 3809 826 ex

2107 855 2337 926 publico
2369 856 2557 927 detur,
2591 863 2646 914 et
2677 877 2708 914 a
2740 860 2973 916 rusticis
2993 860 3254 916 Ecclesiae
3282 862 3584 932 paulatim,
3609 865 3672 916 ut
3703 860 3807 915 ha-

2107 943 2359 1014 buerint,
2393 945 2746 1017 accipiatur;
2793 963 2886 1013 ne,
2943 948 3084 1003 dum
3136 948 3194 1002 in
3240 953 3502 1020 tempore
3549 963 3812 1018 coangu-

2105 1036 2351 1100 stantur,
2381 1035 2534 1105 quod
2567 1035 2649 1091 eis
2680 1037 3055 1106 postmodum
3087 1038 3358 1094 sufficere
3389 1041 3609 1109 poterat
3632 1036 3692 1092 in
3715 1036 3810 1091 in-

2107 1122 2430 1190 ferendum,
2467 1125 2622 1195 prius
2653 1126 2963 1198 compulsi,
2998 1127 3170 1184 vilius
3201 1129 3476 1193 vendant,
3499 1131 3555 1182 et
3585 1127 3690 1181 hoc
3719 1125 3807 1182 eis

2107 1211 2347 1267 minime
2381 1215 2649 1270 sufficiat.

2179 1324 2206 1351 «
2238 1303 2495 1359 Pervenit
2526 1307 2700 1360 etiam
2736 1307 2804 1361 ad
2840 1323 2942 1362 nos
2974 1309 3128 1379 quod
3167 1309 3234 1362 de
3282 1307 3505 1378 nuptiis
3555 1307 3808 1362 rustico-

2105 1409 2234 1448 rum
2277 1393 2659 1451 immoderata
2689 1399 3000 1453 commoda
3034 1397 3444 1468 percipiantur.
3479 1395 3558 1450 De
3587 1396 3807 1466 quibus

2103 1483 2476 1554 praecipimus
2509 1490 2571 1539 ut
2600 1503 2772 1542 omne
2817 1489 3188 1542 commodum
3244 1485 3580 1556 nuptiarum
3625 1485 3806 1540 unius

2102 1573 2274 1628 solidi
2307 1591 2604 1630 summam
2638 1577 2974 1632 nullatenus
3006 1578 3262 1632 excedat.
3294 1576 3351 1630 Si
3386 1575 3484 1647 qui
3509 1580 3648 1629 sunt
3672 1590 3809 1644 pau-

2102 1678 2292 1734 peres,
2313 1665 2484 1719 etiam
2510 1666 2704 1721 minus
2723 1667 2858 1721 dare
2876 1667 3110 1722 debent.
3137 1666 3193 1722 Si
3219 1665 3316 1737 qui
3357 1670 3550 1719 autem
3575 1663 3807 1730 divites,

2105 1753 2330 1822 praefati
2361 1752 2530 1808 solidi
2565 1771 2853 1810 summam
2888 1756 3224 1810 nullatenus
3279 1752 3804 1823 transgrediantur.

2107 1844 2267 1908 Quod
2329 1844 2588 1915 nuptiale
2638 1848 3004 1902 commodum
3046 1845 3377 1901 nullatenus
3424 1842 3695 1899 volumus
3747 1842 3807 1896 in

2109 1937 2309 1990 nostra
2340 1935 2560 1992 ratione
2592 1937 2794 2008 redigi,
2823 1938 2920 1993 sed
2957 1935 3198 1992 utilitati
3230 1936 3646 1991 conductorum
3682 1947 3809 2004 pro-

2109 2023 2302 2079 ficere.

2181 2136 2207 2162 «
2241 2114 2629 2184 Cognovimus
2660 2116 2829 2171 etiam
2863 2117 3040 2187 quod,
3065 2113 3413 2186 quibusdam
3439 2109 3811 2168 conductori-

2109 2202 2638 2270 busmorientibus,
2674 2210 2938 2277 parentes
2962 2207 3052 2261 sui
3086 2222 3200 2260 non
3235 2201 3650 2274 permittuntur
3678 2215 3810 2256 suc-

2110 2295 2330 2355 cedere,
2352 2296 2445 2350 sed
2474 2312 2563 2350 res
2585 2313 2784 2351 eorum
2810 2297 2879 2350 ad
2907 2311 3046 2351 usus
3069 2293 3339 2350 Ecclesiae
3368 2289 3811 2363 pertrahuntur.

2114 2383 2188 2439 De
2219 2399 2332 2454 qua
2362 2401 2420 2440 re
2460 2386 2775 2441 definimus
2808 2391 2868 2441 ut
2901 2390 3170 2456 parentes
3204 2381 3576 2438 morientium
3615 2379 3717 2450 qui
3749 2378 3808 2434 in

2111 2473 2478 2542 possessione
2500 2473 2766 2530 Ecclesiae
2800 2475 3016 2546 degunt
3063 2473 3318 2528 haeredes
3367 2471 3448 2525 eis
3501 2467 3810 2523 succedere

2111 2561 2377 2629 debeant,
2403 2578 2508 2618 nec
2539 2562 2762 2634 aliquid
2793 2564 2862 2618 de
2893 2561 3227 2618 substantia
3259 2558 3634 2615 morientium
3669 2557 3810 2612 sub-

2109 2654 2393 2710 trahatur.
2428 2655 2486 2710 Si
2517 2670 2650 2710 vero
2694 2655 2843 2710 filios
2894 2653 3162 2726 parvulos
3214 2651 3425 2723 aliquis
3483 2647 3808 2718 reliquerit,

2108 2760 2414 2816 quousque
2446 2744 2519 2799 ad
2550 2750 2778 2800 aetatem
2817 2743 2990 2800 talem
3025 2743 3259 2800 veniant
3305 2748 3365 2796 ut
3410 2738 3808 2795 substantiam

2105 2852 2273 2890 suam
2299 2852 2496 2906 regere
2518 2837 2766 2902 valeant,
2793 2852 3047 2906 personae
3071 2834 3360 2905 eligantur
3381 2834 3560 2886 cautae
3587 2827 3810 2900 quibus

2106 2931 2409 2997 parentum
2435 2943 2636 2980 eorum
2671 2943 2761 2981 res
2794 2926 2941 2981 tradi
2967 2927 3214 2980 debeant
3233 2923 3302 2978 ad
3328 2920 3803 2978 custodiendum.

2177 3038 2203 3066 ‹‹
2225 3017 2604 3087 Cognovimus
2628 3017 2802 3072 etiam
2827 3016 2978 3088 quod
3005 3017 3047 3070 si
3073 3015 3205 3086 quis
3228 3029 3295 3068 ex
3320 3009 3542 3068 familia
3566 3008 3796 3079 culpam

2100 3109 2318 3176 fecerit,
2339 3125 2453 3164 non
2477 3108 2536 3163 in
2561 3109 2709 3180 ipso,
2735 3107 2837 3164 sed
2861 3108 2917 3163 in
2939 3108 3066 3178 ejus
3091 3104 3419 3161 substantia
3440 3101 3800 3157 vindicatur.

289 3207 461 3246 onera
494 3191 835 3261 adjectionis
859 3191 1098 3261 insuper
1134 3189 1334 3246 rustici
1370 3187 1697 3260 persolvere
1736 3185 1989 3258 compel-
2020 3174 2070 3239 C
2102 3200 2180 3255 De
2204 3217 2320 3271 qua
2343 3217 2402 3256 re
2425 3201 2794 3272 praecipimus
2823 3203 2884 3255 ut
2932 3174 3193 3270 qhisqui,
3225 3195 3456 3265 culpam
3482 3193 3702 3256 fecerit,
3736 3190 3799 3245 in

283 3282 497 3350 lantur,
533 3279 797 3335 volumus
828 3283 892 3334 ut
922 3279 1252 3334 securitatis
1285 3277 1512 3334 libellos
1541 3279 1617 3332 ita
1647 3278 1716 3333 de
1748 3278 1989 3348 pensio-

284 3372 460 3426 nibus
492 3369 692 3438 facias,
726 3374 1014 3440 quatenus
1047 3369 1102 3423 in
1157 3368 1361 3440 primis
1415 3368 1510 3422 73
1562 3367 1719 3424 dicas
1768 3371 1984 3423 tantam

281 3459 622 3532 pensionem
674 3475 1157 3530 unumquemque
1208 3457 1534 3529 persolvere
1583 3457 1809 3523 debere,
1846 3456 1988 3510 mihi

285 3550 530 3622 abjectis
564 3548 814 3620 siliquis,
841 3549 1204 3618 (e)oleribus,
1239 3549 1323 3604 vel
1346 3547 1674 3619 granaticis.
1706 3547 1869 3610 Quod
1893 3564 1991 3602 au-

291 3645 409 3698 tem
443 3655 511 3694 ex
534 3639 624 3694 his
657 3640 900 3695 minutis
925 3639 983 3692 in
1018 3655 1186 3694 usum
1222 3639 1460 3694 rectoris
1493 3638 1826 3703 accedebat,
1863 3637 1990 3693 volo

291 3735 354 3786 ut
386 3730 492 3786 hoc
516 3745 582 3784 ex
613 3729 884 3802 praesenti
927 3729 1196 3800 jussione
1245 3730 1301 3783 in
1356 3744 1522 3785 usum
1574 3737 1732 3784 tuum
1773 3728 1987 3784 veniat.

286 3824 432 3876 Ante
465 3820 662 3877 omnia
693 3820 801 3876 hoc
844 3826 899 3876 te
949 3820 1216 3875 volumus
1266 3819 1515 3875 sollicite
1565 3820 1886 3887 attendere,
1922 3835 1992 3874 ne

285 3911 506 3981 injusta
539 3910 793 3982 pondera
823 3910 879 3964 in
915 3911 1212 3982 exigendis
1239 3910 1613 3982 pensionibus
1656 3915 1979 3983 ponantur;

289 4001 387 4056 sed
424 4001 470 4056 si
513 4018 625 4072 qua
673 4001 815 4056 talia
863 4001 1174 4068 inveneris,
1211 4003 1431 4073 frange,
1466 4012 1518 4056 et
1547 4019 1714 4069 nova,
1749 4007 1805 4056 et
1837 4007 1994 4056 recta

286 4092 612 4158 constitue;
647 4092 782 4162 quia
831 4096 887 4146 et
936 4092 1087 4146 ﬁlius
1139 4108 1303 4147 meus
1351 4091 1663 4146 Servusdei
1714 4092 1996 4148 diaconus

282 4181 406 4249 jam
439 4181 576 4235 talia
609 4181 826 4235 invenit
870 4199 995 4251 quas
1050 4182 1157 4251 ipsi
1213 4180 1606 4251 displicerent,
1658 4182 1758 4236 sed
1814 4182 1994 4238 licen-

294 4270 434 4323 tiam
467 4268 588 4323 haac
618 4269 970 4324 immutandi
1002 4287 1117 4324 non
1149 4269 1373 4325 habuit.
1407 4271 1594 4340 Super
1637 4273 1798 4341 justa
1857 4290 1992 4346 ergo

287 4358 562 4427 pondera,
595 4364 802 4430 praeter
829 4366 1061 4429 excepta
1083 4362 1153 4430 (f)
1171 4360 1379 4417 etvilia
1401 4361 1639 4428 cibaria,
1665 4363 1807 4418 nihil
1835 4363 1994 4420 aliud

294 4445 566 4502 volumus
598 4466 630 4504 a
661 4450 874 4505 colonis
908 4450 1171 4505 Ecclesia:
1195 4451 1368 4522 exigi.

361 4560 387 4585 ι(
415 4536 692 4594 Praeterea
715 4540 1090 4610 cognovimus
1121 4545 1269 4612 quod
1313 4543 1494 4613 prima
1544 4545 1724 4601 illatio
1751 4548 1826 4618 (g)
1859 4548 1992 4603 bur-
2025 4526 2071 4590 Ῑ)

296 4626 548 4682 dationis
571 4629 823 4685 rusticos
847 4638 1074 4686 nostros
1107 4632 1478 4689 vehementer
1507 4642 1800 4706 angustet,
1826 4637 1905 4693 ita
1933 4646 1994 4693 ut

287 4715 636 4788 priusquam
668 4717 897 4775 labores
923 4736 1059 4776 suos
1097 4723 1431 4779 venundare
1463 4725 1712 4794 valeant,
1746 4728 1995 4798 compel-

282 4805 483 4861 lantur
527 4807 745 4863 tributa
790 4809 1133 4879 persolvere.
1166 4811 1298 4874 Quae
1349 4814 1489 4869 dum
1530 4815 1598 4871 de
1653 4833 1781 4885 suo,
1837 4818 1992 4874 unde

287 4898 424 4952 dare
448 4913 561 4954 non
587 4896 822 4963 habent,
839 4899 918 4969 (Ιι)
934 4899 1002 4954 ab
1022 4902 1397 4957 auctionariis
1418 4905 1664 4975 publicis
1685 4911 1890 4963 mutua
1907 4924 1994 4963 ac-

291 4985 538 5057 cipiunt.
599 4991 653 5044 et
712 4988 909 5059 gravia
969 4992 1276 5047 commoda
1332 5009 1398 5047 ex
1450 4995 1648 5051 eodem
1709 4998 1992 5057 beneflcio

297 5250 307 5261 .
364 5178 562 5261 (9‘)“Ita
578 5182 726 5261 Beg.
763 5189 819 5240 et
849 5185 983 5242 Cod.
1018 5187 1192 5243 beatas
1225 5189 1414 5245 Marias
1449 5191 1627 5249 Paris.
1665 5198 1729 5254 In
1760 5198 1993 5258 Colb.et

295 5251 354 5304 in
389 5251 536 5322 Edit.
573 5251 761 5322 Cuss.,
792 5262 1005 5314 massis.

365 5321 438 5414 ςρ)
623 5328 689 5414 ad
727 5321 1077 5414 Septaaginta
1125 5351 1297 5414 urnas
1343 5343 1397 5414 et_
1443 5343 1625 5398 semis.
1677 5344 1992 5414 Sequimur

295 5396 446 5533 :53}
469 5397 591 5448 tum
625 5396 790 5454 Joan.
827 5396 1002 5469 Diae,
1045 5411 1166 5461 tum
1199 5409 1572 5478 epistolarum
1615 5396 1992 5475 subditi};

293 5607 335 5660 ι.
365 5537 434 5604 (ε)
469 5533 601 5588 Post
625 5538 836 5618 redigat
870 5541 927 5596 in
961 5544 1106 5601 Utic.
1145 5549 1355 5620 legitur
1385 5573 1395 5610 :
1431 5575 1604 5628 neque
1633 5576 1799 5617 onera
1829 5579 1992 5634 super

317 5606 496 5660 zbram
530 5623 757 5660 maiora.

317 5606 496 5661 ibram
530 5606 757 5677 majora.

361 5677 612 5778 (ρ’-ξιξ.
625 5682 1086 5778 [ξςξιαρρξνξεα
1103 5692 1473 5778 ρΙίηὶιιαθτςηᾳε
1487 5705 1818 5778 persqlvant.
1847 5705 1992 5778 lpsis

297 5751 694 5822 suffragantur
721 5751 857 5812 Cod.
890 5751 1068 5816 beatae
1101 5765 1287 5820 Mariae
1303 5751 1511 5829 VParisf
1527 5751 1758 5845 ἔιῒὶὲέ

2097 3290 2226 3362 ipso
2255 3289 2513 3360 quidem,
2540 3295 2600 3344 ut
2627 3289 2870 3360 dignum
2904 3293 3011 3356 est,
3041 3287 3391 3350 vindicetur,
3421 3301 3453 3340 a
3491 3279 3800 3338 commodo

2098 3384 2286 3435 autem
2313 3380 2436 3450 ejus
2464 3379 2702 3434 omnino
2735 3378 3112 3444 abstineatur,
3149 3376 3261 3432 nisi
3294 3375 3439 3430 forte
3462 3387 3665 3445 parum
3692 3369 3802 3424 ali-

2100 3470 2426 3541 quid,quod
2457 3470 2514 3524 in
2541 3488 2713 3526 usum
2743 3469 3095 3525 exsecutoris
3127 3468 3229 3540 qui
3258 3467 3328 3522 ad
3353 3481 3483 3521 eum
3508 3461 3810 3520 transmis-

2101 3577 2203 3615 sus
2238 3561 2409 3614 fuerit
2441 3561 2720 3631 proficere
2752 3559 2961 3630 possit.

2172 3673 2200 3699 ‹‹
2234 3650 2620 3722 Cognovimus
2652 3651 2822 3705 etiam
2871 3650 3008 3720 quia
3060 3646 3283 3718 quoties
3323 3645 3638 3701 conductor
3687 3639 3808 3696 ali-

2101 3741 2240 3810 quid
2274 3757 2306 3795 a
2339 3740 2539 3796 colono
2572 3757 2674 3795 suo
2709 3739 2926 3809 injuste
2959 3736 3290 3792 abstulerit:
3325 3735 3432 3790 hoc
3478 3732 3714 3805 quidem
3771 3748 3805 3785 a

2103 3831 2456 3886 conductore
2495 3829 2765 3900 exigitur,
2799 3829 2897 3883 sed
2932 3827 2981 3882 ei
3015 3843 3130 3883 non
3163 3825 3424 3880 redditur
3449 3842 3477 3878 a
3500 3839 3617 3893 quo
3639 3819 3807 3876 abla-

2102 3928 2227 3978 tum
2260 3925 2368 3976 est.
2399 3922 2471 3975 De
2495 3937 2608 3992 qua
2640 3936 2700 3975 re
2730 3917 3101 3989 praecipimus
3134 3920 3196 3971 ut
3228 3917 3326 3970 74
3366 3911 3650 3986 quidquid
3682 3911 3812 3965 vio-

2104 4013 2292 4069 lenter
2321 4010 2561 4067 cuilibet
2589 4026 2656 4066 ex
2687 4008 2910 4064 familia
2935 4007 3196 4062 ablatum
3234 4005 3426 4069 fuerit,
3467 4002 3580 4074 ipsi
3631 4000 3805 4056 resti-

2103 4106 2302 4158 tuatur
2332 4101 2423 4155 cui
2455 4099 2710 4154 ablatum
2743 4105 2850 4164 est,
2883 4101 2937 4153 et
2969 4095 3206 4152 utilitati
3240 4098 3452 4150 nostras
3485 4108 3598 4148 non
3623 4089 3815 4162 proﬁ-

2105 4193 2240 4258 ciat,
2274 4206 2346 4246 ne
2378 4207 2482 4246 nos
2513 4190 2624 4262 ipsi
2655 4192 2924 4245 auctores
2957 4202 3084 4242 esse
3116 4184 3396 4241 violentias
3429 4183 3759 4238 videamur.

2177 4304 2203 4331 ‹‹
2240 4280 2516 4336 Praeterea
2543 4277 2806 4334 volumus
2838 4280 2901 4332 ut
2931 4275 2980 4331 si
3012 4274 3246 4346 quando
3279 4289 3375 4329 eos
3408 4271 3508 4344 qui
3555 4273 3694 4326 sunt
3746 4268 3811 4324 in

2107 4369 2390 4440 obsequio
2413 4367 2782 4440 experientiae
2828 4371 2939 4421 tua:
2982 4365 3040 4419 in
3091 4362 3387 4435 aliquibus
3436 4360 3626 4416 causis
3676 4374 3810 4430 qua

2104 4469 2242 4519 sunt
2271 4467 2431 4518 extra
2464 4459 2874 4533 patrimonium
2899 4457 3462 4526 transmittis,parva
3483 4453 3713 4525 quidem
3742 4469 3815 4507 ex

2103 4553 2187 4608 eis
2217 4554 2523 4608 commoda
2554 4551 2862 4621 accipiant,
2897 4549 2996 4605 sed
3029 4553 3224 4603 tamen
3257 4547 3339 4600 ita
3370 4544 3427 4598 in
3461 4558 3659 4599 eorum
3693 4542 3814 4596 uti-

2104 4644 2327 4699 litatem
2362 4643 2688 4713 proficiant,
2709 4644 2772 4695 ut
2795 4638 2956 4694 nulla
2973 4637 3084 4693 sibi
3105 4635 3310 4692 exinde
3334 4633 3474 4689 lucri
3501 4631 3812 4688 commoda

2104 4734 2213 4789 sub
2245 4733 2437 4806 specie
2468 4736 2678 4789 nostris
2713 4729 2984 4786 utilitatis
3017 4725 3339 4798 requirant,
3373 4724 3510 4795 quia
3538 4738 3644 4777 nos
3677 4736 3811 4775 sac-

2103 4823 2297 4879 culum
2318 4823 2584 4880 Ecclesiaa
2605 4837 2673 4878 ex
2695 4820 2872 4875 lucris
2893 4817 3164 4890 turpibus
3187 4816 3461 4874 nolumus
3477 4811 3810 4884 inquinari.

2177 4937 2201 4967 α
2224 4916 2504 4972 Jubcmus
2526 4913 2699 4969 etiam
2718 4915 2782 4967 ut
2802 4910 2910 4965 hoc
2937 4907 3294 4980 experientia
3315 4911 3417 4961 tua
3433 4915 3810 4974 summopere

2103 5005 2418 5074 custodiat,
2453 5008 2516 5059 ut
2547 5017 2647 5074 per
2669 5000 3039 5058 commodum
3072 4998 3454 5054 conductores
3483 4994 3544 5050 in
3587 4991 3811 5048 massis

2173 5206 2245 5276 (ε)
2266 5207 2402 5260 Mss.
2431 5197 2944 5276 nostri,c_ner_ibus,
2979 5199 3033 5252 et
3063 5194 3234 5268 paulo
3267 5197 3419 5266 post,
3451 5193 3730 5248 minutiis.

2173 5271 2240 5346 (Γ)
2269 5276 2491 5341 Norm.,
2519 5281 2569 5328 et
2601 5271 2704 5327 vili
2731 5272 2871 5346 cibo.

2280 5335 2900 5418 Pesino'quamrustici
2919 5340 3174 5418 solvunt.
3195 5339 3340 5418 Vide
3358 5335 3805 5418 βιοεεειῖβειοείῑἔ

2173 5410 2248 5488 (ἦ)
2281 5410 2668 5489 [κηδείῃ-εδ
2693 5414 2943 5489 Paris,_et
2964 5413 3185 5477 Norm.,
3201 5411 3266 5489 ab
3284 5411 3621 5489 actjcnariis,
3643 5410 3801 5489 quod

2103 5491 2161 5544 in
2181 5479 2496 5562 plerisque
2516 5479 3073 5562 Mssaepistolarum
3107 5488 3313 5538 exstat.
3356 5479 3802 5561 Observandum

2102 5553 2213 5617 est.
2243 5553 2434 5616 autem
2483 5560 2619 5614 Mss.
2653 5553 2821 5613 Joan.
2858 5558 3011 5612 Diae.
3048 5557 3163 5610 fere
3212 5569 3446 5624 semper
3493 5553 3806 5608 concinere

2103 5650 2235 5690 cum
2267 5635 2402 5688 Mss.
2436 5633 2572 5687 Cod.
2607 5631 2850 5701 Registri
2883 5625 3240 5699 Gregoriani.

2173 5706 2240 5776 (ἰ)
2275 5706 2337 5760 In
2379 5705 2586 5759 iisdem
2641 5697 2802 5769 Cod.,
2836 5708 2897 5755 ut
2953 5697 3111 5756 cinna
3165 5697 3305 5769 quod
3351 5703 3628 5760 mutuum,
3661 5699 3802 5768 εει,

2101 5775 2230 5833 aliis
2269 5775 2526 5834 omissis.
