4088 6172
255 231 350 290 lii

809 225 871 286 S.
922 221 1288 284 GREGORII
1332 219 1562 281 PAP/E
1605 217 1812 288 VITA,
1862 217 2097 280 AUCT.
2145 217 2444 281 JOANNE
2492 222 2861 285 DIACONO.
2914 226 3058 286 LIB.
3109 225 3188 288 II.

3644 224 3762 289 122

243 365 506 422 Ecclesia
530 379 828 434 nunquam
860 363 1125 425 ﬁant,'ne
1153 361 1289 415 dum
1330 358 1702 414 commodum
1746 356 1953 427 quari-
1979 359 2033 425 Α
2063 364 2120 411 ut
2152 373 2240 412 res
2267 358 2464 414 aliena
2493 359 2711 430 injuste
2741 361 2896 418 nullo
2929 364 3100 419 modo
3123 381 3156 419 a
3178 363 3503 420 creditoriis
3533 364 3757 419 defrau-

243 463 345 522 tur,
371 455 764 510 conductores
791 454 1122 523 frequenter
1153 451 1559 504 immutantur.
1586 447 1661 501 Ex
1689 463 1803 518 qua
1827 461 1952 500 mu-

240 548 445 600 tatione
480 544 621 615 quid
650 543 810 598 aliud
842 544 1052 613 agitur,
1087 540 1196 595 nisi
1232 545 1295 594 ut
1316 537 1703 595 ecclesiastica
1735 535 1950 607 pradia

235 651 542 706 nunquam
593 632 907 689 colantur?
950 631 1059 686 Sed
1109 636 1163 686 et
1213 632 1338 702 ipsa
1387 629 1562 684 etiam
1611 625 1946 692 libellatica,

239 730 400 795 prout
433 740 672 778 summa
704 721 1001 793 pensionis
1031 721 1226 787 fuerit,
1261 719 1651 774 moderentur.
1690 715 1793 771 Per
1833 713 1948 769 cel-

235 812 314 866 las
341 817 397 867 et
427 810 667 866 cellaria
699 827 814 865 non
849 808 978 880 plus
1019 809 1088 863 de
1129 808 1343 864 massis
1392 804 1659 862 Ecclesia
1693 810 1745 857 te
1797 801 1946 857 acci-

235 918 363 973 pere
392 903 700 964 volumus,
735 899 845 954 nisi
890 902 1174 970 quantum
1226 896 1584 953 consuetudo
1616 899 1720 948 est.
1758 893 1832 963 (a)
1866 892 1946 945 Te

231 997 417 1048 autem
453 1008 587 1064 qua
630 1006 969 1061 comparare
1003 989 1320 1060 jussimus,
1353 988 1425 1043 ab
1457 983 1737 1042 extraneis
1784 998 1948 1038 com-

231 1086 530 1153 parentur.

297 1211 323 1236 ‹‹
364 1188 640 1244 Pervenit
686 1191 880 1243 autem
927 1187 1001 1242 ad
1046 1203 1152 1242 nos
1201 1188 1315 1242 tres
1363 1184 1545 1239 libras
1604 1181 1729 1237 auri
1779 1181 1944 1236 Petro

229 1279 574 1334 conductori
617 1279 686 1334 de
727 1277 1112 1348 Subpatriana
1149 1277 1367 1348 injuste
1410 1274 1632 1330 ablatas
1669 1289 1681 1327 :
1713 1273 1784 1327 de
1834 1287 1947 1341 qua

228 1386 404 1424 causa
435 1369 754 1424 Fantinum
787 1369 1148 1424 defensorum
1175 1365 1473 1423 subtiliter
1516 1363 1768 1435 require,
1803 1371 1856 1418 et
1895 1360 1944 1416 si

227 1461 570 1524 manifeste,
604 1458 824 1529 injuste
854 1463 912 1516 et
940 1460 1403 1530 incompeteuter
1434 1455 1634 1512 ablata
1666 1458 1824 1521 sunt,
1858 1453 1944 1508 si-

224 1564 293 1603 ne
331 1547 532 1618 aliqua
563 1547 842 1604 tarditate
875 1549 1139 1604 restitue.

293 1678 320 1703 «
336 1654 736 1725 Cognovimus
753 1655 930 1711 etiam
947 1655 1192 1712 rusticos
1207 1652 1609 1710 burdationem
1629 1666 1804 1722 quam
1819 1650 1938 1720 jam

223 1745 292 1799 ab
326 1744 410 1800 eis
443 1749 713 1800 exactam
745 1745 1106 1802 Theodosius
1145 1745 1390 1800 minime
1426 1743 1798 1816 persolverat,
1833 1742 1944 1795 ite-

220 1851 350 1889 rum
385 1835 652 1902 dedisse,
678 1836 759 1891 ita
803 1841 868 1892 ut
908 1836 970 1892 in
1003 1836 1181 1908 duplo
1225 1835 1412 1892 exacti
1444 1834 1579 1889 sint.
1614 1835 1776 1900 Quod
1809 1833 1938 1888 ideo

219 1924 441 1978 factum
474 1928 589 1988 est,
612 1923 750 1994 quia
781 1926 907 1996 ejus
931 1925 1255 1982 substantia
1283 1924 1353 1979 ad
1376 1921 1641 1979 debitum
1676 1921 1942 1977 Ecclesia

215 2028 330 2067 non
383 2013 747 2068 sufficiebat.
789 2015 900 2070 Sed
955 2016 1233 2087 quoniam
1283 2029 1382 2085 per
1432 2011 1618 2068 filium
1672 2015 1940 2068 nostrum

213 2104 571 2159 Servumdei
613 2103 922 2160 diaconum
955 2106 1143 2161 edocti
1195 2121 1405 2161 sumus
1451 2104 1604 2175 quod
1655 2119 1722 2160 ex
1768 2101 1942 2156 rebus

214 2194 572 2249 substantia
605 2195 733 2264 ejus
766 2196 948 2265 possit
977 2195 1086 2250 hoc
1124 2194 1319 2265 ipsum
1347 2193 1618 2249 damnem
1650 2191 1942 2247 sufficien-

213 2289 299 2337 ter
332 2282 634 2350 resarciri,
667 2283 938 2339 volumus
962 2285 1308 2356 quingentos
1331 2289 1553 2354 septem
1586 2281 1805 2338 solidos
1827 2280 1943 2335 eis-

216 2369 350 2426 dem
384 2371 636 2427 rusticis
668 2372 795 2428 sine
822 2373 1020 2444 aliqua
1049 2372 1460 2428 imminutione
1494 2370 1743 2436 restitui,
1779 2385 1848 2424 ne
1881 2369 1939 2422 in

215 2459 396 2532 duplo
454 2462 768 2516 videantur
809 2463 1013 2519 exacti.
1064 2463 1120 2517 Si
1171 2467 1366 2518 autem
1419 2478 1599 2532 supra
1653 2460 1939 2525 damnum

215 2553 587 2608 rusticorum
621 2553 794 2608 etiam
831 2554 1216 2626 quadraginta
1241 2552 1413 2608 solidi
1443 2553 1514 2608 de
1546 2553 1719 2608 rebus
1749 2550 1939 2606 Theo-

213 2640 366 2694 dosii
400 2647 736 2708 remanent,
770 2659 918 2713 quos
949 2647 1006 2698 et
1036 2643 1191 2714 apud
1225 2646 1280 2698 te
1312 2641 1522 2698 diceris
1570 2641 1804 2706 habere,
1839 2654 1942 2695 vo-

211 2728 425 2783 lumus
460 2734 523 2783 ut
555 2729 685 2784 ﬁlia
725 2731 853 2801 ejus
897 2732 1238 2802 reddantur,
1273 2735 1336 2787 ut
1367 2747 1460 2787 res
1492 2746 1648 2798 suas,
1683 2744 1830 2799 quas
1878 2726 1938 2781 in

212 2818 466 2890 pignore
499 2819 764 2886 dederat,
797 2820 1050 2892 recipere
1073 2822 1298 2878 debeat.
1325 2821 1426 2876 Cui
1449 2821 1625 2877 etiam
1648 2819 1724 2891 (b)
1752 2817 1940 2874 batio-

212 2906 333 2962 lam
365 2908 554 2977 patris
589 2908 680 2962 sui
716 2909 945 2978 restitui
976 2909 1272 2966 volumus.

299 3037 325 3062 τι
359 3016 824 3087 Campanianus,
856 3017 1146 3090 gloriosus
1179 3019 1450 3092 magister
1482 3018 1756 3084 militum,
1790 3015 1935 3071 duo-

215 3104 418 3159 decim
451 3106 675 3162 solidos
721 3124 951 3163 annuos
979 3109 1187 3164 Joanni
1225 3110 1447 3164 notario
1478 3125 1582 3164 suo
1627 3107 1938 3177 reliquerat
1965 3117 2015 3179 υ

210 3209 289 3248 ex
321 3211 526 3250 massa
567 3197 924 3252 Varroniana
958 3215 969 3252 :
1010 3214 1157 3268 quos
1205 3199 1341 3253 dare
1386 3202 1439 3253 te
1469 3198 1638 3253 annis
1679 3196 1929 3268 singulis

205 3284 338 3338 sine
374 3284 582 3354 aliqua
614 3284 976 3342 dubitatione
1007 3286 1383 3359 pracipimus
1414 3286 1572 3358 nepti
1605 3285 1770 3356 Eupli
1797 3301 1930 3340 con-

200 3371 496 3440 ductoris,
534 3375 805 3445 quamvis
837 3393 1009 3433 omne
1041 3377 1252 3433 mobile
1294 3378 1553 3447 ejusdem
1589 3376 1752 3447 Eupli
1798 3392 1929 3447 per-

201 3463 450 3533 ceperit,
481 3464 741 3534 exceptis
781 3464 1064 3521 duntaxat
1093 3465 1312 3522 solidis.
1347 3465 1492 3521 Dare
1522 3465 1696 3522 etiam
1731 3466 1801 3522 de
1833 3482 1927 3520 so-

203 3550 340 3607 lidis
383 3552 556 3608 illius
590 3557 644 3608 te
675 3554 946 3611 volumus
977 3555 1190 3612 solidos
1218 3557 1422 3628 viginti
1453 3555 1735 3628 quinque.
1769 3556 1925 3626 Sup-

205 3641 560 3713 positorium
588 3641 828 3714 aliquod
861 3652 1205 3715 argenteum
1238 3662 1338 3716 pro
1364 3662 1478 3701 uno
1501 3646 1687 3702 solido
1711 3644 1928 3700 dicitur

211 3746 338 3786 esse
377 3731 737 3802 appositum,
769 3736 824 3787 et
853 3733 1001 3789 calix
1030 3750 1134 3805 pro
1166 3751 1266 3790 sex
1307 3734 1512 3791 solidis
1553 3733 1768 3789 dicitur
1798 3749 1930 3789 esse

209 3819 548 3890 appositus.
584 3820 945 3893 interrogato
979 3825 1277 3880 Dominico
1309 3826 1638 3892 secretario,
1670 3823 1758 3878 vel
1800 3822 1929 3878 aliis

209 3911 302 3980 qui
336 3910 500 3965 scire
522 3919 789 3982 possunt,
824 3914 1085 3970 debitum
1118 3916 1326 3986 recipe,
1352 3915 1664 3972 etvascula
1695 3915 1932 3986 prafata

208 4001 486 4056 restitue.

281 4134 306 4158 υ
343 4109 602 4180 Agimus
634 4116 827 4167 autem
875 4114 1093 4183 gratias
1124 4115 1504 4171 sollicitudini
1534 4123 1665 4186 tua,
1692 4117 1828 4186 quia
1859 4114 1929 4170 de

207 4215 398 4254 causa
429 4199 625 4255 fratris
657 4201 770 4256 mei
803 4205 1049 4274 pracepi
1083 4205 1183 4259 tibi
1218 4209 1283 4261 ut
1313 4211 1622 4276 argentum
1650 4205 1807 4260 illius
1839 4220 1930 4259 re-

204 4292 616 4346 transmittere
639 4291 963 4358 debuisses,
999 4303 1052 4350 et
1083 4297 1167 4350 sic
1198 4294 1480 4352 oblivioni
1515 4295 1828 4364 mandasti,
1864 4312 1929 4351 ac

207 4379 246 4432 si
285 4379 401 4434 tibi
433 4381 657 4451 aliquid
710 4382 782 4438 ab
831 4392 1091 4441 extremo
1123 4387 1417 4458 mancipio
1467 4391 1564 4442 tuo
1617 4387 1927 4442 diceretur.

204 4467 383 4531 Quod
405 4469 558 4538 jam,
592 4469 678 4525 vel
721 4471 892 4528 modo
924 4490 1039 4530 non
1063 4475 1436 4546 experientia,
1472 4476 1563 4532 75
1601 4476 1704 4531 sed
1739 4474 1924 4546 negli-

203 4560 409 4628 gentia
453 4564 554 4614 tua
584 4561 818 4617 studeat
857 4563 1125 4634 implere.
1155 4564 1243 4621 vel
1283 4565 1567 4638 quidquid
1601 4566 1726 4636 ejus
1765 4565 1920 4636 apud

201 4648 571 4704 Antoninum
621 4650 804 4707 fuisse
843 4654 1202 4724 cognoveris,
1263 4656 1372 4711 sub
1419 4654 1578 4711 omni
1625 4654 1926 4711 velocitate

208 4739 631 4797 retransmitte.

285 4869 318 4896 α
360 4847 433 4902 De
475 4864 650 4904 causa
679 4849 939 4923 Salpingi
968 4853 1151 4909 Judaei
1184 4853 1431 4925 epistola
1462 4855 1660 4927 aliqua
1689 4860 1778 4911 est
1832 4855 1927 4912 in-

213 4942 410 5004 venta,
436 4955 614 5010 quam
647 4941 750 4996 tibi
775 4942 1019 5000 fecimus
1042 4945 1381 5016 transmitti,
1406 4950 1466 5003 ut
1487 4963 1616 5003 eam
1642 4946 1925 5020 relegens,

216 5032 270 5081 et
304 5028 605 5085 subtiliter
634 5045 870 5088 causam
901 5033 1054 5104 ejus,
1085 5034 1173 5090 vel
1217 5034 1401 5092 vidua
1441 5037 1768 5108 cujusdam,
1799 5052 1924 5109 qua

217 5115 280 5172 in
322 5119 527 5175 eodem
561 5122 790 5193 negotio
835 5123 1048 5179 dicitur
1094 5124 1412 5196 implicata,
1443 5142 1824 5199 cognoscens,
1855 5128 1926 5183 de

220 5206 645 5281 quinquaginta
677 5228 792 5267 uno
814 5211 1017 5269 solidis
1044 5217 1115 5284 (ε)
1139 5215 1240 5285 qui
1265 5215 1551 5273 redhiberi
1576 5223 1922 5289 noscuntur,

2061 449 2293 503 dentur.

2134 559 2160 585 ‹‹
2193 539 2484 594 Antonino
2519 540 2799 595 medietas
2832 539 3002 612 legati
3030 542 3117 596 sui
3160 542 3290 597 data
3334 546 3438 608 est,
3472 541 3753 596 medietas

2060 628 2415 684 redimetur:
2451 647 2625 701 quam
2663 631 3026 687 medietatem
3059 648 3124 687 ex
3157 633 3454 688 communi
3488 632 3758 687 substan-

2057 719 2138 772 tia
2167 717 2214 772 ei
2246 717 2511 773 volumus
2543 719 2849 790 adimpleri
2877 739 2890 789 ;
2916 726 2971 775 et
2994 738 3106 776 non
3139 721 3329 777 solum
3356 721 3427 789 ei,
3461 721 3562 775 sed
3585 719 3757 775 etiam

2057 811 2480 877 defensoribus,
2496 812 2903 881 etperegrinis,
2919 814 3130 884 quibus
3149 813 3322 885 legati
3344 813 3514 868 titulo
3535 811 3757 883 aliquid

2058 899 2392 970 dereliquit,
2453 909 2504 955 et
2554 901 2782 956 familia
2841 901 3095 974 legatum
3157 903 3405 974 persolvi
3462 902 3755 967 volumus,

2057 991 2210 1060 quod
2245 995 2437 1045 tamen
2492 993 2560 1046 ad
2609 1008 2713 1046 nos
2747 992 3013 1063 pertinet.
3045 993 3297 1048 Collecta
3339 1009 3474 1064 ergo
3512 992 3756 1059 ratione,

2058 1097 2159 1152 pro
2192 1084 2388 1136 nostra
2420 1087 2605 1150 parte,
2640 1083 2691 1136 id
2737 1087 2845 1147 est,
2883 1099 2984 1154 pro
3017 1098 3221 1138 novem
3255 1083 3445 1138 unciis
3478 1082 3754 1151 persolve.

2129 1194 2156 1222 «
2193 1173 2267 1226 De
2298 1172 2499 1228 solidis
2526 1173 2788 1228 Ecclesia
2820 1174 3125 1230 Canusina
3149 1173 3420 1230 volumus
3447 1178 3509 1228 ut
3541 1171 3756 1243 aliquid

2055 1261 2281 1317 clericis
2329 1263 2590 1332 ejusdem
2640 1263 2908 1320 Ecclesia
2959 1263 3244 1335 largiaris.
3277 1269 3588 1336 quatenus,
3623 1267 3678 1318 et
3717 1261 3756 1315 ii

2055 1352 2154 1423 qui
2189 1369 2340 1408 nunc
2374 1353 2624 1424 inopiam
2651 1355 2969 1425 patiuntur,
2997 1355 3475 1410 sustentationem
3501 1354 3755 1424 aliquam

2054 1443 2280 1509 habeat,
2313 1451 2366 1498 et
2397 1445 2445 1498 si
2477 1443 2595 1498 illic
2638 1444 2791 1500 Deus
2832 1445 3075 1501 voluerit
3106 1445 3363 1501 ordinari
3395 1443 3754 1516 episcopum,

2053 1531 2262 1588 habeat
2290 1534 2442 1588 unde
2471 1534 2771 1590 subsistat.

2123 1645 2152 1673 «
2184 1623 2265 1678 De
2297 1623 2473 1694 lapsis
2505 1624 2906 1680 sacerdotibus
2937 1624 3022 1679 vel
3065 1625 3326 1696 quolibet
3372 1641 3438 1680 ex
3469 1623 3618 1679 clero
3651 1624 3752 1680 ob-

1974 1733 2020 1799 B
2051 1728 2278 1768 servare
2311 1718 2364 1768 te
2394 1714 2658 1769 volumus
2692 1719 2754 1769 ut
2785 1714 2844 1770 in
2873 1716 3043 1770 rebus
3066 1731 3267 1771 eorum
3293 1713 3450 1770 nulla
3477 1715 3755 1770 contami-

2051 1803 2283 1859 natione
2315 1804 2631 1869 miscearis,
2664 1804 2762 1858 sed
2797 1803 3167 1875 pauperrima
3213 1803 3504 1875 regularia
3552 1819 3754 1858 mona-

2052 1893 2226 1948 steria
2251 1893 2496 1965 require,
2523 1910 2651 1964 qua
2673 1895 2996 1949 secundum
3023 1898 3197 1948 Deum
3222 1895 3410 1949 vivere
3443 1893 3672 1961 sciunt;
3698 1896 3755 1949 et

2051 1983 2108 2038 in
2141 1984 2360 2039 eisdem
2398 1984 2767 2040 monasteriis
2800 1986 2871 2040 ad
2907 1984 3306 2056 paenitentiam
3341 1983 3532 2056 lapsos
3565 1984 3749 2047 trade,

2051 2078 2106 2128 et
2139 2089 2228 2129 res
2260 2073 2552 2144 lapsorum
2587 2074 2644 2128 in
2677 2090 2742 2130 eo
2771 2073 2896 2130 loco
2926 2074 3190 2145 proﬁciat
3219 2073 3276 2128 in
3301 2089 3413 2144 quo
3445 2089 3614 2145 agere
3639 2090 3752 2144 pa-

2051 2164 2360 2218 nitentiam
2407 2165 2738 2230 traduntur,
2785 2169 3072 2234 quatenus
3101 2164 3212 2236 ipsi
3245 2181 3312 2219 ex
3341 2164 3513 2220 rebus
3543 2179 3748 2219 eorum

2049 2253 2383 2310 subsidium
2417 2252 2691 2319 habeant,
2724 2252 2823 2324 qui
2857 2253 2926 2308 de
2965 2252 3318 2309 correctione
3349 2269 3551 2309 eorum
3584 2252 3750 2308 solli-

2050 2343 2365 2399 citudinem
2390 2347 2618 2413 gerunt.
2649 2343 2707 2398 Si
2731 2359 2863 2399 vero
2887 2351 3148 2414 parentes
3174 2342 3410 2412 habent,
3434 2359 3526 2398 res
3547 2358 3748 2399 eorum

2051 2433 2321 2503 legitimis
2353 2433 2694 2504 parentibus
2727 2433 2960 2498 dentur,
2992 2433 3071 2488 ita
3100 2439 3289 2488 autem
3324 2436 3386 2486 ut
3415 2448 3616 2488 eorum
3649 2432 3752 2488 sti-

2050 2524 2350 2594 pendium,
2373 2524 2466 2594 qui
2493 2522 2548 2576 in
2577 2523 2974 2593 paniteutiam
3000 2523 3118 2577 dati
3145 2522 3750 2591 luerint,sufﬁcienter

2050 2613 2252 2668 debeat
2283 2612 2601 2684 procurari.
2637 2612 2695 2666 Si
2725 2613 2823 2683 qui
2856 2627 3076 2666 veroex
3109 2612 3325 2666 familia
3355 2612 3746 2667 ecclesiastica

2049 2703 2400 2771 sacerdotes,
2432 2703 2517 2758 vel
2564 2701 2774 2769 levita,
2813 2702 2900 2756 vel
2951 2701 3244 2768 monachi,
3277 2702 3362 2757 vel
3406 2701 3616 2768 clerici,
3662 2701 3747 2756 vel

2050 2792 2292 2864 quilibet
2321 2791 2416 2846 alii
2450 2791 2595 2863 lapsi
2621 2789 2860 2857 fuerint,
2884 2790 3006 2845 dari
3029 2807 3129 2846 eos
3150 2791 3208 2846 in
3232 2791 3634 2861 pcenitentiam
3658 2806 3748 2845 vo-

2049 2882 2265 2948 lumus,
2299 2883 2399 2937 sed
2424 2897 2514 2937 res
2537 2897 2736 2937 eorum
2760 2879 3149 2936 ecclesiastico
3166 2881 3286 2950 juri
3320 2896 3431 2935 non
3455 2880 3746 2948 subtrahi,

2047 2973 2118 3029 ad
2144 2989 2316 3028 usum
2339 2977 2534 3028 tamen
2556 2987 2725 3027 suum
2748 2969 3061 3042 accipiant,
3079 2970 3232 3024 unde
3252 2969 3320 3025 ad
3346 2970 3638 3039 panitend
3650 2986 3746 3025 um

2047 3066 2406 3134 subsistant;
2440 3081 2513 3120 ne
2543 3064 2591 3119 si
2624 3063 2937 3128 nudentur,
2967 3061 3108 3117 locis
3139 3061 3197 3116 in
3229 3061 3442 3132 quibus
3468 3061 3586 3117 dati
3619 3061 3746 3116 fue-

2045 3157 2163 3212 rint
2191 3154 2422 3210 onerosi
2446 3155 2584 3209 sint.
2615 3155 2672 3208 Si
2695 3168 2842 3223 quos
2866 3155 3132 3223 parentes
3155 3151 3212 3205 in
3239 3151 3604 3222 possessione
3639 3151 3742 3206 ha-

2036 3247 2197 3315 bent,
2223 3246 2368 3318 ipsis
2401 3261 2490 3300 res
2522 3260 2724 3300 eorum
2756 3243 3048 3299 tradenda
3071 3246 3230 3310 sunt,
3257 3243 3320 3295 ut
3346 3241 3417 3297 ab
3448 3242 3592 3312 ipsis
3617 3241 3739 3312 juri

2037 3335 2306 3392 Ecclesia
2340 3338 2782 3390 conserventur.

2113 3447 2140 3476 «
2171 3428 2315 3481 Ante
2346 3423 2664 3480 triennium
2695 3422 3036 3479 subdiaconi
3065 3420 3326 3478 omnium
3349 3420 3740 3476 Ecclesiarum

2038 3514 2243 3570 Sicilia
2278 3513 2549 3585 prohibiti
2583 3513 2810 3568 fuerant
2847 3515 2911 3567 ut
2950 3528 3107 3567 more
3156 3511 3424 3567 Romana
3472 3510 3739 3568 Ecclesia

2037 3605 2160 3660 suis
2192 3604 2468 3660 uxoribus
2493 3602 2829 3658 nullatenus
2855 3601 3259 3656 miscerentur.
3286 3600 3446 3666 Quod
3473 3599 3615 3654 mihi
3640 3601 3745 3655 du-

2039 3712 2170 3750 rum
2213 3699 2386 3766 atque
2428 3694 2827 3764 incompetens
2857 3691 3117 3760 videtur;
3151 3694 3214 3746 ut
3245 3692 3341 3762 qui
3375 3707 3548 3747 usum
3581 3691 3741 3761 ejus-

2039 3788 2170 3841 dem
2199 3784 2564 3840 continentia
2598 3801 2711 3838 non
2744 3783 2982 3850 invenit,
3018 3798 3206 3853 neque
3237 3781 3565 3837 castitatem
3610 3791 3742 3838 ante

2039 3875 2361 3947 proposuit,
2394 3873 2777 3945 compellatur
2808 3890 2840 3927 a
2879 3889 2987 3928 sua
3027 3889 3202 3928 uxore
3249 3872 3526 3942 separari,
3572 3877 3742 3942 atque

2038 3981 2137 4036 per
2187 3965 2312 4035 hoc,
2363 3963 2518 4035 quod
2568 3962 2740 4029 absit,
2775 3961 3028 4016 deterius
3072 3961 3260 4017 cadat.
3305 3960 3468 4016 Unde
3514 3960 3743 4015 videtur

2039 4054 2184 4110 mihi
2213 4058 2278 4109 ut
2309 4071 2340 4109 a
2372 4052 2639 4124 prasenti
2671 4051 2763 4107 die
2793 4050 3078 4122 episcopis
3109 4049 3385 4106 omnibus
3420 4051 3649 4105 dicatur
3679 4054 3746 4105 ut

2039 4145 2264 4202 nullum
2300 4145 2484 4201 facere
2514 4144 2930 4214 subdiaconum
2957 4145 3337 4214 prasumant,
3373 4139 3486 4196 nisi
3535 4140 3634 4212 qui
3684 4157 3746 4197 se

2036 4237 2326 4294 victurum
2349 4239 2506 4292 caste
2529 4234 2874 4308 promiserit,
2901 4237 3190 4305 quatenus
3213 4239 3262 4288 et
3288 4230 3593 4303 praterita,
3619 4246 3745 4301 qua

2041 4328 2334 4400 proposito
2367 4327 2582 4382 mentis
2631 4325 2888 4397 appetita
2937 4340 3052 4381 non
3093 4327 3252 4392 sunt,
3303 4322 3584 4379 violenter
3627 4338 3744 4378 non

2039 4419 2373 4488 exigantur,
2406 4421 2462 4472 et
2494 4418 2684 4473 futura
2713 4420 2881 4472 caute
2913 4417 3246 4471 caveantur.
3281 4413 3389 4478 Qui
3430 4429 3566 4469 vero
3612 4416 3745 4484 post

1956 4479 1999 4546 Β
2032 4479 2294 4564 ΘΜϊῖίίθῶ
2320 4479 2790 4579 prohibitionem,
2815 4522 2942 4577 qua
2965 4509 3098 4561 ante
3122 4503 3443 4560 triennium
3468 4479 3743 4570 facta-est,

2035 4597 2402 4654 continenter
2432 4612 2562 4651 cum
2595 4594 2720 4651 suis
2749 4594 3104 4667 conjugibus
3135 4593 3423 4662 vixerunt,
3458 4592 3739 4648 laudandi

2037 4688 2211 4756 atque
2243 4683 2652 4741 remunerandi
2683 4686 2842 4751 sunt,
2875 4690 2927 4738 et
2955 4685 3018 4738 ut
3056 4681 3114 4736 in
3162 4682 3311 4737 bono
3344 4697 3448 4736 sua
3500 4696 3739 4751 perma-

2039 4779 2217 4832 neant
2246 4774 2609 4830 exhortandi.
2639 4773 2748 4830 Eos
2777 4776 2968 4830 autem
2998 4773 3098 4844 qui
3132 4775 3258 4843 post
3287 4769 3740 4842 prohibitionem

2041 4867 2252 4920 factam
2286 4881 2348 4921 se
2369 4881 2402 4920 a
2424 4864 2547 4920 suis
2571 4862 2852 4918 uxoribus
2875 4862 3169 4919 continere
3192 4859 3522 4924 noluerunt,
3548 4873 3741 4930 perve-

2038 4954 2162 5010 nire
2189 4955 2261 5010 ad
2293 4970 2524 5010 sacrum
2555 4953 2819 5010 ordinem
2853 4951 3145 5019 nolumus,
3177 4949 3313 5021 quia
3346 4947 3540 5005 nullus
3571 4948 3742 5002 debet

2037 5046 2109 5102 ad
2150 5044 2534 5100 ministerium
2567 5043 2767 5100 altaris
2794 5043 2890 5098 76
2921 5041 3212 5106 accedere,
3238 5038 3350 5094 nisi
3375 5037 3543 5107 cujus
3564 5037 3738 5093 casti-

2036 5141 2126 5191 tas
2155 5139 2288 5191 ante
2317 5142 2656 5206 susceptum
2693 5131 3085 5188 ministerium
3118 5127 3287 5184 fuerit
3328 5126 3664 5199 approbata.

2107 5248 2134 5275 «
2170 5225 2436 5280 Liberato
2461 5221 2825 5294 negotiatori,
2861 5219 2960 5291 qui
2991 5234 3052 5275 se
3083 5216 3345 5273 Ecclesia
3373 5217 3738 5274 commenda-

218 5296 365 5352 sicut
387 5299 620 5370 justum
653 5301 758 5356 tibi
790 5303 980 5359 visum
1008 5303 1203 5372 fuerit,
1239 5322 1586 5379 responsum
1619 5310 1817 5378 facias,
1843 5312 1923 5370 ita
2033 5314 2129 5383 vit,
2156 5314 2247 5386 qui
2272 5313 2496 5369 habitat
2522 5313 2582 5368 in
2616 5326 2804 5366 massa
2834 5307 3130 5378 Cinciana,
3154 5322 3412 5364 annuam
3435 5306 3735 5363 continen-

285 5510 359 5578 (α)
391 5509 452 5564 In
487 5511 788 5566 nonnullis
834 5511 995 5588 Msa,
1029 5529 1094 5570 ea
1143 5523 1325 5570 autem
1352 5532 1488 5588 qua.
1526 5521 1586 5574 In
1638 5519 1789 5588 aliis,
1826 5529 1916 5576 tua

214 5592 546 5654 autmiun
568 5586 900 5654 comparari.

287 5652 357 5722 (b)
387 5652 540 5715 Quid
571 5655 650 5709 sit
670 5652 925 5728 ξὺαιὶοια,
959 5656 1186 5728 require
1217 5657 1278 5714 in
1311 5660 1466 5718 notis
1497 5663 1565 5719 ad
1617 5661 1911 5728 epistolas.

219 5721 454 5780 Easdem
479 5725 788 5784 consulere
818 5721 932 5784 non
958 5721 1172 5800 pigeat,
1195 5730 1245 5786 si
1277 5730 1415 5802 quid
1439 5721 1803 5794 difﬁcultatis
1824 5751 1916 5795 οσ-

2029 5527 2227 5580 currat
2250 5525 2306 5577 in
2330 5521 2552 5577 caeteris
2573 5517 2836 5588 epistolis
2868 5533 2900 5572 a
2924 5516 3151 5572 Joanne
3174 5514 3436 5588 Diacono‘
3452 5513 3731 5583 laudatis,

2028 5595 2309 5650 nimirum
2341 5609 2465 5663 qua
2491 5585 2625 5662 jam
2645 5590 2780 5647 alibi
2808 5589 3267 5658 observavimus,
3296 5588 3402 5644 hoc
3423 5585 3548 5643 loco
3571 5602 3735 5658 rape-

2025 5673 2147 5723 tere
2179 5665 2482 5722 tadiosum
2512 5664 2679 5720 foret.

2099 5759 2127 5790 ‹‹
2158 5736 2272 5808 AL,
2301 5735 2458 5794 reddi
2485 5735 2696 5794 debere.
