4088 6172
369 190 486 254 123

931 207 996 267 S.
1042 207 1421 275 GREGORII
1464 217 1695 279 PAP/E
1737 220 1943 299 VlTA,
1989 226 2218 289 AUCT.
2264 228 2570 292 JOANNE
2623 227 2985 294 DIACONO.
3037 231 3181 293 LIB.
3229 233 3310 295 II.

3762 237 3892 296 124

537 351 571 389 a
681 337 950 440 volumus
980 344 1123 402 ﬁeri.
1155 351 1332 420 Cujus
1370 355 1739 413 continentiae
1770 376 2057 418 summam
2093 367 2141 432 Α
2172 365 2408 437 aliquod
2440 367 2782 423 alimentum
2818 369 3027 439 praebe,
3060 369 3199 440 quia
3229 370 3516 426 Maximus
3539 387 3671 426 eum
3696 370 3757 426 in
3789 373 3895 428 Si-

365 418 489 522 ipse
519 424 742 522 aestima
773 431 962 522 qualis
994 452 1122 492 esse
1155 418 1380 508 debeat,
1417 449 1477 499 ut
1509 449 1839 505 renuntiata
1872 453 2058 521 nobis,

367 516 426 606 in
458 516 576 606 tuis
609 516 928 576 rationibus
961 529 1144 594 possit
1176 529 1470 600 imputari.
1505 535 1584 591 De
1615 541 1882 606 praesenti
1929 516 2060 598 vero

369 599 698 703 Indictione
720 610 839 678 jam
887 631 919 669 a
953 615 1068 673 filio
1115 599 1312 679 nostro
1345 599 1888 687 Servodei-diacono
1935 650 2065 703 per-

369 696 491 765 cepi
539 702 688 790 quod
741 703 1048 762 Fantinum
1100 710 1462 768 defensorem
1519 715 1773 774 Joannes
1821 696 2062 790 quidam

368 787 693 844 monachus
727 793 981 849 moriens
1013 797 1070 851 in
1121 813 1218 854 sex
1250 802 1454 857 uncias
1486 803 1768 862 haeredem
1813 787 2059 865 dimisit.

364 869 468 926 Cui
501 873 606 930 hoc
632 879 864 946 quidem
898 886 1050 954 quod
1082 887 1393 945 dimissum
1426 897 1514 947 est
1543 893 1726 963 trade,
1750 897 1850 952 sed
1873 903 2062 954 conte-

366 967 518 1055 slare
549 979 682 1055 eum
721 972 779 1022 ut
809 970 914 1025 hoc
945 973 1131 1032 facere
1170 977 1415 1035 ulterius
1454 997 1568 1037 non
1602 991 1931 1055 praesumat,
1963 987 2060 1042 sed

363 1064 467 1141 pro
497 1052 694 1112 labore
726 1074 832 1115 suo
863 1065 1057 1119 statue
1088 1069 1234 1137 quod
1274 1071 1540 1141 accipiat,
1579 1052 1640 1129 u't
1659 1075 1710 1129 ei
1735 1052 1945 1131 vacuus
1970 1077 2062 1133 la-

363 1138 641 1237 borsuus
671 1162 799 1203 esse
839 1167 952 1207 non
986 1154 1227 1224 debeat;
1264 1167 1315 1213 et
1347 1138 1454 1216 hoc
1486 1138 1836 1231 meminerit,
1868 1170 1933 1221 ut
1962 1167 2062 1237 qui

366 1228 630 1326 Ecclesiae
662 1237 972 1307 stipendiis
1020 1245 1308 1315 subsistit,
1343 1250 1409 1304 ad
1459 1249 1622 1307 lucra
1670 1228 1904 1326 propria
1947 1228 2061 1310 non

364 1320 619 1417 anhelet.
654 1326 711 1380 Si
763 1330 901 1399 quid
935 1348 1066 1389 vero
1116 1335 1240 1392 sine
1276 1344 1510 1408 peccato
1542 1346 1597 1397 et
1627 1320 1753 1398 sine
1779 1320 2061 1417 'appetitu

362 1413 839 1505 eoncupiscentiaa
873 1436 974 1490 per
1003 1439 1100 1480 eos
1132 1426 1230 1496 qui
1265 1441 1469 1483 causas
1499 1430 1767 1489 Ecclesia:
1789 1413 1968 1505 agunt
1989 1438 2060 1492 ad

363 1497 683 1560 Ecclesiam
709 1509 946 1576 venerit,
973 1512 1219 1584 dignum
1243 1521 1332 1572 est
1361 1522 1426 1572 ut
1447 1517 1558 1591 ipsi
1583 1522 1747 1577 vacui
1778 1497 2062 1582 ex'labore

363 1605 641 1685 sudasse
686 1613 802 1653 non
847 1600 1116 1670 debeant,
1150 1605 1247 1660 sed
1292 1611 1489 1664 nostro
1538 1619 1798 1668 servetur
1833 1614 2057 1685 judicio

363 1683 618 1751 qualiter
654 1687 904 1746 debeant
934 1698 1318 1753 remunerari.

437 1794 466 1822 «
502 1775 841 1867 Degarﬁgento
875 1782 1196 1841 Rusticiani
1230 1804 1462 1845 causam
1494 1792 1781 1849 subtiliter
1810 1797 2062 1867 require,

363 1862 418 1951 et
448 1865 598 1933 quod
635 1866 737 1922 tibi
771 1869 1000 1938 justum
1046 1876 1270 1932 videtur
1307 1895 1641 1951 exsequere.
1679 1862 2061 1940 Alexandrum

362 1949 548 2006 virum
603 1957 981 2026 magniﬁcum
1031 1964 1295 2031 admone,
1329 1973 1393 2022 ut
1436 1949 1668 2025 causam
1714 1988 1880 2027 suam
1928 1989 2060 2028 cum

363 2045 562 2096 saneta
595 2044 845 2102 Ecclesia
877 2050 1141 2109 decidere
1173 2056 1393 2113 debeat.
1429 2060 1589 2124 Quod
1624 2062 1671 2115 si
1702 2063 1846 2118 forte
1876 2063 2063 2119 facere

362 2129 701 2201 neglexerit,
737 2141 996 2196 eamdem
1030 2159 1263 2201 causam
1305 2164 1438 2203 cum
1472 2150 1680 2207 timore
1729 2153 1848 2219 Dei,
1881 2153 2063 2208 hone-

359 2306 556 2403 lar‘giri
605 2313 823 2385 aliquid
874 2324 929 2374 te
978 2321 1265 2394 volumus,
1297 2306 1374 2398 et,
1409 2328 1456 2383 si
1500 2306 1685 2401 potest
1731 2331 1876 2398 fieri,
1907 2333 2063 2403 quod

357 2395 488 2454 aliis
520 2401 777 2460 dandum
813 2412 920 2475 est,
964 2409 1074 2482 ipsi
1124 2395 1428 2482 relaxetur,
1468 2395 1788 2476 dummodo
1828 2395 2063 2477 causam

360 2502 534 2557 quam
571 2494 876 2552 nobiscum
911 2499 1084 2556 habet
1114 2511 1405 2574 perexeat.

429 2602 455 2629 «
494 2579 869 2642 Donationem
901 2591 1125 2648 ancillas
1157 2594 1256 2650 Dei
1290 2613 1413 2668 quae
1449 2599 1612 2672 lapsa
1642 2606 1748 2668 est,
1779 2611 1834 2658 et
1859 2604 1916 2659 in
1946 2621 2065 2661 mo-

357 2675 612 2730 nasterio
658 2677 813 2744 data,
867 2683 1022 2737 omni
1075 2689 1394 2758 postposita
1442 2692 1740 2758 tarditate,
1791 2694 2057 2762 restitue,

357 2773 646 2856 quatenus
691 2767 815 2839 ipse
867 2771 1050 2844 locus,
1087 2781 1151 2830 ut
1199 2780 1467 2849 superius
1517 2783 1654 2847 dixi,
1691 2801 1880 2841 rerum
1933 2787 2062 2856 ejus

356 2854 649 2946 stipe-adria
682 2857 889 2915 habeat
919 2863 1020 2933 qui
1053 2865 1179 2934 ejus
1210 2868 1626 2928 sollicitudinis
1665 2872 1888 2930 labores
1923 2854 2056 2946 por-

356 2944 459 2995 tat.
492 2943 602 2998 Sed
638 2950 694 3000 et
726 2951 1003 3021 quidquid
1038 2955 1109 3009 ab
1140 2957 1268 3011 aliis
1299 2960 1521 3029 ex"ejus
1551 2963 1878 3019 substantia
1911 2943 2062 3021 tene-

357 3034 453 3086 tur
483 3034 768 3105 recollige,
794 3043 849 3094 et
881 3046 1231 3101 monasterio
1265 3049 1497 3119 praefato
1523 3053 1707 3107 trade.

429 3145 457 3171 «
489 3123 803 3184 Pensiones
833 3133 1207 3191 xenodochiis
1249 3138 1319 3193 de
1351 3141 1436 3195 via
1469 3158 1634 3211 nova,
1669 3147 1911 3214 quantas
1945 3145 2053 3199 mi-

361 3212 416 3266 hi
450 3213 740 3287 indicasti,
775 3221 909 3290 quia
939 3223 1045 3294 [AL
1080 3227 1246 3299 quas]
1278 3229 1430 3299 apud
1462 3236 1514 3286 te
1549 3212 1743 3300 habes,
1778 3234 1945 3288 nobis
1975 3235 2054 3290 di-

357 3302 499 3394 rige.
534 3307 858 3367 Actionario
889 3318 1108 3380 autem,
1143 3333 1315 3386 quem
1359 3319 1420 3375 in
1467 3323 1667 3377 eodem
1704 3323 2054 3394 patrimonio

357 3392 673 3465 deputasti,
706 3405 872 3468 prout
901 3402 1006 3457 tibi
1037 3405 1282 3476 videtur,
1317 3409 1536 3481 aliquid
1569 3392 1804 3484 largire.

432 3503 460 3533 «
492 3488 568 3540 De
599 3487 809 3543 ancilla
831 3488 930 3546 Dei
961 3509 1091 3564 quae
1112 3511 1241 3551 cum
1274 3497 1595 3557 Theodosio
1621 3502 1749 3570 fuit,
1776 3502 2056 3558 Extranea

357 3573 615 3643 nomine,
649 3577 877 3634 videtur
924 3582 1070 3637 mihi
1113 3592 1172 3639 ut
1216 3586 1268 3641 ei
1307 3588 1724 3646 continentiam
1767 3591 1962 3660 facias,
2006 3591 2056 3648 si

357 3662 499 3719 utile
521 3667 831 3739 conspicis,
867 3675 967 3727 aut
997 3678 1146 3730 certe
1178 3675 1552 3735 donationem
1580 3699 1750 3752 quam
1775 3683 1907 3738 fecit
1939 3683 2060 3739 red-

360 3751 486 3808 das.
529 3754 775 3813 Domum
828 3765 1166 3820 monasterii
1198 3782 1370 3838 quam
1420 3772 1723 3839 Antonius,
1757 3773 1908 3827 datis
1956 3771 2059 3827 tri-

356 3841 522 3912 ginta
551 3845 775 3918 solidis,
809 3866 840 3904 a
887 3855 1242 3911 monasterio
1273 3857 1503 3927 tulerat,
1538 3862 1785 3933 receptis
1833 3861 2058 3930 solidis,

356 3933 515 3987 omni
549 3937 871 4007 postposita
915 3943 1201 4014 tarditate,
1236 3946 1496 4004 restitue.
1531 3951 1772 4006 Amulas
1821 3949 2062 4022 onychi-

2173 456 2364 510 ciliam
2400 456 2654 525 miserat,
2688 465 2745 514 et
2785 459 2865 514 ibi
2915 459 2965 515 ei
3017 476 3141 530 qua:
3191 460 3484 515 asserebat
3534 461 3890 518 abstulerat.

2173 545 2463 616 Cognosce
2505 563 2641 620 ergo
2691 564 2817 620 quis
2866 549 3053 603 ablata
3083 554 3234 614 sunt,
3273 551 3364 602 77
3401 553 3457 605 et
3497 551 3656 604 uxori
3711 551 3893 606 ﬁliis-

2173 650 2285 705 que
2315 637 2441 706 ejus
2473 637 2596 692 sine
2625 640 2816 709 aliqua
2849 655 3006 695 mora
3035 642 3292 694 restitue.
3330 645 3458 695 Haec
3487 641 3684 696 omnia
3715 641 3892 697 solli-

2172 724 2284 779 cite
2315 725 2524 796 relege,
2558 743 2905 799 omnemque
2937 730 3094 784 illam
3130 729 3477 786 familiarem
3510 737 3670 786 tuam
3699 732 3891 803 negli-

2174 815 2424 886 gentiam
2459 822 2761 888 postpone.
2795 819 3016 889 Scripta
3048 836 3175 875 mea
3204 820 3276 875 ad
3327 819 3582 877 rusticos
3632 839 3760 892 quas
3791 823 3890 878 di-

2175 907 2310 976 rexi,
2345 922 2444 978 per
2491 924 2692 964 omnes
2737 925 2960 965 massas
3010 911 3097 965 fac
3149 909 3345 980 relegi,
3394 915 3457 966 ut
3504 913 3693 967 sciant
3741 913 3887 983 quid

2173 1001 2374 1051 contra
2399 997 2700 1054 violentias
2723 1016 2861 1054 suas
2889 1016 2953 1054 ex
2979 1000 3318 1055 auctoritate
3356 1005 3551 1056 nostra
3575 1001 3888 1058 defendere

2173 1085 2438 1146 debeant,
2471 1087 2671 1158 eisque
2698 1088 2785 1143 vel
2818 1089 3153 1145 authentica
3181 1090 3266 1145 vel
3300 1090 3650 1162 exemplaria
3679 1107 3888 1147 eorum

2172 1174 2400 1230 dentur.
2423 1175 2567 1232 Vide
2589 1182 2651 1231 ut
2671 1180 2869 1234 omnia
2886 1179 3106 1249 absque
3128 1179 3540 1236 imminutione
3557 1183 3889 1250 custodias,

2173 1264 2309 1334 quia
2339 1264 2410 1318 de
2439 1264 2531 1320 his
2563 1281 2688 1335 quas
2712 1267 2816 1322 tibi
2844 1284 2944 1337 pro
2979 1267 3513 1337 servandajustitia
3535 1269 3750 1336 scribo,
3775 1284 3888 1338 ego

2173 1352 2458 1422 absolvor,
2491 1358 2546 1411 et
2576 1359 2636 1409 tu
2671 1356 2718 1411 si
2771 1355 3038 1427 negligis,
3071 1356 3369 1428 obligaris.
3403 1357 3743 1414 Terribilem
3776 1358 3890 1414 Ju-

2172 1442 2360 1499 dicem
2391 1443 2722 1500 venientem
2748 1447 3067 1508 considera,
3091 1451 3149 1501 et
3171 1447 3241 1502 de
3263 1447 3515 1503 adventu
3542 1447 3702 1504 illius
3726 1463 3889 1503 nunc

2171 1535 2273 1587 tua
2329 1533 2714 1590 consideratio
2773 1535 3204 1603 contremiscat,
3241 1551 3310 1591 ne
3360 1541 3502 1593 tunc
3530 1538 3658 1592 sine
3706 1553 3889 1592 causa

2170 1622 2287 1692 jam
2313 1624 2678 1691 timeat,'cum
2697 1641 2893 1680 coram
2916 1625 3014 1681 illo
3031 1624 3240 1680 coalum
3259 1630 3315 1680 et
3335 1629 3488 1681 terra
3511 1626 3883 1682 tremuerint.

2094 1697 2142 1762 B
2172 1712 2403 1768 Audisti
2435 1714 2574 1785 quid
2607 1713 2755 1780 volo,
2787 1714 2916 1769 vide
2958 1713 3100 1785 quid
3130 1731 3290 1786 agas.
3325 1735 3353 1762 »
3399 1716 3538 1786 (Lib.
3571 1731 3611 1783 1,
3651 1732 3734 1783 ep.
3766 1715 3882 1785 44.)

2242 1803 2327 1856 59.
2365 1804 2654 1859 Hactenus
2685 1806 2754 1860 de
2781 1806 3146 1877 Gregorianaa
3188 1804 3555 1860 liberalitatis
3589 1805 3882 1862 innocen-

2172 1891 2251 1946 tia
2284 1908 2374 1947 me
2406 1894 2674 1948 retulisse
2706 1893 2975 1948 sufficiat.
3010 1892 3318 1959 Caeterum,
3343 1893 3500 1963 quia,
3537 1892 3707 1950 famis
3737 1898 3887 1949 tem-

2171 1997 2325 2051 pore,
2360 1987 2425 2036 ut
2463 1982 2733 2038 videlicet
2773 1982 3013 2038 haberet
3056 1983 3210 2036 unde
3257 1982 3467 2037 Christi
3519 1984 3882 2056 pauperibus

2171 2070 2526 2140 subveniret,
2548 2071 2835 2128 frumenta
2857 2087 3193 2142 comparare
3209 2071 3503 2140 studebat,
3524 2071 3684 2127 nullo
3706 2073 3880 2128 modo

2172 2160 2624 2228 prmtermittam.
2658 2159 2750 2214 Ait
2781 2159 2934 2214 enim
2965 2161 3023 2214 in
3056 2158 3171 2215 alia
3199 2159 3449 2231 epistola
3489 2160 3678 2215 eidem
3709 2161 3884 2216 Petro

2171 2250 2527 2306 subdiacono
2558 2251 2706 2306 inter
2728 2259 2927 2306 cetera
2959 2267 2971 2304 :
3009 2273 3036 2300 ‹‹
3070 2250 3500 2322 Quinquaginta
3538 2253 3667 2307 auri
3706 2251 3879 2320 libri;

2171 2355 2317 2394 nova
2349 2340 2638 2396 frumenta
2670 2341 2743 2396 ab
2774 2341 3064 2396 extraneis
3105 2346 3456 2412 comparata,
3489 2346 3547 2396 et
3585 2341 3646 2396 in
3685 2341 3882 2397 Sicilia

2170 2431 2230 2483 in
2262 2427 2404 2485 locis
2435 2431 2494 2485 in
2526 2431 2738 2501 quibus
2771 2448 2882 2486 non
2917 2439 3149 2502 pereant
3181 2447 3415 2502 repone,
3449 2436 3514 2486 ut
3544 2447 3744 2488 mense
3773 2432 3881 2487 Fe-

2170 2516 2410 2573 bruario
2441 2518 2579 2575 illuc
2610 2536 2786 2576 naves
2809 2527 3055 2592 quantas
3090 2536 3398 2590 possumus
3430 2520 3777 2590 dirigamus,
3812 2525 3879 2576 ut

2169 2604 2372 2659 eadem
2415 2605 2489 2660 ad
2540 2622 2642 2662 nos
2686 2607 2972 2662 frumenta
3016 2606 3364 2662 deferantur.
3401 2606 3512 2662 Sed
3564 2612 3621 2662 et
3669 2607 3717 2662 si
3769 2624 3878 2663 nos

2171 2694 2573 2749 transmittere
2596 2711 2919 2760 cessamus,
2944 2695 3065 2764 ipse
3090 2712 3264 2752 naves
3288 2696 3546 2767 provide,
3575 2703 3629 2750 et
3650 2696 3720 2750 ad
3745 2712 3872 2763 nos,

2169 2781 2491 2839 auxiliante
2520 2783 2788 2852 Domino,
2824 2784 2944 2841 haec
2972 2785 3176 2840 eadem
3229 2785 3521 2841 frumenta
3567 2785 3875 2841 Februario

2169 2887 2366 2927 mense
2409 2874 2763 2938 transmitte,
2792 2876 3043 2946 exceptis
3093 2875 3380 2929 duntaxat
3410 2875 3721 2930 frumentis
3750 2890 3876 2944 qua:

2168 2977 2320 3016 nunc
2351 2977 2552 3018 mense
2573 2964 2935 3034 Septembrio
2958 2964 3042 3020 vel
3067 2965 3338 3021 Octobrio
3365 2965 3523 3035 juxta
3556 2974 3876 3020 consuetu-

2086 3067 2128 3135 ρ
2165 3050 2358 3106 dinem
2390 3052 2706 3108 transmitti
2740 3052 3162 3125 praestolamur.
3193 3053 3278 3108 Ita
3299 3070 3433 3125 ergo
3456 3063 3550 3108 tua
3580 3053 3878 3124 experien-

2168 3138 2246 3194 tia
2277 3140 2470 3208 faciat,
2503 3147 2569 3196 ut
2597 3142 2724 3198 sine
2755 3142 3003 3213 alicujus
3035 3143 3331 3198 vexatione
3364 3141 3552 3197 coloni
3593 3142 3872 3197 ecclesia-

2163 3229 2288 3285 stici
2317 3232 2606 3288 frumenta
2622 3238 3061 3304 congregantur,
3079 3233 3218 3304 quia
3235 3238 3347 3287 tam
3370 3234 3390 3301 [
3411 3232 3518 3298 AL,
3535 3233 3592 3287 in
3619 3233 3872 3303 tantum]

2166 3317 2260 3373 hic
2291 3319 2367 3390 (a)
2404 3337 2578 3392 parva
2609 3323 2882 3378 nativitas
2917 3322 3048 3386 fuit,
3081 3327 3167 3391 ut,
3203 3323 3335 3388 nisi,
3371 3322 3682 3377 auxiliante
3731 3323 3873 3398 Deo,

2163 3408 2232 3464 de
2273 3408 2468 3465 Sicilia
2511 3411 2798 3466 frumenta
2846 3417 3292 3482 congregentur,
3329 3411 3423 3465 18
3475 3411 3657 3466 fames
3697 3410 3870 3466 vehe-

2164 3505 2388 3558 menter
2419 3501 2737 3557 immineat.
2772 3523 2801 3552 »
2833 3502 2972 3571 (Lib.
3005 3518 3046 3568 1,
3077 3518 3159 3573 ep.
3191 3501 3306 3572 72.)

2235 3591 2324 3646 60.
2359 3591 2544 3662 Hujus
2569 3591 2954 3658 liberalitatis
2999 3592 3437 3648 multitudinem
3472 3592 3706 3664 quidam
3741 3608 3875 3649 ere—

2168 3682 2467 3750 mitarum,
2503 3682 2591 3738 vir
2631 3699 2848 3755 magnae
2901 3681 3153 3749 virtutis,
3189 3683 3290 3753 qui
3340 3681 3488 3736 nihil
3539 3682 3594 3736 in
3648 3684 3872 3738 mundo

2168 3771 2504 3840 possidebat
2551 3778 2757 3844 praeter
2797 3789 2976 3827 unam
3026 3776 3269 3843 gattam,
3324 3788 3516 3841 quam,
3562 3771 3872 3828 blandiens

2170 3861 2388 3930 crebro,
2421 3863 2591 3932 quasi
2621 3861 3087 3916 cohabitatricem
3120 3862 3177 3916 in
3212 3861 3334 3917 suis
3381 3860 3618 3932 gremiis
3650 3863 3875 3918 refove-

2171 3952 2290 4020 bat,
2324 3967 2702 4023 cognoscens,
2741 3969 2937 4007 orasse
2967 3953 3148 4008 fertur
3180 3952 3251 4007 ad
3301 3951 3612 4006 Dominum
3655 3957 3715 4007 ut
3758 3953 3873 4008 sibi

358 4025 801 4115 nas,_requisita
843 4031 1136 4088 subtiliter
1183 4037 1438 4106 veritate,
1475 4040 1732 4110 restitue,
1767 4057 1914 4112 quas
1964 4047 2066 4112 per
2171 4043 2478 4098 ostendere
2519 4043 2860 4115 dignaretur
2906 4060 3080 4114 quam
3131 4044 3336 4098 futurae
3387 4043 3876 4099 remunerationis

357 4111 700 4182 portitorem
735 4119 1108 4186 prmsentium
1151 4126 1536 4182 retransmisi.

431 4222 459 4249 «
493 4202 904 4276 Saturninum,
935 4210 981 4265 si
1021 4218 1184 4268 vacat
1216 4220 1272 4269 et
1319 4221 1633 4288 occupatus
1672 4221 1826 4289 apud
1860 4225 1915 4276 te
1947 4237 2059 4276 non

356 4295 466 4361 est,
483 4295 553 4348 ad
579 4311 683 4351 nos
702 4298 906 4370 dirige.
934 4300 1108 4367 Felix,
1133 4305 1450 4360 conductor
1483 4307 1708 4363 domnae
1730 4309 2060 4382 Campana,

2172 4131 2540 4188 mansionem
2583 4149 2810 4204 sperare
2860 4133 3170 4198 debuisset,
3204 4134 3299 4204 qui
3334 4150 3434 4203 pro
3483 4131 3638 4188 illius
3677 4149 3878 4189 amore

2171 4223 2448 4279 saeculum
2498 4225 2792 4291 deserens,
2827 4224 2906 4278 nil
2965 4241 3031 4279 ex
3080 4225 3208 4295 ejus
3266 4223 3483 4279 divitiis
3534 4224 3874 4295 possideret.

2170 4317 2430 4386 Cumque
2463 4319 2628 4371 nocte
2649 4315 2900 4386 quadam
2933 4313 3230 4380 dormiret,
3254 4313 3553 4384 cognoscit
3583 4313 3694 4369 sibi
3721 4329 3878 4369 reve-

357 4399 530 4453 quem
565 4384 812 4502 liberum
836 4389 1168 4461 reliquerat,
1203 4400 1304 4450 aut
1326 4411 1497 4466 quem
1521 4398 1909 4456 indiscussum
1933 4417 2061 4457 esse
2089 4435 2137 4502 Β
2170 4384 2353 4462 latum
2386 4405 2566 4461 fuisse
2598 4384 2815 4461 uti-um
2837 4403 3107 4476 Gregorio
3130 4407 3391 4459 Romano
3422 4403 3690 4473 pontifice
3714 4419 3878 4459 man-

357 4470 608 4502 ξειααηηηι
705 4476 805 4502 ε-ει
840 4478 941 4502 -zL:
977 4497 1000 4502 _
1031 4481 1230 4502 11-x:y
1257 4501 1267 4502 γ
1376 4486 1387 4502 ι
1432 4487 1469 4502 ς.
1800 4495 1810 4502 .
1940 4491 1952 4502 .
2007 4497 2016 4502 .
2199 4494 2210 4502 .
2451 4494 2484 4502 ..
2515 4494 2524 4502 .
2885 4495 2900 4502 -
3313 4492 3327 4502 .
3372 4493 3382 4502 .
3455 4491 3465 4501 .
3577 4497 3587 4502 -
3673 4493 3686 4502 .
3711 4496 3721 4502 .
3779 4491 3835 4502 ...

347 4475 638 4566 jusserat,
664 4475 808 4531 dixit
838 4478 941 4533 sibi
974 4497 1008 4535 a
1030 4481 1278 4540 Maximo
1299 4486 1657 4545 subdiacono
1689 4491 2059 4563 septuaginta
2089 4475 2137 4502 υ
2169 4494 2384 4551 sionem
2417 4494 2526 4550 sibi
2566 4475 3003 4566 praeparandam
3034 4509 3264 4564 sperare
3296 4491 3615 4548 debuisset.
3658 4493 3729 4546 At
3776 4491 3875 4548 ille

356 4560 502 4617 duos
535 4563 752 4622 solidos
783 4567 1001 4636 tultos;
1037 4587 1139 4642 pro
1171 4574 1386 4644 quibus
1411 4577 1620 4634 dandis
1646 4560 2056 4654 asseruit‘quia

353 4667 558 4709 omnes
591 4669 683 4711 res
713 4673 852 4713 suas
883 4675 1025 4730 quas
1057 4660 1116 4716 in
1149 4662 1342 4719 Sicilia
1365 4664 1569 4723 habuit
1592 4667 1680 4723 vel
1702 4672 2061 4728 venundedit

349 4743 439 4801 vel
470 4749 759 4819 apposuit.
795 4749 904 4806 Sed
937 4751 1268 4810 scholastici
1289 4755 1555 4814 dixerunt
1587 4759 1721 4832 quia
1743 4762 1814 4818 de
1835 4761 2054 4819 fraudi-

349 4835 462 4891 bus
493 4835 862 4894 indiscussus
893 4854 1022 4896 esse
1052 4858 1167 4898 non
1200 4848 1421 4915 potest;
1456 4847 1592 4903 dum
1626 4853 1821 4907 tamen
1844 4852 1914 4908 ad
1951 4870 2053 4910 nos

351 4927 422 4983 de
452 4928 771 5001 Campania
803 4937 1200 5002 reverteretur,
1227 4935 1378 4992 facta
1403 4940 1761 5010 tempestate,
1786 4948 2052 5001 mortuus

350 5022 457 5073 est.
493 5019 671 5090 Cujus
703 5025 759 5078 te
798 5021 1064 5080 volumus
1096 5041 1330 5082 uxorem
1365 5032 1420 5083 et
1450 5028 1600 5085 ﬁlios
1650 5032 1964 5104 requirere,
1995 5040 2053 5091 et

351 5104 634 5177 quidquid
667 5110 752 5166 vel
785 5120 1134 5184 apposuerat
1163 5113 1250 5171 vel
1283 5115 1639 5187 vendiderat,
1671 5123 1934 5192 apposita
1954 5124 2054 5181 ab-

353 5193 530 5263 solve,
565 5199 635 5255 de
674 5203 922 5260 venditis
965 5206 1213 5278 pretium
1264 5209 1542 5276 restitue;
1577 5213 1633 5267 et
1665 5213 1907 5286 insuper
1971 5215 2054 5273 eis

423 5403 886 5492 apigpnt.,-pnrva
917 5411 1307 5492 sativitas,_uti
1346 5417 1785 5492 observavimus
1821 5421 1943 5492 jam
1976 5424 2048 5479 ad

349 5477 801 5567 1epist:A'A72‘,”lib.
839 5497 889 5567 ρ’
919 5491 1052 5567 nota
1103 5477 1265 5554 g,'in
1311 5505 1427 5567 qua
1473 5489 1779 5567 citavimus
1982 5477 2052 5550 tit)

349 5547 598 5636 hujusce
640 5549 792 5633 libri.
845 5552 991 5608 Nota
1037 5547 1125 5611 in'
1145 5547 1448 5618 nonnullis
1487 5562 1663 5619 Codd.
1723 5547 2051 5636 aptabat;

349 5634 902 5694 quinquagesimum
924 5641 1166 5696 nonum,
1191 5644 1314 5685 esse
1336 5634 1867 5706 sexagesimum,'et
1886 5641 2052 5709 quin-

2164 4585 2386 4640 tortiter
2403 4585 2792 4656 ingemiscens
2815 4599 3018 4656 parum
3043 4583 3152 4639 sibi
3179 4583 3470 4655 profuisse
3488 4583 3870 4638 voluntariam

2167 4691 2360 4730 rerum
2394 4675 2671 4747 iunpiam,
2707 4678 2982 4744 tantaque
3011 4690 3131 4729 suis
3177 4674 3251 4744 (b)
3279 4672 3622 4728 remotionis
3647 4672 3874 4743 jejunis

2166 4765 2423 4838 putabat,
2458 4766 2506 4821 si
2546 4781 2677 4820 cum
2708 4781 2774 4820 eo
2824 4763 3191 4820 mansionem
3223 4766 3498 4835 reciperet
3538 4763 3639 4834 qui
3687 4761 3872 4818 tantis

2165 4855 2569 4910 mundialibus
2609 4854 2826 4911 divitiis
2875 4855 3247 4912 redundaret.
3281 4854 3424 4910 Cum
3471 4870 3606 4910 vero
3653 4851 3870 4926 Grego-

2163 4945 2357 5002 rianas
2387 4944 2618 5000 divitias
2663 4962 2780 5001 sua
2813 4946 3139 5018 paupertati
3191 4945 3284 5001 die
3332 4949 3626 5016 noctuque
3674 4943 3870 5012 suspi-

2162 5036 2344 5092 rando
2392 5036 2700 5100 conferret,
2742 5035 2856 5092 alia
2905 5047 3068 5093 nocte
3115 5034 3442 5106 quiescens,
3485 5033 3708 5090 audivit
3757 5032 3870 5088 sibi

2159 5123 2465 5181 Dominum
2509 5125 2563 5180 in
2607 5125 2831 5181 omnis
2879 5126 3166 5180 dicentem
3202 5141 3216 5179 :
3267 5146 3294 5174 «
3336 5123 3580 5190 Quando
3629 5122 3868 5177 divitem

2159 5231 2275 5271 non
2306 5215 2600 5287 possessio
2632 5215 2963 5272 divitiarum
3005 5215 3201 5282 faciat,
3230 5215 3331 5271 sed
3362 5214 3592 5286 cupido,
3626 5227 3730 5270 cur
3761 5228 3866 5268 au-

2158 5423 2563 5496 quagesimum
2592 5442 2810 5482 nonum
2859 5425 3112 5496 incipere
3159 5425 3230 5480 ab
3263 5424 3353 5480 his
3401 5423 3593 5479 verbis
3637 5438 3862 5492 supra:

2158 5497 2289 5549 Item
2342 5495 2488 5549 idem
2533 5499 2694 5549 Petro
2763 5498 2922 5549 subd.
2977 5514 2994 5549 :
3055 5495 3206 5549 Quod
3277 5496 3667 5549 remonsalem.
3725 5499 3862 5549 etc..

2157 5495 2289 5552 Item
2342 5495 2488 5552 idem
2533 5499 2694 5554 Petro
2763 5498 2922 5554 subd.
2977 5495 2995 5552 ἑ
3055 5495 3206 5566 Quod
3277 5496 3667 5566 responsalem,
3725 5499 3862 5561 etc.,

2158 5569 2497 5651 ubim'agna
2526 5585 2594 5624 ex
2626 5574 2781 5640 parte
2814 5571 3129 5651 adducitur
3159 5567 3330 5641 epist.
3363 5568 3429 5623 44
3460 5567 3591 5623 libri
3622 5583 3662 5622 1.

2229 5639 2308 5713 (b)
2338 5639 2511 5709 Utic.,
2541 5639 2655 5696 suae
2684 5639 3170 5699 remunerationis.
