4088 6172
311 154 428 215 127

857 149 922 209 S.
971 142 1337 209 GREGORII
1375 143 1599 206 PAP/E
1644 144 1852 215 VITA,
1899 145 2127 206 AUCT.
2173 142 2476 205 JOANNE
2521 146 2884 210 DIACONO.
2933 149 3076 210 LIB.
3124 151 3227 212 ΙΙΙ.

3696 153 3826 213 128

310 287 648 354 utilitatem,
681 287 777 341 sed
827 285 950 340 ﬁeri
997 287 1068 341 ad
1105 286 1404 352 honorem,
1439 282 1691 356 episcOpi
1736 280 2006 354 concupi-
2043 288 2090 352 Α
2123 283 2287 353 copia
2317 286 2689 357 suffragatur,
2721 290 2897 341 restat
2927 290 2991 340 ut
3035 284 3183 341 nihil
3206 284 3316 340 sibi
3347 283 3406 338 in
3449 283 3699 338 honores
3734 297 3834 336 ec-

311 377 527 434 scunt?
577 377 643 432 Hi
677 393 833 447 ergo,
864 376 964 448 qui
1011 377 1257 432 necdum
1306 374 1459 447 quod
1503 373 1706 429 docere
1765 372 2013 428 debeant

311 467 666 532 didicerunt,
707 465 847 536 quid
879 464 1037 519 aliud
1073 469 1272 536 agunt,
1307 463 1423 518 nisi
1455 466 1517 517 ut
1544 477 1858 533 paucorum
1885 477 2014 532 pro-

311 563 505 613 vectus
526 557 764 611 illicitus
788 557 888 610 ﬁat
910 556 1110 611 multis
1134 554 1428 621 interitus,
1451 553 1584 608 etin
1609 552 2011 608 confusionem

313 647 719 703 ecclesiasticae
773 644 1194 701 moderationis
1243 644 1609 700 observantia
1668 643 2010 708 deducatur,

314 738 531 809 quippe
562 738 660 792 ubi
693 736 892 792 nullus
923 735 1208 807 regularis
1231 734 1368 790 ordo
1399 734 1706 789 servatur?
1735 737 1878 787 Nam
1913 731 2015 802 qui

314 828 384 881 ad
421 829 549 897 ejus
572 827 828 893 regimen
862 826 1222 897 improvidus
1240 825 1328 880 vel
1353 825 1742 894 praecipitatus
1766 823 2012 888 accedit,

316 933 431 987 qua
454 915 853 971 admonitione
883 915 1176 985 subjectos
1198 913 1465 983 aediﬁcet,
1489 914 1656 983 cujus
1687 911 2016 982 exemplum

321 1022 436 1060 non
478 1005 764 1061 rationem
799 1005 1016 1073 docuit,
1049 1006 1146 1060 sed
1190 1021 1443 1061 errorem
1468 1003 1495 1059 ?
1529 1003 1708 1059 Pudet
1747 1003 1839 1059 81
1880 1020 2017 1073 pro—

318 1095 488 1163 fecto,
508 1096 685 1164 pudet
707 1095 837 1150 aliis
860 1097 1164 1166 imperare,
1182 1095 1334 1166 quod
1353 1095 1472 1166 ipse
1495 1095 1682 1151 nescit
1702 1094 2013 1149 custodire.

317 1182 432 1238 Nec
458 1183 594 1238 illud
623 1185 977 1256 quidem,(a)
1003 1185 1153 1256 quod
1177 1185 1354 1241 simili
1383 1185 1785 1240 emendatione
1809 1184 2017 1238 raden-

320 1273 458 1328 dum
494 1279 600 1340 est,
630 1275 1011 1344 praeterimus,
1039 1277 1136 1331 sed
1173 1275 1412 1331 omnino
1444 1274 1795 1331 exsecrabile
1817 1277 1871 1329 et
1893 1289 2018 1328 esse

319 1363 734 1433 gravissimum
780 1365 1155 1432 detestamur,
1189 1366 1411 1436 eoquod
1453 1364 1599 1420 sacri
1631 1364 1752 1419 illic
1784 1363 2018 1418 ordines

318 1468 421 1523 per
453 1452 829 1509 simoniacam
862 1453 1156 1522 haeresim,
1181 1472 1307 1526 quae
1340 1455 1528 1525 prima
1575 1459 1776 1510 contra
1827 1453 2020 1509 Eccle-

319 1540 467 1594 siam
517 1545 664 1609 orta,
698 1546 756 1597 et
813 1543 1074 1598 districta
1129 1543 1532 1599 maledictione
1582 1543 1854 1598 damnata
1908 1546 2018 1609 est,

319 1629 706 1686 conferantur.
743 1631 885 1687 Hinc
935 1648 1070 1703 ergo
1101 1635 1291 1704 agitur
1323 1638 1386 1687 ut
1415 1631 1728 1688 sacerdotis
1769 1631 2020 1702 dignitas

319 1715 379 1770 in
414 1717 706 1789 despectu,
728 1723 782 1774 et
813 1725 1053 1776 sanctus
1081 1721 1155 1776 sit
1188 1721 1374 1776 honor
1403 1721 1462 1776 in
1496 1721 1848 1792 crimine.(b)
1873 1720 2024 1775 Perit

318 1803 521 1876 utique
545 1809 882 1878 reverentia,
907 1810 1182 1865 adimitur
1199 1810 1523 1883 disciplina,
1549 1810 1681 1882 quia
1707 1810 1804 1882 qui
1822 1809 2023 1879 culpas

319 1896 522 1952 debuit
577 1898 910 1965 emendare,
971 1899 1306 1967 committit,
1341 1909 1392 1956 et
1444 1901 1664 1956 nefaria
1705 1899 2024 1954 ambitione

324 1984 684 2042 honorabilis
716 1988 1026 2044 sacerdotii
1049 1989 1285 2046 ducitur
1305 1991 1364 2046 in
1395 1988 1864 2062 depravationem
1888 2003 2026 2044 cen-

325 2091 485 2131 sura.
519 2075 660 2132 Nam
685 2079 816 2148 quis
838 2079 1030 2136 denuo
1060 2089 1358 2137 veneretur
1382 2082 1531 2152 quod
1564 2081 1836 2135 venditur
1864 2079 1891 2134 ?
1910 2080 2028 2133 Aut

325 2163 458 2234 quis
492 2181 606 2221 non
637 2165 749 2223 vile
781 2171 946 2236 putet
992 2185 1120 2225 esse
1161 2171 1314 2241 quod
1363 2169 1625 2225 emitur?
1666 2168 1830 2224 Unde
1860 2167 2025 2223 valde

324 2253 655 2318 contristor,
690 2263 741 2312 et
774 2260 936 2312 terrae
971 2258 1053 2313 illi
1085 2259 1382 2327 condoleo,
1417 2260 1553 2331 quia
1584 2261 1726 2315 dum
1749 2258 2026 2331 Spiritum

325 2349 620 2413 sanctum,
645 2360 818 2416 quem
840 2362 941 2418 per
969 2363 1176 2403 manus
1201 2349 1635 2420 impositionem
1659 2348 2027 2420 omnipotens

326 2430 482 2488 Deus
513 2432 852 2491 hominibus
882 2435 1079 2508 largiri
1115 2437 1409 2509 dignatur,
1435 2439 1632 2494 divino
1662 2454 1899 2494 munere
1924 2437 2025 2492 ha-

325 2521 461 2577 bere
503 2523 850 2595 deSpiciunt,
883 2527 983 2581 sed
1020 2527 1272 2597 praemiis
1304 2532 1720 2599 assequuntur,
1763 2528 2028 2583 sacerdo-

322 2609 469 2666 tium
502 2610 625 2666 illic
663 2613 985 2671 subsistere
1010 2614 1106 2670 diu
1142 2633 1255 2673 non
1288 2619 1556 2673 arbitror.
1583 2617 1723 2674 Nam
1750 2617 1848 2673 ubi
1878 2617 2030 2672 dona

325 2715 592 2771 supernae
623 2702 816 2772 gratiae
846 2702 1075 2759 venalia
1102 2705 1458 2774 iudicantur,
1492 2708 1558 2762 ad
1597 2707 1692 2761 Dei
1724 2706 2026 2762 servitium

326 2806 440 2844 non
473 2790 588 2844 vita
619 2792 918 2860 quaeritur,
950 2793 1045 2848 sed
1084 2795 1267 2864 magis
1298 2805 1501 2851 contra
1537 2797 1719 2852 Deum
1770 2797 2028 2868 pecuniis

324 2883 697 2933 venerantur.
735 2902 762 2929 »
794 2882 933 2950 (Lib.
967 2898 1043 2949 ιχ,
1076 2883 1265 2940 indici.
1297 2887 1352 2954 2,
1385 2902 1466 2955 ep.
1503 2887 1648 2958 100.)

398 2969 556 3022 Idem
590 2969 660 3022 de
701 2970 920 3026 eisdem
954 2972 1309 3030 Theoderico
1356 2980 1412 3031 et
1442 2977 1841 3034 Theodeberto
1882 2979 2031 3050 regi-

2117 372 2475 430 clesiasticos
2529 377 2801 448 gravitas,
2839 375 2985 432 nihil
3036 376 3304 431 defendat
3353 373 3664 443 industria,
3719 372 3833 427 sed

2117 465 2307 517 totum
2352 465 2476 520 auri
2527 467 2804 534 profanus
2863 482 3025 522 amor
3065 464 3364 530 obtineat;
3412 468 3467 519 et
3515 464 3656 518 dum
3686 461 3836 517 vitia

2118 551 2334 607 honore
2366 555 2849 624 munerantur,in
2882 555 3072 610 locum
3109 553 3310 610 ultoris
3361 554 3408 608 is
3451 553 3547 623 qui
3582 554 3836 607 fortasse

2121 641 2306 697 fuerat
2338 643 2705 700 ulciscendas
2742 646 3072 715 adducitur,
3107 651 3280 716 atque
3317 644 3453 699 hinc
3497 643 3836 698 sacerdotes

2121 748 2234 788 non
2269 735 2564 804 proﬁcere,
2600 736 2699 790 sed
2755 738 2941 807 perire
2971 736 3164 807 potius
3214 735 3570 791 indicantur.
3603 732 3836 788 Vulne-

2120 828 2244 877 rato
2275 841 2531 896 namque
2564 831 2809 897 pastore,
2840 826 2966 897 quis
2995 826 3271 881 curandis
3301 825 3508 880 ovibus
3550 822 3834 879 adhibeat

2123 912 2520 968 medicinam?
2566 917 2679 969 Aut
2710 915 2940 985 quando
2979 915 3255 986 populum
3308 913 3586 969 orationis
3618 911 3831 983 clypeo

2122 1005 2374 1068 tueatur,
2407 1004 2505 1073 qui
2531 1002 2740 1073 jaculis
2773 1021 2835 1059 se
2877 1003 3135 1058 hostium
3169 1004 3495 1058 feriendum
3547 1000 3835 1072 exponit?

2121 1091 2231 1144 Aut
2261 1093 2494 1162 qualem
2554 1093 2624 1147 de
2671 1108 2733 1147 se
2776 1093 3028 1148 fructum
3076 1093 3462 1164 producturus
3507 1096 3614 1155 est,
3654 1092 3834 1159 cujus

2123 1179 2281 1249 gravi
2314 1183 2474 1251 peste
2505 1181 2662 1236 radix
2695 1181 2907 1237 infecta
2938 1187 3026 1237 est
3054 1182 3081 1236 ?
3123 1181 3305 1249 Major
3349 1197 3482 1252 ergo
3518 1180 3839 1234 metuenda

2129 1275 2215 1326 est
2248 1270 2390 1326 locis
2415 1271 2531 1327 illis
2563 1272 2680 1328 fore
2713 1273 3013 1328 calamitas
3042 1274 3170 1342 (AL,
3205 1273 3510 1327 metuenda
3542 1271 3682 1326 locis
3715 1269 3840 1324 illis

2125 1361 2272 1415 foret
2301 1360 2655 1430 calamitas),
2676 1362 2773 1416 ubi
2809 1361 2952 1417 tales
2986 1363 3400 1417 intercessores
3421 1361 3491 1416 ad
3527 1360 3716 1416 locum
3741 1375 3841 1414 re-

2125 1449 2365 1520 giminis
2393 1452 2782 1519 adducuntur,
2808 1453 2907 1523 qui
2941 1453 3039 1507 82
3075 1452 3173 1508 Dei
3206 1453 3262 1506 in
3294 1467 3352 1506 se
3387 1450 3573 1521 magis
3603 1449 3842 1504 iracun-

2128 1539 2278 1594 diam
2302 1546 2633 1612 provocent,
2658 1558 2830 1612 quam
2858 1559 2958 1614 per
2977 1544 3324 1615 semetipsos
3349 1541 3580 1613 populis
3604 1540 3839 1611 placare

2053 1648 2099 1712 Β
2131 1630 2473 1686 debuerant.

2209 1741 2234 1771 ι
2268 1719 2382 1776 Nec
2413 1721 2521 1776 hoc
2539 1737 2770 1793 quoque
2793 1721 3012 1777 malum
3038 1721 3367 1778 sollicitudo
3391 1728 3590 1776 nostra
3614 1719 3841 1792 patitur

2131 1808 2495 1881 negligenter
2521 1812 2799 1882 omittere,
2832 1811 2982 1882 quod
3027 1811 3286 1882 quidam,
3312 1810 3593 1866 instinctu
3636 1809 3837 1880 gloriae

2130 1898 2324 1955 inanis
2354 1901 2542 1966 electi,
2572 1917 2639 1956 ex
2663 1900 2810 1956 laico
2834 1906 3071 1972 repente
3095 1901 3291 1956 habitu
3324 1899 3633 1956 sacerdotii
3656 1898 3839 1954 hono-

2132 2006 2250 2046 rem
2283 1989 2591 2061 arripiunt,
2626 1995 2702 2058 et,
2738 1992 2890 2062 quod
2923 1990 3114 2048 dicere
3144 1992 3316 2062 pudet
3347 1996 3405 2046 et
3447 1995 3640 2045 tacere
3667 2003 3840 2058 grave

2131 2084 2240 2150 est,
2269 2080 2529 2152 regendi,
2559 2089 2828 2146 rectores,
2861 2085 2914 2136 et
2946 2082 3045 2152 qui
3078 2080 3319 2136 docendi
3351 2085 3505 2148 sunt,
3547 2080 3840 2144 doctores,

2135 2186 2238 2225 nec
2268 2170 2624 2226 erubescunt
2651 2170 2853 2239 videri,
2874 2186 2977 2226 nec
2999 2176 3288 2226 metuunt.
3307 2169 3592 2226 Ducatum
3621 2168 3846 2224 anima-

2133 2277 2262 2317 rum
2296 2261 2667 2332 impudenter
2697 2266 3028 2329 assumunt,
3052 2262 3269 2333 quibus
3305 2261 3395 2316 via
3425 2261 3617 2316 omnis
3641 2259 3845 2330 ignota

2134 2351 2396 2406 ductoris
2427 2355 2535 2419 est,
2568 2359 2622 2406 et
2652 2368 2766 2423 quo
2797 2351 2879 2407 vel
2910 2352 3022 2423 ipsi
3054 2352 3420 2423 gradiantur,
3457 2350 3647 2421 ignari
3679 2353 3841 2405 sunt.

2134 2443 2295 2508 Quod
2331 2458 2504 2514 quam
2540 2459 2800 2513 pravum,
2834 2459 3079 2513 quamve
3109 2442 3186 2497 sit
3217 2440 3620 2510 temerarium,
3652 2456 3842 2495 saecu-

2135 2531 2239 2588 lari
2273 2532 2447 2588 etiam
2475 2531 2677 2589 ordine
2709 2536 2762 2586 et
2789 2532 3102 2603 disciplina
3125 2535 3504 2587 monstratur.
3531 2534 3673 2586 Nam
3699 2531 3839 2585 dum

2135 2621 2254 2678 dux
2282 2623 2569 2678 exercitus
2600 2639 2712 2677 non
2748 2622 2860 2678 nisi
2894 2622 3088 2677 labore
3119 2626 3176 2678 et
3206 2620 3596 2677 sollicitudine
3629 2636 3840 2691 exper-

2133 2715 2230 2767 tus
2279 2711 2532 2781 eligitur.
2585 2712 2787 2783 quales
2830 2712 3160 2766 animarum
3195 2712 3372 2767 duces
3423 2725 3550 2765 esse
3592 2710 3843 2764 debeant

2136 2800 2237 2871 qui
2268 2801 2641 2873 episcopatus
2684 2801 2918 2856 culmen
2951 2801 3266 2856 immatura
3317 2800 3562 2870 cupiunt
3598 2798 3840 2853 festina-

2133 2891 2289 2946 tione
2341 2891 2777 2947 conscendere?
2805 2891 2994 2961 Hujus
3043 2890 3250 2946 saltem
3303 2891 3382 2945 rei
3433 2904 3494 2944 se
3535 2903 3842 2956 compara-

2141 2980 2295 3036 tione
2339 2979 2751 3048 considerent,
2801 2987 2852 3035 et
2902 2979 3136 3052 aggredi
3185 2982 3420 3050 repente
3454 2977 3522 3049 (c)
3581 2978 3846 3048 inexper-

843 3025 850 3026 7
910 3025 914 3026 ⁷
965 3025 1303 3030 “““““Ῠ””“⁷
1361 3025 1411 3031 ’⁷
1452 3025 1840 3034 __""'""""
1884 3025 2001 3050 ‘VD'
2144 3025 2295 3036 ’⁷⁸ν⁸⁶ν
2340 3025 2708 3036 νν⁵⁴“’⁸“ν⁶ν“⁶’
2737 3025 2751 3048 1
2803 3025 2852 3035 “
2902 3025 3136 3052 “DO'Vu'
3185 3025 3418 3050 ““¹¹Ι¹“”⁴⁷*
3456 3025 3521 3049 \‘I
3583 3025 3808 3048 ”“”’“ι””

327 3057 436 3112 bus
467 3056 822 3114 Francorum
855 3065 982 3130 post
1013 3060 1243 3134 aliqua:
1276 3085 1303 3113 «
1331 3066 1536 3122 Fertur
1564 3068 1886 3124 simoniaca
1917 3069 2031 3123 hae-
2061 3025 2103 3092 C
2142 3073 2233 3124 tos
2291 3068 2520 3126 labores
2566 3069 2832 3137 timeant,
2868 3085 2939 3125 ne
2995 3085 3144 3124 caeca
3195 3068 3434 3124 honoris
3490 3066 3756 3134 ambitio,
3789 3068 3848 3120 et

328 3145 496 3214 resis,
530 3162 653 3216 quae
712 3149 897 3219 prima
951 3155 1153 3208 contra
1214 3153 1313 3208 Dei
1376 3155 1691 3211 Ecclesiam
1742 3157 2031 3214 diabolica

329 3235 689 3305 plantatione
719 3239 1037 3311 subrepsit,
1071 3246 1129 3298 et
1159 3243 1216 3298 in
1267 3244 1394 3316 ipso
1426 3250 1552 3302 ortu
1596 3264 1698 3304 suo
1738 3248 1852 3305 telo
1893 3266 2032 3320 apo-

329 3323 546 3380 stolicai
579 3327 819 3384 ultionis
853 3346 1120 3400 percussa
1149 3342 1323 3406 atque
1347 3336 1623 3392 damnata
1653 3342 1759 3404 est,
1784 3338 1844 3394 in
1868 3341 2031 3411 regni

329 3413 505 3468 vestri
531 3415 742 3472 ﬁnibus
765 3419 1054 3478 dominari
1079 3446 1092 3490 ;
1118 3439 1251 3479 cum
1275 3425 1333 3480 in
1366 3427 1768 3484 sacerdotibus
1787 3428 1934 3487 ﬁdes
1957 3431 2034 3485 sit

329 3501 599 3574 eligenda
629 3521 759 3562 cum
791 3508 929 3576 vita,
962 3510 1011 3565 si
1042 3512 1159 3566 vita
1205 3514 1387 3582 deest,
1423 3516 1566 3571 ﬁdos
1609 3518 1881 3574 meritum
1913 3536 2031 3576 non

336 3591 527 3663 habet,
578 3595 745 3650 beato
809 3597 1026 3655 Jacobo
1059 3604 1391 3665 attestante,
1426 3605 1521 3676 qui
1556 3606 1672 3662 ait:
1705 3608 1865 3664 Fides
1915 3611 2035 3666 sine

334 3683 612 3752 operibus,
641 3695 863 3742 mortua
913 3695 994 3744 est
1043 3691 1178 3760 (Jac.
1210 3708 1274 3763 ιι,
1302 3693 1417 3765 26).
1470 3697 1603 3759 Quae
1653 3697 1810 3753 enim
1860 3715 2037 3770 opera

332 3784 463 3827 esse
493 3773 721 3830 valeant
743 3779 1060 3836 sacerdotis
1083 3782 1181 3852 qui
1206 3782 1484 3841 honorem
1510 3787 1653 3842 tanti
1681 3789 2035 3845 sacramenti

333 3862 699 3951 convincitur
719 3866 980 3926 obtinere
1011 3887 1115 3943 per
1143 3875 1448 3943 praemium
1471 3876 1498 3930 ?
1519 3878 1598 3932 Ex
1619 3896 1736 3950 qua
1763 3896 1822 3935 re
1845 3881 2038 3951 agitur

336 3955 398 4005 ut
420 3950 530 4024 ipsi
564 3969 794 4026 quoque
820 3958 920 4028 qui
953 3975 1152 4017 sacros
1184 3963 1419 4020 ordines
1460 3972 1764 4038 appetunt,
1797 3950 1912 4026 non
1941 3971 2035 4026 vi-

335 4046 458 4098 tam
490 4045 795 4117 corrigere,
831 4065 944 4105 non
985 4067 1177 4108 mores
1208 4069 1555 4125 componere
1599 4059 1897 4130 studeant,
1935 4062 2038 4119 sed

336 4131 587 4202 divitias,
621 4137 834 4205 quibus
867 4155 1030 4195 sacer
1076 4141 1261 4198 honor
1289 4144 1524 4211 emitur,
1555 4163 1899 4221 congregare
1949 4169 2041 4208 sa-

340 4223 560 4290 tagant.
595 4223 742 4279 Hinc
777 4226 844 4280 ﬁt
872 4228 1047 4284 etiam
1079 4239 1141 4285 ut
1171 4231 1435 4289 insontes
1477 4242 1531 4290 et
1562 4253 1845 4309 pauperes
1880 4257 1913 4296 a
1953 4258 2038 4296 sa-

341 4309 453 4397 cris
480 4311 780 4369 ordinibus
810 4315 1087 4386 prohibiti
1110 4320 1480 4395 despectique
1504 4326 1786 4397 resilianl,
1809 4334 1866 4384 et
1897 4330 2033 4385 dum

2139 3158 2286 3230 ipsis
2317 3159 2374 3214 in
2407 3176 2638 3231 pmnam
2685 3160 2780 3223 sit,
2815 3163 2873 3214 et
2903 3158 3033 3214 aliis
3061 3157 3332 3225 pestifera
3363 3156 3574 3212 erroris
3619 3155 3846 3210 semina

2135 3247 2375 3318 jaciant,
2407 3250 2623 3320 quippe
2655 3248 2756 3319 qui
2788 3264 2902 3303 non
2944 3248 3198 3303 didicere
3229 3247 3382 3318 quod
3425 3246 3537 3318 ipsi
3581 3247 3844 3301 doceant.

2142 3337 2389 3393 Proinde
2421 3344 2658 3410 paterno
2681 3338 3011 3394 salutantes
3043 3337 3274 3404 affectu,
3301 3335 3578 3408 petimus,
3613 3332 3847 3405 praecel-

2143 3425 2452 3484 lentissimi
2508 3427 2653 3491 Filii,
2693 3432 2758 3483 ut
2795 3428 2902 3483 hoc
2951 3432 3073 3482 tam
3117 3423 3464 3482 detestabile
3503 3423 3725 3480 malum
3775 3424 3847 3478 de

2145 3516 2306 3588 regni
2363 3517 2537 3573 vestri
2581 3519 2867 3574 studeatis
2927 3517 3139 3572 ﬁnibus
3185 3515 3511 3587 prohibere,
3567 3518 3622 3569 et
3678 3512 3843 3568 nulla

2143 3607 2293 3677 apud
2335 3623 2438 3663 vos
2496 3607 2810 3675 excusatio,
2845 3606 3005 3662 nulla
3048 3609 3247 3662 contra
3295 3604 3544 3660 animam
3590 3607 3838 3658 vestram

2145 3696 2440 3768 suggestio
2472 3697 2662 3753 locum
2687 3697 2968 3765 inveniat,
2990 3695 3128 3766 quia
3160 3693 3422 3749 facientis
3445 3691 3638 3762 procul
3661 3691 3840 3746 dubio

2145 3786 2378 3858 culpam
2427 3786 2622 3854 habet,
2667 3787 2765 3857 qui
2824 3787 2975 3856 quod
3025 3788 3215 3856 potest
3272 3783 3558 3853 corrigere
3607 3780 3850 3852 negligit

2145 3877 2477 3931 emendare.
2513 3898 2540 3926 »
2573 3877 2714 3944 (Lib.
2751 3892 2825 3941 1x,
2859 3875 3050 3929 indici.
3090 3875 3146 3942 2,
3185 3890 3265 3944 ep.
3309 3872 3456 3943 1ΟΟ.)

2216 3966 2361 4021 Item
2411 3982 2515 4036 pro
2567 3966 2778 4020 eisdem
2823 3963 3140 4019 hmresibus
3172 3962 3246 4035 (ά)
3280 3962 3542 4033 Syagrio,
3577 3958 3846 4031 episcopo

2144 4055 2684 4128 Augustodunensi,
2734 4058 2789 4109 et
2834 4054 2960 4109 aliis
2990 4051 3278 4124 episcopis
3314 4067 3328 4105 :
3382 4072 3411 4101 (ε
3441 4050 3654 4105 Nuntio
3695 4048 3846 4118 apud

2146 4163 2254 4203 nos
2285 4145 2422 4200 olim
2457 4145 2844 4210 discurrente,
2877 4143 3177 4215 vulgatum
3222 4147 3311 4197 est
3342 4141 3492 4212 quod
3533 4140 3590 4194 in
3631 4137 3848 4193 Gallia-

2148 4253 2275 4292 rum
2310 4235 2574 4307 partibus
2597 4235 2742 4290 sacri
2775 4233 3009 4290 ordines
3042 4249 3143 4304 per
3173 4231 3552 4286 simoniacam
3587 4226 3848 4283 haeresim

2149 4327 2538 4381 conferantur.
2572 4325 2642 4379 Et
2670 4322 2999 4379 vehementi
3040 4322 3205 4376 taedio
3248 4319 3511 4376 maeroris
3542 4317 3847 4385 efﬁcimur,

339 4396 673 4491 innocentia
704 4405 976 4476 pauperis
1009 4408 1302 4480 displicet,
1335 4412 1578 4471 dubium
1605 4433 1720 4473 non
1761 4396 1848 4474 est
1880 4421 2034 4491 quod
2070 4405 2115 4470 Ι)
2147 4415 2196 4471 si
2238 4415 2296 4470 in
2327 4413 2741 4471 ecclesiasticis
2781 4412 2988 4469 ofﬁciis
3029 4425 3387 4482 quemquam
3431 4408 3603 4463 habet
3654 4406 3847 4462 locum

339 4487 643 4578 praemium
676 4492 797 4549 illic
841 4495 1052 4553 delicta
1083 4505 1466 4566 commendet,
1499 4507 1638 4578 quia
1679 4508 1778 4564 ubi
1827 4487 2035 4568 aurum

335 4576 547 4647 placet,
571 4584 627 4635 et
657 4582 882 4639 vitium.
919 4585 1064 4643 Hinc
1094 4588 1274 4661 igitur
1303 4608 1418 4650 non
1450 4576 1641 4652 solum
1665 4597 1725 4654 in
1747 4600 2038 4658 ordinato-

337 4668 417 4762 ris
440 4675 494 4727 et
515 4672 760 4730 ordinati
779 4675 1036 4735 animam
1053 4680 1264 4740 lethale
1281 4685 1816 4762 vulnusinﬂigitur,
1835 4709 2034 4752 verum

338 4759 513 4816 etiam
555 4763 906 4822 excellentia
954 4773 1158 4827 vestrae
1204 4789 1471 4845 regnum,
1502 4759 1909 4852 episcoporum
1941 4800 2038 4839 ve-

335 4855 590 4943 strorum
617 4853 810 4926 culpa,
836 4873 1078 4928 quorum
1107 4863 1294 4934 magis
1313 4865 1826 4926 intercessionibus
1847 4872 2036 4943 iuvari

332 4941 629 5013 debuerat,
655 4953 1063 5019 praegravatur.
1098 4951 1157 5007 Si
1188 4954 1342 5009 enim
1377 4955 1426 5012 is
1456 4957 1669 5029 dignus
1713 4941 2036 5020 sacerdotio

335 5029 608 5102 creditur,
650 5037 746 5092 cui
798 5053 913 5094 non
951 5040 1196 5098 actionis
1246 5046 1475 5115 merita,
1524 5049 1626 5103 sed
1666 5050 2038 5121 premiorum

375 5322 385 5334 ,
412 5251 488 5337 (α)
521 5255 582 5340 in
613 5253 759 5340 litis.
785 5276 887 5330 per
937 5265 1377 5340 correctionem,
1407 5268 1548 5340 quod
1577 5269 1756 5327 simili
1785 5271 2039 5329 emenda-

337 5326 482 5380 tioni
512 5326 840 5385 tradendus:
877 5337 970 5387 est.

410 5395 487 5477 (b)
520 5397 729 5477 B_i_got.,
761 5403 906 5477 perii
936 5405 1158 5477 ubique.

407 5469 476 5538 (c)
540 5469 770 5556 Bigot,
807 5469 1121 5556 inexpertos
1197 5481 1408 5556 labores
1478 5487 1803 5543 sustineant.
1865 5487 2041 5556 Utic.,

341 5539 652 5632 incipiat?!
680 5539 909 5632 (tortores
934 5539 1273 5632 ὲιιιξιίηεεανξςλ
1295 5554 1393 5607 ubi
1423 5539 1831 5616 sustir—iei'eﬂnon
1862 5539 2041 5632 signi:

341 5611 476 5669 ficat
498 5615 639 5684 pati,
673 5616 772 5672 sed
803 5623 1143 5692 exspectare,
1172 5611 1415 5693 differre.

2147 4504 2417 4579 pecunia,
2433 4507 2490 4560 et
2519 4504 2584 4559 ﬁt
2620 4502 2899 4561 saeculare
2930 4502 3083 4573 quod
3121 4515 3350 4556 sacrum
3386 4504 3490 4553 est.
3513 4496 3848 4564 Quicunque

2148 4610 2286 4667 ergo
2331 4595 2441 4650 hoc
2480 4594 2649 4665 pretii
2700 4593 2895 4648 studet
2941 4591 3178 4646 datione
3228 4588 3545 4660 percipere,
3579 4585 3849 4641 sacerdos

2147 4702 2263 4741 non
2287 4699 2436 4751 esse,
2457 4684 2559 4738 sed
2591 4683 2706 4738 dici
2738 4681 3165 4749 tantummodo,
3188 4678 3444 4733 inaniter
3468 4673 3846 4744 concupiscit.

2146 4773 2297 4838 Quid
2326 4773 2563 4840 scilicet,
2587 4772 2727 4844 quid
2760 4788 2862 4843 per
2889 4770 2998 4825 hoc
3030 4768 3190 4824 aliud
3226 4767 3441 4839 agitur,
3464 4765 3577 4820 nisi
3602 4772 3661 4818 ut
3694 4761 3850 4818 nulla

2146 4864 2215 4919 de
2246 4867 2377 4918 actu
2414 4863 2696 4932 probatio,
2732 4859 2898 4917 nulla
2919 4859 3254 4916 sollicitudo
3277 4858 3347 4912 de
3381 4854 3665 4924 moribus,
3690 4851 3850 4908 nulla

2148 4955 2224 5010 sit
2254 4954 2324 5009 de
2354 4954 2470 5009 vita
2501 4951 2812 5019 discussio,
2847 4952 2940 5006 sed
2974 4948 3074 5004 ille
3105 4946 3466 5003 solummodo
3513 4945 3722 5014 dignus
3751 4942 3850 5013 qui

2147 5045 2285 5102 dare
2315 5044 2568 5116 pretium
2601 5041 2894 5100 suffecerit
2923 5038 3282 5096 aestimetur?
3308 5043 3391 5094 Ex
3413 5053 3529 5109 qua
3551 5051 3610 5091 re
3640 5034 3690 5091 si
3711 5034 3847 5090 recti

2222 5276 2294 5347 (ιι)
2329 5276 2392 5330 in
2415 5274 2587 5342 Utic.,
2609 5274 2740 5330 item
2769 5270 3015 5338 Etherio,
3045 5269 3292 5348 Virgilio,
3300 5275 3364 5348 et
3384 5263 3669 5348 Desiderio
3691 5263 3846 5344 episc.

2151 5344 2498 5402 Galliarum:
2535 5348 2809 5418 (Nuntio,
2843 5347 3237 5418 praetermisso
3295 5344 3516 5418 Syagrii
3539 5349 3848 5418 Προωιᾳθ.

2150 5419 2267 5492 Sed
2296 5419 2463 5492 aliter
2492 5417 2632 5474 olim
2671 5406 3011 5492 legebatur;
3047 5414 3320 5492 alicujus_
3337 5406 3499 5492 enim
3539 5406 3723 5492 litura
3753 5406 3846 5492 de-

2193 5490 2592 5545 rehenduntur
2631 5482 2892 5560 vestigia.
2926 5489 2991 5560 I_n
3021 5486 3237 5560 tribus.
3284 5482 3849 5560 Paris~omitutuntur

2191 5577 2269 5616 sec
2300 5564 2472 5618 verba
2509 5579 2523 5618 :
2552 5566 2602 5620 et
2629 5562 2703 5617 al.
2737 5548 2903 5632 eiisc.
2937 5557 3156 5615 Colitur
3185 5560 3426 5612 sanctus
3458 5550 3730 5624 Syagrius
3761 5548 3848 5604 die

2152 5633 2219 5686 17
2251 5633 2517 5708 Augusti.
