4088 6172
219 257 332 318 120

757 250 820 308 S.
865 243 1244 306 GREGORII
1290 239 1516 302 PAP/E
1560 239 1768 308 VITA,
1814 235 2044 297 AUCT.
2092 234 2396 296 JOANNE
2441 235 2807 298 DIACONO.
2856 240 3011 298 LIB.
3059 240 3170 301 III.

3608 244 3725 305 130

209 390 536 452 libraminis
566 384 994 445 examinatione
1026 384 1321 452 Ρθηεθιυν,
1354 380 1495 434 dum
1529 374 1794 448 ίωρνοδθ
1836 372 1908 430 ad
1940 373 1995 440 Α
2024 391 2132 446 sub
2185 391 2475 446 commodi
2528 391 2763 448 datione
2813 392 3140 462 constituit,
3170 393 3341 465 plura
3384 396 3536 452 male
3568 399 3724 453 ordi-

211 488 438 542 inanem
471 481 723 554 gloriam
759 478 950 531 locum
983 473 1219 530 festinat
1241 470 1514 526 utilitatis
1545 467 1816 536 arripere,
1843 479 1909 518 eo

215 577 337 648 ipso
367 571 558 643 magis
581 570 734 641 quod
761 567 1042 622 honorem
1069 560 1290 633 quierit,
1316 559 1592 630 indignus
1624 565 1729 611 est.
1751 554 1913 609 Sicut

215 644 401 721 autem
426 665 477 719 is
501 662 602 734 qui
624 659 898 714 invitatus
921 655 1136 718 renuit,
1159 651 1438 723 quaesitus
1471 647 1705 718 refugit,
1729 644 1912 700 sacris

213 761 298 811 est
321 732 611 810 altaribus
661 746 1096 810 admovendus;
1147 743 1232 798 sic
1274 741 1373 811 qui
1405 740 1556 794 ultro
1589 736 1793 802 ambit,
1825 732 1913 790 vel

214 849 534 916 importune
567 858 624 896 se
654 838 885 911 ingerit,
919 839 1008 890 est
1048 831 1248 906 procul
1298 829 1474 886 dubio
1525 826 1912 898 repellendus.

212 914 350 991 Nam
375 935 473 1006 qui
505 932 590 987 sic
613 930 816 984 nititur
837 928 906 981 ad
932 924 1136 979 altiora
1159 921 1568 986 conscendere,
1593 916 1730 989 quid
1753 914 1913 971 aliud

213 1025 327 1096 agit
362 1023 478 1078 nisi
505 1027 571 1076 ut
600 1017 914 1074 crescendo
939 1015 1258 1078 decrescat,
1278 1015 1356 1076 et,
1381 1007 1747 1064 ascendendo
1771 1010 1919 1060 exte-

213 1095 350 1179 rius,
387 1112 636 1168 interius
679 1107 749 1161 ad
784 1105 1074 1178 profunda
1105 1100 1464 1157 descendat?
1489 1097 1710 1168 Itaque,
1747 1095 1919 1151 frater

214 1203 577 1267 charissime,
602 1201 660 1253 in
692 1195 1092 1252 sacerdotibus
1122 1189 1464 1247 ordinandis
1498 1185 1806 1242 sinceritas
1839 1184 1921 1238 vi-

215 1300 360 1368 geat,
425 1292 506 1346 sit
556 1287 803 1358 simplex
852 1284 978 1339 sine
1026 1280 1335 1338 venalitate
1383 1292 1726 1340 consensus,
1780 1290 1924 1345 pura

215 1365 562 1457 praeferatur
604 1377 829 1438 electio,
881 1379 946 1428 ut
991 1374 1058 1426 ad
1112 1385 1403 1426 summam
1456 1365 1761 1422 sacerdotii
1805 1379 1923 1420 non

214 1454 494 1542 autfragio
517 1468 884 1524 venditorum
911 1459 1352 1534 provectus,sed
1379 1457 1474 1512 Dei
1497 1454 1768 1510 credatur
1797 1469 1924 1509 esse

207 1563 454 1636 judicio.
489 1560 634 1615 Nam
669 1557 806 1628 quia
837 1569 1006 1626 grave
1037 1552 1275 1606 omnino
1307 1549 1384 1603 sit
1418 1547 1665 1612 facinus,
1696 1544 1795 1599 Dei
1823 1544 1924 1599 do-

214 1671 353 1711 num
409 1650 500 1706 vel
551 1649 736 1719 pretio
786 1659 1146 1714 comparare,
1179 1641 1264 1696 vel
1297 1639 1566 1705 vendere,
1601 1633 1928 1704 evangelica

2023 483 2212 537 nando
2243 482 2514 550 destruit,
2545 499 2721 553 quam
2745 482 2839 538 ille
2873 489 3062 554 potest
3092 485 3400 552 adiﬁcare,
3423 487 3521 559 qui
3555 489 3627 544 ab
3658 507 3724 546 eo

2022 571 2325 641 pecuniam
2357 572 2742 628 ordinationis
2775 573 3014 638 accepit.
3058 574 3139 630 Ne
3170 592 3306 647 ergo
3338 578 3444 632 sub
3491 577 3726 635 obtentu

2022 660 2402 734 eleemosynaa
2424 678 2554 716 cum
2582 665 2814 733 peccato
2836 662 3053 734 aliquid
3081 664 3414 721 studeamus
3446 666 3728 738 accipere,

2024 757 2219 824 aperte
2251 768 2416 808 sacra
2445 754 2746 823 Scriptura
2778 770 2882 808 nos
2924 755 3203 824 prohibet,
3239 756 3436 812 dicens
3463 773 3475 812 :
3533 759 3734 818 Hostia

2027 843 2324 914 impiorum
2378 843 2773 899 abominabiles
2821 846 3076 911 Domino,
3130 862 3253 918 quae
3300 849 3617 916 offeruntur
3666 867 3734 907 ex

2025 932 2225 986 scelere
2255 933 2437 1000 (Prov.
2471 949 2588 999 χιιι,
2622 934 2731 1002 27).
2766 931 3057 1002 Quidquid
3106 936 3262 989 enim
3296 936 3354 991 in
3407 937 3505 992 Dei
3555 940 3736 994 sacri-

2029 1020 2160 1077 ﬁcio
2191 1036 2258 1077 ex
2280 1022 2492 1077 scelere
2524 1022 2783 1087 oti‘ertur,
2807 1023 3223 1093 omnipotentis
3245 1024 3346 1079 Dei
3372 1025 3734 1085 iracundiam

2032 1127 2146 1164 non
2198 1109 2403 1182 placat,
2435 1110 2534 1164 sed
2585 1111 2790 1165 irritat.
2845 1110 2985 1167 Hinc
3033 1128 3236 1168 rursus
3292 1114 3577 1185 scriptum
3610 1121 3733 1173 est:

2032 1202 2251 1257 Honora
2281 1201 2570 1255 Dominum
2599 1199 2665 1254 de
2692 1203 2800 1254 tuis
2819 1200 2987 1270 justis
3021 1201 3296 1256 laboribus
3326 1203 3512 1274 (Prov.
3541 1221 3624 1272 ιιι,
3655 1207 3735 1277 9).

2032 1289 2138 1352 Qui
2167 1305 2301 1359 ergo
2348 1287 2500 1344 male
2533 1287 2686 1343 tollit
2730 1293 2791 1342 ut
2821 1289 2986 1359 quasi
3021 1290 3165 1344 bene
3198 1291 3472 1361 praebeat,
3508 1300 3738 1350 constat

2034 1379 2161 1434 sine
2193 1377 2366 1434 dubio
2398 1378 2535 1449 quia
2556 1377 2869 1433 Dominum
2895 1395 3008 1435 non
3043 1379 3309 1436 honorat.
3337 1382 3484 1438 Hinc
3505 1400 3740 1457 quoque

2037 1485 2135 1541 per
2165 1467 2532 1524 Salomonem
2567 1467 2814 1522 dicitur:
2841 1469 2949 1535 Qui
2976 1469 3132 1540 σῇσι-ι
3154 1471 3488 1540 sacriﬁcium
3519 1472 3584 1528 de
3611 1475 3739 1529 sub-

2035 1561 2244 1613 stantia
2287 1560 2566 1629 pauperis,
2615 1573 2680 1613 ac
2742 1559 2793 1612 si
2835 1558 3077 1614 victimet
3125 1560 3301 1629 ﬁlium
3353 1565 3409 1615 in
3457 1572 3740 1634 conspectu

2035 1650 2213 1721 patris
2246 1647 2434 1718 (Eccti.
2469 1664 2554 1712 ιιι,
2588 1648 2640 1714 4,
2671 1647 2784 1718 24).
2819 1648 3084 1712 Quantus
3115 1655 3308 1704 autem
3352 1650 3516 1706 dolor
3560 1654 3741 1722 patris

216 1748 296 1800 est
343 1741 522 1797 testis
569 1736 908 1794 auctoritas.
943 1730 1254 1802 Templum
1306 1728 1462 1784 enim
1530 1725 1815 1782 Dominus
1873 1730 1929 1778 et

2123 1780 2135 1807 ,
2169 1738 2618 1809 perpendamus,
2642 1736 2691 1792 si
2715 1736 2774 1791 in
2805 1737 2929 1806 eius
2951 1743 3260 1809 conspectu
3298 1739 3452 1795 [ilius
3481 1741 3744 1800 victime-

213 1835 569 1902 Redemptor
601 1833 798 1883 noster
836 1826 1160 1894 ingressus,
1195 1820 1499 1876 cathedras
1549 1814 1928 1873 vendentium

214 1923 523 1980 columbas
575 1913 1182 1986 evertit(ttfatth.xx1).
1215 1910 1361 1975 Quid
1395 1908 1557 1963 aliud
1588 1911 1676 1962 est
1705 1907 1932 1962 colum‘

215 2019 314 2071 bas
363 2012 649 2074 vendere,
693 2008 806 2063 nisi
865 2005 1115 2077 pretium
1169 2003 1239 2058 de
1296 2017 1508 2057 manus
1553 1996 1929 2069 impositione

211 2106 539 2177 percipere,
574 2104 630 2155 et
677 2099 777 2153 83
819 2100 1088 2151 sanctum
1121 2091 1425 2164 Spiritum,
1460 2104 1625 2160 quem
1664 2088 1928 2158 omnipo-

213 2202 348 2250 tens
401 2192 560 2247 Deus
611 2187 948 2244 hominibus
995 2183 1222 2243 tribuit,
1259 2179 1633 2236 venundare?
1673 2179 1929 2241 Quorum

214 2282 622 2339 sacerdotium
648 2282 781 2333 ante
803 2275 901 2331 Dei
927 2274 1126 2330 oculos
1149 2269 1800 2339 cadere,cathedrarum
1826 2267 1934 2322 uti-

207 2388 329 2443 que
363 2374 636 2442 patenter
666 2365 961 2421 eversione
992 2363 1286 2434 signatum
1313 2367 1394 2413 est
1421 2376 1434 2425 ;
1469 2368 1520 2412 et
1541 2363 1734 2412 tamen
1759 2358 1938 2412 exerit

213 2463 280 2515 ad
298 2463 414 2515 huc
463 2456 738 2528 nequitias
791 2454 1037 2522 pravitas
1069 2451 1219 2506 vires
1250 2465 1406 2505 suas.
1443 2447 1587 2502 Nam
1624 2447 1774 2516 cogit
1799 2461 1935 2501 ven-

211 2555 374 2615 dere,
402 2565 557 2621 quos
587 2545 815 2616 decepit
837 2549 898 2600 ut
919 2545 1197 2599 emerent.
1223 2544 1290 2593 Et
1311 2541 1449 2594 dum
1481 2553 1594 2592 non
1618 2535 1938 2590 attenditur

213 2641 374 2709 quod
412 2638 613 2693 divina
643 2652 777 2692 voce
809 2633 1176 2706 prmeipitur:
1205 2631 1388 2686 Gratis
1429 2629 1731 2699 accepistis,
1764 2629 1938 2696 gratis

207 2731 344 2786 date
403 2728 617 2796 (Matth.
665 2743 720 2790 x,
755 2726 832 2795 8),
884 2725 1076 2796 agitur
1126 2725 1189 2776 ut
1237 2724 1480 2784 crescat,
1529 2726 1586 2771 et
1644 2716 1939 2787 geminata

213 2823 315 2876 ﬁat
349 2821 412 2874 in
447 2832 568 2870 uno
600 2816 920 2882 eodemque
950 2811 1143 2866 delicti
1173 2808 1462 2880 contagio,
1495 2806 1739 2862 ementis
1779 2805 1936 2860 scili-

216 2917 310 2966 cet
339 2914 398 2963 et
431 2906 763 2962 vendentis.
790 2904 853 2959 Et
883 2919 1014 2958 cum
1049 2901 1266 2972 liqueat
1295 2899 1446 2954 hanc
1488 2897 1754 2952 haeresim
1806 2900 1941 2952 ante

219 3015 427 3056 omnes
459 2996 660 3051 radice
691 2994 958 3064 pestifera
979 2989 1359 3057 surrepsisse,
1387 2991 1558 3058 atque
1590 2986 1645 3040 in
1678 2987 1806 3057 ipsa
1835 3003 1941 3041 sua

217 3089 453 3161 origine
484 3084 810 3157 apostolica
839 3099 967 3137 esse
1019 3078 1404 3136 detestatione
1447 3077 1807 3142 damnatam,
1841 3091 1942 3130 cur

221 3198 341 3237 non
371 3183 638 3243 cavetur,
664 3192 768 3231 cur
788 3191 902 3230 non
938 3171 1313 3244 perpenditur
1335 3168 1466 3240 quia
1497 3166 1820 3222 benedictio
1853 3164 1937 3220 illi

218 3273 285 3326 in
335 3266 817 3326 maledictionem
865 3262 1240 3327 convertitur,
1295 3259 1397 3330 qui
1448 3257 1518 3312 ad
1569 3256 1679 3312 boc
1731 3258 1794 3309 ut
1844 3254 1942 3308 fiat

222 3359 546 3414 haereticus
578 3355 943 3426 promovetur
965 3350 992 3404 ?

299 3474 324 3500 ι‹
363 3449 723 3517 Plerumque
773 3443 954 3514 igitur
1001 3438 1363 3496 adversarius
1413 3437 1765 3502 animarum,
1799 3435 1940 3489 dum

222 3554 342 3595 non
381 3541 573 3607 potest
603 3535 664 3588 in
697 3532 791 3587 his
819 3547 946 3603 qua:
996 3530 1063 3583 ad
1101 3528 1302 3582 faciem
1355 3529 1492 3580 sunt
1532 3540 1705 3596 prava
1753 3521 1943 3578 subri-

223 3645 385 3701 pere,
419 3628 506 3695 (a)
539 3624 746 3678 callide
785 3620 942 3693 speci
984 3618 1145 3689 quasi
1196 3615 1424 3688 pietatis
1471 3615 1708 3683 injecta,
1742 3612 1945 3667 nititur

225 3716 646 3788 supplantare;
670 3711 990 3780 suadetque
1004 3707 1244 3762 forsitan
1268 3704 1476 3758 debere
1497 3704 1570 3757 ab
1589 3700 1944 3757 habentibus

228 3804 443 3876 accipi,
479 3807 547 3856 ut
576 3803 654 3856 sit
695 3799 851 3870 quod
902 3797 1078 3868 possit
1129 3811 1243 3850 non
1294 3791 1643 3847 habentibus
1695 3791 1944 3861 erogari,

229 3892 564 3951 dummodo
587 3891 673 3945 vel
698 3890 777 3945 sic
799 3903 1020 3943 venena
1044 3885 1341 3940 mortifera
1363 3883 1740 3951 eleemosynse
1762 3879 1947 3936 celata

229 3984 688 4041 obumbratione
725 3977 1115 4033 transfundat.
1150 3975 1292 4029 Nam
1328 3988 1432 4027 nec
1464 3976 1704 4026 venator
1744 3971 1945 4036 feram,

232 4092 338 4131 nec
395 4087 561 4127 avem
611 4085 828 4140 auceps
859 4068 1165 4137 deciperet,
1197 4064 1284 4117 vel
1318 4064 1532 4134 piscem
1568 4061 1824 4131 piscator
1854 4077 1947 4114 ca-

236 4169 418 4233 peret,
452 4160 502 4215 si
556 4163 655 4214 aut
698 4157 797 4212 ille
831 4157 1094 4226 laqueum
1127 4154 1188 4207 in
1221 4157 1416 4223 aperto
1451 4154 1814 4221 proponeret,
1847 4154 1950 4204 aut

235 4253 332 4308 ille
367 4251 594 4304 bamun
627 4263 760 4302 esca
810 4244 1220 4300 absconditum
1254 4258 1367 4296 non
1412 4240 1663 4295 haberet.
1697 4239 1949 4294 Omnino

235 4358 372 4409 ergo
412 4337 723 4393 metuenda
753 4340 811 4390 et
840 4334 1094 4388 cavenda
1121 4335 1210 4387 est
1231 4329 1415 4384 hostis
1440 4328 1672 4395 astutia,
1702 4345 1773 4383 ne
1806 4343 1950 4397 quos

2044 1836 2179 1898 tur;
2215 1835 2270 1886 et
2299 1829 2433 1884 hinc
2465 1827 2631 1884 facile
2661 1827 3065 1896 cognoscimus
3095 1836 3348 1900 quantus
3379 1832 3526 1903 apud
3560 1833 3743 1890 Deum

2043 1921 2205 1977 dolor
2237 1923 2613 1989 exasperatur
2651 1919 2883 1989 quando
2927 1919 2975 1972 ei
3030 1919 3380 1976 sacrificium
3427 1938 3496 1977 ex
3543 1925 3748 1994 rapina

2044 2010 2343 2066 tribuitur.
2376 2008 2562 2063 Nimis
2602 2023 2736 2078 ergo
2781 2007 3194 2064 declinandum
3228 2014 3333 2076 est,
3371 2011 3747 2071 dilectissime

2046 2100 2244 2166 frater,
2277 2098 2386 2154 sub
2435 2097 2669 2152 obtentu
2701 2097 3100 2166 eleemosynaa,
3133 2103 3362 2168 peccata
3413 2100 3746 2159 simoniacae

2046 2190 2332 2245 haereseos
2365 2192 2710 2259 perpetrare.
2745 2189 2885 2242 Nam
2933 2187 3090 2242 aliud
3123 2193 3210 2243 est
3253 2195 3484 2260 promer
3515 2201 3750 2261 peccata

2047 2278 2447 2349 eleemosynas
2481 2278 2688 2344 facere,
2720 2275 2876 2332 aliud
2909 2280 3142 2347 pr0pter
3174 2278 3570 2351 eleemosynas
3620 2298 3746 2352 pec-

2048 2374 2175 2424 cata
2204 2366 2586 2424 committere.

2123 2478 2145 2509 ι
2182 2456 2298 2512 Hoc
2330 2470 2559 2526 quoque
2589 2455 2659 2510 ad
2693 2469 2798 2510 nos
2831 2455 3164 2524 pervenisse
3193 2472 3308 2511 non
3341 2458 3616 2514 dissimili
3649 2460 3751 2517 84

2049 2546 2290 2616 dignum
2338 2544 2717 2600 detestatione
2767 2543 3228 2614 complectimur,
3280 2548 3435 2616 quod
3486 2548 3750 2617 quidam,

2048 2633 2337 2690 desiderio
2371 2632 2602 2688 honoris
2645 2632 2849 2700 inflati,
2884 2632 3172 2687 defunctis
3209 2634 3520 2705 episcopis,
3556 2642 3753 2692 tonsu-

2051 2727 2273 2790 rantur,
2305 2729 2359 2776 et
2408 2721 2556 2776 fiunt
2606 2724 2841 2791 repente
2885 2736 2952 2775 ex
2994 2719 3155 2775 laicis
3195 2723 3544 2792 sacerdotes,
3578 2732 3753 2796 atque

2049 2812 2432 2868 inverecunde
2490 2810 2743 2882 religiosi
2790 2809 3072 2881 propositi
3120 2811 3394 2867 ducatum
3445 2813 3752 2884 arripiunt,

2051 2904 2148 2976 qui
2173 2919 2275 2958 nec
2297 2917 2425 2958 esse
2445 2901 2634 2956 adhuc
2664 2900 2877 2956 milites
2898 2900 3244 2957 didicerunt.
3272 2901 3414 2968 Quid
3450 2909 3751 2975 putamus,

2050 2993 2204 3064 quod
2275 2991 2366 3046 isti
2417 2990 2694 3060 subjectis
2745 2989 3068 3060 praestaturi
3101 2995 3257 3057 sunt,
3292 2991 3390 3060 qui
3441 2995 3753 3064 antequam

1971 3119 2012 3184 C
2054 3084 2440 3184 discipulatus
2465 3083 2640 3136 limen
2664 3081 2977 3152 attingant,
2999 3085 3192 3136 tenere
3217 3082 3406 3137 locum
3435 3085 3754 3156 magisterii

2054 3191 2168 3229 non
2214 3173 2576 3227 formidant?
2623 3173 2740 3236 Qua
2789 3171 2859 3224 de
2892 3185 2950 3224 re
2983 3186 3219 3225 necesse
3267 3176 3353 3225 est
3400 3179 3457 3226 ut
3491 3174 3754 3243 quamvis

2053 3261 2328 3332 inculpati
2355 3261 2601 3332 quisque
2619 3260 2692 3313 sit
2716 3258 3070 3328 meriti,ante
3092 3267 3285 3315 tamen
3312 3278 3411 3332 per
3443 3262 3754 3321 distinctos

2054 3352 2289 3406 ordines
2322 3349 2731 3406 ecclesiasticis
2755 3352 3088 3403 exerceatur
3110 3348 3338 3404 officiis.
3362 3350 3563 3407 Videat
3596 3355 3752 3424 quod

2054 3441 2331 3507 imitetur,
2365 3439 2551 3494 discat
2571 3438 2724 3509 quod
2748 3438 2968 3504 doceat,
2995 3438 3344 3494 informetur
3364 3441 3517 3511 quod
3541 3444 3756 3511 teneat,

2057 3541 2117 3589 ut
2151 3537 2350 3604 postea
2371 3547 2482 3586 non
2513 3530 2718 3585 debeat
2740 3545 2951 3598 errare,
2978 3530 3077 3601 qui
3102 3529 3334 3599 eligitur
3363 3532 3512 3586 viam
3537 3535 3754 3589 erranti

2059 3623 2478 3677 demonstrare.
2499 3619 2607 3673 Diu
2632 3635 2764 3689 ergo
2789 3617 3054 3688 religiosa
3077 3619 3454 3674 meditatione
3481 3620 3755 3690 poliatur,

2058 3719 2118 3766 ut
2150 3711 2390 3782 placeat,
2425 3713 2479 3764 et
2509 3710 2590 3763 sic
2622 3708 2852 3763 lucerna
2903 3725 3077 3778 super
3120 3708 3530 3764 candelabrum
3571 3711 3760 3782 posita

2056 3804 2266 3865 luceat,
2303 3803 2362 3853 ut
2393 3799 2633 3853 adversa
2665 3802 2967 3851 ventorum
3000 3799 3084 3852 vis
3135 3797 3388 3864 irruens,
3421 3809 3758 3870 conceptam

2057 3887 2400 3946 eruditionis
2420 3887 2714 3939 flammam
2742 3902 2853 3939 non
2875 3886 3229 3955 exstinguat,
3247 3887 3340 3941 sed
3362 3893 3593 3958 augeat.
3612 3889 3758 3944 Nam

2058 3996 2190 4034 cum
2225 3976 2507 4047 scriptum
2542 3974 2638 4041 sit,
2675 3978 2735 4027 ut
2767 3973 2948 4044 prius,
2984 3976 3113 4042 Quis
3139 3975 3417 4045 probetur,
3451 3985 3501 4030 et
3538 3977 3616 4030 sic
3661 3979 3761 4030 mi-

2057 4071 2253 4124 nistret
2284 4070 2329 4135 (t
2367 4067 2501 4119 Tim.
2529 4081 2609 4130 ιιι,
2651 4063 2757 4132 10),
2779 4061 2959 4117 multo
2993 4063 3242 4134 amplius
3266 4067 3401 4118 ante
3425 4064 3760 4134 probandus

2059 4163 2166 4229 est,
2203 4157 2298 4228 qui
2332 4153 2528 4227 populi
2563 4154 2911 4210 intercessor
2939 4153 3285 4216 assumitur,
3315 4170 3385 4209 ne
3418 4153 3556 4209 fiant
3586 4172 3764 4211 causa

2060 4247 2243 4304 ruinas
2293 4243 2522 4317 populis
2573 4244 2899 4298 sacerdotes
2951 4241 3110 4297 mali.
3147 4242 3316 4297 Nulla
3356 4242 3534 4314 igitur
3564 4251 3765 4301 contra

2062 4340 2170 4395 hoc
2200 4336 2514 4401 excusatio,
2547 4333 2705 4388 nulla
2736 4335 2924 4403 potest
2956 4349 3080 4388 esse
3122 4331 3399 4400 defensio,
3435 4333 3571 4404 quia
3616 4351 3760 4390 cun-

237 4438 442 4526 ερθτῑιι
472 4426 678 4526 pequit
713 4425 1025 4526 ῑιῖῐξῑειιίοξιρ
1055 4421 1427 4526 δυδνθῐξῐθτθνὶ
1448 4419 1662 4474 Ῐᾶίθηίθ
1701 4418 1813 4473 telo
1846 4434 1950 4473 εω·
1989 4462 2032 4526 D
2064 4428 2172 4484 ctis
2205 4424 2425 4496 liquido
2450 4427 2654 4477 notum
2679 4426 2763 4476 est
2790 4437 2916 4491 quae
2948 4420 3021 4475 sit
3052 4419 3110 4475 in
3138 4420 3314 4490 hujus
3349 4421 3423 4476 rei
3459 4422 3765 4494 diligentia

237 4521 368 4574 vius
403 4517 585 4572 valeat
621 4515 930 4569 trucidare.
956 4513 1152 4582 Neque
1182 4511 1333 4566 enim
1381 4509 1749 4580 eleemosyna
1780 4524 1959 4578 repu—

243 4609 425 4663 tanda
455 4611 568 4670 est,
596 4605 644 4659 si
680 4603 1035 4674 pauperibus
1068 4602 1430 4670 dispensatur
1453 4599 1606 4668 quod
1638 4613 1706 4653 ex
1735 4596 1958 4651 illicitis

246 4699 426 4753 rebus
451 4695 757 4764 accipitur,
781 4692 919 4763 quia
949 4690 1048 4762 qui
1071 4690 1180 4744 hac
1201 4688 1521 4743 intentione
1553 4687 1701 4742 male
1725 4687 1956 4758 accipit,

247 4793 312 4842 ut
346 4785 520 4858 quasi
553 4785 698 4838 bene
729 4782 1048 4854 dispenset,
1074 4783 1344 4849 gravatur
1377 4776 1568 4848 potius
1591 4792 1763 4847 quam
1791 4777 1964 4847 juva-

251 4884 365 4931 tur.
396 4873 781 4942 Eleemosyna
800 4869 1202 4939 Redemptoris
1228 4867 1407 4924 nostri
1428 4865 1612 4922 oculis
1634 4863 1735 4920 illa
1759 4864 1961 4935 placet,

251 4981 380 5036 quze
412 4965 484 5018 de
520 4979 636 5017 non
674 4959 895 5015 illicitis
928 4958 1097 5014 rebus
1146 4963 1200 5013 et
1252 4956 1556 5028 iniquitate
1608 4955 1962 5027 congeritur,

252 5056 352 5110 sed
385 5069 512 5124 qua:
545 5051 617 5105 de
647 5049 815 5104 rebus
842 5048 1134 5104 concessis
1156 5051 1212 5101 et
1243 5046 1388 5102 bene
1418 5045 1716 5114 acquisitis
1737 5044 1964 5114 impen-

255 5145 428 5197 ditur.
466 5139 632 5195 Unde
665 5139 841 5192 etiam
876 5138 1019 5192 illud
1054 5141 1277 5191 certum
1307 5139 1411 5200 est,
1435 5134 1566 5202 quia
1597 5137 1654 5188 et
1683 5133 1729 5188 si
1766 5148 1968 5186 mona-

257 5235 451 5295 steria,
477 5225 980 5292 autxenodochia,
1007 5226 1094 5282 vel
1119 5225 1258 5298 quid
1287 5223 1448 5280 aliud
1472 5224 1541 5280 de
1573 5222 1820 5296 pecunia
1841 5237 1969 5293 qua)

259 5340 360 5395 pro
393 5321 574 5376 sacris
607 5318 910 5373 ordinibus
943 5318 1115 5374 datur
1145 5319 1536 5384 construatur,
1572 5313 1823 5370 mercedi
1853 5329 1966 5368 non

261 5410 509 5482 prolicit,
544 5407 823 5480 quoniam
857 5406 996 5461 dum
1031 5422 1334 5476 pcrversus
1365 5409 1421 5459 et
1451 5409 1678 5476 emptor
1730 5402 1968 5459 honoris

259 5503 314 5557 in
340 5500 534 5554 locum
570 5495 1019 5560 transmittitur,
1043 5504 1093 5550 et
1125 5495 1269 5551 alios
1293 5495 1364 5549 ad
1399 5495 1488 5549 sui
1524 5493 1969 5550 similitudinem

335 5737 409 5806 (a)
445 5731 660 5805 Bigot.,
692 5729 897 5785 callida
926 5728 1122 5800 specie.

2068 4516 2252 4572 sancti
2285 4518 2340 4569 et
2371 4511 2583 4584 egregii
2615 4509 2947 4566 sollicitudo
2983 4509 3257 4572 doctoris,
3280 4509 3381 4580 qui
3413 4511 3770 4584 neopbytum

2068 4607 2138 4661 ad
2173 4605 2405 4660 ordines
2435 4607 2586 4656 vetat
2617 4615 2816 4655 sacros
2858 4600 3152 4654 accedere.
3197 4600 3361 4654 Sicut
3405 4605 3601 4656 autem
3637 4612 3771 4658 tunc

2071 4695 2398 4765 neopbytus
2447 4692 2764 4756 dicebatur,
2792 4691 2891 4760 qui
2925 4689 3088 4743 initio
3140 4690 3196 4743 in
3230 4695 3443 4744 sanctae
3487 4690 3620 4745 fidei
3653 4697 3773 4747 erat

2072 4785 2394 4842 eruditione
2422 4781 2741 4854 plantatus,
2775 4778 2858 4834 sic
2890 4779 3062 4834 modo
3102 4779 3430 4850 necpbytus
3465 4779 3772 4835 habendus

2074 4881 2185 4943 est,
2218 4872 2311 4943 qui
2362 4874 2596 4941 repente
2645 4869 2704 4924 in
2756 4867 3054 4940 religionis
3105 4867 3310 4923 habitu
3357 4867 3666 4937 plantatus,
3700 4868 3771 4922 ad

2075 4963 2419 5022 ambiendos
2468 4961 2711 5016 honores
2762 4974 2950 5014 sacros
2983 4957 3300 5027 irrepserit.
3334 4955 3608 5011 Ordinate
3638 4972 3773 5029 ergo

2076 5055 2148 5112 ad
2193 5053 2426 5110 ordines
2473 5049 2908 5106 ascendendum
2957 5051 3059 5104 est.
3111 5047 3256 5100 Nam
3309 5061 3504 5100 casum
3559 5047 3777 5117 appetit

2077 5143 2178 5215 qui
2210 5142 2280 5196 ad
2313 5155 2545 5195 summa
2575 5137 2684 5194 loci
2715 5136 2964 5207 fastigia,
2992 5133 3326 5206 postpositis
3358 5133 3652 5201 gradibus,
3676 5151 3779 5206 per

2080 5233 2327 5302 abrupta
2357 5229 2566 5300 quaerit
2596 5242 2925 5283 ascensum.
2956 5228 3025 5278 Et
3074 5239 3208 5278 cum
3259 5222 3413 5277 idem
3460 5221 3779 5293 Apostolus

2078 5324 2279 5378 doceat
2309 5318 2460 5373 inter
2502 5317 2614 5372 alia
2647 5314 2794 5370 sacri
2840 5311 3063 5368 ordinis
3093 5310 3367 5367 instituta
3397 5311 3779 5383 discipulum,

2079 5426 2315 5468 manum
2362 5425 2474 5462 non
2507 5423 2632 5460 esse
2661 5405 2933 5474 cuiquam
2965 5402 3134 5458 citius
3173 5402 3604 5472 imponendam,
3638 5402 3779 5474 quid

2078 5499 2190 5556 hoc
2208 5497 2470 5562 celerius,
2506 5494 2713 5567 quidve
2747 5492 3179 5568 praecipitatius,
3202 5508 3375 5565 quam
3401 5499 3460 5548 ut
3489 5490 3780 5548 exoriatur
