4088 6172
322 224 432 288 131

868 221 934 282 S.
979 216 1360 281 GREGORII
1403 217 1628 278 PAPIE
1670 216 1884 290 VITA,
1931 218 2158 282 AUCT.
2204 219 2505 282 JOANNE
2549 222 2913 284 DlACONO.
2960 223 3110 282 LIB.
3156 224 3266 284 III.

3717 227 3836 286 132

318 384 353 424 a
383 363 719 423 summitate
748 359 1122 433 principium,
1153 362 1211 414 et
1241 360 1551 428 antequam
1605 370 1732 410 esse
1779 353 2019 426 incipiat
2047 360 2102 425 Α
2131 356 2326 413 culare
2347 356 2634 430 ﬂagitium
2657 359 2915 431 sumpsit
2939 357 3265 414 exordium.
3291 379 3319 409 »
3361 357 3589 430 (Regia.
3612 357 3709 415 lib.
3728 375 3837 429 xu,

318 457 669 527 discipulus,
693 453 768 508 sit
798 452 1068 523 magister
1087 451 1114 505 ?
1135 450 1407 518 Quisquis
1426 447 1600 515 igitur
1622 445 2018 500 sacerdotium

317 564 433 604 non
466 546 534 600 ad
567 541 836 600 elationis
868 555 1164 612 pompam,
1192 537 1290 592 sed
1325 537 1396 590 ad
1432 535 1744 589 utilitatem
1777 533 2017 604 adipisci

318 636 630 702 desiderat,
665 631 825 704 prius
864 630 1014 685 vires
1044 643 1184 684 suas
1215 641 1348 681 cum
1381 640 1446 680 eo
1479 625 1633 697 quod
1663 631 1746 678 est
1794 623 2016 680 subitu-

317 743 417 785 rus
465 741 637 780 onere
685 720 981 785 metiatur,
1022 722 1086 773 ut
1133 722 1190 772 et
1238 717 1427 786 impar
1473 714 1781 779 abstineat,
1832 719 1889 770 et
1941 715 2013 770 ad

315 818 371 872 id
403 831 535 872 eum
597 817 756 868 metu
807 809 977 866 etiam
1026 806 1123 879 qui
1173 820 1234 862 se
1279 804 1547 861 sufﬁcere
1598 804 1890 860 existimat
1918 821 2016 860 ac-

315 906 508 962 cedat.

385 1045 413 1073 ‹‹
446 1022 528 1076 Ab
581 1035 640 1075 re
683 1021 880 1074 autem
924 1030 1040 1070 non
1087 1012 1348 1080 facimus,
1381 1011 1425 1067 si
1479 1012 1546 1066 ad
1601 1016 2011 1084 argumentum

313 1107 675 1178 rationabile,
701 1121 872 1162 usum
896 1119 1089 1160 rerum
1115 1101 1607 1158 irrationabilium
1643 1099 2010 1173 colligamus.

311 1204 458 1273 Apta
476 1213 729 1269 namque
746 1192 1225 1251 aedificationibus
1243 1192 1312 1246 de
1331 1190 1492 1246 silvis
1516 1189 1677 1261 ligna
1699 1191 2012 1247 succidun-

312 1298 427 1359 tur,
449 1305 555 1346 nec
587 1292 778 1342 tamen
806 1284 998 1340 adhuc
1019 1280 1302 1336 viridibus
1325 1279 1554 1335 aedificii
1581 1279 1808 1350 pondus
1832 1281 2014 1353 impo-

310 1381 489 1445 nitur,
511 1376 624 1432 nisi
644 1389 846 1431 eorum
868 1371 1220 1428 viriditatem
1248 1367 1564 1424 multorum
1596 1368 1822 1424 dierum
1848 1386 2014 1425 mora

310 1467 632 1535 siccaverit,
669 1469 726 1519 et
776 1467 908 1534 apta
953 1461 1022 1517 ad
1073 1458 1462 1516 necessarium
1512 1473 1683 1513 usum
1737 1458 2009 1513 effecerit.

309 1561 444 1626 Quae
475 1555 520 1612 si
552 1552 923 1611 observantia
972 1551 1116 1605 forte
1148 1546 1482 1619 negligitur,
1511 1547 1682 1602 citius
1715 1547 2014 1619 superim-

311 1648 496 1720 posita
516 1643 666 1699 mole
688 1643 1057 1711 franguntur,
1078 1642 1134 1694 et
1159 1637 1344 1708 gignit
1367 1637 1598 1692 ruinam
1622 1637 1692 1690 ad
1729 1635 2008 1691 auxilium

310 1754 399 1794 res
421 1734 668 1806 provisa.
694 1731 838 1787 Hinc
859 1730 1074 1785 etenim
1099 1726 1332 1791 medici,
1355 1725 1456 1796 qui
1477 1741 1783 1797 corporum
1809 1742 2010 1781 curam
2044 1746 2090 1811 B

307 1829 539 1894 gerunt,
563 1821 830 1894 quaedam
862 1817 1154 1889 adjutoria
1185 1815 1400 1870 recenti
1429 1814 1620 1870 adhuc
1651 1815 2010 1871 confectione

307 1915 556 1969 formata
584 1907 872 1980 indigenti
902 1923 1018 1962 non
1049 1905 1318 1972 offerunt,
1349 1903 1450 1958 sed
1485 1904 1828 1958 maceranda
1866 1909 2012 1958 tem-

308 2003 466 2075 poris
495 1999 931 2068 derelinquunt.
963 1994 1104 2050 Nam
1152 1992 1202 2049 si
1232 1993 1546 2047 immature
1585 1995 1713 2064 quis
1761 1992 2007 2060 dederit,

307 2094 552 2148 dubium
591 2106 704 2144 non
750 2093 838 2143 est
868 2084 1008 2157 quia
1037 2084 1102 2138 fit
1144 2097 1316 2138 causa
1347 2081 1588 2153 periculi
1633 2098 1724 2137 res
1773 2081 2006 2140 salutis.

304 2183 547 2240 Discant
594 2180 809 2249 itaque,
856 2175 1088 2230 discant
1134 2173 1193 2227 in
1237 2171 1427 2227 officio
1485 2186 1588 2226 suo
1656 2171 2006 2239 sacerdotes,

305 2272 519 2343 quibus
549 2268 878 2324 animarum
913 2262 1136 2318 credita
1164 2267 1252 2317 est
1282 2277 1443 2328 cura,
1475 2275 1702 2314 servare
1732 2262 1886 2330 quod
1919 2261 2007 2315 di-

303 2375 601 2416 versarum
622 2356 835 2411 artium
855 2352 1120 2408 homines
1138 2351 1381 2406 docente
1406 2349 1628 2404 ratione
1644 2349 2004 2418 custodiunt,

305 2457 359 2508 et
385 2466 418 2504 a
450 2445 722 2519 praecipiti
758 2458 819 2499 se
868 2440 1210 2506 ambitione,
1243 2445 1298 2495 et
1329 2437 1376 2492 si
1427 2452 1542 2492 non
1593 2441 1774 2505 metu,
1805 2435 2006 2493 saltem

303 2540 524 2612 pudore
570 2535 927 2592 contineant.
958 2530 1068 2586 Sed
1123 2545 1196 2584 ne
1245 2529 1437 2583 forsan
1487 2528 1676 2582 adhuc
1726 2543 1911 2597 prava
1943 2543 2006 2584 se

300 2623 748 2686 consuetudinis
777 2621 1089 2693 quisquam
1119 2617 1259 2673 velit
1284 2617 1513 2685 objectu
1547 2617 1872 2681 defendere,
1897 2616 2006 2672 fra-

302 2717 593 2774 ternitatis
641 2717 749 2769 tuae
796 2709 1065 2767 discretio
1115 2707 1359 2763 rationis
1403 2723 1498 2762 eos
1529 2707 1689 2762 freno
1721 2711 2000 2773 coerceat,

302 2811 398 2865 85
433 2813 491 2864 et
520 2805 637 2860 labi
669 2803 729 2857 in
761 2801 980 2856 illicitis
1019 2815 1134 2853 non
1165 2797 1505 2868 permittat:
1539 2797 1672 2866 quia
1716 2797 2001 2868 quidquid

300 2898 522 2954 ultione
568 2893 814 2964 dignum
860 2893 972 2954 est,
1006 2903 1120 2941 non
1170 2888 1238 2942 ad
1278 2885 1626 2942 imitationis
1658 2888 1756 2941 sed
1812 2889 2004 2958 potius

298 2988 368 3042 ad
399 2982 731 3053 exemplum
763 2978 934 3034 debet
978 2974 1363 3047 correptionis
1409 2975 1642 3030 adduci.
1680 2996 1706 3024 »
1756 2976 1823 3030 Et
1873 2984 2000 3047 post

299 3090 517 3149 pauca:

369 3201 423 3256 3.
451 3221 477 3248 ‹‹
511 3199 590 3253 De
619 3193 712 3250 his
744 3192 941 3264 itaque
972 3207 1099 3263 qua:
1133 3190 1403 3259 superius
1434 3189 1590 3246 dicta
1619 3197 1774 3258 sunt,
1800 3193 2002 3249 frater-

299 3291 542 3346 nitatem
593 3288 868 3350 vestram,
920 3288 1154 3335 auclore
1198 3279 1337 3347 Deo,
1387 3278 1655 3334 volumus
1719 3282 1998 3351 synodum

298 3389 689 3448 congregare:
742 3376 914 3442 atque
964 3368 1022 3421 in
1072 3384 1138 3424 ea
1170 3368 1648 3424 reverendissimo
1690 3368 1864 3426 fratre
1896 3387 1996 3425 no-

297 3472 416 3523 stro
450 3466 525 3536 (α)
556 3460 786 3533 Aregio,
817 3459 1112 3530 episcopo,
1146 3461 1204 3512 et
1234 3456 1618 3512 dilectissimo
1650 3457 1768 3514 filio
1803 3464 1999 3517 nostro

296 3555 532 3628 Cyriaco
555 3553 764 3608 abbate
786 3547 1418 3614 mediantibus,omnia
1440 3561 1568 3619 quas
1588 3549 1806 3604 sanctis
1830 3565 2000 3605 cano-

296 3645 491 3713 nibus,
523 3643 671 3698 sicut
701 3636 1098 3712 praediximus,
1130 3641 1265 3692 sunt
1307 3637 1568 3704 adversa,
1599 3636 1856 3694 districto
1887 3640 1995 3696 sub

295 3733 684 3792 anethematis
707 3727 1078 3800 impositione
1099 3727 1477 3782 damnentur:
1503 3727 1554 3781 id
1581 3732 1688 3792 est,
1713 3733 1773 3784 ut
1799 3728 1995 3786 nullus

295 3841 396 3896 pro
421 3819 815 3894 adipiscendis
834 3815 1245 3873 ecclesiasticis
1270 3815 1572 3872 ordinibus
1596 3818 1733 3874 dare
1759 3818 1990 3890 aliquod

291 3913 664 3972 commodum
697 3913 1030 3983 praesumat,
1062 3907 1147 3963 vel
1180 3923 1281 3978 pro
1311 3908 1462 3963 datis
1495 3908 1776 3981 accipere,
1806 3925 1992 3982 neque

281 4022 351 4062 ex
389 4002 536 4060 laico
571 4000 773 4056 habitu
818 3998 1126 4070 quisquam
1158 4001 1401 4068 repente
1432 3998 1643 4053 audeat
1674 3999 1744 4054 ad
1797 3999 1988 4054 locum

282 4093 430 4152 sacri
479 4090 782 4164 regiminis
832 4089 1151 4162 pervenire,
1186 4103 1374 4158 neque
1433 4093 1497 4143 ut
1536 4088 1660 4144 aliis
1721 4090 1992 4146 mulieres

282 4199 415 4240 cum
449 4179 850 4236 sacerdotibus
882 4176 1147 4232 habitent
1178 4175 1287 4230 nisi
1321 4191 1397 4230 eaa
1429 4191 1559 4246 quas
1590 4176 1776 4233 sacris
1815 4194 1987 4234 cano-

283 4273 460 4328 nibus
491 4274 628 4325 sunt
660 4267 978 4341 permissae.
1014 4288 1042 4315 »

353 4388 405 4441 4.
440 4386 552 4442 Has
585 4384 884 4456 pestiferas
918 4383 1168 4438 haereses
1199 4397 1445 4438 cernens
1495 4380 1985 4454 prudentissimus

2126 460 2210 517 ep.
2243 447 2356 517 29.)

2199 540 2251 590 5.
2286 538 2427 591 Cum
2478 554 2607 594 vero
2659 538 2941 610 quosdam
2991 540 3390 608 cognosceret,
3441 537 3511 592 ad
3565 536 3834 593 evitanda

2127 627 2456 682 simoniacze
2498 627 2734 682 haeresis
2781 627 3050 695 crimina,
3083 626 3366 697 pestiferae
3419 626 3833 698 negotiationis

2127 731 2371 770 munera
2401 716 2826 786 pastellaticum
2861 716 3066 771 callide
3095 715 3366 781 vocitare,
3393 732 3457 770 ac
3488 715 3832 786 huiusmodi

2128 810 2353 862 mutato
2385 807 2638 874 nomine,
2673 823 2792 862 sua:
2819 806 3159 876 cupiditatis
3188 805 3485 860 avaritiam
3515 806 3660 861 velle
3690 820 3831 860 con-

2124 901 2338 967 tegere,
2359 896 2854 968 prudentissimus
2885 897 3087 951 doctor
3117 895 3429 965 Gregorius
3452 896 3829 964 sententiam,

2124 1001 2300 1056 quam
2351 986 2409 1041 in
2461 985 2775 1058 primordio
2808 986 2897 1041 sui
2949 985 3319 1056 pontificatus
3364 1001 3561 1040 coram
3608 985 3832 1056 synodo

2125 1077 2610 1148 promulgaverat,
2644 1078 2848 1133 iterato
2881 1076 3142 1149 protulit,
3176 1077 3409 1134 dicens:
3453 1099 3481 1126 ‹‹
3517 1078 3829 1147 Antiquam

2123 1168 2356 1222 Patrum
2381 1167 2634 1237 regulam
2665 1183 2938 1238 sequens,
2958 1166 3106 1221 nulli
3138 1182 3394 1236 unquam
3415 1165 3728 1237 quidquam
3755 1166 3829 1221 de

2124 1255 2584 1311 ordinationibus
2615 1254 3016 1325 accipiendum
3039 1270 3167 1310 esse
3190 1255 3483 1310 constituo
3511 1271 3522 1308 :
3550 1269 3736 1325 neque
3758 1271 3834 1310 ex

2123 1345 2355 1400 dations
2382 1344 2569 1414 Pallii,
2605 1361 2792 1416 neque
2821 1361 2889 1400 ex
2917 1345 3231 1400 traditione
3260 1344 3617 1414 chartarum,
3641 1359 3830 1416 neque

2123 1453 2191 1491 ex
2222 1453 2308 1503 ea,
2335 1452 2508 1507 quam
2542 1452 2686 1491 nova
2718 1452 2820 1507 per
2850 1435 3229 1490 ambitionem
3252 1433 3548 1490 simulatio
3582 1434 3825 1503 invenit,

2123 1527 2507 1598 appellatione
2559 1525 2809 1597 pastelli.
2842 1526 2986 1590 Quia
3033 1527 3188 1580 enim
3227 1525 3286 1580 in
3335 1524 3663 1580 ordinando
3695 1525 3829 1596 epi-

2121 1633 2293 1688 scopo
2321 1617 2575 1687 pontifex
2598 1631 2833 1671 manum
2854 1615 3121 1686 imponit,
3148 1612 3440 1685 Evangelii
3471 1629 3606 1669 vero
3628 1611 3832 1670 lectio-

2123 1723 2254 1762 nem
2288 1706 2556 1762 minister
2588 1705 2741 1776 legil,
2767 1704 3228 1761 confirmationis
3254 1708 3445 1759 autem
3471 1704 3599 1774 ejus
3621 1704 3830 1775 episto-

2119 1797 2229 1851 lam
2283 1796 2537 1852 notarius
2585 1795 2827 1850 scribit:
2888 1794 3042 1850 sicut
3097 1793 3424 1863 pontificem
3484 1809 3598 1848 non
3658 1793 3827 1850 decet

2119 1902 2382 1955 manum,
2422 1901 2598 1957 quam
2651 1885 2920 1956 imponit,
2951 1884 3196 1938 vendere
3232 1899 3246 1949 ;
3290 1883 3372 1938 ita
3414 1881 3702 1953 minister,
3735 1884 3826 1941 vel

2118 1975 2380 2031 notarius
2411 1993 2524 2030 nun
2559 1974 2728 2029 debet
2757 1973 2813 2027 in
2847 1971 3209 2028 ordinatione
3240 1972 3366 2040 ejus
3397 1987 3592 2028 vocem
3626 1988 3824 2038 suam,

2117 2062 2204 2118 vel
2253 2064 2538 2120 calamum
2586 2063 2938 2118 venundare.
2968 2062 3074 2116 Pro
3130 2060 3494 2115 ordinatione
3538 2077 3695 2131 ergo,
3728 2063 3818 2117 vel

2120 2171 2228 2209 usu
2254 2155 2433 2226 pallii,
2459 2170 2560 2211 seu
2583 2153 2818 2213 chartis.
2842 2153 2919 2224 (b)
2942 2161 3111 2223 atque
3133 2149 3396 2223 pastellis
3419 2152 3691 2206 eumdem
3717 2154 3820 2223 qui

2116 2245 2477 2300 ordinandus
2527 2249 2616 2299 est
2658 2241 2740 2298 vel
2793 2241 3116 2306 ordinatur,
3158 2240 3396 2295 omnino
3429 2239 3645 2310 aliquid
3682 2241 3818 2296 dare

2117 2333 2413 2405 prohibeo.
2443 2333 2522 2388 Ex
2544 2332 2758 2403 quibus
2782 2329 3070 2402 praedictis
3097 2328 3272 2385 rebus
3303 2329 3350 2384 si
3385 2329 3512 2400 quis
3544 2328 3677 2385 hinc
3710 2331 3817 2385 ali-

2115 2424 2254 2495 quid
2287 2423 2577 2479 commodi
2626 2419 3014 2492 appellatione
3053 2418 3300 2490 exigere,
3335 2420 3419 2474 vel
3454 2424 3642 2491 petere
3674 2420 3819 2477 forte

2117 2511 2579 2585 praesumpserit,
2604 2513 2660 2566 in
2691 2510 2954 2566 districto
2975 2508 3075 2564 Dei
3105 2509 3522 2580 omnipotentis
3551 2509 3817 2565 examine

2117 2601 2298 2658 reatui
2341 2600 2690 2671 subjaoebit.
2725 2619 2751 2651 ι
2807 2599 2987 2670 (Rom.
3021 2596 3271 2668 Synodus
3317 2612 3364 2652 c.
3396 2597 3451 2663 5,
3481 2598 3561 2654 ad
3611 2598 3816 2654 calcem

2115 2693 2530 2764 Epistolarum.)

2183 2783 2238 2839 6.
2266 2783 2400 2837 Item
2419 2780 2650 2847 Joanni,
2675 2779 2945 2851 episcopo
2969 2775 3417 2847 Corinthiorum,
3438 2782 3570 2848 post
3593 2775 3778 2832 multa
3799 2793 3818 2834 :

2117 2895 2139 2922 ι
2165 2871 2351 2938 Novit,
2375 2869 2587 2940 inquit,
2614 2866 2945 2924 fraternitas
2974 2871 3182 2934 vestra,
3209 2865 3340 2936 quia
3364 2864 3523 2935 prius
3547 2864 3815 2936 pallium,

2116 2962 2229 3018 nisi
2256 2962 2389 3016 dato
2416 2959 2740 3026 commodo,
2765 2973 2883 3014 non
2914 2957 3181 3012 dabatur.
3214 2955 3375 3020 Quod
3415 2955 3690 3026 quoniam
3721 2957 3816 3012 in-

2118 3065 2442 3124 congruum
2499 3053 2645 3117 erat,
2678 3049 2826 3104 facto
2883 3046 3128 3103 concilio
3170 3050 3306 3102 ante
3379 3060 3589 3118 corpus
3661 3047 3814 3102 beati

2035 3118 2077 3185 (ἶ
2117 3118 2290 3207 Petri,
2320 3139 2707 3209 apostolorum
2757 3135 3057 3208 principis,
3085 3138 3206 3189 tam
3254 3135 3324 3190 de
3382 3133 3491 3191 hoc
3532 3151 3708 3207 quam
3743 3136 3813 3191 de

2112 3227 2576 3286 ordinationibus
2598 3225 2816 3297 aliquid
2833 3224 3092 3296 accipere
3113 3223 3214 3279 86
3241 3223 3350 3280 sub
3366 3223 3811 3280 districtainter-

2111 3320 2363 3376 dictione
2393 3318 2705 3374 vetuimus.
2739 3318 2974 3388 Oportet
3004 3331 3137 3387 ergo
3172 3319 3235 3370 ut
3283 3331 3472 3386 neque
3501 3330 3604 3386 per
3643 3331 3810 3370 com-

2109 3408 2367 3475 modum,
2403 3423 2584 3478 neque
2614 3422 2717 3478 per
2745 3406 3012 3478 gratiam,
3039 3409 3138 3460 aut
3169 3405 3558 3476 quorumdam
3583 3404 3810 3476 suppli-

2106 3500 2416 3564 cationem,
2447 3496 2671 3567 aliquos
2703 3495 2776 3551 ad
2808 3510 3006 3551 sacros
3035 3493 3269 3550 ordines
3318 3493 3696 3550 consentiatis
3721 3491 3810 3548 vel

2106 3585 2458 3658 permittatis
2492 3583 2720 3640 adduci.
2757 3605 2784 3632 υ
2817 3583 3030 3654 (Regist.
3070 3582 3108 3638 ι.
3133 3598 3188 3649 ν,
3221 3596 3304 3652 cp.
3331 3581 3448 3653 57.)

2175 3676 2289 3732 Sed
2339 3679 2526 3730 astuta
2565 3672 2923 3744 turpissimae
2971 3671 3312 3743 cupiditatis
3359 3671 3639 3743 iniquitas
3686 3687 3806 3726 non

2103 3767 2390 3821 sufferens
2421 3763 2596 3819 tantis
2631 3779 2692 3819 se
2722 3762 3062 3829 commodis,
3097 3763 3227 3817 licet
3271 3761 3650 3834 turpissimis,
3683 3761 3805 3816 imo

2103 3854 2616 3928 periculosissimis
2645 3853 2962 3923 augustari,
2995 3859 3388 3907 commentum
3429 3851 3573 3907 satis
3621 3849 3805 3906 artiﬁ-

2100 3945 2324 4000 ciosum
2359 3939 2605 4012 reperit:
2640 3957 2754 4011 quo
2784 3937 3151 3995 scilicetillos
3172 3937 3494 3994 sacerdotio
3517 3936 3802 3992 sublima-

2099 4039 2207 4100 ret,
2239 4032 2339 4102 qui
2373 4030 2484 4087 sibi
2520 4035 2650 4102 post
2691 4029 3184 4086 consecrationem
3237 4033 3395 4083 tanto
3426 4026 3804 4098 subiectiores

2096 4139 2225 4179 esse
2255 4121 2617 4186 debuissent,
2637 4125 2856 4191 quanto
2884 4135 2998 4173 non
3030 4118 3250 4185 divino,
3273 4118 3414 4189 quin
3473 4117 3664 4188 potius
3696 4116 3806 4171 hu-

2097 4228 2268 4268 mano
2299 4209 2519 4281 judicio
2575 4227 2636 4266 se
2691 4210 2869 4265 fuisse
2920 4211 3217 4279 promotos
3267 4206 3378 4278 ipsi
3417 4204 3800 4276 proculdubio

2096 4305 2454 4374 reputarent.
2480 4300 2845 4372 QuaprOpter
2872 4295 3289 4368 omnipotentis
3322 4295 3418 4352 Dei
3442 4311 3628 4367 praeco
3660 4293 3799 4351 Gre-

2095 4392 2293 4464 gorius
2324 4391 2382 4446 in
2425 4391 2874 4462 Evangeliorum
2925 4387 3290 4453 tractatibus,
3325 4391 3388 4442 ut
3435 4384 3658 4442 scilicet
3688 4385 3802 4440 fre-

280 4479 482 4533 doctor
512 4473 842 4544 Gregorius,
869 4488 970 4542 per
998 4471 1363 4527 sacerdotum
1395 4471 1843 4538 conniventiam,
1867 4473 1986 4530 sive
2015 4493 2062 4558 D
2095 4482 2371 4554 quentius
2391 4481 2505 4553 legi
2526 4480 2616 4536 vel
2637 4481 2824 4536 audiri
2852 4479 3158 4550 potuisset,
3181 4478 3458 4548 disputat,
3483 4474 3757 4546 inquiens
3781 4489 3796 4529 :

279 4561 738 4621 taciturnitatem
781 4560 964 4630 magis
1016 4559 1316 4631 magisque
1363 4559 1588 4616 diffusis
1618 4561 1982 4630 muneribus,

279 4653 445 4726 quasi
479 4649 714 4723 pestifer
744 4665 972 4716 cancer,
1007 4665 1120 4704 non
1153 4648 1340 4704 solum
1371 4649 1603 4705 infirma
1634 4665 1803 4721 posse
1851 4667 1981 4706 cor-

277 4741 498 4807 rodere,
521 4753 722 4795 verum
741 4737 914 4794 etiam
939 4737 1111 4792 fortia
1133 4738 1396 4793 membra
1419 4754 1697 4795 mucrone
1720 4738 1984 4811 pulcher-

276 4833 560 4888 rimarum
591 4844 784 4884 rerum
815 4842 1208 4897 corrumpere,
1243 4825 1436 4882 divino
1467 4827 1588 4883 zelo
1627 4834 1978 4894 commotus,

272 4923 487 4979 Victori
521 4919 794 4992 episcopo
826 4917 1158 4990 generalem
1188 4917 1542 4972 sententiam
1593 4917 1854 4988 protulit,
1892 4919 1978 4974 di-

274 5029 448 5068 cens:
484 5034 511 5061 «
547 5008 824 5081 Quisquis
870 5007 944 5063 ad
976 5006 1082 5062 hoc
1115 5007 1342 5062 facinus
1371 5005 1664 5074 (videlicet
1694 5005 1976 5074 simonitc,

273 5118 340 5158 ac
386 5100 807 5172 neophytorum
858 5097 1148 5168 haeresim)
1183 5097 1638 5164 emendandum,
1670 5097 1846 5152 officii
1889 5097 1977 5152 sui

272 5187 740 5246 consideratione
769 5188 1142 5244 vehementer
1172 5201 1286 5242 non
1320 5186 1547 5251 arserit,
1579 5202 1712 5242 cum
1745 5187 1872 5257 ipso
1917 5201 1979 5242 se

273 5280 488 5338 habere
517 5293 632 5333 non
660 5278 883 5334 dubitet
907 5278 1257 5349 portionem,
1291 5294 1324 5332 a
1355 5293 1468 5349 quo
1501 5277 1664 5348 prius
1704 5278 1811 5333 hoc
1843 5277 1976 5348 pia-

343 5499 422 5578 (ᾳ)
459 5496 633 5578 Aliter
667 5495 897 5578 Λεεάξρ.
924 5497 1227 5578 ΡθλίΙΙο-ἰιι
1263 5500 1529 5578 Epistolis
1561 5501 1974 5578 multa‘habes.

271 5567 491 5626 Colitur
520 5567 791 5622 kalendis
825 5568 982 5634 Maii,
1019 5578 1078 5622 ut
1109 5567 1418 5626 observ—ant
1449 5573 1884 5628 Sammarthani
1919 5573 1976 5628 in

269 5642 456 5699 Gallia
485 5639 1058 5712 Christ._exy_Proprio
1089 5640 1239 5695 Eccl.
1273 5641 1670 5712 Vapincensis.

341 5715 417 5786 (b)
445 5712 527 5769 Ad
550 5712 671 5770 hac
693 5710 1002 5769 Bollandus
1027 5727 1040 5766 :
1091 5715 1167 5768 est
1193 5710 1474 5785 pastillus,
1501 5715 1703 5786 inquit,
1731 5717 1978 5774 mascula

2099 4595 2126 4622 «
2151 4573 2302 4628 Sunt
2350 4570 2754 4641 nonnulli,qui
2787 4569 3021 4640 quidem
3061 4581 3432 4622 nummorum
3467 4565 3705 4635 praemia
3730 4579 3803 4619 ex

2096 4660 2458 4718 ordinatione
2489 4676 2605 4716 non
2637 4658 2952 4730 accipiunt,
2985 4662 3042 4712 et
3084 4666 3275 4712 tamen
3324 4671 3516 4711 sacros
3564 4652 3800 4708 ordines

2095 4768 2198 4823 pro
2248 4751 2509 4806 humana
2539 4751 2728 4822 gratia
2776 4748 3150 4820 largiuntur:
3203 4751 3375 4815 atque
3422 4745 3490 4799 de
3535 4741 3800 4814 largitate

2095 4842 2323 4909 eadem,
2343 4839 2536 4894 laudis
2558 4838 2926 4894 solummodo
2947 4835 3390 4891 retributionem
3415 4835 3706 4904 quaerunt.
3728 4830 3799 4886 Hi

2095 4929 2397 4998 nimirum,
2430 4929 2583 5000 quod
2636 4928 2817 4999 gratis
2867 4929 3236 4997 acceperunt,
3279 4923 3460 4996 gratis
3517 4937 3633 4977 non
3689 4919 3800 4974 tri-

2094 5021 2284 5075 buunt
2312 5037 2324 5076 :
2358 5019 2496 5091 quia
2521 5019 2592 5074 de
2621 5018 2888 5088 impenso
2918 5016 3112 5073 officio
3141 5013 3487 5079 sanctitatis,
3520 5015 3800 5082 expetunt

2094 5126 2401 5165 nummum
2427 5107 2659 5164 favoris.
2692 5108 2851 5163 Unde
2881 5107 3026 5162 bene
3045 5122 3178 5160 cum
3205 5106 3438 5174 justum
3471 5103 3657 5157 virum
3691 5101 3796 5155 de-

2091 5197 2369 5253 scriberet
2414 5196 2717 5268 propheta,
2751 5196 2868 5252 ait:
2915 5195 3022 5264 Qui
3068 5195 3274 5248 excutit
3318 5207 3515 5246 manus
3561 5203 3686 5244 sua:
3727 5187 3796 5242 ab

2091 5289 2244 5342 omni
2287 5302 2513 5342 munere
2563 5286 2719 5352 (Isai.
2769 5301 2970 5353 xxxiii,
3007 5284 3117 5355 15).
3150 5283 3346 5354 Neque
3393 5280 3548 5336 enim
3591 5277 3736 5334 dixit
3778 5292 3794 5335 :

2089 5502 2146 5555 in
2179 5503 2418 5571 formam
2463 5504 2630 5573 panis
2676 5501 3036 5573 parviicoda.
3074 5502 3177 5573 P_ro
3231 5493 3795 5573 hoc_etiam__dicilur

2089 5565 2391 5642 pastellus,
2421 5565 2622 5629 effnde
2655 5565 3044 5642 pastellatium
3086 5569 3288 5624 donum
3330 5565 3421 5642 hic
3459 5565 3791 5642 indicatum.

2091 5637 2272 5729 'Aliam
2304 5637 2788 5729 significationem
2823 5643 3136 5699 attulimus
3170 5643 3224 5695 in
3259 5638 3411 5696 notis
3445 5638 3513 5694 ad
3541 5637 3646 5692 hoc
3688 5638 3796 5691 de-

2087 5725 2310 5774 cretum
2341 5717 2402 5776 in
2434 5717 2590 5775 calce
2619 5717 2791 5789 epist.
