  <div class='ocr_page' id='page_1' title='image "/cluster/home/n/w/nwhite01/storage/ocr_20150623/75/hvd.32044054758800/072.png"; bbox 0 0 4088 6172; ppageno 0'>
   <div class='ocr_carea' id='block_1_1' title="bbox 170 243 275 306">
    <p class='ocr_par' dir='ltr' id='par_1_1' title="bbox 170 243 275 306">
     <span class='ocr_line' id='line_1_1' title="bbox 170 243 275 306; baseline -0.029 0"><span class='ocrx_word' id='word_1_1' title='bbox 170 243 275 306; x_wconf 88' lang='grc'><strong>133</strong></span> 
     </span>
    </p>
   </div>
   <div class='ocr_carea' id='block_1_2' title="bbox 720 234 3118 306">
    <p class='ocr_par' dir='ltr' id='par_1_2' title="bbox 720 234 3118 306">
     <span class='ocr_line' id='line_1_2' title="bbox 720 234 3118 306; baseline 0.001 -6"><span class='ocrx_word' id='word_1_2' title='bbox 720 240 784 300; x_wconf 94' lang='lat' dir='ltr'><strong>S.</strong></span> <span class='ocrx_word' id='word_1_3' title='bbox 833 235 1195 299; x_wconf 81' lang='lat' dir='ltr'><strong>GREGOBll</strong></span> <span class='ocrx_word' id='word_1_4' title='bbox 1241 234 1471 298; x_wconf 69' lang='grc' dir='ltr'>ΡΑΡιΕ</span> <span class='ocrx_word' id='word_1_5' title='bbox 1512 235 1722 306; x_wconf 83' lang='lat' dir='ltr'><strong>VITA,</strong></span> <span class='ocrx_word' id='word_1_6' title='bbox 1771 236 2005 299; x_wconf 80' lang='lat' dir='ltr'><strong>AUCT.</strong></span> <span class='ocrx_word' id='word_1_7' title='bbox 2049 234 2350 298; x_wconf 82' lang='lat' dir='ltr'><strong>JOANNE</strong></span> <span class='ocrx_word' id='word_1_8' title='bbox 2395 235 2760 301; x_wconf 80' lang='lat' dir='ltr'><strong>DIACONO.</strong></span> <span class='ocrx_word' id='word_1_9' title='bbox 2812 238 2957 300; x_wconf 87' lang='lat' dir='ltr'><strong>LIB.</strong></span> <span class='ocrx_word' id='word_1_10' title='bbox 3004 239 3118 302; x_wconf 88' lang='lat' dir='ltr'><strong>III.</strong></span> 
     </span>
    </p>
   </div>
   <div class='ocr_carea' id='block_1_3' title="bbox 3551 242 3668 303">
    <p class='ocr_par' dir='ltr' id='par_1_3' title="bbox 3551 242 3668 303">
     <span class='ocr_line' id='line_1_3' title="bbox 3551 242 3668 303; baseline 0.009 -1"><span class='ocrx_word' id='word_1_11' title='bbox 3551 242 3668 303; x_wconf 67' lang='grc'><strong>138</strong></span> 
     </span>
    </p>
   </div>
   <div class='ocr_carea' id='block_1_4' title="bbox 163 375 3665 452">
    <p class='ocr_par' dir='ltr' id='par_1_4' title="bbox 163 375 3665 452">
     <span class='ocr_line' id='line_1_4' title="bbox 163 375 3665 452; baseline -0.001 -13"><span class='ocrx_word' id='word_1_12' title='bbox 163 387 257 451; x_wconf 85' lang='lat' dir='ltr'><strong>Qui</strong></span> <span class='ocrx_word' id='word_1_13' title='bbox 281 385 498 442; x_wconf 82' lang='lat' dir='ltr'><strong>excutit</strong></span> <span class='ocrx_word' id='word_1_14' title='bbox 527 399 740 438; x_wconf 87' lang='lat' dir='ltr'><strong>manus</strong></span> <span class='ocrx_word' id='word_1_15' title='bbox 771 397 909 437; x_wconf 85' lang='lat' dir='ltr'><strong>suae</strong></span> <span class='ocrx_word' id='word_1_16' title='bbox 956 397 986 435; x_wconf 91' lang='lat' dir='ltr'><strong>a</strong></span> <span class='ocrx_word' id='word_1_17' title='bbox 1023 392 1283 445; x_wconf 90' lang='lat' dir='ltr'><strong>munere,</strong></span> <span class='ocrx_word' id='word_1_18' title='bbox 1317 377 1415 433; x_wconf 91' lang='lat' dir='ltr'><strong>sed</strong></span> <span class='ocrx_word' id='word_1_19' title='bbox 1467 377 1752 445; x_wconf 79' lang='lat' dir='ltr'><strong>adjunxit,</strong></span> <span class='ocrx_word' id='word_1_20' title='bbox 1785 378 1853 431; x_wconf 88' lang='lat' dir='ltr'><strong>ab</strong></span> <span class='ocrx_word' id='word_1_21' title='bbox 1887 377 1936 442; x_wconf 72' lang='grc' dir='ltr'><strong>Α</strong></span> <span class='ocrx_word' id='word_1_22' title='bbox 1969 375 2132 431; x_wconf 91' lang='lat' dir='ltr'><strong>tiam.</strong></span> <span class='ocrx_word' id='word_1_23' title='bbox 2153 377 2337 447; x_wconf 88' lang='lat' dir='ltr'><strong>Atque</strong></span> <span class='ocrx_word' id='word_1_24' title='bbox 2370 376 2496 431; x_wconf 89' lang='lat' dir='ltr'><strong>ideo</strong></span> <span class='ocrx_word' id='word_1_25' title='bbox 2527 375 3178 441; x_wconf 76' lang='lat' dir='ltr'><strong>salutantes.hortamur</strong></span> <span class='ocrx_word' id='word_1_26' title='bbox 3194 379 3665 452; x_wconf 89' lang='lat' dir='ltr'><strong>magnitudinem</strong></span> 
     </span>
    </p>
   </div>
   <div class='ocr_carea' id='block_1_5' title="bbox 162 466 1861 545">
    <p class='ocr_par' dir='ltr' id='par_1_5' title="bbox 162 466 1861 545">
     <span class='ocr_line' id='line_1_5' title="bbox 162 466 1861 545; baseline -0.006 -15"><span class='ocrx_word' id='word_1_27' title='bbox 162 479 304 530; x_wconf 79' lang='lat' dir='ltr'><strong>omni</strong></span> <span class='ocrx_word' id='word_1_28' title='bbox 322 494 340 530; x_wconf 85' lang='lat'><strong>:</strong></span> <span class='ocrx_word' id='word_1_29' title='bbox 371 475 512 545; x_wconf 84' lang='lat' dir='ltr'><strong>quia</strong></span> <span class='ocrx_word' id='word_1_30' title='bbox 542 472 692 528; x_wconf 85' lang='lat' dir='ltr'><strong>aliud</strong></span> <span class='ocrx_word' id='word_1_31' title='bbox 725 477 813 526; x_wconf 91' lang='lat' dir='ltr'><strong>est</strong></span> <span class='ocrx_word' id='word_1_32' title='bbox 844 486 1058 525; x_wconf 90' lang='lat' dir='ltr'><strong>munus</strong></span> <span class='ocrx_word' id='word_1_33' title='bbox 1089 468 1159 522; x_wconf 91' lang='lat' dir='ltr'><strong>ab</strong></span> <span class='ocrx_word' id='word_1_34' title='bbox 1182 466 1484 537; x_wconf 89' lang='lat' dir='ltr'><strong>obsequio,</strong></span> <span class='ocrx_word' id='word_1_35' title='bbox 1517 467 1673 520; x_wconf 82' lang='lat' dir='ltr'><strong>aliud</strong></span> <span class='ocrx_word' id='word_1_36' title='bbox 1724 482 1861 520; x_wconf 90' lang='lat' dir='ltr'><strong>mu—</strong></span> 
     </span>
    </p>
   </div>
   <div class='ocr_carea' id='block_1_6' title="bbox 161 554 1858 629">
    <p class='ocr_par' dir='ltr' id='par_1_6' title="bbox 161 554 1858 629">
     <span class='ocr_line' id='line_1_6' title="bbox 161 554 1858 629; baseline -0.007 -9"><span class='ocrx_word' id='word_1_37' title='bbox 161 583 261 620; x_wconf 88' lang='lat' dir='ltr'><strong>nus</strong></span> <span class='ocrx_word' id='word_1_38' title='bbox 288 582 317 618; x_wconf 87' lang='lat' dir='ltr'><strong>a</strong></span> <span class='ocrx_word' id='word_1_39' title='bbox 350 563 722 629; x_wconf 86' lang='lat' dir='ltr'><strong>manu,aliud</strong></span> <span class='ocrx_word' id='word_1_40' title='bbox 759 577 972 615; x_wconf 90' lang='lat' dir='ltr'><strong>munus</strong></span> <span class='ocrx_word' id='word_1_41' title='bbox 1001 576 1033 614; x_wconf 91' lang='lat' dir='ltr'><strong>a</strong></span> <span class='ocrx_word' id='word_1_42' title='bbox 1064 558 1280 629; x_wconf 83' lang='lat' dir='ltr'><strong>lingua.</strong></span> <span class='ocrx_word' id='word_1_43' title='bbox 1308 555 1521 610; x_wconf 88' lang='lat' dir='ltr'><strong>Munus</strong></span> <span class='ocrx_word' id='word_1_44' title='bbox 1554 554 1765 626; x_wconf 83' lang='lat' dir='ltr'><strong>quippe</strong></span> <span class='ocrx_word' id='word_1_45' title='bbox 1787 555 1858 609; x_wconf 91' lang='lat' dir='ltr'><strong>ab</strong></span> 
     </span>
    </p>
   </div>
   <div class='ocr_carea' id='block_1_7' title="bbox 161 647 1860 726">
    <p class='ocr_par' dir='ltr' id='par_1_7' title="bbox 161 647 1860 726">
     <span class='ocr_line' id='line_1_7' title="bbox 161 647 1860 726; baseline -0.006 -16"><span class='ocrx_word' id='word_1_46' title='bbox 161 656 450 726; x_wconf 86' lang='lat' dir='ltr'><strong>obsequio,</strong></span> <span class='ocrx_word' id='word_1_47' title='bbox 497 659 584 708; x_wconf 88' lang='lat' dir='ltr'><strong>est</strong></span> <span class='ocrx_word' id='word_1_48' title='bbox 643 651 926 721; x_wconf 87' lang='lat' dir='ltr'><strong>subjectio</strong></span> <span class='ocrx_word' id='word_1_49' title='bbox 984 649 1236 704; x_wconf 90' lang='lat' dir='ltr'><strong>indebite</strong></span> <span class='ocrx_word' id='word_1_50' title='bbox 1289 647 1588 718; x_wconf 85' lang='lat' dir='ltr'><strong>impensa;</strong></span> <span class='ocrx_word' id='word_1_51' title='bbox 1644 661 1860 700; x_wconf 90' lang='lat' dir='ltr'><strong>munus</strong></span> 
     </span>
    </p>
   </div>
   <div class='ocr_carea' id='block_1_8' title="bbox 160 735 1858 814">
    <p class='ocr_par' dir='ltr' id='par_1_8' title="bbox 160 735 1858 814">
     <span class='ocr_line' id='line_1_8' title="bbox 160 735 1858 814; baseline -0.006 -14"><span class='ocrx_word' id='word_1_52' title='bbox 160 763 189 800; x_wconf 90' lang='lat' dir='ltr'><strong>a</strong></span> <span class='ocrx_word' id='word_1_53' title='bbox 217 762 412 812; x_wconf 88' lang='lat' dir='ltr'><strong>manu,</strong></span> <span class='ocrx_word' id='word_1_54' title='bbox 449 742 723 814; x_wconf 84' lang='lat' dir='ltr'><strong>pecunia;</strong></span> <span class='ocrx_word' id='word_1_55' title='bbox 758 755 970 796; x_wconf 90' lang='lat' dir='ltr'><strong>munus</strong></span> <span class='ocrx_word' id='word_1_56' title='bbox 1017 755 1050 792; x_wconf 90' lang='lat' dir='ltr'><strong>a</strong></span> <span class='ocrx_word' id='word_1_57' title='bbox 1097 737 1320 807; x_wconf 85' lang='lat' dir='ltr'><strong>lingua,</strong></span> <span class='ocrx_word' id='word_1_58' title='bbox 1356 737 1531 791; x_wconf 86' lang='lat' dir='ltr'><strong>favor.</strong></span> <span class='ocrx_word' id='word_1_59' title='bbox 1565 735 1673 802; x_wconf 86' lang='lat' dir='ltr'><strong>Qui</strong></span> <span class='ocrx_word' id='word_1_60' title='bbox 1723 751 1858 807; x_wconf 83' lang='lat' dir='ltr'><strong>ergo</strong></span> 
     </span>
    </p>
   </div>
   <div class='ocr_carea' id='block_1_9' title="bbox 161 827 1862 896">
    <p class='ocr_par' dir='ltr' id='par_1_9' title="bbox 161 827 1862 896">
     <span class='ocr_line' id='line_1_9' title="bbox 161 827 1862 896; baseline -0.005 -7"><span class='ocrx_word' id='word_1_61' title='bbox 161 850 344 890; x_wconf 80' lang='lat' dir='ltr'><strong>sacros</strong></span> <span class='ocrx_word' id='word_1_62' title='bbox 377 834 614 888; x_wconf 82' lang='lat' dir='ltr'><strong>ordines</strong></span> <span class='ocrx_word' id='word_1_63' title='bbox 647 831 864 896; x_wconf 90' lang='lat' dir='ltr'><strong>tribuit,</strong></span> <span class='ocrx_word' id='word_1_64' title='bbox 897 835 1034 884; x_wconf 91' lang='lat' dir='ltr'><strong>tunc</strong></span> <span class='ocrx_word' id='word_1_65' title='bbox 1066 829 1136 882; x_wconf 89' lang='lat' dir='ltr'><strong>ab</strong></span> <span class='ocrx_word' id='word_1_66' title='bbox 1169 827 1329 882; x_wconf 90' lang='lat' dir='ltr'><strong>omni</strong></span> <span class='ocrx_word' id='word_1_67' title='bbox 1361 843 1602 882; x_wconf 88' lang='lat' dir='ltr'><strong>munere</strong></span> <span class='ocrx_word' id='word_1_68' title='bbox 1651 841 1862 881; x_wconf 90' lang='lat' dir='ltr'><strong>manus</strong></span> 
     </span>
    </p>
   </div>
   <div class='ocr_carea' id='block_1_10' title="bbox 159 916 1859 994">
    <p class='ocr_par' dir='ltr' id='par_1_10' title="bbox 159 916 1859 994">
     <span class='ocr_line' id='line_1_10' title="bbox 159 916 1859 994; baseline -0.007 -14"><span class='ocrx_word' id='word_1_69' title='bbox 159 927 386 989; x_wconf 81' lang='lat' dir='ltr'><strong>excutit,</strong></span> <span class='ocrx_word' id='word_1_70' title='bbox 421 924 654 994; x_wconf 81' lang='lat' dir='ltr'><strong>quando</strong></span> <span class='ocrx_word' id='word_1_71' title='bbox 687 923 745 976; x_wconf 87' lang='lat' dir='ltr'><strong>in</strong></span> <span class='ocrx_word' id='word_1_72' title='bbox 789 919 1001 974; x_wconf 83' lang='lat' dir='ltr'><strong>divinis</strong></span> <span class='ocrx_word' id='word_1_73' title='bbox 1044 918 1214 973; x_wconf 83' lang='lat' dir='ltr'><strong>rebus</strong></span> <span class='ocrx_word' id='word_1_74' title='bbox 1256 933 1368 972; x_wconf 90' lang='lat' dir='ltr'><strong>non</strong></span> <span class='ocrx_word' id='word_1_75' title='bbox 1402 916 1590 972; x_wconf 90' lang='lat' dir='ltr'><strong>solum</strong></span> <span class='ocrx_word' id='word_1_76' title='bbox 1635 916 1859 971; x_wconf 86' lang='lat' dir='ltr'><strong>nullam</strong></span> 
     </span>
    </p>
   </div>
   <div class='ocr_carea' id='block_1_11' title="bbox 161 1005 1861 1088">
    <p class='ocr_par' dir='ltr' id='par_1_11' title="bbox 161 1005 1861 1088">
     <span class='ocr_line' id='line_1_11' title="bbox 161 1005 1861 1088; baseline -0.009 -18"><span class='ocrx_word' id='word_1_77' title='bbox 161 1015 484 1088; x_wconf 77' lang='lat' dir='ltr'><strong>pecuniam,</strong></span> <span class='ocrx_word' id='word_1_78' title='bbox 511 1013 613 1068; x_wconf 89' lang='lat' dir='ltr'><strong>sed</strong></span> <span class='ocrx_word' id='word_1_79' title='bbox 628 1012 798 1067; x_wconf 88' lang='lat' dir='ltr'><strong>etiam</strong></span> <span class='ocrx_word' id='word_1_80' title='bbox 815 1012 1129 1064; x_wconf 83' lang='lat' dir='ltr'><strong>humanam</strong></span> <span class='ocrx_word' id='word_1_81' title='bbox 1146 1006 1390 1078; x_wconf 81' lang='lat' dir='ltr'><strong>gratiam</strong></span> <span class='ocrx_word' id='word_1_82' title='bbox 1411 1023 1525 1061; x_wconf 91' lang='lat' dir='ltr'><strong>non</strong></span> <span class='ocrx_word' id='word_1_83' title='bbox 1544 1005 1808 1077; x_wconf 84' lang='lat' dir='ltr'><strong>requirit.</strong></span> <span class='ocrx_word' id='word_1_84' title='bbox 1835 1027 1861 1055; x_wconf 72' lang='grc' dir='ltr'><strong>υ</strong></span> 
     </span>
    </p>
   </div>
   <div class='ocr_carea' id='block_1_12' title="bbox 160 1102 762 1177">
    <p class='ocr_par' dir='ltr' id='par_1_12' title="bbox 160 1102 762 1177">
     <span class='ocr_line' id='line_1_12' title="bbox 160 1102 762 1177; baseline -0.015 -16"><span class='ocrx_word' id='word_1_85' title='bbox 160 1108 320 1177; x_wconf 84' lang='lat' dir='ltr'><strong>(Hom.</strong></span> <span class='ocrx_word' id='word_1_86' title='bbox 356 1104 391 1158; x_wconf 75' lang='grc'>4</span> <span class='ocrx_word' id='word_1_87' title='bbox 425 1106 483 1157; x_wconf 82' lang='lat' dir='ltr'><strong>in</strong></span> <span class='ocrx_word' id='word_1_88' title='bbox 533 1102 762 1171; x_wconf 84' lang='lat' dir='ltr'><strong>Evang.)</strong></span> 
     </span>
    </p>
   </div>
   <div class='ocr_carea' id='block_1_13' title="bbox 222 1185 1865 1264">
    <p class='ocr_par' dir='ltr' id='par_1_13' title="bbox 222 1185 1865 1264">
     <span class='ocr_line' id='line_1_13' title="bbox 222 1185 1865 1264; baseline -0.007 -12"><span class='ocrx_word' id='word_1_89' title='bbox 222 1198 311 1252; x_wconf 66' lang='lat' dir='ltr'><strong>Ha:</strong></span> <span class='ocrx_word' id='word_1_90' title='bbox 346 1200 492 1250; x_wconf 87' lang='lat' dir='ltr'><strong>sunt</strong></span> <span class='ocrx_word' id='word_1_91' title='bbox 523 1193 782 1264; x_wconf 86' lang='lat' dir='ltr'><strong>Gregorii</strong></span> <span class='ocrx_word' id='word_1_92' title='bbox 817 1207 993 1262; x_wconf 84' lang='lat' dir='ltr'><strong>super</strong></span> <span class='ocrx_word' id='word_1_93' title='bbox 1043 1187 1401 1255; x_wconf 80' lang='lat' dir='ltr'><strong>simoniacis,</strong></span> <span class='ocrx_word' id='word_1_94' title='bbox 1433 1189 1488 1242; x_wconf 87' lang='lat' dir='ltr'><strong>et</strong></span> <span class='ocrx_word' id='word_1_95' title='bbox 1520 1185 1740 1242; x_wconf 90' lang='lat' dir='ltr'><strong>illicitis</strong></span> <span class='ocrx_word' id='word_1_96' title='bbox 1771 1203 1865 1243; x_wconf 87' lang='lat' dir='ltr'><strong>or-</strong></span> 
     </span>
    </p>
   </div>
   <div class='ocr_carea' id='block_1_14' title="bbox 159 1276 1868 1351">
    <p class='ocr_par' dir='ltr' id='par_1_14' title="bbox 159 1276 1868 1351">
     <span class='ocr_line' id='line_1_14' title="bbox 159 1276 1868 1351; baseline -0.007 -8"><span class='ocrx_word' id='word_1_97' title='bbox 159 1287 555 1343; x_wconf 86' lang='lat' dir='ltr'><strong>dinationibus</strong></span> <span class='ocrx_word' id='word_1_98' title='bbox 613 1281 934 1338; x_wconf 87' lang='lat' dir='ltr'><strong>doctissimi</strong></span> <span class='ocrx_word' id='word_1_99' title='bbox 985 1296 1142 1351; x_wconf 75' lang='lat' dir='ltr'><strong>papae</strong></span> <span class='ocrx_word' id='word_1_100' title='bbox 1198 1278 1518 1346; x_wconf 73' lang='lat' dir='ltr'><strong>sententiis,</strong></span> <span class='ocrx_word' id='word_1_101' title='bbox 1543 1294 1688 1348; x_wconf 89' lang='lat' dir='ltr'><strong>quas</strong></span> <span class='ocrx_word' id='word_1_102' title='bbox 1743 1276 1868 1346; x_wconf 88' lang='lat' dir='ltr'><strong>ipse</strong></span> 
     </span>
    </p>
   </div>
   <div class='ocr_carea' id='block_1_15' title="bbox 160 1368 1866 1440">
    <p class='ocr_par' dir='ltr' id='par_1_15' title="bbox 160 1368 1866 1440">
     <span class='ocr_line' id='line_1_15' title="bbox 160 1368 1866 1440; baseline -0.006 -8"><span class='ocrx_word' id='word_1_103' title='bbox 160 1393 384 1433; x_wconf 86' lang='lat' dir='ltr'><strong>summo</strong></span> <span class='ocrx_word' id='word_1_104' title='bbox 418 1376 580 1431; x_wconf 92' lang='lat' dir='ltr'><strong>cultu</strong></span> <span class='ocrx_word' id='word_1_105' title='bbox 617 1388 870 1429; x_wconf 78' lang='lat' dir='ltr'><strong>servasse</strong></span> <span class='ocrx_word' id='word_1_106' title='bbox 915 1372 1174 1436; x_wconf 86' lang='lat' dir='ltr'><strong>docetur,</strong></span> <span class='ocrx_word' id='word_1_107' title='bbox 1206 1368 1263 1422; x_wconf 91' lang='lat' dir='ltr'><strong>in</strong></span> <span class='ocrx_word' id='word_1_108' title='bbox 1302 1385 1366 1425; x_wconf 93' lang='lat' dir='ltr'><strong>eo</strong></span> <span class='ocrx_word' id='word_1_109' title='bbox 1425 1368 1582 1440; x_wconf 91' lang='lat' dir='ltr'><strong>quod</strong></span> <span class='ocrx_word' id='word_1_110' title='bbox 1615 1368 1686 1421; x_wconf 89' lang='lat' dir='ltr'><strong>ab</strong></span> <span class='ocrx_word' id='word_1_111' title='bbox 1742 1369 1866 1438; x_wconf 90' lang='lat' dir='ltr'><strong>ipso</strong></span> 
     </span>
    </p>
   </div>
   <div class='ocr_carea' id='block_1_16' title="bbox 158 1456 1866 1530">
    <p class='ocr_par' dir='ltr' id='par_1_16' title="bbox 158 1456 1866 1530">
     <span class='ocr_line' id='line_1_16' title="bbox 158 1456 1866 1530; baseline -0.006 -10"><span class='ocrx_word' id='word_1_112' title='bbox 158 1483 261 1520; x_wconf 64' lang='lat' dir='ltr'><strong>sum</strong></span> <span class='ocrx_word' id='word_1_113' title='bbox 321 1463 788 1519; x_wconf 86' lang='lat' dir='ltr'><strong>consecrationis</strong></span> <span class='ocrx_word' id='word_1_114' title='bbox 856 1459 1088 1514; x_wconf 86' lang='lat' dir='ltr'><strong>exordio</strong></span> <span class='ocrx_word' id='word_1_115' title='bbox 1138 1474 1241 1530; x_wconf 92' lang='lat' dir='ltr'><strong>per</strong></span> <span class='ocrx_word' id='word_1_116' title='bbox 1281 1473 1515 1512; x_wconf 89' lang='lat' dir='ltr'><strong>omnem</strong></span> <span class='ocrx_word' id='word_1_117' title='bbox 1574 1456 1866 1511; x_wconf 81' lang='lat' dir='ltr'><strong>diceeesim</strong></span> 
     </span>
    </p>
   </div>
   <div class='ocr_carea' id='block_1_17' title="bbox 159 1545 1865 1624">
    <p class='ocr_par' dir='ltr' id='par_1_17' title="bbox 159 1545 1865 1624">
     <span class='ocr_line' id='line_1_17' title="bbox 159 1545 1865 1624; baseline -0.006 -14"><span class='ocrx_word' id='word_1_118' title='bbox 159 1572 336 1619; x_wconf 84' lang='lat' dir='ltr'><strong>suam,</strong></span> <span class='ocrx_word' id='word_1_119' title='bbox 359 1554 673 1624; x_wconf 86' lang='lat' dir='ltr'><strong>episcopos</strong></span> <span class='ocrx_word' id='word_1_120' title='bbox 709 1550 1116 1619; x_wconf 90' lang='lat' dir='ltr'><strong>undecumque</strong></span> <span class='ocrx_word' id='word_1_121' title='bbox 1166 1546 1434 1602; x_wconf 88' lang='lat' dir='ltr'><strong>meliores</strong></span> <span class='ocrx_word' id='word_1_122' title='bbox 1473 1545 1732 1601; x_wconf 87' lang='lat' dir='ltr'><strong>invenire</strong></span> <span class='ocrx_word' id='word_1_123' title='bbox 1767 1560 1865 1615; x_wconf 93' lang='lat' dir='ltr'><strong>po-</strong></span> 
     </span>
    </p>
   </div>
   <div class='ocr_carea' id='block_1_18' title="bbox 159 1633 1869 1710">
    <p class='ocr_par' dir='ltr' id='par_1_18' title="bbox 159 1633 1869 1710">
     <span class='ocr_line' id='line_1_18' title="bbox 159 1633 1869 1710; baseline -0.007 -10"><span class='ocrx_word' id='word_1_124' title='bbox 159 1645 279 1710; x_wconf 90' lang='lat' dir='ltr'><strong>tuit,</strong></span> <span class='ocrx_word' id='word_1_125' title='bbox 316 1641 764 1698; x_wconf 88' lang='lat' dir='ltr'><strong>studiosissime</strong></span> <span class='ocrx_word' id='word_1_126' title='bbox 786 1638 1093 1694; x_wconf 86' lang='lat' dir='ltr'><strong>ordinavit.</strong></span> <span class='ocrx_word' id='word_1_127' title='bbox 1128 1637 1190 1690; x_wconf 88' lang='lat' dir='ltr'><strong>Et</strong></span> <span class='ocrx_word' id='word_1_128' title='bbox 1221 1634 1528 1707; x_wconf 90' lang='lat' dir='ltr'><strong>siquando</strong></span> <span class='ocrx_word' id='word_1_129' title='bbox 1552 1633 1869 1689; x_wconf 87' lang='lat' dir='ltr'><strong>necessitas</strong></span> 
     </span>
    </p>
   </div>
   <div class='ocr_carea' id='block_1_19' title="bbox 1965 466 3663 540">
    <p class='ocr_par' dir='ltr' id='par_1_19' title="bbox 1965 466 3663 540">
     <span class='ocr_line' id='line_1_19' title="bbox 1965 466 3663 540; baseline 0.005 -21"><span class='ocrx_word' id='word_1_130' title='bbox 1965 473 2209 521; x_wconf 81' lang='lat' dir='ltr'><strong>vestram</strong></span> <span class='ocrx_word' id='word_1_131' title='bbox 2244 472 2308 520; x_wconf 91' lang='lat' dir='ltr'><strong>ut</strong></span> <span class='ocrx_word' id='word_1_132' title='bbox 2338 466 2673 521; x_wconf 86' lang='lat' dir='ltr'><strong>invocantes</strong></span> <span class='ocrx_word' id='word_1_133' title='bbox 2708 467 2948 537; x_wconf 89' lang='lat' dir='ltr'><strong>priores,</strong></span> <span class='ocrx_word' id='word_1_134' title='bbox 2981 467 3067 522; x_wconf 89' lang='lat' dir='ltr'><strong>vel</strong></span> <span class='ocrx_word' id='word_1_135' title='bbox 3096 469 3372 540; x_wconf 88' lang='lat' dir='ltr'><strong>populum</strong></span> <span class='ocrx_word' id='word_1_136' title='bbox 3396 471 3663 539; x_wconf 79' lang='lat' dir='ltr'><strong>civitatis,</strong></span> 
     </span>
    </p>
   </div>
   <div class='ocr_carea' id='block_1_20' title="bbox 1965 555 3661 629">
    <p class='ocr_par' dir='ltr' id='par_1_20' title="bbox 1965 555 3661 629">
     <span class='ocr_line' id='line_1_20' title="bbox 1965 555 3661 629; baseline 0.004 -19"><span class='ocrx_word' id='word_1_137' title='bbox 1965 557 2034 611; x_wconf 92' lang='lat' dir='ltr'><strong>de</strong></span> <span class='ocrx_word' id='word_1_138' title='bbox 2066 555 2344 611; x_wconf 87' lang='lat' dir='ltr'><strong>electione</strong></span> <span class='ocrx_word' id='word_1_139' title='bbox 2375 555 2612 610; x_wconf 89' lang='lat' dir='ltr'><strong>alterius</strong></span> <span class='ocrx_word' id='word_1_140' title='bbox 2634 557 2920 628; x_wconf 85' lang='lat' dir='ltr'><strong>cogitetis,</strong></span> <span class='ocrx_word' id='word_1_141' title='bbox 2954 557 3054 628; x_wconf 92' lang='lat' dir='ltr'><strong>qui</strong></span> <span class='ocrx_word' id='word_1_142' title='bbox 3079 559 3293 629; x_wconf 90' lang='lat' dir='ltr'><strong>dignus</strong></span> <span class='ocrx_word' id='word_1_143' title='bbox 3323 561 3505 629; x_wconf 85' lang='lat' dir='ltr'><strong>possit</strong></span> <span class='ocrx_word' id='word_1_144' title='bbox 3525 577 3661 616; x_wconf 89' lang='lat' dir='ltr'><strong>cum</strong></span> 
     </span>
    </p>
   </div>
   <div class='ocr_carea' id='block_1_21' title="bbox 1964 645 3662 721">
    <p class='ocr_par' dir='ltr' id='par_1_21' title="bbox 1964 645 3662 721">
     <span class='ocr_line' id='line_1_21' title="bbox 1964 645 3662 721; baseline 0.005 -22"><span class='ocrx_word' id='word_1_145' title='bbox 1964 645 2178 700; x_wconf 81' lang='lat' dir='ltr'><strong>Christi</strong></span> <span class='ocrx_word' id='word_1_146' title='bbox 2227 645 2432 700; x_wconf 89' lang='lat' dir='ltr'><strong>solatio</strong></span> <span class='ocrx_word' id='word_1_147' title='bbox 2482 647 2552 701; x_wconf 89' lang='lat' dir='ltr'><strong>ad</strong></span> <span class='ocrx_word' id='word_1_148' title='bbox 2611 647 3001 703; x_wconf 84' lang='lat' dir='ltr'><strong>sacerdotium</strong></span> <span class='ocrx_word' id='word_1_149' title='bbox 3054 649 3396 719; x_wconf 88' lang='lat' dir='ltr'><strong>promoveri.</strong></span> <span class='ocrx_word' id='word_1_150' title='bbox 3433 653 3495 706; x_wconf 87' lang='lat' dir='ltr'><strong>In</strong></span> <span class='ocrx_word' id='word_1_151' title='bbox 3527 667 3662 721; x_wconf 93' lang='lat' dir='ltr'><strong>quo,</strong></span> 
     </span>
    </p>
   </div>
   <div class='ocr_carea' id='block_1_22' title="bbox 1966 735 3670 808">
    <p class='ocr_par' dir='ltr' id='par_1_22' title="bbox 1966 735 3670 808">
     <span class='ocr_line' id='line_1_22' title="bbox 1966 735 3670 808; baseline 0.005 -20"><span class='ocrx_word' id='word_1_152' title='bbox 1966 735 2194 792; x_wconf 82' lang='lat' dir='ltr'><strong>decreto</strong></span> <span class='ocrx_word' id='word_1_153' title='bbox 2225 735 2560 790; x_wconf 90' lang='lat' dir='ltr'><strong>solemniter</strong></span> <span class='ocrx_word' id='word_1_154' title='bbox 2584 737 2752 804; x_wconf 81' lang='lat' dir='ltr'><strong>facto,</strong></span> <span class='ocrx_word' id='word_1_155' title='bbox 2771 741 2945 808; x_wconf 88' lang='lat' dir='ltr'><strong>atque</strong></span> <span class='ocrx_word' id='word_1_156' title='bbox 2968 738 3037 791; x_wconf 87' lang='lat' dir='ltr'><strong>ad</strong></span> <span class='ocrx_word' id='word_1_157' title='bbox 3061 739 3211 794; x_wconf 89' lang='lat' dir='ltr'><strong>hanc</strong></span> <span class='ocrx_word' id='word_1_158' title='bbox 3234 741 3440 795; x_wconf 89' lang='lat' dir='ltr'><strong>urbem</strong></span> <span class='ocrx_word' id='word_1_159' title='bbox 3468 744 3670 797; x_wconf 89' lang='lat' dir='ltr'><strong>trans-</strong></span> 
     </span>
    </p>
   </div>
   <div class='ocr_carea' id='block_1_23' title="bbox 1966 823 3658 900">
    <p class='ocr_par' dir='ltr' id='par_1_23' title="bbox 1966 823 3658 900">
     <span class='ocr_line' id='line_1_23' title="bbox 1966 823 3658 900; baseline 0.005 -23"><span class='ocrx_word' id='word_1_160' title='bbox 1966 823 2171 889; x_wconf 88' lang='lat' dir='ltr'><strong>misso,</strong></span> <span class='ocrx_word' id='word_1_161' title='bbox 2221 823 2504 878; x_wconf 79' lang='lat' dir='ltr'><strong>ordinatio</strong></span> <span class='ocrx_word' id='word_1_162' title='bbox 2551 823 2670 879; x_wconf 89' lang='lat' dir='ltr'><strong>illic</strong></span> <span class='ocrx_word' id='word_1_163' title='bbox 2719 825 2974 891; x_wconf 87' lang='lat' dir='ltr'><strong>tandem,</strong></span> <span class='ocrx_word' id='word_1_164' title='bbox 3034 826 3264 883; x_wconf 89' lang='lat' dir='ltr'><strong>Christo</strong></span> <span class='ocrx_word' id='word_1_165' title='bbox 3322 827 3658 900; x_wconf 82' lang='lat' dir='ltr'><strong>auxiliante,</strong></span> 
     </span>
    </p>
   </div>
   <div class='ocr_carea' id='block_1_24' title="bbox 1969 914 3125 987">
    <p class='ocr_par' dir='ltr' id='par_1_24' title="bbox 1969 914 3125 987">
     <span class='ocr_line' id='line_1_24' title="bbox 1969 914 3125 987; baseline 0.002 -18"><span class='ocrx_word' id='word_1_166' title='bbox 1969 914 2293 985; x_wconf 87' lang='lat' dir='ltr'><strong>proveniat.</strong></span> <span class='ocrx_word' id='word_1_167' title='bbox 2337 934 2361 965; x_wconf 81' lang='lat'>»</span> <span class='ocrx_word' id='word_1_168' title='bbox 2396 916 2625 984; x_wconf 76' lang='lat' dir='ltr'><strong>(Regist.</strong></span> <span class='ocrx_word' id='word_1_169' title='bbox 2660 915 2755 969; x_wconf 78' lang='lat' dir='ltr'><strong>lib.</strong></span> <span class='ocrx_word' id='word_1_170' title='bbox 2782 931 2864 984; x_wconf 91' lang='grc' dir='ltr'>ιιι,</span> <span class='ocrx_word' id='word_1_171' title='bbox 2897 932 2978 987; x_wconf 79' lang='lat' dir='ltr'><strong>ep.</strong></span> <span class='ocrx_word' id='word_1_172' title='bbox 3016 917 3125 987; x_wconf 88' lang='grc'><strong>15.)</strong></span> 
     </span>
    </p>
   </div>
   <div class='ocr_carea' id='block_1_25' title="bbox 2036 1005 3664 1082">
    <p class='ocr_par' dir='ltr' id='par_1_25' title="bbox 2036 1005 3664 1082">
     <span class='ocr_line' id='line_1_25' title="bbox 2036 1005 3664 1082; baseline 0.006 -24"><span class='ocrx_word' id='word_1_173' title='bbox 2036 1005 2089 1060; x_wconf 85' lang='lat'><strong>9.</strong></span> <span class='ocrx_word' id='word_1_174' title='bbox 2115 1006 2200 1058; x_wconf 83' lang='lat' dir='ltr'><strong>Ab</strong></span> <span class='ocrx_word' id='word_1_175' title='bbox 2232 1005 2360 1061; x_wconf 85' lang='lat' dir='ltr'><strong>aliis</strong></span> <span class='ocrx_word' id='word_1_176' title='bbox 2400 1020 2630 1076; x_wconf 89' lang='lat' dir='ltr'><strong>quoque</strong></span> <span class='ocrx_word' id='word_1_177' title='bbox 2679 1005 2958 1062; x_wconf 87' lang='lat' dir='ltr'><strong>violenter</strong></span> <span class='ocrx_word' id='word_1_178' title='bbox 2989 1012 3299 1078; x_wconf 89' lang='lat' dir='ltr'><strong>promotos,</strong></span> <span class='ocrx_word' id='word_1_179' title='bbox 3335 1009 3392 1064; x_wconf 90' lang='lat' dir='ltr'><strong>in</strong></span> <span class='ocrx_word' id='word_1_180' title='bbox 3445 1012 3664 1082; x_wconf 88' lang='lat' dir='ltr'><strong>gradus</strong></span> 
     </span>
    </p>
   </div>
   <div class='ocr_carea' id='block_1_26' title="bbox 1970 1094 3665 1166">
    <p class='ocr_par' dir='ltr' id='par_1_26' title="bbox 1970 1094 3665 1166">
     <span class='ocr_line' id='line_1_26' title="bbox 1970 1094 3665 1166; baseline 0.004 -18"><span class='ocrx_word' id='word_1_181' title='bbox 1970 1095 2244 1166; x_wconf 87' lang='lat' dir='ltr'><strong>pristinos</strong></span> <span class='ocrx_word' id='word_1_182' title='bbox 2273 1097 2592 1150; x_wconf 88' lang='lat' dir='ltr'><strong>revocabat.</strong></span> <span class='ocrx_word' id='word_1_183' title='bbox 2629 1094 2789 1151; x_wconf 90' lang='lat' dir='ltr'><strong>Unde</strong></span> <span class='ocrx_word' id='word_1_184' title='bbox 2809 1097 3102 1152; x_wconf 86' lang='lat' dir='ltr'><strong>Antonino</strong></span> <span class='ocrx_word' id='word_1_185' title='bbox 3126 1097 3482 1154; x_wconf 89' lang='lat' dir='ltr'><strong>subdiacono</strong></span> <span class='ocrx_word' id='word_1_186' title='bbox 3514 1101 3665 1156; x_wconf 84' lang='lat' dir='ltr'><strong>scri-</strong></span> 
     </span>
    </p>
   </div>
   <div class='ocr_carea' id='block_1_27' title="bbox 1971 1185 3668 1253">
    <p class='ocr_par' dir='ltr' id='par_1_27' title="bbox 1971 1185 3668 1253">
     <span class='ocr_line' id='line_1_27' title="bbox 1971 1185 3668 1253; baseline 0.003 -13"><span class='ocrx_word' id='word_1_187' title='bbox 1971 1188 2138 1250; x_wconf 87' lang='lat' dir='ltr'><strong>bens,</strong></span> <span class='ocrx_word' id='word_1_188' title='bbox 2221 1185 2328 1240; x_wconf 89' lang='lat' dir='ltr'><strong>ait:</strong></span> <span class='ocrx_word' id='word_1_189' title='bbox 2381 1209 2408 1234; x_wconf 76' lang='grc' dir='ltr'>«ι</span> <span class='ocrx_word' id='word_1_190' title='bbox 2470 1188 2814 1253; x_wconf 88' lang='lat' dir='ltr'><strong>Honoratus,</strong></span> <span class='ocrx_word' id='word_1_191' title='bbox 2883 1186 3329 1244; x_wconf 89' lang='lat' dir='ltr'><strong>archidiaconus</strong></span> <span class='ocrx_word' id='word_1_192' title='bbox 3403 1189 3668 1246; x_wconf 84' lang='lat' dir='ltr'><strong>Ecclesiae</strong></span> 
     </span>
    </p>
   </div>
   <div class='ocr_carea' id='block_1_28' title="bbox 1969 1275 3672 1353">
    <p class='ocr_par' dir='ltr' id='par_1_28' title="bbox 1969 1275 3672 1353">
     <span class='ocr_line' id='line_1_28' title="bbox 1969 1275 3672 1353; baseline 0.003 -23"><span class='ocrx_word' id='word_1_193' title='bbox 1969 1275 2341 1342; x_wconf 88' lang='lat' dir='ltr'><strong>Salonitanae,</strong></span> <span class='ocrx_word' id='word_1_194' title='bbox 2374 1290 2406 1328; x_wconf 89' lang='lat' dir='ltr'><strong>a</strong></span> <span class='ocrx_word' id='word_1_195' title='bbox 2438 1279 2648 1330; x_wconf 72' lang='lat' dir='ltr'><strong>sancta:</strong></span> <span class='ocrx_word' id='word_1_196' title='bbox 2682 1276 2971 1353; x_wconf 81' lang='lat' dir='ltr'><strong>memoriae</strong></span> <span class='ocrx_word' id='word_1_197' title='bbox 3005 1277 3306 1334; x_wconf 88' lang='lat' dir='ltr'><strong>decessore</strong></span> <span class='ocrx_word' id='word_1_198' title='bbox 3336 1280 3672 1348; x_wconf 88' lang='lat' dir='ltr'><strong>meo,missa</strong></span> 
     </span>
    </p>
   </div>
   <div class='ocr_carea' id='block_1_29' title="bbox 1972 1364 3675 1436">
    <p class='ocr_par' dir='ltr' id='par_1_29' title="bbox 1972 1364 3675 1436">
     <span class='ocr_line' id='line_1_29' title="bbox 1972 1364 3675 1436; baseline 0.004 -16"><span class='ocrx_word' id='word_1_199' title='bbox 1972 1364 2415 1436; x_wconf 85' lang='lat' dir='ltr'><strong>supplicatione,</strong></span> <span class='ocrx_word' id='word_1_200' title='bbox 2449 1369 2792 1436; x_wconf 88' lang='lat' dir='ltr'><strong>poposcerat</strong></span> <span class='ocrx_word' id='word_1_201' title='bbox 2822 1371 2886 1420; x_wconf 91' lang='lat' dir='ltr'><strong>ut</strong></span> <span class='ocrx_word' id='word_1_202' title='bbox 2918 1367 2989 1421; x_wconf 91' lang='lat' dir='ltr'><strong>ab</strong></span> <span class='ocrx_word' id='word_1_203' title='bbox 3020 1368 3285 1424; x_wconf 85' lang='lat' dir='ltr'><strong>antistite</strong></span> <span class='ocrx_word' id='word_1_204' title='bbox 3316 1384 3424 1424; x_wconf 90' lang='lat' dir='ltr'><strong>suo</strong></span> <span class='ocrx_word' id='word_1_205' title='bbox 3457 1369 3675 1426; x_wconf 89' lang='lat' dir='ltr'><strong>invitus</strong></span> 
     </span>
    </p>
   </div>
   <div class='ocr_carea' id='block_1_30' title="bbox 1973 1455 3675 1528">
    <p class='ocr_par' dir='ltr' id='par_1_30' title="bbox 1973 1455 3675 1528">
     <span class='ocr_line' id='line_1_30' title="bbox 1973 1455 3675 1528; baseline 0.003 -18"><span class='ocrx_word' id='word_1_206' title='bbox 1973 1455 2210 1528; x_wconf 90' lang='lat' dir='ltr'><strong>provehi</strong></span> <span class='ocrx_word' id='word_1_207' title='bbox 2240 1456 2308 1511; x_wconf 89' lang='lat' dir='ltr'><strong>ad</strong></span> <span class='ocrx_word' id='word_1_208' title='bbox 2343 1455 2596 1511; x_wconf 78' lang='lat' dir='ltr'><strong>fortioris</strong></span> <span class='ocrx_word' id='word_1_209' title='bbox 2627 1457 2841 1527; x_wconf 87' lang='lat' dir='ltr'><strong>gradus</strong></span> <span class='ocrx_word' id='word_1_210' title='bbox 2874 1458 3164 1528; x_wconf 89' lang='lat' dir='ltr'><strong>ordinem,</strong></span> <span class='ocrx_word' id='word_1_211' title='bbox 3197 1463 3398 1514; x_wconf 90' lang='lat' dir='ltr'><strong>contra</strong></span> <span class='ocrx_word' id='word_1_212' title='bbox 3431 1475 3675 1528; x_wconf 91' lang='lat' dir='ltr'><strong>morem,</strong></span> 
     </span>
    </p>
   </div>
   <div class='ocr_carea' id='block_1_31' title="bbox 1975 1545 3678 1620">
    <p class='ocr_par' dir='ltr' id='par_1_31' title="bbox 1975 1545 3678 1620">
     <span class='ocr_line' id='line_1_31' title="bbox 1975 1545 3678 1620; baseline 0.003 -19"><span class='ocrx_word' id='word_1_213' title='bbox 1975 1545 2310 1602; x_wconf 87' lang='lat' dir='ltr'><strong>nullatenus</strong></span> <span class='ocrx_word' id='word_1_214' title='bbox 2342 1549 2663 1616; x_wconf 87' lang='lat' dir='ltr'><strong>cogeretur.</strong></span> <span class='ocrx_word' id='word_1_215' title='bbox 2689 1545 2804 1601; x_wconf 88' lang='lat' dir='ltr'><strong>Hoc</strong></span> <span class='ocrx_word' id='word_1_216' title='bbox 2850 1547 3002 1602; x_wconf 91' lang='lat' dir='ltr'><strong>enim</strong></span> <span class='ocrx_word' id='word_1_217' title='bbox 3035 1547 3158 1601; x_wconf 83' lang='lat' dir='ltr'><strong>fieri</strong></span> <span class='ocrx_word' id='word_1_218' title='bbox 3203 1547 3314 1604; x_wconf 87' lang='lat' dir='ltr'><strong>sibi</strong></span> <span class='ocrx_word' id='word_1_219' title='bbox 3347 1565 3460 1604; x_wconf 92' lang='lat' dir='ltr'><strong>non</strong></span> <span class='ocrx_word' id='word_1_220' title='bbox 3484 1565 3678 1620; x_wconf 90' lang='lat' dir='ltr'><strong>prove-</strong></span> 
     </span>
    </p>
   </div>
   <div class='ocr_carea' id='block_1_32' title="bbox 1975 1636 3680 1710">
    <p class='ocr_par' dir='ltr' id='par_1_32' title="bbox 1975 1636 3680 1710">
     <span class='ocr_line' id='line_1_32' title="bbox 1975 1636 3680 1710; baseline 0.004 -18"><span class='ocrx_word' id='word_1_221' title='bbox 1975 1636 2148 1692; x_wconf 89' lang='lat' dir='ltr'><strong>hendi</strong></span> <span class='ocrx_word' id='word_1_222' title='bbox 2183 1637 2389 1708; x_wconf 86' lang='lat' dir='ltr'><strong>gratia,</strong></span> <span class='ocrx_word' id='word_1_223' title='bbox 2445 1637 2544 1692; x_wconf 89' lang='lat' dir='ltr'><strong>sed</strong></span> <span class='ocrx_word' id='word_1_224' title='bbox 2602 1652 2779 1692; x_wconf 89' lang='lat' dir='ltr'><strong>causa</strong></span> <span class='ocrx_word' id='word_1_225' title='bbox 2829 1636 3266 1710; x_wconf 87' lang='lat' dir='ltr'><strong>ingratitudinis</strong></span> <span class='ocrx_word' id='word_1_226' title='bbox 3316 1640 3680 1710; x_wconf 81' lang='lat' dir='ltr'><strong>perhibebat.</strong></span> 
     </span>
    </p>
   </div>
   <div class='ocr_carea' id='block_1_33' title="bbox 160 1725 3683 1815">
    <p class='ocr_par' dir='ltr' id='par_1_33' title="bbox 160 1725 3683 1815">
     <span class='ocr_line' id='line_1_33' title="bbox 160 1725 3683 1815; baseline -0.005 -25"><span class='ocrx_word' id='word_1_227' title='bbox 160 1733 464 1791; x_wconf 89' lang='lat' dir='ltr'><strong>ordinandi</strong></span> <span class='ocrx_word' id='word_1_228' title='bbox 497 1730 813 1787; x_wconf 85' lang='lat' dir='ltr'><strong>sacerdotis</strong></span> <span class='ocrx_word' id='word_1_229' title='bbox 859 1727 1136 1798; x_wconf 88' lang='lat' dir='ltr'><strong>obrepsit,</strong></span> <span class='ocrx_word' id='word_1_230' title='bbox 1180 1742 1366 1797; x_wconf 89' lang='lat' dir='ltr'><strong>neque</strong></span> <span class='ocrx_word' id='word_1_231' title='bbox 1397 1725 1722 1779; x_wconf 88' lang='lat' dir='ltr'><strong>cardinales</strong></span> <span class='ocrx_word' id='word_1_232' title='bbox 1765 1727 1864 1777; x_wconf 86' lang='lat' dir='ltr'><strong>Ec-</strong></span> <span class='ocrx_word' id='word_1_233' title='bbox 1897 1748 1951 1815; x_wconf 83' lang='lat' dir='ltr'>B</span> <span class='ocrx_word' id='word_1_234' title='bbox 1986 1730 2091 1782; x_wconf 88' lang='lat' dir='ltr'><strong>Pro</strong></span> <span class='ocrx_word' id='word_1_235' title='bbox 2127 1743 2236 1797; x_wconf 90' lang='lat' dir='ltr'><strong>qua</strong></span> <span class='ocrx_word' id='word_1_236' title='bbox 2270 1743 2327 1781; x_wconf 91' lang='lat' dir='ltr'><strong>re</strong></span> <span class='ocrx_word' id='word_1_237' title='bbox 2357 1730 2497 1781; x_wconf 90' lang='lat' dir='ltr'><strong>tunc</strong></span> <span class='ocrx_word' id='word_1_238' title='bbox 2523 1727 2645 1794; x_wconf 90' lang='lat' dir='ltr'><strong>jam</strong></span> <span class='ocrx_word' id='word_1_239' title='bbox 2679 1731 2891 1782; x_wconf 85' lang='lat' dir='ltr'><strong>sanctae</strong></span> <span class='ocrx_word' id='word_1_240' title='bbox 2925 1728 3216 1783; x_wconf 62' lang='lat' dir='ltr'><strong>memoria;</strong></span> <span class='ocrx_word' id='word_1_241' title='bbox 3251 1730 3517 1785; x_wconf 67' lang='lat' dir='ltr'><strong>decessor</strong></span> <span class='ocrx_word' id='word_1_242' title='bbox 3547 1745 3683 1787; x_wconf 70' lang='lat' dir='ltr'><strong>nos.</strong></span> 
     </span>
    </p>
   </div>
   <div class='ocr_carea' id='block_1_34' title="bbox 159 1813 1867 1888">
    <p class='ocr_par' dir='ltr' id='par_1_34' title="bbox 159 1813 1867 1888">
     <span class='ocr_line' id='line_1_34' title="bbox 159 1813 1867 1888; baseline -0.008 -9"><span class='ocrx_word' id='word_1_243' title='bbox 159 1824 339 1879; x_wconf 67' lang='lat' dir='ltr'><strong>clesiae</strong></span> <span class='ocrx_word' id='word_1_244' title='bbox 387 1838 513 1877; x_wconf 70' lang='lat' dir='ltr'><strong>suae</strong></span> <span class='ocrx_word' id='word_1_245' title='bbox 544 1835 733 1888; x_wconf 89' lang='lat' dir='ltr'><strong>neque</strong></span> <span class='ocrx_word' id='word_1_246' title='bbox 766 1817 1074 1872; x_wconf 86' lang='lat' dir='ltr'><strong>monachos</strong></span> <span class='ocrx_word' id='word_1_247' title='bbox 1114 1814 1451 1870; x_wconf 86' lang='lat' dir='ltr'><strong>monasterii</strong></span> <span class='ocrx_word' id='word_1_248' title='bbox 1501 1813 1590 1867; x_wconf 90' lang='lat' dir='ltr'><strong>sui</strong></span> <span class='ocrx_word' id='word_1_249' title='bbox 1635 1813 1867 1883; x_wconf 86' lang='lat' dir='ltr'><strong>penitus</strong></span> 
     </span>
    </p>
   </div>
   <div class='ocr_carea' id='block_1_35' title="bbox 160 1903 1876 1980">
    <p class='ocr_par' dir='ltr' id='par_1_35' title="bbox 160 1903 1876 1980">
     <span class='ocr_line' id='line_1_35' title="bbox 160 1903 1876 1980; baseline -0.008 -12"><span class='ocrx_word' id='word_1_250' title='bbox 160 1913 472 1978; x_wconf 83' lang='lat' dir='ltr'><strong>excusavit,</strong></span> <span class='ocrx_word' id='word_1_251' title='bbox 510 1926 626 1980; x_wconf 90' lang='lat' dir='ltr'><strong>quo</strong></span> <span class='ocrx_word' id='word_1_252' title='bbox 651 1905 983 1962; x_wconf 88' lang='lat' dir='ltr'><strong>minusillis</strong></span> <span class='ocrx_word' id='word_1_253' title='bbox 1019 1904 1327 1959; x_wconf 78' lang='lat' dir='ltr'><strong>Ecclesium</strong></span> <span class='ocrx_word' id='word_1_254' title='bbox 1363 1903 1675 1972; x_wconf 88' lang='lat' dir='ltr'><strong>regendam</strong></span> <span class='ocrx_word' id='word_1_255' title='bbox 1724 1916 1876 1955; x_wconf 88' lang='lat' dir='ltr'><strong>com-</strong></span> 
     </span>
    </p>
   </div>
   <div class='ocr_carea' id='block_1_36' title="bbox 158 1988 1873 2067">
    <p class='ocr_par' dir='ltr' id='par_1_36' title="bbox 158 1988 1873 2067">
     <span class='ocr_line' id='line_1_36' title="bbox 158 1988 1873 2067; baseline -0.008 -12"><span class='ocrx_word' id='word_1_256' title='bbox 158 2003 442 2062; x_wconf 75' lang='lat' dir='ltr'><strong>mitteret,</strong></span> <span class='ocrx_word' id='word_1_257' title='bbox 476 1999 574 2067; x_wconf 91' lang='lat' dir='ltr'><strong>qui</strong></span> <span class='ocrx_word' id='word_1_258' title='bbox 606 1995 884 2063; x_wconf 86' lang='lat' dir='ltr'><strong>exemplis</strong></span> <span class='ocrx_word' id='word_1_259' title='bbox 909 1997 965 2047; x_wconf 91' lang='lat' dir='ltr'><strong>et</strong></span> <span class='ocrx_word' id='word_1_260' title='bbox 1005 1992 1194 2046; x_wconf 88' lang='lat' dir='ltr'><strong>verbis</strong></span> <span class='ocrx_word' id='word_1_261' title='bbox 1245 1992 1462 2062; x_wconf 88' lang='lat' dir='ltr'><strong>pariter</strong></span> <span class='ocrx_word' id='word_1_262' title='bbox 1501 1990 1663 2044; x_wconf 87' lang='lat' dir='ltr'><strong>illam</strong></span> <span class='ocrx_word' id='word_1_263' title='bbox 1696 1988 1873 2043; x_wconf 66' lang='lat' dir='ltr'><strong>aediﬁ-</strong></span> 
     </span>
    </p>
   </div>
   <div class='ocr_carea' id='block_1_37' title="bbox 160 2078 1876 2156">
    <p class='ocr_par' dir='ltr' id='par_1_37' title="bbox 160 2078 1876 2156">
     <span class='ocr_line' id='line_1_37' title="bbox 160 2078 1876 2156; baseline -0.007 -12"><span class='ocrx_word' id='word_1_264' title='bbox 160 2106 276 2145; x_wconf 80' lang='lat' dir='ltr'><strong>care</strong></span> <span class='ocrx_word' id='word_1_265' title='bbox 313 2088 541 2142; x_wconf 86' lang='lat' dir='ltr'><strong>melius</strong></span> <span class='ocrx_word' id='word_1_266' title='bbox 576 2086 915 2156; x_wconf 89' lang='lat' dir='ltr'><strong>potuissent.</strong></span> <span class='ocrx_word' id='word_1_267' title='bbox 960 2089 1123 2146; x_wconf 85' lang='lat' dir='ltr'><strong>Nam,</strong></span> <span class='ocrx_word' id='word_1_268' title='bbox 1173 2086 1240 2136; x_wconf 88' lang='lat' dir='ltr'><strong>ut</strong></span> <span class='ocrx_word' id='word_1_269' title='bbox 1296 2096 1480 2152; x_wconf 91' lang='lat' dir='ltr'><strong>pauca</strong></span> <span class='ocrx_word' id='word_1_270' title='bbox 1537 2080 1606 2133; x_wconf 92' lang='lat' dir='ltr'><strong>de</strong></span> <span class='ocrx_word' id='word_1_271' title='bbox 1674 2078 1876 2133; x_wconf 90' lang='lat' dir='ltr'><strong>multis</strong></span> 
     </span>
    </p>
   </div>
   <div class='ocr_carea' id='block_1_38' title="bbox 161 2169 1876 2248">
    <p class='ocr_par' dir='ltr' id='par_1_38' title="bbox 161 2169 1876 2248">
     <span class='ocr_line' id='line_1_38' title="bbox 161 2169 1876 2248; baseline -0.008 -13"><span class='ocrx_word' id='word_1_272' title='bbox 161 2185 524 2248; x_wconf 81' lang='lat' dir='ltr'><strong>contingam,</strong></span> <span class='ocrx_word' id='word_1_273' title='bbox 558 2192 624 2230; x_wconf 89' lang='lat' dir='ltr'><strong>ex</strong></span> <span class='ocrx_word' id='word_1_274' title='bbox 650 2174 997 2245; x_wconf 77' lang='lat' dir='ltr'><strong>presbyteris</strong></span> <span class='ocrx_word' id='word_1_275' title='bbox 1028 2172 1424 2227; x_wconf 89' lang='lat' dir='ltr'><strong>cardinalibus</strong></span> <span class='ocrx_word' id='word_1_276' title='bbox 1457 2169 1725 2225; x_wconf 73' lang='lat' dir='ltr'><strong>Ecclesiae</strong></span> <span class='ocrx_word' id='word_1_277' title='bbox 1757 2185 1876 2222; x_wconf 67' lang='lat' dir='ltr'><strong>suae</strong></span> 
     </span>
    </p>
   </div>
   <div class='ocr_carea' id='block_1_39' title="bbox 159 2259 1875 2336">
    <p class='ocr_par' dir='ltr' id='par_1_39' title="bbox 159 2259 1875 2336">
     <span class='ocr_line' id='line_1_39' title="bbox 159 2259 1875 2336; baseline -0.006 -14"><span class='ocrx_word' id='word_1_278' title='bbox 159 2267 526 2325; x_wconf 82' lang='lat' dir='ltr'><strong>consecravit</strong></span> <span class='ocrx_word' id='word_1_279' title='bbox 546 2262 1244 2336; x_wconf 87' lang='lat' dir='ltr'><strong>episcopos,Bonit‘acium</strong></span> <span class='ocrx_word' id='word_1_280' title='bbox 1272 2261 1494 2329; x_wconf 78' lang='lat' dir='ltr'><strong>Rhegii,</strong></span> <span class='ocrx_word' id='word_1_281' title='bbox 1527 2259 1875 2314; x_wconf 85' lang='lat' dir='ltr'><strong>Habentium</strong></span> 
     </span>
    </p>
   </div>
   <div class='ocr_carea' id='block_1_40' title="bbox 157 2348 1878 2423">
    <p class='ocr_par' dir='ltr' id='par_1_40' title="bbox 157 2348 1878 2423">
     <span class='ocr_line' id='line_1_40' title="bbox 157 2348 1878 2423; baseline -0.008 -9"><span class='ocrx_word' id='word_1_282' title='bbox 157 2359 406 2423; x_wconf 83' lang='lat' dir='ltr'><strong>Perusii,</strong></span> <span class='ocrx_word' id='word_1_283' title='bbox 426 2362 486 2411; x_wconf 89' lang='lat' dir='ltr'><strong>et</strong></span> <span class='ocrx_word' id='word_1_284' title='bbox 519 2361 744 2410; x_wconf 89' lang='lat' dir='ltr'><strong>Donum</strong></span> <span class='ocrx_word' id='word_1_285' title='bbox 772 2352 1052 2407; x_wconf 73' lang='lat' dir='ltr'><strong>Messanae</strong></span> <span class='ocrx_word' id='word_1_286' title='bbox 1076 2349 1299 2405; x_wconf 67' lang='lat' dir='ltr'><strong>Siciliae.</strong></span> <span class='ocrx_word' id='word_1_287' title='bbox 1327 2350 1403 2403; x_wconf 86' lang='lat' dir='ltr'><strong>Ex</strong></span> <span class='ocrx_word' id='word_1_288' title='bbox 1425 2348 1878 2403; x_wconf 89' lang='lat' dir='ltr'><strong>subdiaconibus</strong></span> 
     </span>
    </p>
   </div>
   <div class='ocr_carea' id='block_1_41' title="bbox 155 2437 1876 2516">
    <p class='ocr_par' dir='ltr' id='par_1_41' title="bbox 155 2437 1876 2516">
     <span class='ocr_line' id='line_1_41' title="bbox 155 2437 1876 2516; baseline -0.006 -14"><span class='ocrx_word' id='word_1_289' title='bbox 155 2466 312 2516; x_wconf 77' lang='lat' dir='ltr'><strong>vero,</strong></span> <span class='ocrx_word' id='word_1_290' title='bbox 365 2447 703 2502; x_wconf 91' lang='lat' dir='ltr'><strong>Gloriosum</strong></span> <span class='ocrx_word' id='word_1_291' title='bbox 741 2442 938 2510; x_wconf 68' lang='lat' dir='ltr'><strong>lstriae,</strong></span> <span class='ocrx_word' id='word_1_292' title='bbox 976 2442 1205 2496; x_wconf 86' lang='lat' dir='ltr'><strong>Festum</strong></span> <span class='ocrx_word' id='word_1_293' title='bbox 1251 2440 1481 2510; x_wconf 66' lang='lat' dir='ltr'><strong>Capua,</strong></span> <span class='ocrx_word' id='word_1_294' title='bbox 1513 2439 1593 2508; x_wconf 89' lang='lat' dir='ltr'><strong>(a)</strong></span> <span class='ocrx_word' id='word_1_295' title='bbox 1641 2437 1876 2492; x_wconf 90' lang='lat' dir='ltr'><strong>Petrum</strong></span> 
     </span>
    </p>
   </div>
   <div class='ocr_carea' id='block_1_42' title="bbox 153 2525 1878 2606">
    <p class='ocr_par' dir='ltr' id='par_1_42' title="bbox 153 2525 1878 2606">
     <span class='ocr_line' id='line_1_42' title="bbox 153 2525 1878 2606; baseline -0.008 -11"><span class='ocrx_word' id='word_1_296' title='bbox 153 2540 390 2606; x_wconf 83' lang='lat' dir='ltr'><strong>Trecas,</strong></span> <span class='ocrx_word' id='word_1_297' title='bbox 425 2542 487 2592; x_wconf 89' lang='lat' dir='ltr'><strong>et</strong></span> <span class='ocrx_word' id='word_1_298' title='bbox 520 2531 844 2591; x_wconf 88' lang='lat' dir='ltr'><strong>Castorium</strong></span> <span class='ocrx_word' id='word_1_299' title='bbox 877 2529 1140 2585; x_wconf 83' lang='lat' dir='ltr'><strong>Arimini.</strong></span> <span class='ocrx_word' id='word_1_300' title='bbox 1175 2531 1245 2583; x_wconf 87' lang='lat' dir='ltr'><strong>At</strong></span> <span class='ocrx_word' id='word_1_301' title='bbox 1276 2544 1406 2582; x_wconf 91' lang='lat' dir='ltr'><strong>vero</strong></span> <span class='ocrx_word' id='word_1_302' title='bbox 1451 2543 1518 2582; x_wconf 85' lang='lat' dir='ltr'><strong>ex</strong></span> <span class='ocrx_word' id='word_1_303' title='bbox 1571 2525 1878 2581; x_wconf 87' lang='lat' dir='ltr'><strong>monachis</strong></span> 
     </span>
    </p>
   </div>
   <div class='ocr_carea' id='block_1_43' title="bbox 155 2614 1877 2686">
    <p class='ocr_par' dir='ltr' id='par_1_43' title="bbox 155 2614 1877 2686">
     <span class='ocr_line' id='line_1_43' title="bbox 155 2614 1877 2686; baseline -0.008 -3"><span class='ocrx_word' id='word_1_304' title='bbox 155 2625 509 2682; x_wconf 84' lang='lat' dir='ltr'><strong>monasterii</strong></span> <span class='ocrx_word' id='word_1_305' title='bbox 552 2623 666 2686; x_wconf 88' lang='lat' dir='ltr'><strong>sui,</strong></span> <span class='ocrx_word' id='word_1_306' title='bbox 700 2620 1092 2674; x_wconf 87' lang='lat' dir='ltr'><strong>Marinianum</strong></span> <span class='ocrx_word' id='word_1_307' title='bbox 1121 2618 1426 2683; x_wconf 68' lang='lat' dir='ltr'><strong>Ravennae,</strong></span> <span class='ocrx_word' id='word_1_308' title='bbox 1459 2614 1877 2670; x_wconf 82' lang='lat' dir='ltr'><strong>Maximianum</strong></span> 
     </span>
    </p>
   </div>
   <div class='ocr_carea' id='block_1_44' title="bbox 152 2704 1876 2790">
    <p class='ocr_par' dir='ltr' id='par_1_44' title="bbox 152 2704 1876 2790">
     <span class='ocr_line' id='line_1_44' title="bbox 152 2704 1876 2790; baseline -0.009 -18"><span class='ocrx_word' id='word_1_309' title='bbox 152 2715 494 2790; x_wconf 77' lang='lat' dir='ltr'><strong>Syracusis,</strong></span> <span class='ocrx_word' id='word_1_310' title='bbox 531 2716 587 2767; x_wconf 87' lang='lat' dir='ltr'><strong>et</strong></span> <span class='ocrx_word' id='word_1_311' title='bbox 619 2710 898 2765; x_wconf 89' lang='lat' dir='ltr'><strong>Sabinum</strong></span> <span class='ocrx_word' id='word_1_312' title='bbox 946 2705 1208 2777; x_wconf 89' lang='lat' dir='ltr'><strong>Callipoli</strong></span> <span class='ocrx_word' id='word_1_313' title='bbox 1257 2704 1532 2776; x_wconf 80' lang='lat' dir='ltr'><strong>praesules</strong></span> <span class='ocrx_word' id='word_1_314' title='bbox 1570 2704 1876 2759; x_wconf 88' lang='lat' dir='ltr'><strong>ordinavit.</strong></span> 
     </span>
    </p>
   </div>
   <div class='ocr_carea' id='block_1_45' title="bbox 157 2794 1881 2876">
    <p class='ocr_par' dir='ltr' id='par_1_45' title="bbox 157 2794 1881 2876">
     <span class='ocr_line' id='line_1_45' title="bbox 157 2794 1881 2876; baseline -0.009 -12"><span class='ocrx_word' id='word_1_315' title='bbox 157 2814 250 2866; x_wconf 71' lang='lat' dir='ltr'><strong>Sed</strong></span> <span class='ocrx_word' id='word_1_316' title='bbox 287 2819 347 2864; x_wconf 86' lang='lat' dir='ltr'><strong>et</strong></span> <span class='ocrx_word' id='word_1_317' title='bbox 377 2806 780 2876; x_wconf 82' lang='lat' dir='ltr'><strong>Augustinum</strong></span> <span class='ocrx_word' id='word_1_318' title='bbox 813 2816 990 2871; x_wconf 91' lang='lat' dir='ltr'><strong>penes</strong></span> <span class='ocrx_word' id='word_1_319' title='bbox 1012 2798 1232 2870; x_wconf 88' lang='lat' dir='ltr'><strong>Anglos</strong></span> <span class='ocrx_word' id='word_1_320' title='bbox 1264 2814 1296 2852; x_wconf 90' lang='lat' dir='ltr'><strong>a</strong></span> <span class='ocrx_word' id='word_1_321' title='bbox 1319 2796 1632 2852; x_wconf 85' lang='lat' dir='ltr'><strong>Galliarum</strong></span> <span class='ocrx_word' id='word_1_322' title='bbox 1666 2794 1881 2864; x_wconf 88' lang='lat' dir='ltr'><strong>episco-</strong></span> 
     </span>
    </p>
   </div>
   <div class='ocr_carea' id='block_1_46' title="bbox 156 2883 1883 2970">
    <p class='ocr_par' dir='ltr' id='par_1_46' title="bbox 156 2883 1883 2970">
     <span class='ocr_line' id='line_1_46' title="bbox 156 2883 1883 2970; baseline -0.009 -17"><span class='ocrx_word' id='word_1_323' title='bbox 156 2904 234 2970; x_wconf 85' lang='lat' dir='ltr'><strong>pis</strong></span> <span class='ocrx_word' id='word_1_324' title='bbox 263 2894 545 2953; x_wconf 87' lang='lat' dir='ltr'><strong>ordinari</strong></span> <span class='ocrx_word' id='word_1_325' title='bbox 573 2892 859 2963; x_wconf 84' lang='lat' dir='ltr'><strong>praecepit.</strong></span> <span class='ocrx_word' id='word_1_326' title='bbox 885 2892 992 2944; x_wconf 90' lang='lat' dir='ltr'><strong>Per</strong></span> <span class='ocrx_word' id='word_1_327' title='bbox 1020 2903 1192 2958; x_wconf 89' lang='lat' dir='ltr'><strong>quem</strong></span> <span class='ocrx_word' id='word_1_328' title='bbox 1216 2885 1600 2940; x_wconf 89' lang='lat' dir='ltr'><strong>nihilominus</strong></span> <span class='ocrx_word' id='word_1_329' title='bbox 1629 2883 1702 2938; x_wconf 91' lang='lat' dir='ltr'><strong>ad</strong></span> <span class='ocrx_word' id='word_1_330' title='bbox 1733 2884 1883 2955; x_wconf 84' lang='lat' dir='ltr'><strong>epis-</strong></span> 
     </span>
    </p>
   </div>
   <div class='ocr_carea' id='block_1_47' title="bbox 159 2972 1879 3059">
    <p class='ocr_par' dir='ltr' id='par_1_47' title="bbox 159 2972 1879 3059">
     <span class='ocr_line' id='line_1_47' title="bbox 159 2972 1879 3059; baseline -0.01 -17"><span class='ocrx_word' id='word_1_331' title='bbox 159 2993 433 3059; x_wconf 86' lang='lat' dir='ltr'><strong>copatum</strong></span> <span class='ocrx_word' id='word_1_332' title='bbox 490 2982 551 3036; x_wconf 91' lang='lat' dir='ltr'><strong>in</strong></span> <span class='ocrx_word' id='word_1_333' title='bbox 602 2979 802 3036; x_wconf 83' lang='lat' dir='ltr'><strong>eadem</strong></span> <span class='ocrx_word' id='word_1_334' title='bbox 843 2982 1010 3047; x_wconf 71' lang='lat' dir='ltr'><strong>gente</strong></span> <span class='ocrx_word' id='word_1_335' title='bbox 1059 2974 1330 3030; x_wconf 88' lang='lat' dir='ltr'><strong>monachi</strong></span> <span class='ocrx_word' id='word_1_336' title='bbox 1369 2974 1632 3044; x_wconf 84' lang='lat' dir='ltr'><strong>ejusdem</strong></span> <span class='ocrx_word' id='word_1_337' title='bbox 1676 2972 1879 3056; x_wconf 54' lang='lat' dir='ltr'><strong>patris,</strong></span> 
     </span>
    </p>
   </div>
   <div class='ocr_carea' id='block_1_48' title="bbox 159 3062 1877 3148">
    <p class='ocr_par' dir='ltr' id='par_1_48' title="bbox 159 3062 1877 3148">
     <span class='ocr_line' id='line_1_48' title="bbox 159 3062 1877 3148; baseline -0.008 -18"><span class='ocrx_word' id='word_1_338' title='bbox 159 3083 423 3148; x_wconf 86' lang='lat' dir='ltr'><strong>tempore</strong></span> <span class='ocrx_word' id='word_1_339' title='bbox 471 3072 724 3134; x_wconf 85' lang='lat' dir='ltr'><strong>diverso,</strong></span> <span class='ocrx_word' id='word_1_340' title='bbox 779 3065 1030 3139; x_wconf 89' lang='lat' dir='ltr'><strong>provecti</strong></span> <span class='ocrx_word' id='word_1_341' title='bbox 1096 3072 1269 3120; x_wconf 84' lang='lat' dir='ltr'><strong>sunt:</strong></span> <span class='ocrx_word' id='word_1_342' title='bbox 1332 3062 1603 3128; x_wconf 84' lang='lat' dir='ltr'><strong>Mellitus,</strong></span> <span class='ocrx_word' id='word_1_343' title='bbox 1653 3063 1877 3126; x_wconf 87' lang='lat' dir='ltr'><strong>Justus,</strong></span> 
     </span>
    </p>
   </div>
   <div class='ocr_carea' id='block_1_49' title="bbox 163 3123 1952 3224">
    <p class='ocr_par' dir='ltr' id='par_1_49' title="bbox 163 3123 1952 3224">
     <span class='ocr_line' id='line_1_49' title="bbox 163 3123 1952 3224; baseline -0.009 -2"><span class='ocrx_word' id='word_1_344' title='bbox 163 3123 936 3222; x_wconf 28' lang='lat' dir='ltr'><strong>haurientiusveti’aulinus.</strong></span> <span class='ocrx_word' id='word_1_345' title='bbox 967 3155 1117 3212; x_wconf 89' lang='lat' dir='ltr'><strong>Solis</strong></span> <span class='ocrx_word' id='word_1_346' title='bbox 1164 3154 1510 3210; x_wconf 86' lang='lat' dir='ltr'><strong>diaconibus</strong></span> <span class='ocrx_word' id='word_1_347' title='bbox 1552 3123 1877 3224; x_wconf 69' lang='lat' dir='ltr'><strong>apostolicae</strong></span> <span class='ocrx_word' id='word_1_348' title='bbox 1910 3123 1952 3190; x_wconf 68' lang='grc' dir='ltr'>Ο</span> 
     </span>
    </p>
   </div>
   <div class='ocr_carea' id='block_1_50' title="bbox 167 3243 1878 3325">
    <p class='ocr_par' dir='ltr' id='par_1_50' title="bbox 167 3243 1878 3325">
     <span class='ocr_line' id='line_1_50' title="bbox 167 3243 1878 3325; baseline -0.009 -12"><span class='ocrx_word' id='word_1_349' title='bbox 167 3259 314 3313; x_wconf 80' lang='lat' dir='ltr'><strong>sedis</strong></span> <span class='ocrx_word' id='word_1_350' title='bbox 339 3269 526 3325; x_wconf 87' lang='lat' dir='ltr'><strong>super</strong></span> <span class='ocrx_word' id='word_1_351' title='bbox 567 3253 672 3306; x_wconf 87' lang='lat' dir='ltr'><strong>hac</strong></span> <span class='ocrx_word' id='word_1_352' title='bbox 722 3245 1156 3321; x_wconf 89' lang='lat' dir='ltr'><strong>quodammodo</strong></span> <span class='ocrx_word' id='word_1_353' title='bbox 1215 3252 1372 3316; x_wconf 89' lang='lat' dir='ltr'><strong>parte</strong></span> <span class='ocrx_word' id='word_1_354' title='bbox 1412 3243 1878 3313; x_wconf 80' lang='lat' dir='ltr'><strong>parcebatzquo-</strong></span> 
     </span>
    </p>
   </div>
   <div class='ocr_carea' id='block_1_51' title="bbox 162 3333 1876 3405">
    <p class='ocr_par' dir='ltr' id='par_1_51' title="bbox 162 3333 1876 3405">
     <span class='ocr_line' id='line_1_51' title="bbox 162 3333 1876 3405; baseline -0.01 -3"><span class='ocrx_word' id='word_1_355' title='bbox 162 3364 280 3402; x_wconf 87' lang='lat' dir='ltr'><strong>rum</strong></span> <span class='ocrx_word' id='word_1_356' title='bbox 318 3360 463 3400; x_wconf 88' lang='lat' dir='ltr'><strong>cum</strong></span> <span class='ocrx_word' id='word_1_357' title='bbox 503 3343 704 3397; x_wconf 89' lang='lat' dir='ltr'><strong>decem</strong></span> <span class='ocrx_word' id='word_1_358' title='bbox 736 3344 793 3394; x_wconf 88' lang='lat' dir='ltr'><strong>et</strong></span> <span class='ocrx_word' id='word_1_359' title='bbox 834 3352 1037 3391; x_wconf 91' lang='lat' dir='ltr'><strong>novem</strong></span> <span class='ocrx_word' id='word_1_360' title='bbox 1089 3333 1453 3405; x_wconf 90' lang='lat' dir='ltr'><strong>plenitudine</strong></span> <span class='ocrx_word' id='word_1_361' title='bbox 1503 3335 1876 3397; x_wconf 86' lang='lat' dir='ltr'><strong>redundaret,</strong></span> 
     </span>
    </p>
   </div>
   <div class='ocr_carea' id='block_1_52' title="bbox 161 3421 1874 3505">
    <p class='ocr_par' dir='ltr' id='par_1_52' title="bbox 161 3421 1874 3505">
     <span class='ocr_line' id='line_1_52' title="bbox 161 3421 1874 3505; baseline -0.008 -17"><span class='ocrx_word' id='word_1_362' title='bbox 161 3436 272 3505; x_wconf 81' lang='lat' dir='ltr'><strong>ipse</strong></span> <span class='ocrx_word' id='word_1_363' title='bbox 330 3430 734 3492; x_wconf 81' lang='lat' dir='ltr'><strong>Bonifacium,</strong></span> <span class='ocrx_word' id='word_1_364' title='bbox 799 3424 1176 3490; x_wconf 87' lang='lat' dir='ltr'><strong>Florentium,</strong></span> <span class='ocrx_word' id='word_1_365' title='bbox 1229 3427 1286 3477; x_wconf 90' lang='lat' dir='ltr'><strong>et</strong></span> <span class='ocrx_word' id='word_1_366' title='bbox 1337 3422 1432 3476; x_wconf 77' lang='lat'><strong>87</strong></span> <span class='ocrx_word' id='word_1_367' title='bbox 1477 3421 1874 3492; x_wconf 80' lang='lat' dir='ltr'><strong>Epiphaniam</strong></span> 
     </span>
    </p>
   </div>
   <div class='ocr_carea' id='block_1_53' title="bbox 158 3509 1876 3587">
    <p class='ocr_par' dir='ltr' id='par_1_53' title="bbox 158 3509 1876 3587">
     <span class='ocr_line' id='line_1_53' title="bbox 158 3509 1876 3587; baseline -0.009 -8"><span class='ocrx_word' id='word_1_368' title='bbox 158 3520 547 3579; x_wconf 83' lang='lat' dir='ltr'><strong>consecravit.</strong></span> <span class='ocrx_word' id='word_1_369' title='bbox 583 3518 699 3573; x_wconf 80' lang='lat' dir='ltr'><strong>Nec</strong></span> <span class='ocrx_word' id='word_1_370' title='bbox 743 3529 1098 3587; x_wconf 90' lang='lat' dir='ltr'><strong>quemquam</strong></span> <span class='ocrx_word' id='word_1_371' title='bbox 1140 3527 1341 3566; x_wconf 89' lang='lat' dir='ltr'><strong>eorum</strong></span> <span class='ocrx_word' id='word_1_372' title='bbox 1402 3511 1474 3565; x_wconf 91' lang='lat' dir='ltr'><strong>ab</strong></span> <span class='ocrx_word' id='word_1_373' title='bbox 1521 3511 1732 3575; x_wconf 82' lang='lat' dir='ltr'><strong>ofﬁcio,</strong></span> <span class='ocrx_word' id='word_1_374' title='bbox 1767 3509 1876 3564; x_wconf 90' lang='lat' dir='ltr'><strong>nisi</strong></span> 
     </span>
    </p>
   </div>
   <div class='ocr_carea' id='block_1_54' title="bbox 161 3599 1878 3672">
    <p class='ocr_par' dir='ltr' id='par_1_54' title="bbox 161 3599 1878 3672">
     <span class='ocr_line' id='line_1_54' title="bbox 161 3599 1878 3672; baseline -0.009 -4"><span class='ocrx_word' id='word_1_375' title='bbox 161 3610 540 3668; x_wconf 83' lang='lat' dir='ltr'><strong>Laurentium</strong></span> <span class='ocrx_word' id='word_1_376' title='bbox 572 3605 1045 3662; x_wconf 85' lang='lat' dir='ltr'><strong>archidiaconum</strong></span> <span class='ocrx_word' id='word_1_377' title='bbox 1081 3618 1182 3672; x_wconf 89' lang='lat' dir='ltr'><strong>pro</strong></span> <span class='ocrx_word' id='word_1_378' title='bbox 1212 3600 1484 3671; x_wconf 89' lang='lat' dir='ltr'><strong>superbia</strong></span> <span class='ocrx_word' id='word_1_379' title='bbox 1515 3599 1878 3670; x_wconf 89' lang='lat' dir='ltr'><strong>reliquisque</strong></span> 
     </span>
    </p>
   </div>
   <div class='ocr_carea' id='block_1_55' title="bbox 161 3689 1879 3766">
    <p class='ocr_par' dir='ltr' id='par_1_55' title="bbox 161 3689 1879 3766">
     <span class='ocr_line' id='line_1_55' title="bbox 161 3689 1879 3766; baseline -0.009 -9"><span class='ocrx_word' id='word_1_380' title='bbox 161 3701 544 3766; x_wconf 88' lang='lat' dir='ltr'><strong>criminibus,</strong></span> <span class='ocrx_word' id='word_1_381' title='bbox 603 3697 658 3750; x_wconf 90' lang='lat' dir='ltr'><strong>in</strong></span> <span class='ocrx_word' id='word_1_382' title='bbox 728 3693 970 3749; x_wconf 83' lang='lat' dir='ltr'><strong>basilica</strong></span> <span class='ocrx_word' id='word_1_383' title='bbox 1024 3691 1422 3755; x_wconf 87' lang='lat' dir='ltr'><strong>Lateranensi,</strong></span> <span class='ocrx_word' id='word_1_384' title='bbox 1478 3705 1606 3759; x_wconf 80' lang='lat' dir='ltr'><strong>quas</strong></span> <span class='ocrx_word' id='word_1_385' title='bbox 1665 3689 1879 3742; x_wconf 89' lang='lat' dir='ltr'><strong>dicitur</strong></span> 
     </span>
    </p>
   </div>
   <div class='ocr_carea' id='block_1_56' title="bbox 161 3776 1876 3856">
    <p class='ocr_par' dir='ltr' id='par_1_56' title="bbox 161 3776 1876 3856">
     <span class='ocr_line' id='line_1_56' title="bbox 161 3776 1876 3856; baseline -0.009 -9"><span class='ocrx_word' id='word_1_386' title='bbox 161 3808 354 3856; x_wconf 86' lang='lat' dir='ltr'><strong>aurea,</strong></span> <span class='ocrx_word' id='word_1_387' title='bbox 386 3790 487 3844; x_wconf 89' lang='lat' dir='ltr'><strong>ubi</strong></span> <span class='ocrx_word' id='word_1_388' title='bbox 517 3786 1011 3841; x_wconf 77' lang='lat' dir='ltr'><strong>irioxilonoratum</strong></span> <span class='ocrx_word' id='word_1_389' title='bbox 1036 3779 1512 3836; x_wconf 87' lang='lat' dir='ltr'><strong>archidiaconum</strong></span> <span class='ocrx_word' id='word_1_390' title='bbox 1546 3776 1876 3844; x_wconf 87' lang='lat' dir='ltr'><strong>constituit,</strong></span> 
     </span>
    </p>
   </div>
   <div class='ocr_carea' id='block_1_57' title="bbox 161 3877 585 3952">
    <p class='ocr_par' dir='ltr' id='par_1_57' title="bbox 161 3877 585 3952">
     <span class='ocr_line' id='line_1_57' title="bbox 161 3877 585 3952; baseline -0.017 -15"><span class='ocrx_word' id='word_1_391' title='bbox 161 3877 585 3952; x_wconf 82' lang='lat' dir='ltr'><strong>sequestravit.</strong></span> 
     </span>
    </p>
   </div>
   <div class='ocr_carea' id='block_1_58' title="bbox 225 3956 1880 4035">
    <p class='ocr_par' dir='ltr' id='par_1_58' title="bbox 225 3956 1880 4035">
     <span class='ocr_line' id='line_1_58' title="bbox 225 3956 1880 4035; baseline -0.008 -12"><span class='ocrx_word' id='word_1_392' title='bbox 225 3971 280 4023; x_wconf 88' lang='lat'><strong>8.</strong></span> <span class='ocrx_word' id='word_1_393' title='bbox 317 3973 588 4035; x_wconf 87' lang='lat' dir='ltr'><strong>Cumque</strong></span> <span class='ocrx_word' id='word_1_394' title='bbox 618 3962 930 4034; x_wconf 88' lang='lat' dir='ltr'><strong>Gregorius</strong></span> <span class='ocrx_word' id='word_1_395' title='bbox 964 3963 1232 4032; x_wconf 87' lang='lat' dir='ltr'><strong>percepta</strong></span> <span class='ocrx_word' id='word_1_396' title='bbox 1265 3957 1568 4012; x_wconf 89' lang='lat' dir='ltr'><strong>occasione</strong></span> <span class='ocrx_word' id='word_1_397' title='bbox 1597 3972 1716 4011; x_wconf 70' lang='lat' dir='ltr'><strong>suae</strong></span> <span class='ocrx_word' id='word_1_398' title='bbox 1770 3956 1880 4011; x_wconf 87' lang='lat' dir='ltr'><strong>Ec-</strong></span> 
     </span>
    </p>
   </div>
   <div class='ocr_carea' id='block_1_59' title="bbox 165 4044 1877 4120">
    <p class='ocr_par' dir='ltr' id='par_1_59' title="bbox 165 4044 1877 4120">
     <span class='ocr_line' id='line_1_59' title="bbox 165 4044 1877 4120; baseline -0.007 -8"><span class='ocrx_word' id='word_1_399' title='bbox 165 4059 353 4114; x_wconf 62' lang='lat' dir='ltr'><strong>clesiae</strong></span> <span class='ocrx_word' id='word_1_400' title='bbox 387 4053 742 4120; x_wconf 88' lang='lat' dir='ltr'><strong>cardinales,</strong></span> <span class='ocrx_word' id='word_1_401' title='bbox 768 4053 814 4106; x_wconf 90' lang='lat' dir='ltr'><strong>si</strong></span> <span class='ocrx_word' id='word_1_402' title='bbox 849 4059 1038 4105; x_wconf 91' lang='lat' dir='ltr'><strong>tamen</strong></span> <span class='ocrx_word' id='word_1_403' title='bbox 1072 4047 1486 4109; x_wconf 87' lang='lat' dir='ltr'><strong>consentirent,</strong></span> <span class='ocrx_word' id='word_1_404' title='bbox 1512 4045 1651 4100; x_wconf 91' lang='lat' dir='ltr'><strong>satis</strong></span> <span class='ocrx_word' id='word_1_405' title='bbox 1673 4044 1877 4100; x_wconf 85' lang='lat' dir='ltr'><strong>volun-</strong></span> 
     </span>
    </p>
   </div>
   <div class='ocr_carea' id='block_1_60' title="bbox 164 4140 1878 4218">
    <p class='ocr_par' dir='ltr' id='par_1_60' title="bbox 164 4140 1878 4218">
     <span class='ocr_line' id='line_1_60' title="bbox 164 4140 1878 4218; baseline -0.009 -14"><span class='ocrx_word' id='word_1_406' title='bbox 164 4152 308 4204; x_wconf 83' lang='lat' dir='ltr'><strong>tarie</strong></span> <span class='ocrx_word' id='word_1_407' title='bbox 360 4145 742 4218; x_wconf 90' lang='lat' dir='ltr'><strong>proveheret:</strong></span> <span class='ocrx_word' id='word_1_408' title='bbox 794 4140 1084 4197; x_wconf 89' lang='lat' dir='ltr'><strong>neminem</strong></span> <span class='ocrx_word' id='word_1_409' title='bbox 1129 4153 1374 4209; x_wconf 88' lang='lat' dir='ltr'><strong>prorsus,</strong></span> <span class='ocrx_word' id='word_1_410' title='bbox 1427 4143 1878 4206; x_wconf 89' lang='lat' dir='ltr'><strong>quantacunque</strong></span> 
     </span>
    </p>
   </div>
   <div class='ocr_carea' id='block_1_61' title="bbox 167 4226 1874 4299">
    <p class='ocr_par' dir='ltr' id='par_1_61' title="bbox 167 4226 1874 4299">
     <span class='ocr_line' id='line_1_61' title="bbox 167 4226 1874 4299; baseline -0.009 -5"><span class='ocrx_word' id='word_1_411' title='bbox 167 4237 525 4294; x_wconf 84' lang='lat' dir='ltr'><strong>necessitate</strong></span> <span class='ocrx_word' id='word_1_412' title='bbox 555 4238 813 4299; x_wconf 88' lang='lat' dir='ltr'><strong>coactus,</strong></span> <span class='ocrx_word' id='word_1_413' title='bbox 861 4231 1141 4285; x_wconf 91' lang='lat' dir='ltr'><strong>violenter</strong></span> <span class='ocrx_word' id='word_1_414' title='bbox 1198 4242 1535 4298; x_wconf 88' lang='lat' dir='ltr'><strong>promovere</strong></span> <span class='ocrx_word' id='word_1_415' title='bbox 1593 4226 1874 4280; x_wconf 87' lang='lat' dir='ltr'><strong>certabat:</strong></span> 
     </span>
    </p>
   </div>
   <div class='ocr_carea' id='block_1_62' title="bbox 165 4315 1879 4394">
    <p class='ocr_par' dir='ltr' id='par_1_62' title="bbox 165 4315 1879 4394">
     <span class='ocr_line' id='line_1_62' title="bbox 165 4315 1879 4394; baseline -0.008 -11"><span class='ocrx_word' id='word_1_416' title='bbox 165 4348 231 4384; x_wconf 88' lang='lat' dir='ltr'><strong>ne</strong></span> <span class='ocrx_word' id='word_1_417' title='bbox 264 4328 381 4382; x_wconf 87' lang='lat' dir='ltr'><strong>sub</strong></span> <span class='ocrx_word' id='word_1_418' title='bbox 415 4323 756 4394; x_wconf 89' lang='lat' dir='ltr'><strong>hujusmodi</strong></span> <span class='ocrx_word' id='word_1_419' title='bbox 799 4320 1102 4376; x_wconf 88' lang='lat' dir='ltr'><strong>occasione</strong></span> <span class='ocrx_word' id='word_1_420' title='bbox 1141 4331 1488 4387; x_wconf 84' lang='lat' dir='ltr'><strong>quemquam</strong></span> <span class='ocrx_word' id='word_1_421' title='bbox 1525 4315 1879 4371; x_wconf 89' lang='lat' dir='ltr'><strong>eliminando</strong></span> 
     </span>
    </p>
   </div>
   <div class='ocr_carea' id='block_1_63' title="bbox 165 4403 1882 4487">
    <p class='ocr_par' dir='ltr' id='par_1_63' title="bbox 165 4403 1882 4487">
     <span class='ocr_line' id='line_1_63' title="bbox 165 4403 1882 4487; baseline -0.008 -15"><span class='ocrx_word' id='word_1_422' title='bbox 165 4419 458 4487; x_wconf 87' lang='lat' dir='ltr'><strong>deponere</strong></span> <span class='ocrx_word' id='word_1_423' title='bbox 488 4413 794 4466; x_wconf 89' lang='lat' dir='ltr'><strong>videretur.</strong></span> <span class='ocrx_word' id='word_1_424' title='bbox 821 4409 979 4465; x_wconf 92' lang='lat' dir='ltr'><strong>Unde</strong></span> <span class='ocrx_word' id='word_1_425' title='bbox 1001 4406 1381 4473; x_wconf 89' lang='lat' dir='ltr'><strong>Scholastico,</strong></span> <span class='ocrx_word' id='word_1_426' title='bbox 1405 4405 1484 4476; x_wconf 87' lang='lat' dir='ltr'><strong>(b)</strong></span> <span class='ocrx_word' id='word_1_427' title='bbox 1505 4403 1688 4459; x_wconf 77' lang='lat' dir='ltr'><strong>Iudici</strong></span> <span class='ocrx_word' id='word_1_428' title='bbox 1710 4405 1882 4459; x_wconf 83' lang='lat' dir='ltr'><strong>Cam-</strong></span> 
     </span>
    </p>
   </div>
   <div class='ocr_carea' id='block_1_64' title="bbox 1984 1815 3681 1890">
    <p class='ocr_par' dir='ltr' id='par_1_64' title="bbox 1984 1815 3681 1890">
     <span class='ocr_line' id='line_1_64' title="bbox 1984 1815 3681 1890; baseline 0.002 -19"><span class='ocrx_word' id='word_1_429' title='bbox 1984 1821 2091 1885; x_wconf 90' lang='lat' dir='ltr'><strong>ter,</strong></span> <span class='ocrx_word' id='word_1_430' title='bbox 2120 1815 2349 1884; x_wconf 85' lang='lat' dir='ltr'><strong>scriptis</strong></span> <span class='ocrx_word' id='word_1_431' title='bbox 2381 1816 2505 1870; x_wconf 88' lang='lat' dir='ltr'><strong>suis</strong></span> <span class='ocrx_word' id='word_1_432' title='bbox 2545 1815 2755 1878; x_wconf 88' lang='lat' dir='ltr'><strong>Natali.</strong></span> <span class='ocrx_word' id='word_1_433' title='bbox 2791 1816 2952 1872; x_wconf 82' lang='lat' dir='ltr'><strong>fratri</strong></span> <span class='ocrx_word' id='word_1_434' title='bbox 2995 1819 3450 1890; x_wconf 88' lang='lat' dir='ltr'><strong>coepiscopoque</strong></span> <span class='ocrx_word' id='word_1_435' title='bbox 3482 1823 3681 1876; x_wconf 88' lang='lat' dir='ltr'><strong>nostro</strong></span> 
     </span>
    </p>
   </div>
   <div class='ocr_carea' id='block_1_65' title="bbox 1982 1904 3684 1974">
    <p class='ocr_par' dir='ltr' id='par_1_65' title="bbox 1982 1904 3684 1974">
     <span class='ocr_line' id='line_1_65' title="bbox 1982 1904 3684 1974; baseline 0.002 -14"><span class='ocrx_word' id='word_1_436' title='bbox 1982 1905 2356 1960; x_wconf 83' lang='lat' dir='ltr'><strong>interdixerat</strong></span> <span class='ocrx_word' id='word_1_437' title='bbox 2377 1920 2448 1959; x_wconf 92' lang='lat' dir='ltr'><strong>ne</strong></span> <span class='ocrx_word' id='word_1_438' title='bbox 2473 1904 2805 1974; x_wconf 82' lang='lat' dir='ltr'><strong>praedictum</strong></span> <span class='ocrx_word' id='word_1_439' title='bbox 2828 1905 3186 1962; x_wconf 86' lang='lat' dir='ltr'><strong>Honoratum</strong></span> <span class='ocrx_word' id='word_1_440' title='bbox 3211 1908 3684 1964; x_wconf 84' lang='lat' dir='ltr'><strong>archidiaconum</strong></span> 
     </span>
    </p>
   </div>
   <div class='ocr_carea' id='block_1_66' title="bbox 1983 1994 3686 2071">
    <p class='ocr_par' dir='ltr' id='par_1_66' title="bbox 1983 1994 3686 2071">
     <span class='ocr_line' id='line_1_66' title="bbox 1983 1994 3686 2071; baseline 0.004 -24"><span class='ocrx_word' id='word_1_441' title='bbox 1983 1994 2226 2049; x_wconf 88' lang='lat' dir='ltr'><strong>invitum</strong></span> <span class='ocrx_word' id='word_1_442' title='bbox 2281 1994 2635 2064; x_wconf 83' lang='lat' dir='ltr'><strong>proveheret,</strong></span> <span class='ocrx_word' id='word_1_443' title='bbox 2669 2012 2807 2052; x_wconf 91' lang='lat' dir='ltr'><strong>neve</strong></span> <span class='ocrx_word' id='word_1_444' title='bbox 2863 1996 3120 2052; x_wconf 91' lang='lat' dir='ltr'><strong>dolorem</strong></span> <span class='ocrx_word' id='word_1_445' title='bbox 3162 2003 3446 2068; x_wconf 62' lang='lat' dir='ltr'><strong>conceptae</strong></span> <span class='ocrx_word' id='word_1_446' title='bbox 3490 1999 3686 2071; x_wconf 85' lang='lat' dir='ltr'><strong>ingra-</strong></span> 
     </span>
    </p>
   </div>
   <div class='ocr_carea' id='block_1_67' title="bbox 1985 2083 3686 2159">
    <p class='ocr_par' dir='ltr' id='par_1_67' title="bbox 1985 2083 3686 2159">
     <span class='ocr_line' id='line_1_67' title="bbox 1985 2083 3686 2159; baseline 0.004 -23"><span class='ocrx_word' id='word_1_447' title='bbox 1985 2083 2253 2138; x_wconf 86' lang='lat' dir='ltr'><strong>titudinis</strong></span> <span class='ocrx_word' id='word_1_448' title='bbox 2277 2083 2498 2138; x_wconf 88' lang='lat' dir='ltr'><strong>diutius</strong></span> <span class='ocrx_word' id='word_1_449' title='bbox 2539 2084 2592 2137; x_wconf 90' lang='lat' dir='ltr'><strong>in</strong></span> <span class='ocrx_word' id='word_1_450' title='bbox 2627 2086 2798 2140; x_wconf 90' lang='lat' dir='ltr'><strong>corde</strong></span> <span class='ocrx_word' id='word_1_451' title='bbox 2831 2085 3118 2142; x_wconf 90' lang='lat' dir='ltr'><strong>retineret.</strong></span> <span class='ocrx_word' id='word_1_452' title='bbox 3148 2087 3410 2159; x_wconf 90' lang='lat' dir='ltr'><strong>Cumque</strong></span> <span class='ocrx_word' id='word_1_453' title='bbox 3432 2093 3487 2143; x_wconf 92' lang='lat' dir='ltr'><strong>et</strong></span> <span class='ocrx_word' id='word_1_454' title='bbox 3517 2104 3549 2142; x_wconf 92' lang='lat' dir='ltr'><strong>a</strong></span> <span class='ocrx_word' id='word_1_455' title='bbox 3594 2101 3686 2142; x_wconf 89' lang='lat' dir='ltr'><strong>me</strong></span> 
     </span>
    </p>
   </div>
   <div class='ocr_carea' id='block_1_68' title="bbox 1984 2172 3685 2242">
    <p class='ocr_par' dir='ltr' id='par_1_68' title="bbox 1984 2172 3685 2242">
     <span class='ocr_line' id='line_1_68' title="bbox 1984 2172 3685 2242; baseline 0.003 -16"><span class='ocrx_word' id='word_1_456' title='bbox 1984 2172 2105 2226; x_wconf 84' lang='lat' dir='ltr'><strong>haec</strong></span> <span class='ocrx_word' id='word_1_457' title='bbox 2137 2173 2320 2227; x_wconf 88' lang='lat' dir='ltr'><strong>eidem</strong></span> <span class='ocrx_word' id='word_1_458' title='bbox 2352 2189 2720 2242; x_wconf 87' lang='lat' dir='ltr'><strong>summopere</strong></span> <span class='ocrx_word' id='word_1_459' title='bbox 2753 2175 2965 2230; x_wconf 85' lang='lat' dir='ltr'><strong>fuerint</strong></span> <span class='ocrx_word' id='word_1_460' title='bbox 2994 2175 3331 2231; x_wconf 88' lang='lat' dir='ltr'><strong>interdicta:</strong></span> <span class='ocrx_word' id='word_1_461' title='bbox 3359 2193 3472 2232; x_wconf 92' lang='lat' dir='ltr'><strong>non</strong></span> <span class='ocrx_word' id='word_1_462' title='bbox 3495 2175 3685 2232; x_wconf 90' lang='lat' dir='ltr'><strong>solum</strong></span> 
     </span>
    </p>
   </div>
   <div class='ocr_carea' id='block_1_69' title="bbox 1988 2262 3685 2337">
    <p class='ocr_par' dir='ltr' id='par_1_69' title="bbox 1988 2262 3685 2337">
     <span class='ocr_line' id='line_1_69' title="bbox 1988 2262 3685 2337; baseline 0.004 -22"><span class='ocrx_word' id='word_1_463' title='bbox 1988 2262 2263 2318; x_wconf 86' lang='lat' dir='ltr'><strong>mandata</strong></span> <span class='ocrx_word' id='word_1_464' title='bbox 2295 2263 2392 2318; x_wconf 90' lang='lat' dir='ltr'><strong>Dei</strong></span> <span class='ocrx_word' id='word_1_465' title='bbox 2427 2264 2749 2336; x_wconf 88' lang='lat' dir='ltr'><strong>negligens,</strong></span> <span class='ocrx_word' id='word_1_466' title='bbox 2784 2265 2883 2319; x_wconf 91' lang='lat' dir='ltr'><strong>sed</strong></span> <span class='ocrx_word' id='word_1_467' title='bbox 2937 2269 2994 2319; x_wconf 93' lang='lat' dir='ltr'><strong>et</strong></span> <span class='ocrx_word' id='word_1_468' title='bbox 3050 2266 3265 2337; x_wconf 89' lang='lat' dir='ltr'><strong>scripta</strong></span> <span class='ocrx_word' id='word_1_469' title='bbox 3297 2275 3494 2322; x_wconf 90' lang='lat' dir='ltr'><strong>nostra</strong></span> <span class='ocrx_word' id='word_1_470' title='bbox 3541 2283 3685 2322; x_wconf 87' lang='lat' dir='ltr'><strong>con-</strong></span> 
     </span>
    </p>
   </div>
   <div class='ocr_carea' id='block_1_70' title="bbox 1988 2353 3687 2426">
    <p class='ocr_par' dir='ltr' id='par_1_70' title="bbox 1988 2353 3687 2426">
     <span class='ocr_line' id='line_1_70' title="bbox 1988 2353 3687 2426; baseline 0.004 -21"><span class='ocrx_word' id='word_1_471' title='bbox 1988 2359 2274 2418; x_wconf 89' lang='lat' dir='ltr'><strong>temnens,</strong></span> <span class='ocrx_word' id='word_1_472' title='bbox 2307 2353 2606 2424; x_wconf 61' lang='lat' dir='ltr'><strong>prmfatum</strong></span> <span class='ocrx_word' id='word_1_473' title='bbox 2649 2353 3142 2421; x_wconf 89' lang='lat' dir='ltr'><strong>archidiaconum,</strong></span> <span class='ocrx_word' id='word_1_474' title='bbox 3176 2356 3344 2426; x_wconf 90' lang='lat' dir='ltr'><strong>quasi</strong></span> <span class='ocrx_word' id='word_1_475' title='bbox 3376 2357 3444 2410; x_wconf 88' lang='lat' dir='ltr'><strong>ad</strong></span> <span class='ocrx_word' id='word_1_476' title='bbox 3487 2356 3687 2412; x_wconf 85' lang='lat' dir='ltr'><strong>fortio-</strong></span> 
     </span>
    </p>
   </div>
   <div class='ocr_carea' id='block_1_71' title="bbox 1989 2441 3686 2514">
    <p class='ocr_par' dir='ltr' id='par_1_71' title="bbox 1989 2441 3686 2514">
     <span class='ocr_line' id='line_1_71' title="bbox 1989 2441 3686 2514; baseline 0.003 -19"><span class='ocrx_word' id='word_1_477' title='bbox 1989 2456 2108 2496; x_wconf 88' lang='lat' dir='ltr'><strong>rem</strong></span> <span class='ocrx_word' id='word_1_478' title='bbox 2164 2441 2443 2496; x_wconf 89' lang='lat' dir='ltr'><strong>honorem</strong></span> <span class='ocrx_word' id='word_1_479' title='bbox 2494 2442 2831 2514; x_wconf 87' lang='lat' dir='ltr'><strong>provehens,</strong></span> <span class='ocrx_word' id='word_1_480' title='bbox 2874 2448 3119 2498; x_wconf 80' lang='lat' dir='ltr'><strong>conatus</strong></span> <span class='ocrx_word' id='word_1_481' title='bbox 3170 2449 3259 2499; x_wconf 90' lang='lat' dir='ltr'><strong>est</strong></span> <span class='ocrx_word' id='word_1_482' title='bbox 3315 2448 3441 2500; x_wconf 82' lang='lat' dir='ltr'><strong>arts</strong></span> <span class='ocrx_word' id='word_1_483' title='bbox 3480 2443 3686 2500; x_wconf 87' lang='lat' dir='ltr'><strong>callide</strong></span> 
     </span>
    </p>
   </div>
   <div class='ocr_carea' id='block_1_72' title="bbox 1988 2530 3686 2601">
    <p class='ocr_par' dir='ltr' id='par_1_72' title="bbox 1988 2530 3686 2601">
     <span class='ocr_line' id='line_1_72' title="bbox 1988 2530 3686 2601; baseline 0.002 -17"><span class='ocrx_word' id='word_1_484' title='bbox 1988 2531 2324 2601; x_wconf 88' lang='lat' dir='ltr'><strong>degradare.</strong></span> <span class='ocrx_word' id='word_1_485' title='bbox 2364 2530 2522 2586; x_wconf 84' lang='lat' dir='ltr'><strong>Unde</strong></span> <span class='ocrx_word' id='word_1_486' title='bbox 2543 2536 2738 2586; x_wconf 88' lang='lat' dir='ltr'><strong>actum</strong></span> <span class='ocrx_word' id='word_1_487' title='bbox 2763 2539 2845 2586; x_wconf 87' lang='lat' dir='ltr'><strong>est</strong></span> <span class='ocrx_word' id='word_1_488' title='bbox 2874 2533 3152 2588; x_wconf 88' lang='lat' dir='ltr'><strong>uteodem</strong></span> <span class='ocrx_word' id='word_1_489' title='bbox 3182 2533 3686 2589; x_wconf 87' lang='lat' dir='ltr'><strong>archidiaconalus</strong></span> 
     </span>
    </p>
   </div>
   <div class='ocr_carea' id='block_1_73' title="bbox 1989 2619 3689 2693">
    <p class='ocr_par' dir='ltr' id='par_1_73' title="bbox 1989 2619 3689 2693">
     <span class='ocr_line' id='line_1_73' title="bbox 1989 2619 3689 2693; baseline 0.002 -20"><span class='ocrx_word' id='word_1_490' title='bbox 1989 2619 2114 2675; x_wconf 91' lang='lat' dir='ltr'><strong>loco</strong></span> <span class='ocrx_word' id='word_1_491' title='bbox 2145 2624 2459 2687; x_wconf 91' lang='lat' dir='ltr'><strong>summoto,</strong></span> <span class='ocrx_word' id='word_1_492' title='bbox 2509 2620 2687 2674; x_wconf 90' lang='lat' dir='ltr'><strong>alium</strong></span> <span class='ocrx_word' id='word_1_493' title='bbox 2729 2623 3052 2687; x_wconf 87' lang='lat' dir='ltr'><strong>accersiret,</strong></span> <span class='ocrx_word' id='word_1_494' title='bbox 3089 2625 3185 2693; x_wconf 88' lang='lat' dir='ltr'><strong>qui</strong></span> <span class='ocrx_word' id='word_1_495' title='bbox 3216 2625 3342 2693; x_wconf 83' lang='lat' dir='ltr'><strong>ejus</strong></span> <span class='ocrx_word' id='word_1_496' title='bbox 3386 2624 3689 2693; x_wconf 90' lang='lat' dir='ltr'><strong>obtempe-</strong></span> 
     </span>
    </p>
   </div>
   <div class='ocr_carea' id='block_1_74' title="bbox 1990 2711 3691 2780">
    <p class='ocr_par' dir='ltr' id='par_1_74' title="bbox 1990 2711 3691 2780">
     <span class='ocr_line' id='line_1_74' title="bbox 1990 2711 3691 2780; baseline 0.002 -15"><span class='ocrx_word' id='word_1_497' title='bbox 1990 2727 2117 2766; x_wconf 88' lang='lat' dir='ltr'><strong>rare</strong></span> <span class='ocrx_word' id='word_1_498' title='bbox 2149 2711 2406 2765; x_wconf 89' lang='lat' dir='ltr'><strong>moribus</strong></span> <span class='ocrx_word' id='word_1_499' title='bbox 2438 2711 2738 2780; x_wconf 89' lang='lat' dir='ltr'><strong>potuisset.</strong></span> <span class='ocrx_word' id='word_1_500' title='bbox 2782 2711 2961 2772; x_wconf 89' lang='lat' dir='ltr'><strong>Quem</strong></span> <span class='ocrx_word' id='word_1_501' title='bbox 3003 2712 3358 2768; x_wconf 87' lang='lat' dir='ltr'><strong>Honoratum</strong></span> <span class='ocrx_word' id='word_1_502' title='bbox 3400 2712 3691 2768; x_wconf 88' lang='lat' dir='ltr'><strong>archidia-</strong></span> 
     </span>
    </p>
   </div>
   <div class='ocr_carea' id='block_1_75' title="bbox 1990 2799 3691 2874">
    <p class='ocr_par' dir='ltr' id='par_1_75' title="bbox 1990 2799 3691 2874">
     <span class='ocr_line' id='line_1_75' title="bbox 1990 2799 3691 2874; baseline 0.002 -19"><span class='ocrx_word' id='word_1_503' title='bbox 1990 2817 2201 2856; x_wconf 90' lang='lat' dir='ltr'><strong>conum</strong></span> <span class='ocrx_word' id='word_1_504' title='bbox 2226 2801 2572 2857; x_wconf 88' lang='lat' dir='ltr'><strong>arbitramur</strong></span> <span class='ocrx_word' id='word_1_505' title='bbox 2603 2799 2850 2856; x_wconf 90' lang='lat' dir='ltr'><strong>antistiti</strong></span> <span class='ocrx_word' id='word_1_506' title='bbox 2873 2817 2976 2856; x_wconf 89' lang='lat' dir='ltr'><strong>suo</strong></span> <span class='ocrx_word' id='word_1_507' title='bbox 2989 2801 3220 2857; x_wconf 84' lang='lat' dir='ltr'><strong>aliunde</strong></span> <span class='ocrx_word' id='word_1_508' title='bbox 3243 2802 3552 2874; x_wconf 90' lang='lat' dir='ltr'><strong>displicere</strong></span> <span class='ocrx_word' id='word_1_509' title='bbox 3574 2818 3691 2858; x_wconf 90' lang='lat' dir='ltr'><strong>non</strong></span> 
     </span>
    </p>
   </div>
   <div class='ocr_carea' id='block_1_76' title="bbox 1992 2891 3692 2962">
    <p class='ocr_par' dir='ltr' id='par_1_76' title="bbox 1992 2891 3692 2962">
     <span class='ocr_line' id='line_1_76' title="bbox 1992 2891 3692 2962; baseline 0.001 -16"><span class='ocrx_word' id='word_1_510' title='bbox 1992 2891 2270 2962; x_wconf 90' lang='lat' dir='ltr'><strong>potuisse.</strong></span> <span class='ocrx_word' id='word_1_511' title='bbox 2303 2891 2412 2946; x_wconf 89' lang='lat' dir='ltr'><strong>nisi</strong></span> <span class='ocrx_word' id='word_1_512' title='bbox 2449 2893 2599 2962; x_wconf 88' lang='lat' dir='ltr'><strong>quod</strong></span> <span class='ocrx_word' id='word_1_513' title='bbox 2633 2907 2763 2947; x_wconf 92' lang='lat' dir='ltr'><strong>eum</strong></span> <span class='ocrx_word' id='word_1_514' title='bbox 2791 2909 2928 2947; x_wconf 89' lang='lat' dir='ltr'><strong>vasa</strong></span> <span class='ocrx_word' id='word_1_515' title='bbox 2959 2907 3123 2947; x_wconf 89' lang='lat' dir='ltr'><strong>sacra</strong></span> <span class='ocrx_word' id='word_1_516' title='bbox 3154 2892 3277 2946; x_wconf 91' lang='lat' dir='ltr'><strong>suis</strong></span> <span class='ocrx_word' id='word_1_517' title='bbox 3319 2895 3453 2947; x_wconf 85' lang='lat' dir='ltr'><strong>dare</strong></span> <span class='ocrx_word' id='word_1_518' title='bbox 3486 2907 3692 2962; x_wconf 86' lang='lat' dir='ltr'><strong>paren-</strong></span> 
     </span>
    </p>
   </div>
   <div class='ocr_carea' id='block_1_77' title="bbox 1991 2978 3692 3051">
    <p class='ocr_par' dir='ltr' id='par_1_77' title="bbox 1991 2978 3692 3051">
     <span class='ocr_line' id='line_1_77' title="bbox 1991 2978 3692 3051; baseline 0.002 -19"><span class='ocrx_word' id='word_1_519' title='bbox 1991 2978 2144 3034; x_wconf 91' lang='lat' dir='ltr'><strong>tibus</strong></span> <span class='ocrx_word' id='word_1_520' title='bbox 2177 2980 2534 3050; x_wconf 89' lang='lat' dir='ltr'><strong>probibebat.</strong></span> <span class='ocrx_word' id='word_1_521' title='bbox 2557 2983 2741 3046; x_wconf 89' lang='lat' dir='ltr'><strong>Quam</strong></span> <span class='ocrx_word' id='word_1_522' title='bbox 2763 2995 3003 3036; x_wconf 89' lang='lat' dir='ltr'><strong>causam</strong></span> <span class='ocrx_word' id='word_1_523' title='bbox 3041 2981 3330 3034; x_wconf 91' lang='lat' dir='ltr'><strong>subtiliter</strong></span> <span class='ocrx_word' id='word_1_524' title='bbox 3377 2979 3692 3051; x_wconf 89' lang='lat' dir='ltr'><strong>voluimus,</strong></span> 
     </span>
    </p>
   </div>
   <div class='ocr_carea' id='block_1_78' title="bbox 1991 3071 3693 3137">
    <p class='ocr_par' dir='ltr' id='par_1_78' title="bbox 1991 3071 3693 3137">
     <span class='ocr_line' id='line_1_78' title="bbox 1991 3071 3693 3137; baseline 0.002 -14"><span class='ocrx_word' id='word_1_525' title='bbox 1991 3073 2047 3124; x_wconf 88' lang='lat' dir='ltr'><strong>et</strong></span> <span class='ocrx_word' id='word_1_526' title='bbox 2093 3074 2234 3124; x_wconf 90' lang='lat' dir='ltr'><strong>tunc</strong></span> <span class='ocrx_word' id='word_1_527' title='bbox 2288 3076 2500 3126; x_wconf 74' lang='lat' dir='ltr'><strong>sanctas</strong></span> <span class='ocrx_word' id='word_1_528' title='bbox 2558 3071 2845 3124; x_wconf 64' lang='lat' dir='ltr'><strong>memoriae</strong></span> <span class='ocrx_word' id='word_1_529' title='bbox 2887 3071 3158 3125; x_wconf 89' lang='lat' dir='ltr'><strong>decessor</strong></span> <span class='ocrx_word' id='word_1_530' title='bbox 3213 3086 3399 3137; x_wconf 89' lang='lat' dir='ltr'><strong>meus,</strong></span> <span class='ocrx_word' id='word_1_531' title='bbox 3433 3074 3489 3124; x_wconf 91' lang='lat' dir='ltr'><strong>et</strong></span> <span class='ocrx_word' id='word_1_532' title='bbox 3536 3084 3693 3126; x_wconf 88' lang='lat' dir='ltr'><strong>nunc</strong></span> 
     </span>
    </p>
   </div>
   <div class='ocr_carea' id='block_1_79' title="bbox 1989 3159 3693 3230">
    <p class='ocr_par' dir='ltr' id='par_1_79' title="bbox 1989 3159 3693 3230">
     <span class='ocr_line' id='line_1_79' title="bbox 1989 3159 3693 3230; baseline 0.001 -18"><span class='ocrx_word' id='word_1_533' title='bbox 1989 3174 2113 3229; x_wconf 85' lang='lat' dir='ltr'><strong>ego,</strong></span> <span class='ocrx_word' id='word_1_534' title='bbox 2148 3159 2511 3230; x_wconf 85' lang='lat' dir='ltr'><strong>indagatione</strong></span> <span class='ocrx_word' id='word_1_535' title='bbox 2541 3159 2852 3214; x_wconf 90' lang='lat' dir='ltr'><strong>discutere.</strong></span> <span class='ocrx_word' id='word_1_536' title='bbox 2887 3159 2996 3214; x_wconf 87' lang='lat' dir='ltr'><strong>Sed</strong></span> <span class='ocrx_word' id='word_1_537' title='bbox 3030 3160 3151 3228; x_wconf 90' lang='lat' dir='ltr'><strong>ipse</strong></span> <span class='ocrx_word' id='word_1_538' title='bbox 3182 3175 3422 3214; x_wconf 91' lang='lat' dir='ltr'><strong>suorum</strong></span> <span class='ocrx_word' id='word_1_539' title='bbox 3455 3163 3693 3213; x_wconf 88' lang='lat' dir='ltr'><strong>actuum</strong></span> 
     </span>
    </p>
   </div>
   <div class='ocr_carea' id='block_1_80' title="bbox 1986 3247 3694 3320">
    <p class='ocr_par' dir='ltr' id='par_1_80' title="bbox 1986 3247 3694 3320">
     <span class='ocr_line' id='line_1_80' title="bbox 1986 3247 3694 3320; baseline 0 -18"><span class='ocrx_word' id='word_1_540' title='bbox 1986 3249 2592 3319; x_wconf 89' lang='lat' dir='ltr'><strong>conscius,personam</strong></span> <span class='ocrx_word' id='word_1_541' title='bbox 2622 3249 2690 3302; x_wconf 90' lang='lat' dir='ltr'><strong>ad</strong></span> <span class='ocrx_word' id='word_1_542' title='bbox 2709 3248 3000 3318; x_wconf 88' lang='lat' dir='ltr'><strong>judicium</strong></span> <span class='ocrx_word' id='word_1_543' title='bbox 3022 3248 3355 3320; x_wconf 89' lang='lat' dir='ltr'><strong>postposuit</strong></span> <span class='ocrx_word' id='word_1_544' title='bbox 3375 3247 3694 3302; x_wconf 91' lang='lat' dir='ltr'><strong>destinare.</strong></span> 
     </span>
    </p>
   </div>
   <div class='ocr_carea' id='block_1_81' title="bbox 1986 3336 3696 3408">
    <p class='ocr_par' dir='ltr' id='par_1_81' title="bbox 1986 3336 3696 3408">
     <span class='ocr_line' id='line_1_81' title="bbox 1986 3336 3696 3408; baseline 0 -17"><span class='ocrx_word' id='word_1_545' title='bbox 1986 3336 2662 3408; x_wconf 86' lang='lat' dir='ltr'><strong>Proindeexperientiam</strong></span> <span class='ocrx_word' id='word_1_546' title='bbox 2688 3343 2848 3391; x_wconf 87' lang='lat' dir='ltr'><strong>tuam</strong></span> <span class='ocrx_word' id='word_1_547' title='bbox 2878 3338 3176 3407; x_wconf 64' lang='lat' dir='ltr'><strong>presentis</strong></span> <span class='ocrx_word' id='word_1_548' title='bbox 3204 3336 3472 3407; x_wconf 75' lang='lat' dir='ltr'><strong>praecepti</strong></span> <span class='ocrx_word' id='word_1_549' title='bbox 3495 3340 3696 3391; x_wconf 84' lang='lat' dir='ltr'><strong>aucto-</strong></span> 
     </span>
    </p>
   </div>
   <div class='ocr_carea' id='block_1_82' title="bbox 1987 3426 3695 3500">
    <p class='ocr_par' dir='ltr' id='par_1_82' title="bbox 1987 3426 3695 3500">
     <span class='ocr_line' id='line_1_82' title="bbox 1987 3426 3695 3500; baseline -0.001 -18"><span class='ocrx_word' id='word_1_550' title='bbox 1987 3428 2154 3483; x_wconf 89' lang='lat' dir='ltr'><strong>ritate</strong></span> <span class='ocrx_word' id='word_1_551' title='bbox 2193 3428 2466 3484; x_wconf 87' lang='lat' dir='ltr'><strong>duximus</strong></span> <span class='ocrx_word' id='word_1_552' title='bbox 2509 3428 2879 3488; x_wconf 81' lang='lat' dir='ltr'><strong>fulciendam.</strong></span> <span class='ocrx_word' id='word_1_553' title='bbox 2914 3435 3207 3500; x_wconf 88' lang='lat' dir='ltr'><strong>quatenus</strong></span> <span class='ocrx_word' id='word_1_554' title='bbox 3239 3427 3587 3483; x_wconf 89' lang='lat' dir='ltr'><strong>conveniens</strong></span> <span class='ocrx_word' id='word_1_555' title='bbox 3634 3426 3695 3480; x_wconf 89' lang='lat' dir='ltr'><strong>in</strong></span> 
     </span>
    </p>
   </div>
   <div class='ocr_carea' id='block_1_83' title="bbox 1985 3517 3695 3589">
    <p class='ocr_par' dir='ltr' id='par_1_83' title="bbox 1985 3517 3695 3589">
     <span class='ocr_line' id='line_1_83' title="bbox 1985 3517 3695 3589; baseline 0 -17"><span class='ocrx_word' id='word_1_556' title='bbox 1985 3517 2254 3573; x_wconf 85' lang='lat' dir='ltr'><strong>Salonam</strong></span> <span class='ocrx_word' id='word_1_557' title='bbox 2289 3519 2572 3584; x_wconf 87' lang='lat' dir='ltr'><strong>Natalem,</strong></span> <span class='ocrx_word' id='word_1_558' title='bbox 2599 3519 2829 3574; x_wconf 84' lang='lat' dir='ltr'><strong>fratrem</strong></span> <span class='ocrx_word' id='word_1_559' title='bbox 2869 3518 3394 3589; x_wconf 85' lang='lat' dir='ltr'><strong>coepiscopumque</strong></span> <span class='ocrx_word' id='word_1_560' title='bbox 3426 3522 3695 3572; x_wconf 89' lang='lat' dir='ltr'><strong>nostrum</strong></span> 
     </span>
    </p>
   </div>
   <div class='ocr_carea' id='block_1_84' title="bbox 1986 3606 3695 3679">
    <p class='ocr_par' dir='ltr' id='par_1_84' title="bbox 1986 3606 3695 3679">
     <span class='ocr_line' id='line_1_84' title="bbox 1986 3606 3695 3679; baseline -0.001 -16"><span class='ocrx_word' id='word_1_561' title='bbox 1986 3609 2192 3664; x_wconf 88' lang='lat' dir='ltr'><strong>saltem</strong></span> <span class='ocrx_word' id='word_1_562' title='bbox 2225 3614 2311 3664; x_wconf 91' lang='lat' dir='ltr'><strong>tot</strong></span> <span class='ocrx_word' id='word_1_563' title='bbox 2341 3609 2572 3679; x_wconf 88' lang='lat' dir='ltr'><strong>scriptis</strong></span> <span class='ocrx_word' id='word_1_564' title='bbox 2604 3608 2969 3663; x_wconf 84' lang='lat' dir='ltr'><strong>admonitum</strong></span> <span class='ocrx_word' id='word_1_565' title='bbox 3003 3607 3235 3662; x_wconf 89' lang='lat' dir='ltr'><strong>studeat</strong></span> <span class='ocrx_word' id='word_1_566' title='bbox 3279 3606 3596 3670; x_wconf 89' lang='lat' dir='ltr'><strong>adhortari,</strong></span> <span class='ocrx_word' id='word_1_567' title='bbox 3631 3608 3695 3661; x_wconf 92' lang='lat' dir='ltr'><strong>ut</strong></span> 
     </span>
    </p>
   </div>
   <div class='ocr_carea' id='block_1_85' title="bbox 1986 3696 3696 3772">
    <p class='ocr_par' dir='ltr' id='par_1_85' title="bbox 1986 3696 3696 3772">
     <span class='ocr_line' id='line_1_85' title="bbox 1986 3696 3696 3772; baseline -0.003 -17"><span class='ocrx_word' id='word_1_568' title='bbox 1986 3717 2160 3772; x_wconf 89' lang='lat' dir='ltr'><strong>supra</strong></span> <span class='ocrx_word' id='word_1_569' title='bbox 2195 3705 2580 3756; x_wconf 89' lang='lat' dir='ltr'><strong>memoratum</strong></span> <span class='ocrx_word' id='word_1_570' title='bbox 2614 3699 3095 3755; x_wconf 89' lang='lat' dir='ltr'><strong>archidiaconum</strong></span> <span class='ocrx_word' id='word_1_571' title='bbox 3126 3699 3184 3752; x_wconf 90' lang='lat' dir='ltr'><strong>in</strong></span> <span class='ocrx_word' id='word_1_572' title='bbox 3217 3713 3321 3753; x_wconf 89' lang='lat' dir='ltr'><strong>suo</strong></span> <span class='ocrx_word' id='word_1_573' title='bbox 3355 3696 3547 3753; x_wconf 86' lang='lat' dir='ltr'><strong>statim</strong></span> <span class='ocrx_word' id='word_1_574' title='bbox 3571 3696 3696 3753; x_wconf 90' lang='lat' dir='ltr'><strong>loco</strong></span> 
     </span>
    </p>
   </div>
   <div class='ocr_carea' id='block_1_86' title="bbox 1987 3787 3692 3860">
    <p class='ocr_par' dir='ltr' id='par_1_86' title="bbox 1987 3787 3692 3860">
     <span class='ocr_line' id='line_1_86' title="bbox 1987 3787 3692 3860; baseline -0.002 -14"><span class='ocrx_word' id='word_1_575' title='bbox 1987 3791 2287 3860; x_wconf 85' lang='lat' dir='ltr'><strong>suscipiat.</strong></span> <span class='ocrx_word' id='word_1_576' title='bbox 2331 3791 2489 3853; x_wconf 89' lang='lat' dir='ltr'><strong>Quod</strong></span> <span class='ocrx_word' id='word_1_577' title='bbox 2519 3791 2567 3845; x_wconf 92' lang='lat' dir='ltr'><strong>si</strong></span> <span class='ocrx_word' id='word_1_578' title='bbox 2606 3789 2716 3843; x_wconf 84' lang='lat' dir='ltr'><strong>hoc</strong></span> <span class='ocrx_word' id='word_1_579' title='bbox 2767 3791 2953 3844; x_wconf 86' lang='lat' dir='ltr'><strong>facere</strong></span> <span class='ocrx_word' id='word_1_580' title='bbox 2997 3788 3095 3842; x_wconf 79' lang='lat'><strong>88</strong></span> <span class='ocrx_word' id='word_1_581' title='bbox 3151 3787 3593 3852; x_wconf 89' lang='lat' dir='ltr'><strong>contumaciter,</strong></span> <span class='ocrx_word' id='word_1_582' title='bbox 3628 3789 3692 3842; x_wconf 85' lang='lat' dir='ltr'><strong>ut</strong></span> 
     </span>
    </p>
   </div>
   <div class='ocr_carea' id='block_1_87' title="bbox 1987 3875 3694 3946">
    <p class='ocr_par' dir='ltr' id='par_1_87' title="bbox 1987 3875 3694 3946">
     <span class='ocr_line' id='line_1_87' title="bbox 1987 3875 3694 3946; baseline -0.004 -12"><span class='ocrx_word' id='word_1_583' title='bbox 1987 3880 2310 3944; x_wconf 89' lang='lat' dir='ltr'><strong>consuevit,</strong></span> <span class='ocrx_word' id='word_1_584' title='bbox 2373 3881 2514 3933; x_wconf 85' lang='lat' dir='ltr'><strong>forte</strong></span> <span class='ocrx_word' id='word_1_585' title='bbox 2562 3877 2876 3946; x_wconf 90' lang='lat' dir='ltr'><strong>distulerit,</strong></span> <span class='ocrx_word' id='word_1_586' title='bbox 2930 3893 3100 3930; x_wconf 91' lang='lat' dir='ltr'><strong>usum</strong></span> <span class='ocrx_word' id='word_1_587' title='bbox 3150 3876 3200 3929; x_wconf 91' lang='lat' dir='ltr'><strong>ei</strong></span> <span class='ocrx_word' id='word_1_588' title='bbox 3244 3875 3424 3946; x_wconf 87' lang='lat' dir='ltr'><strong>pallii,</strong></span> <span class='ocrx_word' id='word_1_589' title='bbox 3459 3876 3556 3944; x_wconf 89' lang='lat' dir='ltr'><strong>qui</strong></span> <span class='ocrx_word' id='word_1_590' title='bbox 3621 3875 3694 3929; x_wconf 88' lang='lat' dir='ltr'><strong>ab</strong></span> 
     </span>
    </p>
   </div>
   <div class='ocr_carea' id='block_1_88' title="bbox 1989 3962 3693 4032">
    <p class='ocr_par' dir='ltr' id='par_1_88' title="bbox 1989 3962 3693 4032">
     <span class='ocr_line' id='line_1_88' title="bbox 1989 3962 3693 4032; baseline -0.002 -12"><span class='ocrx_word' id='word_1_591' title='bbox 1989 3967 2093 4021; x_wconf 87' lang='lat' dir='ltr'><strong>hac</strong></span> <span class='ocrx_word' id='word_1_592' title='bbox 2125 3967 2260 4021; x_wconf 90' lang='lat' dir='ltr'><strong>sede</strong></span> <span class='ocrx_word' id='word_1_593' title='bbox 2291 3981 2604 4021; x_wconf 81' lang='lat' dir='ltr'><strong>concessus</strong></span> <span class='ocrx_word' id='word_1_594' title='bbox 2635 3970 2744 4032; x_wconf 89' lang='lat' dir='ltr'><strong>est,</strong></span> <span class='ocrx_word' id='word_1_595' title='bbox 2771 3981 2838 4019; x_wconf 83' lang='lat' dir='ltr'><strong>ex</strong></span> <span class='ocrx_word' id='word_1_596' title='bbox 2885 3963 3223 4019; x_wconf 88' lang='lat' dir='ltr'><strong>auctoritate</strong></span> <span class='ocrx_word' id='word_1_597' title='bbox 3254 3962 3406 4016; x_wconf 90' lang='lat' dir='ltr'><strong>sedis</strong></span> <span class='ocrx_word' id='word_1_598' title='bbox 3456 3965 3693 4032; x_wconf 90' lang='lat' dir='ltr'><strong>aposto-</strong></span> 
     </span>
    </p>
   </div>
   <div class='ocr_carea' id='block_1_89' title="bbox 1986 4050 3694 4122">
    <p class='ocr_par' dir='ltr' id='par_1_89' title="bbox 1986 4050 3694 4122">
     <span class='ocr_line' id='line_1_89' title="bbox 1986 4050 3694 4122; baseline -0.004 -11"><span class='ocrx_word' id='word_1_599' title='bbox 1986 4057 2111 4111; x_wconf 72' lang='lat' dir='ltr'><strong>licaa</strong></span> <span class='ocrx_word' id='word_1_600' title='bbox 2139 4056 2536 4112; x_wconf 82' lang='lat' dir='ltr'><strong>contradicito.</strong></span> <span class='ocrx_word' id='word_1_601' title='bbox 2569 4056 2748 4120; x_wconf 88' lang='lat' dir='ltr'><strong>Quem</strong></span> <span class='ocrx_word' id='word_1_602' title='bbox 2783 4053 2855 4122; x_wconf 90' lang='lat' dir='ltr'><strong>si,</strong></span> <span class='ocrx_word' id='word_1_603' title='bbox 2889 4055 3064 4108; x_wconf 87' lang='lat' dir='ltr'><strong>etiam</strong></span> <span class='ocrx_word' id='word_1_604' title='bbox 3107 4052 3326 4108; x_wconf 91' lang='lat' dir='ltr'><strong>amisso</strong></span> <span class='ocrx_word' id='word_1_605' title='bbox 3360 4051 3556 4122; x_wconf 87' lang='lat' dir='ltr'><strong>pallio,</strong></span> <span class='ocrx_word' id='word_1_606' title='bbox 3589 4050 3694 4105; x_wconf 85' lang='lat' dir='ltr'><strong>ad-</strong></span> 
     </span>
    </p>
   </div>
   <div class='ocr_carea' id='block_1_90' title="bbox 1988 4139 3691 4216">
    <p class='ocr_par' dir='ltr' id='par_1_90' title="bbox 1988 4139 3691 4216">
     <span class='ocr_line' id='line_1_90' title="bbox 1988 4139 3691 4216; baseline -0.004 -15"><span class='ocrx_word' id='word_1_607' title='bbox 1988 4147 2102 4202; x_wconf 91' lang='lat' dir='ltr'><strong>huc</strong></span> <span class='ocrx_word' id='word_1_608' title='bbox 2150 4146 2207 4200; x_wconf 91' lang='lat' dir='ltr'><strong>in</strong></span> <span class='ocrx_word' id='word_1_609' title='bbox 2263 4146 2459 4201; x_wconf 85' lang='lat' dir='ltr'><strong>eadem</strong></span> <span class='ocrx_word' id='word_1_610' title='bbox 2513 4159 2874 4216; x_wconf 85' lang='lat' dir='ltr'><strong>perseverare</strong></span> <span class='ocrx_word' id='word_1_611' title='bbox 2924 4141 3264 4213; x_wconf 87' lang='lat' dir='ltr'><strong>pertinacia,</strong></span> <span class='ocrx_word' id='word_1_612' title='bbox 3308 4139 3691 4210; x_wconf 85' lang='lat' dir='ltr'><strong>perspexeris,</strong></span> 
     </span>
    </p>
   </div>
   <div class='ocr_carea' id='block_1_91' title="bbox 1991 4231 3692 4307">
    <p class='ocr_par' dir='ltr' id='par_1_91' title="bbox 1991 4231 3692 4307">
     <span class='ocr_line' id='line_1_91' title="bbox 1991 4231 3692 4307; baseline -0.002 -17"><span class='ocrx_word' id='word_1_613' title='bbox 1991 4235 2270 4292; x_wconf 90' lang='lat' dir='ltr'><strong>Dominici</strong></span> <span class='ocrx_word' id='word_1_614' title='bbox 2305 4251 2535 4307; x_wconf 86' lang='lat' dir='ltr'><strong>quoque</strong></span> <span class='ocrx_word' id='word_1_615' title='bbox 2558 4235 2815 4305; x_wconf 90' lang='lat' dir='ltr'><strong>corporis</strong></span> <span class='ocrx_word' id='word_1_616' title='bbox 2845 4250 2909 4288; x_wconf 88' lang='lat' dir='ltr'><strong>ac</strong></span> <span class='ocrx_word' id='word_1_617' title='bbox 2942 4231 3244 4301; x_wconf 86' lang='lat' dir='ltr'><strong>sanguinis</strong></span> <span class='ocrx_word' id='word_1_618' title='bbox 3283 4232 3546 4286; x_wconf 85' lang='lat' dir='ltr'><strong>eumdem</strong></span> <span class='ocrx_word' id='word_1_619' title='bbox 3589 4247 3692 4286; x_wconf 86' lang='lat' dir='ltr'><strong>an-</strong></span> 
     </span>
    </p>
   </div>
   <div class='ocr_carea' id='block_1_92' title="bbox 1990 4321 3695 4399">
    <p class='ocr_par' dir='ltr' id='par_1_92' title="bbox 1990 4321 3695 4399">
     <span class='ocr_line' id='line_1_92' title="bbox 1990 4321 3695 4399; baseline -0.004 -15"><span class='ocrx_word' id='word_1_620' title='bbox 1990 4331 2229 4384; x_wconf 89' lang='lat' dir='ltr'><strong>tistitem</strong></span> <span class='ocrx_word' id='word_1_621' title='bbox 2264 4327 2702 4399; x_wconf 89' lang='lat' dir='ltr'><strong>participatione</strong></span> <span class='ocrx_word' id='word_1_622' title='bbox 2736 4324 3010 4397; x_wconf 83' lang='lat' dir='ltr'><strong>privabis.</strong></span> <span class='ocrx_word' id='word_1_623' title='bbox 3045 4323 3188 4378; x_wconf 86' lang='lat' dir='ltr'><strong>Eum</strong></span> <span class='ocrx_word' id='word_1_624' title='bbox 3233 4338 3387 4388; x_wconf 88' lang='lat' dir='ltr'><strong>vero,</strong></span> <span class='ocrx_word' id='word_1_625' title='bbox 3421 4321 3526 4394; x_wconf 88' lang='lat' dir='ltr'><strong>qui</strong></span> <span class='ocrx_word' id='word_1_626' title='bbox 3559 4337 3695 4377; x_wconf 88' lang='lat' dir='ltr'><strong>con-</strong></span> 
     </span>
    </p>
   </div>
   <div class='ocr_carea' id='block_1_93' title="bbox 1991 4411 3698 4488">
    <p class='ocr_par' dir='ltr' id='par_1_93' title="bbox 1991 4411 3698 4488">
     <span class='ocr_line' id='line_1_93' title="bbox 1991 4411 3698 4488; baseline -0.005 -15"><span class='ocrx_word' id='word_1_627' title='bbox 1991 4417 2344 4488; x_wconf 69' lang='lat' dir='ltr'><strong>trajustitia:</strong></span> <span class='ocrx_word' id='word_1_628' title='bbox 2374 4416 2635 4488; x_wconf 88' lang='lat' dir='ltr'><strong>regulam</strong></span> <span class='ocrx_word' id='word_1_629' title='bbox 2666 4417 2736 4470; x_wconf 90' lang='lat' dir='ltr'><strong>ad</strong></span> <span class='ocrx_word' id='word_1_630' title='bbox 2777 4415 2968 4470; x_wconf 91' lang='lat' dir='ltr'><strong>locum</strong></span> <span class='ocrx_word' id='word_1_631' title='bbox 3001 4412 3238 4468; x_wconf 85' lang='lat' dir='ltr'><strong>alterius</strong></span> <span class='ocrx_word' id='word_1_632' title='bbox 3284 4411 3520 4482; x_wconf 90' lang='lat' dir='ltr'><strong>provehi</strong></span> <span class='ocrx_word' id='word_1_633' title='bbox 3557 4427 3698 4468; x_wconf 88' lang='lat' dir='ltr'><strong>con-</strong></span> 
     </span>
    </p>
   </div>
   <div class='ocr_carea' id='block_1_94' title="bbox 166 4493 3693 4578">
    <p class='ocr_par' dir='ltr' id='par_1_94' title="bbox 166 4493 3693 4578">
     <span class='ocr_line' id='line_1_94' title="bbox 166 4493 3693 4578; baseline -0.005 -16"><span class='ocrx_word' id='word_1_634' title='bbox 166 4510 378 4578; x_wconf 67' lang='lat' dir='ltr'><strong>paniae,</strong></span> <span class='ocrx_word' id='word_1_635' title='bbox 411 4502 696 4566; x_wconf 84' lang='lat' dir='ltr'><strong>scribens,</strong></span> <span class='ocrx_word' id='word_1_636' title='bbox 729 4499 839 4554; x_wconf 88' lang='lat' dir='ltr'><strong>ait:</strong></span> <span class='ocrx_word' id='word_1_637' title='bbox 875 4520 902 4546; x_wconf 83' lang='lat'><strong>«</strong></span> <span class='ocrx_word' id='word_1_638' title='bbox 941 4498 1079 4551; x_wconf 88' lang='lat' dir='ltr'><strong>Dum</strong></span> <span class='ocrx_word' id='word_1_639' title='bbox 1111 4496 1182 4550; x_wconf 91' lang='lat' dir='ltr'><strong>de</strong></span> <span class='ocrx_word' id='word_1_640' title='bbox 1211 4494 1592 4562; x_wconf 68' lang='lat' dir='ltr'><strong>Neapolitana:</strong></span> <span class='ocrx_word' id='word_1_641' title='bbox 1633 4493 1881 4548; x_wconf 90' lang='lat' dir='ltr'><strong>civitatis</strong></span> <span class='ocrx_word' id='word_1_642' title='bbox 1914 4495 1958 4559; x_wconf 77' lang='grc' dir='ltr'>υ</span> <span class='ocrx_word' id='word_1_643' title='bbox 1990 4509 2194 4573; x_wconf 59' lang='lat' dir='ltr'><strong>sensit,</strong></span> <span class='ocrx_word' id='word_1_644' title='bbox 2239 4507 2310 4560; x_wconf 68' lang='lat' dir='ltr'><strong>ab</strong></span> <span class='ocrx_word' id='word_1_645' title='bbox 2355 4505 2614 4575; x_wconf 67' lang='lat' dir='ltr'><strong>ejusdem</strong></span> <span class='ocrx_word' id='word_1_646' title='bbox 2656 4503 3161 4559; x_wconf 56' lang='lat' dir='ltr'><strong>archidiaconum</strong></span> <span class='ocrx_word' id='word_1_647' title='bbox 3218 4501 3430 4558; x_wconf 71' lang='lat' dir='ltr'><strong>honore</strong></span> <span class='ocrx_word' id='word_1_648' title='bbox 3482 4499 3693 4570; x_wconf 71' lang='lat' dir='ltr'><strong>deponi</strong></span> 
     </span>
    </p>
   </div>
   <div class='ocr_carea' id='block_1_95' title="bbox 167 4582 1884 4664">
    <p class='ocr_par' dir='ltr' id='par_1_95' title="bbox 167 4582 1884 4664">
     <span class='ocr_line' id='line_1_95' title="bbox 167 4582 1884 4664; baseline -0.016 -11"><span class='ocrx_word' id='word_1_649' title='bbox 167 4616 330 4664; x_wconf 87' lang='lat' dir='ltr'><strong>cura,</strong></span> <span class='ocrx_word' id='word_1_650' title='bbox 368 4595 666 4649; x_wconf 64' lang='lat' dir='ltr'><strong>destitutas</strong></span> <span class='ocrx_word' id='word_1_651' title='bbox 699 4588 1018 4646; x_wconf 86' lang='lat' dir='ltr'><strong>sacerdotis</strong></span> <span class='ocrx_word' id='word_1_652' title='bbox 1047 4585 1277 4651; x_wconf 88' lang='lat' dir='ltr'><strong>solatio,</strong></span> <span class='ocrx_word' id='word_1_653' title='bbox 1326 4582 1732 4642; x_wconf 88' lang='lat' dir='ltr'><strong>vehementius</strong></span> <span class='ocrx_word' id='word_1_654' title='bbox 1781 4599 1884 4638; x_wconf 91' lang='lat' dir='ltr'><strong>an.</strong></span> 
     </span>
    </p>
   </div>
   <div class='ocr_carea' id='block_1_96' title="bbox 169 4675 1883 4761">
    <p class='ocr_par' dir='ltr' id='par_1_96' title="bbox 169 4675 1883 4761">
     <span class='ocr_line' id='line_1_96' title="bbox 169 4675 1883 4761; baseline -0.01 -17"><span class='ocrx_word' id='word_1_655' title='bbox 169 4703 464 4761; x_wconf 85' lang='lat' dir='ltr'><strong>geremur,</strong></span> <span class='ocrx_word' id='word_1_656' title='bbox 524 4680 1004 4754; x_wconf 89' lang='lat' dir='ltr'><strong>supervenientes</strong></span> <span class='ocrx_word' id='word_1_657' title='bbox 1067 4675 1435 4748; x_wconf 66' lang='lat' dir='ltr'><strong>praesentium</strong></span> <span class='ocrx_word' id='word_1_658' title='bbox 1499 4675 1704 4728; x_wconf 86' lang='lat' dir='ltr'><strong>latores</strong></span> <span class='ocrx_word' id='word_1_659' title='bbox 1748 4688 1883 4727; x_wconf 91' lang='lat' dir='ltr'><strong>cum</strong></span> 
     </span>
    </p>
   </div>
   <div class='ocr_carea' id='block_1_97' title="bbox 172 4761 1883 4830">
    <p class='ocr_par' dir='ltr' id='par_1_97' title="bbox 172 4761 1883 4830">
     <span class='ocr_line' id='line_1_97' title="bbox 172 4761 1883 4830; baseline -0.009 0"><span class='ocrx_word' id='word_1_660' title='bbox 172 4777 404 4830; x_wconf 79' lang='lat' dir='ltr'><strong>decreto</strong></span> <span class='ocrx_word' id='word_1_661' title='bbox 422 4773 482 4825; x_wconf 90' lang='lat' dir='ltr'><strong>in</strong></span> <span class='ocrx_word' id='word_1_662' title='bbox 504 4768 862 4824; x_wconf 84' lang='lat' dir='ltr'><strong>Florentium</strong></span> <span class='ocrx_word' id='word_1_663' title='bbox 879 4764 1298 4821; x_wconf 89' lang='lat' dir='ltr'><strong>subdiaconum</strong></span> <span class='ocrx_word' id='word_1_664' title='bbox 1320 4766 1584 4816; x_wconf 89' lang='lat' dir='ltr'><strong>nostrum</strong></span> <span class='ocrx_word' id='word_1_665' title='bbox 1601 4761 1883 4826; x_wconf 80' lang='lat' dir='ltr'><strong>confecto,</strong></span> 
     </span>
    </p>
   </div>
   <div class='ocr_carea' id='block_1_98' title="bbox 173 4849 1878 4934">
    <p class='ocr_par' dir='ltr' id='par_1_98' title="bbox 173 4849 1878 4934">
     <span class='ocr_line' id='line_1_98' title="bbox 173 4849 1878 4934; baseline -0.01 -15"><span class='ocrx_word' id='word_1_666' title='bbox 173 4861 398 4934; x_wconf 79' lang='lat' dir='ltr'><strong>aliquid</strong></span> <span class='ocrx_word' id='word_1_667' title='bbox 427 4858 603 4914; x_wconf 87' lang='lat' dir='ltr'><strong>nobis</strong></span> <span class='ocrx_word' id='word_1_668' title='bbox 631 4857 690 4910; x_wconf 88' lang='lat' dir='ltr'><strong>in</strong></span> <span class='ocrx_word' id='word_1_669' title='bbox 724 4861 887 4911; x_wconf 87' lang='lat' dir='ltr'><strong>tanto</strong></span> <span class='ocrx_word' id='word_1_670' title='bbox 941 4851 1310 4924; x_wconf 88' lang='lat' dir='ltr'><strong>cogitationis</strong></span> <span class='ocrx_word' id='word_1_671' title='bbox 1370 4849 1620 4919; x_wconf 88' lang='lat' dir='ltr'><strong>pondere</strong></span> <span class='ocrx_word' id='word_1_672' title='bbox 1664 4849 1878 4904; x_wconf 87' lang='lat' dir='ltr'><strong>releva-</strong></span> 
     </span>
    </p>
   </div>
   <div class='ocr_carea' id='block_1_99' title="bbox 172 4937 1882 5010">
    <p class='ocr_par' dir='ltr' id='par_1_99' title="bbox 172 4937 1882 5010">
     <span class='ocr_line' id='line_1_99' title="bbox 172 4937 1882 5010; baseline -0.009 -3"><span class='ocrx_word' id='word_1_673' title='bbox 172 4953 349 5007; x_wconf 84' lang='lat' dir='ltr'><strong>tionis</strong></span> <span class='ocrx_word' id='word_1_674' title='bbox 408 4949 780 5002; x_wconf 87' lang='lat' dir='ltr'><strong>invenerant:</strong></span> <span class='ocrx_word' id='word_1_675' title='bbox 835 4943 935 4999; x_wconf 87' lang='lat' dir='ltr'><strong>sed</strong></span> <span class='ocrx_word' id='word_1_676' title='bbox 989 4941 1126 4996; x_wconf 90' lang='lat' dir='ltr'><strong>dum</strong></span> <span class='ocrx_word' id='word_1_677' title='bbox 1170 4941 1443 5010; x_wconf 61' lang='lat' dir='ltr'><strong>praefatus</strong></span> <span class='ocrx_word' id='word_1_678' title='bbox 1491 4937 1882 4993; x_wconf 88' lang='lat' dir='ltr'><strong>subdiaconus</strong></span> 
     </span>
    </p>
   </div>
   <div class='ocr_carea' id='block_1_100' title="bbox 177 5026 1879 5108">
    <p class='ocr_par' dir='ltr' id='par_1_100' title="bbox 177 5026 1879 5108">
     <span class='ocr_line' id='line_1_100' title="bbox 177 5026 1879 5108; baseline -0.008 -14"><span class='ocrx_word' id='word_1_679' title='bbox 177 5049 368 5093; x_wconf 86' lang='lat' dir='ltr'><strong>noster</strong></span> <span class='ocrx_word' id='word_1_680' title='bbox 387 5035 686 5108; x_wconf 83' lang='lat' dir='ltr'><strong>refugiens</strong></span> <span class='ocrx_word' id='word_1_681' title='bbox 708 5033 999 5087; x_wconf 88' lang='lat' dir='ltr'><strong>civitatem</strong></span> <span class='ocrx_word' id='word_1_682' title='bbox 1025 5030 1238 5101; x_wconf 86' lang='lat' dir='ltr'><strong>ipsam,</strong></span> <span class='ocrx_word' id='word_1_683' title='bbox 1262 5026 1684 5083; x_wconf 88' lang='lat' dir='ltr'><strong>ordinationem</strong></span> <span class='ocrx_word' id='word_1_684' title='bbox 1709 5042 1879 5081; x_wconf 89' lang='lat' dir='ltr'><strong>suam</strong></span> 
     </span>
    </p>
   </div>
   <div class='ocr_carea' id='block_1_101' title="bbox 179 5114 1881 5196">
    <p class='ocr_par' dir='ltr' id='par_1_101' title="bbox 179 5114 1881 5196">
     <span class='ocr_line' id='line_1_101' title="bbox 179 5114 1881 5196; baseline -0.006 -14"><span class='ocrx_word' id='word_1_685' title='bbox 179 5125 627 5196; x_wconf 80' lang='lat' dir='ltr'><strong>lacrymabiliter</strong></span> <span class='ocrx_word' id='word_1_686' title='bbox 672 5122 998 5177; x_wconf 89' lang='lat' dir='ltr'><strong>evitasset:</strong></span> <span class='ocrx_word' id='word_1_687' title='bbox 1043 5118 1206 5189; x_wconf 88' lang='lat' dir='ltr'><strong>quasi</strong></span> <span class='ocrx_word' id='word_1_688' title='bbox 1266 5132 1333 5171; x_wconf 83' lang='lat' dir='ltr'><strong>ex</strong></span> <span class='ocrx_word' id='word_1_689' title='bbox 1382 5114 1588 5184; x_wconf 88' lang='lat' dir='ltr'><strong>majori</strong></span> <span class='ocrx_word' id='word_1_690' title='bbox 1642 5117 1881 5186; x_wconf 86' lang='lat' dir='ltr'><strong>quadam</strong></span> 
     </span>
    </p>
   </div>
   <div class='ocr_carea' id='block_1_102' title="bbox 179 5203 1882 5287">
    <p class='ocr_par' dir='ltr' id='par_1_102' title="bbox 179 5203 1882 5287">
     <span class='ocr_line' id='line_1_102' title="bbox 179 5203 1882 5287; baseline -0.007 -17"><span class='ocrx_word' id='word_1_691' title='bbox 179 5214 604 5287; x_wconf 84' lang='lat' dir='ltr'><strong>desperatione,</strong></span> <span class='ocrx_word' id='word_1_692' title='bbox 657 5214 913 5267; x_wconf 88' lang='lat' dir='ltr'><strong>nostram</strong></span> <span class='ocrx_word' id='word_1_693' title='bbox 971 5206 1321 5279; x_wconf 89' lang='lat' dir='ltr'><strong>cognoscite,</strong></span> <span class='ocrx_word' id='word_1_694' title='bbox 1366 5203 1617 5260; x_wconf 87' lang='lat' dir='ltr'><strong>crevisse</strong></span> <span class='ocrx_word' id='word_1_695' title='bbox 1666 5203 1882 5260; x_wconf 83' lang='lat' dir='ltr'><strong>moesti-</strong></span> 
     </span>
    </p>
   </div>
   <div class='ocr_carea' id='block_1_103' title="bbox 245 5427 1879 5516">
    <p class='ocr_par' dir='ltr' id='par_1_103' title="bbox 245 5427 1879 5516">
     <span class='ocr_line' id='line_1_103' title="bbox 245 5427 1879 5516; baseline -0.012 -16"><span class='ocrx_word' id='word_1_696' title='bbox 245 5450 318 5516; x_wconf 83' lang='grc' dir='ltr'><strong>(α)</strong></span> <span class='ocrx_word' id='word_1_697' title='bbox 353 5447 517 5502; x_wconf 86' lang='lat' dir='ltr'><strong>Hunc</strong></span> <span class='ocrx_word' id='word_1_698' title='bbox 547 5445 604 5498; x_wconf 90' lang='lat' dir='ltr'><strong>in</strong></span> <span class='ocrx_word' id='word_1_699' title='bbox 628 5443 818 5516; x_wconf 82' lang='lat' dir='ltr'><strong>locum</strong></span> <span class='ocrx_word' id='word_1_700' title='bbox 843 5454 1092 5496; x_wconf 88' lang='lat' dir='ltr'><strong>errorem</strong></span> <span class='ocrx_word' id='word_1_701' title='bbox 1125 5427 1879 5516; x_wconf 36' lang='lat' dir='ltr'><strong>irrepsisse&#39;nonﬂimrr‘nerito</strong></span> 
     </span>
    </p>
   </div>
   <div class='ocr_carea' id='block_1_104' title="bbox 179 5502 1878 5583">
    <p class='ocr_par' dir='ltr' id='par_1_104' title="bbox 179 5502 1878 5583">
     <span class='ocr_line' id='line_1_104' title="bbox 179 5502 1878 5583; baseline -0.012 -10"><span class='ocrx_word' id='word_1_702' title='bbox 179 5502 491 5575; x_wconf 69' lang='lat' dir='ltr'><strong>arbitratur</strong></span> <span class='ocrx_word' id='word_1_703' title='bbox 539 5514 884 5577; x_wconf 87' lang='lat' dir='ltr'><strong>Bollandus;</strong></span> <span class='ocrx_word' id='word_1_704' title='bbox 917 5525 1106 5583; x_wconf 88' lang='lat' dir='ltr'><strong>neque</strong></span> <span class='ocrx_word' id='word_1_705' title='bbox 1144 5502 1295 5583; x_wconf 84' lang='lat' dir='ltr'><strong>enim</strong></span> <span class='ocrx_word' id='word_1_706' title='bbox 1328 5507 1542 5576; x_wconf 90' lang='lat' dir='ltr'><strong>legitur</strong></span> <span class='ocrx_word' id='word_1_707' title='bbox 1559 5508 1616 5558; x_wconf 88' lang='lat' dir='ltr'><strong>S.</strong></span> <span class='ocrx_word' id='word_1_708' title='bbox 1661 5502 1878 5570; x_wconf 90' lang='lat' dir='ltr'><strong>Grego-</strong></span> 
     </span>
    </p>
   </div>
   <div class='ocr_carea' id='block_1_105' title="bbox 181 5579 1875 5659">
    <p class='ocr_par' dir='ltr' id='par_1_105' title="bbox 181 5579 1875 5659">
     <span class='ocr_line' id='line_1_105' title="bbox 181 5579 1875 5659; baseline -0.011 -15"><span class='ocrx_word' id='word_1_709' title='bbox 181 5593 325 5646; x_wconf 85' lang='lat' dir='ltr'><strong>rium</strong></span> <span class='ocrx_word' id='word_1_710' title='bbox 359 5579 1088 5659; x_wconf 74' lang='lat' dir='ltr'><strong>aliquandoTricassinum</strong></span> <span class='ocrx_word' id='word_1_711' title='bbox 1113 5579 1451 5659; x_wconf 81' lang='lat' dir='ltr'><strong>episcopum</strong></span> <span class='ocrx_word' id='word_1_712' title='bbox 1483 5587 1875 5658; x_wconf 77' lang='lat' dir='ltr'><strong>consecrasse,</strong></span> 
     </span>
    </p>
   </div>
   <div class='ocr_carea' id='block_1_106' title="bbox 183 5652 1878 5722">
    <p class='ocr_par' dir='ltr' id='par_1_106' title="bbox 183 5652 1878 5722">
     <span class='ocr_line' id='line_1_106' title="bbox 183 5652 1878 5722; baseline -0.012 -5"><span class='ocrx_word' id='word_1_713' title='bbox 183 5670 270 5717; x_wconf 85' lang='lat' dir='ltr'><strong>aut</strong></span> <span class='ocrx_word' id='word_1_714' title='bbox 302 5669 442 5718; x_wconf 89' lang='lat' dir='ltr'><strong>tunc</strong></span> <span class='ocrx_word' id='word_1_715' title='bbox 463 5652 531 5714; x_wconf 51' lang='lat' dir='ltr'><strong>&#39;in</strong></span> <span class='ocrx_word' id='word_1_716' title='bbox 566 5675 633 5715; x_wconf 90' lang='lat' dir='ltr'><strong>ea</strong></span> <span class='ocrx_word' id='word_1_717' title='bbox 665 5655 1112 5712; x_wconf 83' lang='lat' dir='ltr'><strong>Ecclesiat‘uisse</strong></span> <span class='ocrx_word' id='word_1_718' title='bbox 1135 5652 1390 5722; x_wconf 88' lang='lat' dir='ltr'><strong>aliquem</strong></span> <span class='ocrx_word' id='word_1_719' title='bbox 1413 5652 1747 5722; x_wconf 84' lang='lat' dir='ltr'><strong>episcopum</strong></span> <span class='ocrx_word' id='word_1_720' title='bbox 1781 5659 1878 5698; x_wconf 87' lang='lat' dir='ltr'><strong>no-</strong></span> 
     </span>
    </p>
   </div>
   <div class='ocr_carea' id='block_1_107' title="bbox 187 5719 1876 5797">
    <p class='ocr_par' dir='ltr' id='par_1_107' title="bbox 187 5719 1876 5797">
     <span class='ocr_line' id='line_1_107' title="bbox 187 5719 1876 5797; baseline -0.011 -8"><span class='ocrx_word' id='word_1_721' title='bbox 187 5737 331 5791; x_wconf 85' lang='lat' dir='ltr'><strong>mine</strong></span> <span class='ocrx_word' id='word_1_722' title='bbox 375 5736 628 5791; x_wconf 88' lang='lat' dir='ltr'><strong>Petrum.</strong></span> <span class='ocrx_word' id='word_1_723' title='bbox 709 5730 918 5787; x_wconf 85' lang='lat' dir='ltr'><strong>Verum</strong></span> <span class='ocrx_word' id='word_1_724' title='bbox 973 5719 1714 5797; x_wconf 36' lang='lat' dir='ltr'><strong>suspicio—intelligendum</strong></span> <span class='ocrx_word' id='word_1_725' title='bbox 1745 5729 1876 5772; x_wconf 86' lang='lat' dir='ltr'><strong>esse</strong></span> 
     </span>
    </p>
   </div>
   <div class='ocr_carea' id='block_1_108' title="bbox 1996 4589 3696 4668">
    <p class='ocr_par' dir='ltr' id='par_1_108' title="bbox 1996 4589 3696 4668">
     <span class='ocr_line' id='line_1_108' title="bbox 1996 4589 3696 4668; baseline -0.004 -18"><span class='ocrx_word' id='word_1_726' title='bbox 1996 4596 2395 4668; x_wconf 64' lang='lat' dir='ltr'><strong>precipimus:</strong></span> <span class='ocrx_word' id='word_1_727' title='bbox 2427 4611 2627 4666; x_wconf 91' lang='lat' dir='ltr'><strong>quem,</strong></span> <span class='ocrx_word' id='word_1_728' title='bbox 2660 4594 2706 4648; x_wconf 90' lang='lat' dir='ltr'><strong>si</strong></span> <span class='ocrx_word' id='word_1_729' title='bbox 2739 4593 2983 4648; x_wconf 88' lang='lat' dir='ltr'><strong>ulterius</strong></span> <span class='ocrx_word' id='word_1_730' title='bbox 3013 4593 3074 4647; x_wconf 91' lang='lat' dir='ltr'><strong>in</strong></span> <span class='ocrx_word' id='word_1_731' title='bbox 3109 4591 3231 4646; x_wconf 93' lang='lat' dir='ltr'><strong>loco</strong></span> <span class='ocrx_word' id='word_1_732' title='bbox 3263 4591 3460 4646; x_wconf 88' lang='lat' dir='ltr'><strong>eodem</strong></span> <span class='ocrx_word' id='word_1_733' title='bbox 3494 4589 3696 4645; x_wconf 90' lang='lat' dir='ltr'><strong>minis-</strong></span> 
     </span>
    </p>
   </div>
   <div class='ocr_carea' id='block_1_109' title="bbox 1993 4679 3696 4757">
    <p class='ocr_par' dir='ltr' id='par_1_109' title="bbox 1993 4679 3696 4757">
     <span class='ocr_line' id='line_1_109' title="bbox 1993 4679 3696 4757; baseline -0.004 -17"><span class='ocrx_word' id='word_1_734' title='bbox 1993 4692 2141 4741; x_wconf 85' lang='lat' dir='ltr'><strong>trare</strong></span> <span class='ocrx_word' id='word_1_735' title='bbox 2174 4689 2630 4757; x_wconf 71' lang='lat' dir='ltr'><strong>praesumpserit,</strong></span> <span class='ocrx_word' id='word_1_736' title='bbox 2655 4681 3086 4740; x_wconf 90' lang='lat' dir='ltr'><strong>communionis</strong></span> <span class='ocrx_word' id='word_1_737' title='bbox 3109 4698 3285 4736; x_wconf 66' lang='lat' dir='ltr'><strong>sacra</strong></span> <span class='ocrx_word' id='word_1_738' title='bbox 3308 4679 3696 4752; x_wconf 88' lang='lat' dir='ltr'><strong>participatio-</strong></span> 
     </span>
    </p>
   </div>
   <div class='ocr_carea' id='block_1_110' title="bbox 1994 4767 3692 4848">
    <p class='ocr_par' dir='ltr' id='par_1_110' title="bbox 1994 4767 3692 4848">
     <span class='ocr_line' id='line_1_110' title="bbox 1994 4767 3692 4848; baseline -0.006 -17"><span class='ocrx_word' id='word_1_739' title='bbox 1994 4792 2064 4832; x_wconf 91' lang='lat' dir='ltr'><strong>ne</strong></span> <span class='ocrx_word' id='word_1_740' title='bbox 2087 4776 2397 4848; x_wconf 89' lang='lat' dir='ltr'><strong>privamus.</strong></span> <span class='ocrx_word' id='word_1_741' title='bbox 2429 4774 2676 4843; x_wconf 69' lang='lat' dir='ltr'><strong>Equum</strong></span> <span class='ocrx_word' id='word_1_742' title='bbox 2706 4773 2860 4827; x_wconf 90' lang='lat' dir='ltr'><strong>enim</strong></span> <span class='ocrx_word' id='word_1_743' title='bbox 2893 4775 2982 4828; x_wconf 87' lang='lat' dir='ltr'><strong>est</strong></span> <span class='ocrx_word' id='word_1_744' title='bbox 3011 4776 3075 4825; x_wconf 90' lang='lat' dir='ltr'><strong>ut</strong></span> <span class='ocrx_word' id='word_1_745' title='bbox 3105 4786 3341 4841; x_wconf 90' lang='lat' dir='ltr'><strong>asperos</strong></span> <span class='ocrx_word' id='word_1_746' title='bbox 3381 4767 3692 4838; x_wconf 84' lang='lat' dir='ltr'><strong>dejustitia</strong></span> 
     </span>
    </p>
   </div>
   <div class='ocr_carea' id='block_1_111' title="bbox 1991 4855 3689 4936">
    <p class='ocr_par' dir='ltr' id='par_1_111' title="bbox 1991 4855 3689 4936">
     <span class='ocr_line' id='line_1_111' title="bbox 1991 4855 3689 4936; baseline -0.006 -13"><span class='ocrx_word' id='word_1_747' title='bbox 1991 4865 2218 4934; x_wconf 87' lang='lat' dir='ltr'><strong>sentiat,</strong></span> <span class='ocrx_word' id='word_1_748' title='bbox 2253 4881 2400 4935; x_wconf 88' lang='lat' dir='ltr'><strong>quos</strong></span> <span class='ocrx_word' id='word_1_749' title='bbox 2448 4881 2581 4936; x_wconf 84' lang='lat' dir='ltr'><strong>erga</strong></span> <span class='ocrx_word' id='word_1_750' title='bbox 2612 4880 2672 4918; x_wconf 90' lang='lat' dir='ltr'><strong>se</strong></span> <span class='ocrx_word' id='word_1_751' title='bbox 2705 4862 2916 4934; x_wconf 85' lang='lat' dir='ltr'><strong>positos</strong></span> <span class='ocrx_word' id='word_1_752' title='bbox 2968 4861 3027 4914; x_wconf 91' lang='lat' dir='ltr'><strong>in</strong></span> <span class='ocrx_word' id='word_1_753' title='bbox 3060 4861 3298 4915; x_wconf 87' lang='lat' dir='ltr'><strong>caritate</strong></span> <span class='ocrx_word' id='word_1_754' title='bbox 3346 4855 3689 4914; x_wconf 87' lang='lat' dir='ltr'><strong>contemnit.</strong></span> 
     </span>
    </p>
   </div>
   <div class='ocr_carea' id='block_1_112' title="bbox 1989 4946 3687 5026">
    <p class='ocr_par' dir='ltr' id='par_1_112' title="bbox 1989 4946 3687 5026">
     <span class='ocr_line' id='line_1_112' title="bbox 1989 4946 3687 5026; baseline -0.008 -13"><span class='ocrx_word' id='word_1_755' title='bbox 1989 4956 2271 5013; x_wconf 84' lang='lat' dir='ltr'><strong>Restituto</strong></span> <span class='ocrx_word' id='word_1_756' title='bbox 2311 4971 2446 5026; x_wconf 90' lang='lat' dir='ltr'><strong>ergo</strong></span> <span class='ocrx_word' id='word_1_757' title='bbox 2519 4954 2645 5011; x_wconf 90' lang='lat' dir='ltr'><strong>loco</strong></span> <span class='ocrx_word' id='word_1_758' title='bbox 2704 4969 2810 5008; x_wconf 92' lang='lat' dir='ltr'><strong>suo</strong></span> <span class='ocrx_word' id='word_1_759' title='bbox 2886 4951 3172 5007; x_wconf 88' lang='lat' dir='ltr'><strong>Honorato</strong></span> <span class='ocrx_word' id='word_1_760' title='bbox 3255 4946 3687 5011; x_wconf 87' lang='lat' dir='ltr'><strong>archidiacono,</strong></span> 
     </span>
    </p>
   </div>
   <div class='ocr_carea' id='block_1_113' title="bbox 1991 5035 3689 5115">
    <p class='ocr_par' dir='ltr' id='par_1_113' title="bbox 1991 5035 3689 5115">
     <span class='ocr_line' id='line_1_113' title="bbox 1991 5035 3689 5115; baseline -0.008 -13"><span class='ocrx_word' id='word_1_761' title='bbox 1991 5049 2336 5102; x_wconf 87' lang='lat' dir='ltr'><strong>instructam</strong></span> <span class='ocrx_word' id='word_1_762' title='bbox 2362 5060 2670 5115; x_wconf 90' lang='lat' dir='ltr'><strong>personam</strong></span> <span class='ocrx_word' id='word_1_763' title='bbox 2705 5041 3069 5113; x_wconf 87' lang='lat' dir='ltr'><strong>supradictus</strong></span> <span class='ocrx_word' id='word_1_764' title='bbox 3123 5035 3386 5100; x_wconf 88' lang='lat' dir='ltr'><strong>antistes,</strong></span> <span class='ocrx_word' id='word_1_765' title='bbox 3420 5039 3476 5090; x_wconf 89' lang='lat' dir='ltr'><strong>te</strong></span> <span class='ocrx_word' id='word_1_766' title='bbox 3524 5049 3689 5089; x_wconf 85' lang='lat' dir='ltr'><strong>com-</strong></span> 
     </span>
    </p>
   </div>
   <div class='ocr_carea' id='block_1_114' title="bbox 1991 5122 3690 5210">
    <p class='ocr_par' dir='ltr' id='par_1_114' title="bbox 1991 5122 3690 5210">
     <span class='ocr_line' id='line_1_114' title="bbox 1991 5122 3690 5210; baseline -0.006 -20"><span class='ocrx_word' id='word_1_767' title='bbox 1991 5135 2261 5210; x_wconf 83' lang='lat' dir='ltr'><strong>pellente,</strong></span> <span class='ocrx_word' id='word_1_768' title='bbox 2286 5134 2516 5207; x_wconf 86' lang='lat' dir='ltr'><strong>dirigat,</strong></span> <span class='ocrx_word' id='word_1_769' title='bbox 2540 5150 2670 5205; x_wconf 86' lang='lat' dir='ltr'><strong>quas</strong></span> <span class='ocrx_word' id='word_1_770' title='bbox 2693 5131 3074 5186; x_wconf 89' lang='lat' dir='ltr'><strong>intentionem</strong></span> <span class='ocrx_word' id='word_1_771' title='bbox 3096 5126 3223 5196; x_wconf 88' lang='lat' dir='ltr'><strong>ejus</strong></span> <span class='ocrx_word' id='word_1_772' title='bbox 3245 5140 3373 5179; x_wconf 89' lang='lat' dir='ltr'><strong>esse</strong></span> <span class='ocrx_word' id='word_1_773' title='bbox 3391 5122 3480 5179; x_wconf 88' lang='lat' dir='ltr'><strong>vel</strong></span> <span class='ocrx_word' id='word_1_774' title='bbox 3505 5122 3690 5179; x_wconf 83' lang='lat' dir='ltr'><strong>fuisse</strong></span> 
     </span>
    </p>
   </div>
   <div class='ocr_carea' id='block_1_115' title="bbox 1986 5213 3691 5299">
    <p class='ocr_par' dir='ltr' id='par_1_115' title="bbox 1986 5213 3691 5299">
     <span class='ocr_line' id='line_1_115' title="bbox 1986 5213 3691 5299; baseline -0.006 -18"><span class='ocrx_word' id='word_1_775' title='bbox 1986 5229 2202 5299; x_wconf 86' lang='lat' dir='ltr'><strong>justam</strong></span> <span class='ocrx_word' id='word_1_776' title='bbox 2230 5225 2354 5282; x_wconf 89' lang='lat' dir='ltr'><strong>suis</strong></span> <span class='ocrx_word' id='word_1_777' title='bbox 2385 5224 2528 5280; x_wconf 85' lang='lat' dir='ltr'><strong>mihi</strong></span> <span class='ocrx_word' id='word_1_778' title='bbox 2561 5219 3006 5293; x_wconf 87' lang='lat' dir='ltr'><strong>allegationibus</strong></span> <span class='ocrx_word' id='word_1_779' title='bbox 3024 5215 3212 5288; x_wconf 91' lang='lat' dir='ltr'><strong>possit</strong></span> <span class='ocrx_word' id='word_1_780' title='bbox 3229 5215 3554 5270; x_wconf 89' lang='lat' dir='ltr'><strong>ostendere.</strong></span> <span class='ocrx_word' id='word_1_781' title='bbox 3579 5213 3691 5270; x_wconf 91' lang='lat' dir='ltr'><strong>Sed</strong></span> 
     </span>
    </p>
   </div>
   <div class='ocr_carea' id='block_1_116' title="bbox 1986 5385 3695 5482">
    <p class='ocr_par' dir='ltr' id='par_1_116' title="bbox 1986 5385 3695 5482">
     <span class='ocr_line' id='line_1_116' title="bbox 1986 5385 3695 5482; baseline -0.011 0"><span class='ocrx_word' id='word_1_782' title='bbox 1986 5427 2219 5482; x_wconf 90' lang='lat' dir='ltr'><strong>Petrum</strong></span> <span class='ocrx_word' id='word_1_783' title='bbox 2243 5420 2666 5479; x_wconf 84' lang='lat' dir='ltr'><strong>Trecaiitanum</strong></span> <span class='ocrx_word' id='word_1_784' title='bbox 2698 5385 3033 5482; x_wconf 85' lang='lat' dir='ltr'><strong>episcopum</strong></span> <span class='ocrx_word' id='word_1_785' title='bbox 3067 5410 3125 5466; x_wconf 92' lang='lat' dir='ltr'><strong>in</strong></span> <span class='ocrx_word' id='word_1_786' title='bbox 3171 5406 3384 5482; x_wconf 83' lang='lat' dir='ltr'><strong>Sicilia,</strong></span> <span class='ocrx_word' id='word_1_787' title='bbox 3417 5408 3695 5482; x_wconf 18' lang='lat' dir='ltr'><strong>adgquem</strong></span> 
     </span>
    </p>
   </div>
   <div class='ocr_carea' id='block_1_117' title="bbox 1987 5480 3696 5565">
    <p class='ocr_par' dir='ltr' id='par_1_117' title="bbox 1987 5480 3696 5565">
     <span class='ocr_line' id='line_1_117' title="bbox 1987 5480 3696 5565; baseline -0.011 -12"><span class='ocrx_word' id='word_1_788' title='bbox 1987 5480 2171 5553; x_wconf 74' lang='lat' dir='ltr'><strong>exstat</strong></span> <span class='ocrx_word' id='word_1_789' title='bbox 2199 5511 2290 5565; x_wconf 89' lang='lat' dir='ltr'><strong>ep.</strong></span> <span class='ocrx_word' id='word_1_790' title='bbox 2328 5493 2392 5546; x_wconf 80' lang='grc'>12</span> <span class='ocrx_word' id='word_1_791' title='bbox 2436 5493 2512 5565; x_wconf 88' lang='lat' dir='ltr'><strong>ib.</strong></span> <span class='ocrx_word' id='word_1_792' title='bbox 2548 5506 2600 5542; x_wconf 91' lang='lat' dir='ltr'><strong>v.</strong></span> <span class='ocrx_word' id='word_1_793' title='bbox 2627 5489 2687 5542; x_wconf 86' lang='lat' dir='ltr'><strong>In</strong></span> <span class='ocrx_word' id='word_1_794' title='bbox 2723 5480 2930 5565; x_wconf 68' lang='lat' dir='ltr'><strong>codice</strong></span> <span class='ocrx_word' id='word_1_795' title='bbox 2971 5483 3195 5564; x_wconf 82' lang='lat' dir='ltr'><strong>Gemet.</strong></span> <span class='ocrx_word' id='word_1_796' title='bbox 3229 5480 3696 5565; x_wconf 40' lang='lat' dir='ltr'><strong>legitur-Tremo:</strong></span> 
     </span>
    </p>
   </div>
   <div class='ocr_carea' id='block_1_118' title="bbox 1985 5550 3697 5638">
    <p class='ocr_par' dir='ltr' id='par_1_118' title="bbox 1985 5550 3697 5638">
     <span class='ocr_line' id='line_1_118' title="bbox 1985 5550 3697 5638; baseline -0.011 -13"><span class='ocrx_word' id='word_1_797' title='bbox 1985 5550 2105 5625; x_wconf 61' lang='lat' dir='ltr'><strong>ii&#39;n&#39;o</strong></span> <span class='ocrx_word' id='word_1_798' title='bbox 2137 5550 2251 5638; x_wconf 52' lang='lat' dir='ltr'><strong>pro&#39;</strong></span> <span class='ocrx_word' id='word_1_799' title='bbox 2287 5564 2642 5638; x_wconf 70' lang='lat' dir='ltr'><strong>Trecalz‘tano,</strong></span> <span class='ocrx_word' id='word_1_800' title='bbox 2675 5562 2740 5613; x_wconf 91' lang='lat' dir='ltr'><strong>ut</strong></span> <span class='ocrx_word' id='word_1_801' title='bbox 2795 5555 3224 5612; x_wconf 87' lang='lat' dir='ltr'><strong>observavimus</strong></span> <span class='ocrx_word' id='word_1_802' title='bbox 3273 5550 3333 5606; x_wconf 89' lang='lat' dir='ltr'><strong>in</strong></span> <span class='ocrx_word' id='word_1_803' title='bbox 3366 5556 3503 5608; x_wconf 85' lang='lat' dir='ltr'><strong>nota</strong></span> <span class='ocrx_word' id='word_1_804' title='bbox 3531 5568 3563 5607; x_wconf 91' lang='lat' dir='ltr'><strong>a</strong></span> <span class='ocrx_word' id='word_1_805' title='bbox 3623 5550 3697 5607; x_wconf 90' lang='lat' dir='ltr'><strong>ad</strong></span> 
     </span>
    </p>
   </div>
   <div class='ocr_carea' id='block_1_119' title="bbox 1986 5637 3322 5709">
    <p class='ocr_par' dir='ltr' id='par_1_119' title="bbox 1986 5637 3322 5709">
     <span class='ocr_line' id='line_1_119' title="bbox 1986 5637 3322 5709; baseline 0.001 -13"><span class='ocrx_word' id='word_1_806' title='bbox 1986 5637 2492 5709; x_wconf 24' lang='lat' dir='ltr'><strong>hanc’epistolam.</strong></span> <span class='ocrx_word' id='word_1_807' title='bbox 2555 5704 2588 5709; x_wconf 91' lang='lat'><em>_</em></span> <span class='ocrx_word' id='word_1_808' title='bbox 2667 5702 2677 5709; x_wconf 32' lang='grc' dir='ltr'>ι</span> <span class='ocrx_word' id='word_1_809' title='bbox 2785 5706 2793 5709; x_wconf 88' lang='lat'><em>_</em></span> <span class='ocrx_word' id='word_1_810' title='bbox 3046 5700 3101 5709; x_wconf 88' lang='lat'><strong>__</strong></span> <span class='ocrx_word' id='word_1_811' title='bbox 3191 5699 3222 5709; x_wconf 37' lang='lat' dir='ltr'><strong>ﬁ</strong></span> <span class='ocrx_word' id='word_1_812' title='bbox 3312 5696 3322 5707; x_wconf 85' lang='grc'><em>,</em></span> 
     </span>
    </p>
   </div>
   <div class='ocr_carea' id='block_1_120' title="bbox 2055 5697 3698 5786">
    <p class='ocr_par' dir='ltr' id='par_1_120' title="bbox 2055 5697 3698 5786">
     <span class='ocr_line' id='line_1_120' title="bbox 2055 5697 3698 5786; baseline -0.007 -17"><span class='ocrx_word' id='word_1_813' title='bbox 2055 5713 2134 5786; x_wconf 90' lang='lat' dir='ltr'><strong>(b)</strong></span> <span class='ocrx_word' id='word_1_814' title='bbox 2165 5697 2375 5782; x_wconf 63' lang='lat' dir='ltr'><strong>B&#39;igot.,</strong></span> <span class='ocrx_word' id='word_1_815' title='bbox 2407 5715 2523 5766; x_wconf 85' lang='lat' dir='ltr'><strong>tres</strong></span> <span class='ocrx_word' id='word_1_816' title='bbox 2554 5702 2804 5764; x_wconf 81' lang='lat' dir='ltr'><strong>Paris.et</strong></span> <span class='ocrx_word' id='word_1_817' title='bbox 2832 5699 2932 5762; x_wconf 87' lang='lat' dir='ltr'><strong>alii</strong></span> <span class='ocrx_word' id='word_1_818' title='bbox 2959 5700 3152 5769; x_wconf 85' lang='lat' dir='ltr'><strong>codd.,</strong></span> <span class='ocrx_word' id='word_1_819' title='bbox 3185 5697 3322 5756; x_wconf 74' lang='lat' dir='ltr'><strong>Daci</strong></span> <span class='ocrx_word' id='word_1_820' title='bbox 3353 5697 3698 5770; x_wconf 67' lang='lat' dir='ltr'><strong>Campanis.</strong></span> 
     </span>
    </p>
   </div>
  </div>
