4088 6172
386 251 504 313 135

933 243 997 304 S.
1045 234 1425 300 GREGORII
1469 231 1692 292 PAP/E
1737 228 1946 302 VITA,
1995 225 2226 288 AUCT.
2273 223 2582 286 JOANNE
2624 225 2988 288 DIACONO.
3037 227 3181 288 LIB.
3231 229 3337 290 III.

3777 230 3905 293 136

377 395 437 448 et
462 389 734 446 eumdem
765 379 1240 439 archidiaconum
1268 373 1338 428 ad
1365 386 1465 426 nos
1479 367 1669 424 venire
1687 364 2079 438 praecipimus,
2111 375 2166 444 Α
2197 365 2336 430 met,
2365 363 2438 433 (c)
2469 365 2523 418 et
2553 362 2887 418 contritioni
2920 380 3060 435 suae,
3086 364 3230 436 fuga:
3252 369 3469 437 quaerat
3505 367 3807 424 auxilium.
3833 371 3914 423 Et

377 482 439 536 ut
470 473 753 550 quidquid
777 472 1032 542 justum,
1056 461 1342 536 quidquid
1384 455 1762 550 omnipotenti
1811 456 1918 550 Deo
1952 451 2078 524 pla-

372 545 553 629 citum
587 564 778 629 fuerit,
805 557 1052 632 cognitis
1083 550 1503 609 assertionibus
1535 545 1788 618 partium
1813 545 2081 598 decerna-

376 676 528 718 mus.
562 655 676 712 Nos
703 651 856 707 enim
910 645 1134 702 nullum
1181 657 1282 713 pro
1316 635 1606 710 personali
1640 650 1836 690 amore
1884 632 2081 687 defen-

376 751 592 810 dimus,
618 743 719 800 sed
745 743 979 796 auctore
1011 735 1146 800 Deo,
1173 744 1438 786 normam
1463 726 1731 797 justitiae,
1761 724 2081 796 postposita

372 837 684 911 cujuslibet
721 827 1051 901 acceptione
1083 836 1362 894 personaa,
1413 833 1735 874 servamus.
1773 838 1800 864 ››
1853 814 2074 885 (chist.

373 931 410 985 ι.
433 922 1032 1072 ll1Elimitezrg.)Honorato
1078 1000 1430 1065 Salonitano,
1459 998 1579 1067 jam
1630 1011 1698 1050 ex
1744 995 2076 1066 presbytero

371 1107 431 1163 in
466 1104 830 1161 diaconatum
865 1095 1139 1150 reducto:
1171 1112 1196 1139 ‹‹
1230 1088 1463 1143 Dudum
1497 1085 1724 1155 quidem
1756 1081 2074 1138 decessoris

373 1195 558 1254 nostri
600 1195 912 1259 nostraque
945 1181 1248 1256 praceptio
1281 1179 1351 1233 ad
1385 1175 1750 1232 dilectionem
1783 1183 1939 1228 tuam
1972 1189 2074 1229 cu-

369 1287 651 1352 currerat,
683 1282 743 1334 in
776 1294 910 1349 qua,
943 1278 1000 1330 et
1030 1273 1100 1327 de
1130 1268 1369 1339 objectis
1401 1266 1506 1321 tibi
1529 1264 1888 1321 calumniose
1918 1263 2074 1352 capi-

370 1376 512 1434 tulis
534 1351 727 1429 fueras
757 1366 1079 1431 absolutus,
1108 1360 1242 1416 etin
1275 1358 1358 1413 tui
1408 1356 1623 1428 gradus
1654 1354 1916 1410 ordinem
1951 1351 2075 1406 sine

370 1467 569 1538 aliqua
589 1459 956 1518 instituimus
977 1451 1348 1510 altercatione
1371 1445 1619 1538 restitui.
1645 1444 1916 1538 Sed—quia
1952 1459 2073 1498 rur-

369 1533 635 1614 sus-ante
657 1567 772 1607 non
794 1546 1044 1602 multum
1067 1539 1346 1611 temporis
1364 1535 1640 1610 spatium,
1657 1535 1726 1589 ad
1753 1533 2073 1588 Romanam

372 1643 664 1700 civitatem
677 1636 940 1703 veniens,
965 1633 1035 1687 de
1049 1628 1399 1701 quibusdam
1425 1623 1544 1680 illic
1567 1622 1712 1678 actis
1737 1621 2072 1692 incongrue,

370 1739 428 1790 et
457 1733 527 1787 de
549 1732 884 1786 sanctorum
911 1738 973 1778 es
1004 1720 1361 1789 conquestus
1390 1713 1735 1770 alienatione
1767 1726 2070 1766 vasorum:
2109 1755 2156 1822 Β

898 1812 910 1822 .
1327 1810 1337 1822 .
1392 1805 1428 1822 .,
1500 1802 1920 1822 κικεηηηεμη-
1963 1817 2051 1822 _-_

375 1829 575 1895 atque,
599 1822 739 1874 dum
764 1831 866 1888 pro
898 1812 1008 1868 hac
1046 1826 1126 1875 re,
1169 1822 1292 1879 qua:
1323 1805 1441 1860 tuis
1491 1802 1922 1895 objectionibus
1963 1817 2076 1856 res-

368 1893 622 1989 pondere
653 1905 958 1981 potuisset,
994 1901 1420 1989 sustineremus
1452 1897 1510 1989 in
1543 1895 1652 1989 hac
1684 1893 1913 1989 civitate
1954 1909 2074 1989 per-

367 1981 563 2068 sonas,
594 1996 840 2060 Natalis,
868 1992 1171 2065 episcopus
1202 1991 1360 2054 tuus,
1381 1984 1451 2041 de
1483 1985 1589 2040 hac
1612 1982 1742 2038 luce
1773 1981 2068 2054 migravit:

369 2087 766 2151 necessarium
794 2080 1192 2155 judicavimus
1222 2075 1454 2132 easdem
1500 2072 1916 2144 praeceptiones
1955 2077 2071 2124 tam

368 2177 690 2238 decessoris
715 2173 918 2239 nostri,
941 2185 1118 2242 quam
1144 2169 1389 2231 nostras,
1415 2178 1560 2234 quas
1599 2161 1842 2227 dudum,
1874 2163 1940 2214 ut
1959 2159 2073 2214 dic-

363 2277 491 2329 tum
521 2272 629 2334 est,
665 2281 764 2338 pro
794 2269 894 2318 tua
923 2257 1289 2316 absolutione
1320 2251 1769 2319 transmisimus,
1817 2265 2069 2318 praesen-

363 2360 522 2416 tibus
564 2356 838 2423 deinceps
892 2347 1159 2419 apicibus
1200 2342 1564 2398 confirmare.
1605 2338 1992 2402 Quamobrem
2041 2353 2073 2392 a

365 2448 592 2507 cunctis
627 2443 730 2500 tibi
761 2438 1007 2511 objectis
1037 2432 1312 2507 capitulis
1341 2435 1396 2485 te
1422 2429 1648 2501 plenius
1681 2426 2068 2492 absolventes,

363 2541 424 2596 in
456 2539 538 2595 tui
571 2547 622 2592 te
653 2532 877 2590 ordinis
906 2529 1091 2601 gradu
1123 2526 1248 2580 sine
1279 2523 1475 2593 aliqua
1505 2519 1776 2575 volumus
1825 2517 2069 2572 alterca-

365 2629 522 2685 tione
571 2634 940 2698 permanere:
976 2624 1037 2671 ut
1069 2614 1212 2670 nihil
1243 2613 1348 2668 tibi
1378 2610 1614 2682 penitus
1648 2611 1803 2662 mota
1843 2624 1875 2662 a
1923 2623 2069 2678 pra:-

366 2720 485 2774 fato
527 2717 649 2772 viro
681 2710 948 2785 quaestio,
992 2705 1250 2778 qualibet
1291 2701 1592 2759 occasione
1644 2698 2000 2769 praeiudicet.
2040 2718 2068 2746 υ

361 2810 590 2881 (Regist.
631 2803 727 2858 lib.
762 2803 954 2870 iu,cp.
995 2796 1108 2867 32.)

435 2875 577 2952 Item
612 2894 686 2960 (α)
718 2890 778 2945 in
809 2889 921 2943 alia
974 2881 1235 2956 Epistola
1266 2885 1391 2952 post
1439 2876 1649 2933 multa:
1682 2897 1708 2930 ι
1734 2877 1844 2932 Sed
1895 2875 2066 2931 etiam

365 3002 522 3042 nunc
553 2982 704 3045 dico,
728 2982 830 3034 aut
860 2976 1091 3031 easdem
1134 2986 1433 3043 personas,
1463 2966 1728 3023 videlicet
1783 2968 2064 3023 Joannem

2196 453 2346 520 ideo,
2380 453 2518 524 quia
2549 452 2690 508 tales
2723 469 2860 525 erga
2880 455 3173 526 subjectos
3195 460 3421 512 nostros
3443 457 3723 513 debemus
3743 458 3908 514 exis-

2194 546 2333 609 tere,
2367 542 2564 613 quales
2591 559 2717 610 nos,
2750 543 2796 598 si
2829 543 3074 614 subjecti
3096 545 3675 613 fuissemus,nostros
3705 548 3906 602 volue-

2192 649 2393 687 ramus
2407 648 2531 687 esse
2555 633 2919 704 praepositos:
2945 649 3169 705 magnae
3191 634 3568 706 benignitatis
3586 641 3674 691 est
3691 637 3740 692 si
3761 653 3905 692 eum

2190 721 2249 776 in
2301 720 2640 790 Ecclesiam,
2692 722 2790 776 ubi
2851 723 3309 779 subdiaconatus
3358 730 3446 780 est
3485 726 3720 782 functus
3772 727 3908 782 ofﬁ-

2190 813 2301 880 cio,
2335 813 2609 868 sanctitas
2641 817 2741 866 tua
2774 813 3068 883 reducere,
3103 818 3277 885 atque
3329 814 3449 869 illic
3499 816 3904 886 presbyterum

2190 901 2481 958 studuerit
2529 901 2879 957 constituere
2929 904 3309 959 cardinalem.
3360 906 3517 971 Quod
3577 910 3632 960 et
3687 907 3896 974 facere,

2189 998 2474 1064 quantum
2507 993 2874 1063 arbitramur,
2919 994 3115 1060 debes,
3150 994 3197 1049 si
3231 995 3372 1049 nihil
3406 999 3495 1050 est
3546 998 3698 1067 quod
3735 998 3899 1068 juste

2186 1088 2389 1139 contra
2416 1082 2604 1154 ipsum
2638 1083 2902 1138 animum
2923 1088 3085 1138 tuum
3109 1089 3432 1156 exasperet.
3462 1084 3522 1140 Si
3546 1101 3675 1141 vero
3697 1085 3898 1157 aliqua

2186 1173 2356 1245 culpa
2393 1177 2500 1239 est,
2533 1174 2653 1227 suis
2707 1173 2874 1228 nobis
2913 1173 3020 1229 hoc
3073 1173 3333 1245 epistolis
3383 1175 3712 1231 fraternitas
3769 1181 3895 1239 tua,

2187 1267 2251 1316 ut
2329 1261 2477 1316 scire
2535 1263 2852 1332 possimus,
2921 1262 3195 1318 insinuet.
3248 1283 3273 1314 υ
3320 1263 3551 1334 (Regist.
3611 1264 3706 1319 lib.
3766 1283 3896 1336 xm,

2184 1367 2267 1422 ep.
2299 1350 2412 1423 28.)

2258 1443 2344 1497 12.
2378 1443 2607 1506 Quanta
2638 1443 2974 1499 curiositate
3013 1445 3321 1515 Gregorius
3353 1444 3595 1501 idoneos
3636 1461 3902 1518 quosque

2187 1533 2257 1587 ad
2291 1533 2548 1604 regimen
2580 1534 2985 1589 destitutarum
3010 1534 3298 1605 quaesierit
3336 1533 3617 1605 plebium,
3651 1536 3903 1594 breviter

2185 1623 2492 1680 indicabo:
2539 1629 2602 1679 ut
2649 1629 2847 1680 tantus
2896 1626 2984 1680 vir
3017 1642 3128 1680 non
3177 1624 3366 1680 solum
3402 1625 3706 1695 doctrinis,
3755 1628 3901 1700 quin

2187 1714 2530 1786 etoperibus
2548 1732 2716 1771 verus
2736 1715 3159 1786 paterfamilias
3184 1715 3364 1771 fuisse
3384 1716 3579 1788 gregis
3603 1717 3899 1774 Dominici

2184 1801 2559 1874 probabiliter
2601 1803 2928 1874 colligatur.
2960 1804 3055 1858 Ait
3111 1805 3270 1860 enim
3312 1804 3374 1861 in
3425 1805 3672 1876 epistola
3720 1807 3902 1863 Marri-

2183 1896 2400 1964 miano,
2426 1897 2792 1969 Syracusano
2815 1896 3086 1969 episcopo
3112 1915 3123 1953 :
3151 1918 3181 1949 ‹‹
3212 1897 3391 1967 Felix,
3412 1899 3498 1954 vir
3527 1899 3900 1956 clarissimus

2183 1985 2556 2056 praesentium
2579 1985 2747 2056 lator,
2780 1989 3010 2043 edocuit
3042 2004 3166 2056 nos,
3199 2004 3325 2044 esse
3351 1987 3664 2060 quemdam
3687 1989 3744 2044 in
3772 1989 3896 2046 illis

2182 2075 2446 2145 partibus
2477 2077 2895 2148 presbyterum,
2926 2077 3026 2147 qui
3076 2078 3144 2132 ad
3205 2078 3574 2150 episcopatus
3624 2079 3887 2134 ordinem

2182 2165 2416 2235 provehi
2446 2168 2698 2236 probatae
2726 2168 2855 2221 vitae
2884 2166 3085 2223 merito
3115 2167 3328 2238 dignus
3375 2172 3668 2239 appareat.
3721 2168 3893 2224 Hunc

2180 2274 2318 2330 ergo
2351 2258 2687 2314 fraternitas
2717 2263 2820 2313 tua
2858 2274 3046 2313 coram
3082 2274 3143 2313 se
3182 2258 3385 2313 deduci
3421 2258 3618 2313 faciat:
3644 2274 3894 2329 eumque

2179 2348 2335 2402 sicut
2363 2349 2554 2402 certus
2581 2362 2731 2416 sum,
2756 2353 2985 2418 pr0pter
3005 2347 3210 2400 animae
3237 2346 3559 2418 periculum
3579 2345 3892 2418 diligenter

2179 2437 2492 2493 examinet.
2525 2438 2706 2502 Quem
2739 2437 2788 2492 si
2808 2437 2877 2492 ad
2907 2437 3064 2493 hunc
3096 2436 3329 2507 provehi
3358 2437 3608 2508 gradum
3641 2437 3891 2509 dignum

2179 2543 2306 2583 esse
2338 2527 2715 2599 perspexerit,
2740 2527 2812 2582 ad
2864 2543 2967 2582 nos
2999 2527 3232 2582 studeat
3281 2527 3596 2598 destinare,
3627 2531 3691 2582 ut
3723 2543 3892 2596 eum,

2180 2615 2425 2672 Domino
2479 2615 2848 2686 disponente,
2882 2615 3028 2686 loco,
3060 2616 3154 2670 cui
3204 2615 3664 2687 previderimus,
3704 2616 3898 2688 possi-

2179 2722 2312 2760 mus
2357 2705 2627 2761 ordinare
2671 2709 2983 2776 pastorem.
3047 2728 3070 2757 ι
3125 2706 3353 2776 (Περίςι.
3406 2705 3502 2759 lib.
3563 2720 3625 2776 ιι,
3667 2721 3755 2774 ep.
3790 2705 3894 2759 2!“

2175 2795 2369 2851 indici.
2405 2796 2514 2866 10.)

2247 2885 2385 2940 Item
2430 2883 2734 2955 Cypriane,
2773 2884 3055 2940 diacono:
3093 2907 3121 2935 ‹‹
3153 2884 3565 2940 Amarissimas
3613 2884 3889 2943 Dilectio-

2176 2974 2266 3029 nis
2300 2983 2408 3028 tuae
2438 2973 2712 3044 epistolas
2740 2975 2810 3030 de
2841 2974 3046 3030 Domni
3098 2973 3432 3030 Maximiani
3463 2974 3648 3044 obitu,
3681 2991 3888 3033 mense

363 3074 915 3134 Chalcedonensem,
941 3069 998 3121 et
1017 3062 1406 3122 Athanasium
1432 3059 1682 3115 Isaurios
1707 3058 2066 3129 presbyteros
2171 3064 2481 3121 Novembri
2511 3064 2760 3136 suscepi.
2786 3065 2854 3120 Et
2884 3065 3120 3135 quidem
3153 3065 3250 3120 ille
3281 3066 3352 3120 ad
3391 3065 3628 3137 praemia
3653 3066 3882 3123 deside-

361 3163 420 3221 in
454 3164 578 3221 θυῖε
635 3157 938 3216 ordinibus
987 3153 1240 3222 κωπίω,
1273 3152 1472 3221 εἰείιιιθ
1529 3150 1783 3220 (Iniciam
1843 3147 2060 3218 praebe:
2095 3138 2137 3205 C
2175 3157 2300 3208 rata
2331 3153 2623 3224 pervenit;
2651 3153 2750 3208 sed
2781 3153 2979 3208 infelix
3011 3152 3259 3224 populus
3291 3153 3661 3226 Syracusanae
3682 3154 3885 3210 civita-

358 3258 478 3321 aut,
505 3253 554 3309 si
586 3251 693 3306 hoc
727 3249 971 3304 fortasse
1006 3241 1281 3308 nolueris,
1311 3240 1470 3295 omni
1501 3237 1874 3294 altercatione
1914 3245 2065 3308 post-

360 3345 571 3418 posita,
605 3341 675 3396 de
707 3352 907 3394 eorum
940 3351 1114 3390 causa
1159 3335 1377 3388 statuta
1432 3330 1744 3400 majorum,
1773 3332 1874 3383 aut
1896 3343 2064 3384 cano-

357 3417 502 3492 num
538 3429 816 3487 terminos
849 3423 1099 3482 custodi.
1135 3422 1236 3478 Sin
1269 3437 1422 3485 vero,
1449 3436 1554 3475 nos
1586 3418 1817 3490 quidem
1851 3417 2062 3474 inferre

351 3525 536 3582 rixam
591 3514 1026 3577 nolumuszsed
1074 3518 1268 3568 tamen
1317 3511 1637 3566 venientem
1669 3526 1702 3563 a
1750 3508 1912 3563 vobis
1945 3525 2058 3563 non

349 3613 697 3670 devitamus.
731 3607 874 3673 Quid
909 3609 1101 3661 autem
1135 3603 1204 3658 de
1233 3600 1546 3672 episcopis,
1581 3600 1680 3670 qui
1723 3598 2059 3653 verberibus

351 3703 541 3761 timeri
574 3699 796 3769 volunt,
824 3709 1076 3753 canones
1109 3693 1320 3760 dicant,
1351 3691 1496 3746 bene
1521 3689 1848 3744 fraternitas
1872 3693 2060 3743 vestra

352 3794 529 3850 novit.
562 3795 829 3847 Pastores
861 3787 1075 3843 etenim
1102 3785 1230 3839 facti
1254 3798 1480 3847 sumus,
1515 3796 1628 3836 non
1663 3794 2056 3852 percussores.

348 3887 418 3941 Et
448 3881 715 3956 egregius
740 3878 1078 3951 praedicator
1099 3873 1244 3930 dixit
1269 3891 1281 3930 :
1315 3874 1512 3943 Argue,
1565 3874 1799 3937 obsecra,
1829 3872 2055 3941 increpa

347 3991 474 4031 cum
503 3973 656 4029 omni
700 3969 998 4041 patientia,
1028 3969 1079 4021 et
1106 3963 1362 4020 doctrina
1392 3963 1468 4032 (ll
1498 3961 1630 4016 Tim.
1679 3975 1756 4024 ιν,
1788 3963 1863 4028 2).
1901 3960 2058 4015 Nova

345 4080 502 4130 vero,
537 4065 712 4132 atque
749 4057 1009 4114 inaudita
1047 4058 1134 4112 est
1183 4052 1509 4124 praedicatio
1541 4066 1668 4122 qua
1719 4049 2056 4104 verberibus

344 4152 522 4222 exigit
555 4150 750 4204 ﬁdem.
783 4168 807 4199 ι
842 4146 1081 4219 (Regist.
1118 4142 1213 4197 lib.
1239 4159 1325 4209 ur,
1356 4156 1442 4211 ep.
1464 4140 1578 4209 53.)

417 4243 502 4293 11.
531 4235 767 4307 ltem(b)
789 4232 1115 4291 cardinales
1132 4229 1414 4285 violenter
1435 4228 1492 4281 in
1517 4225 1804 4296 parochiis
1826 4225 2049 4280 ordina-

339 4332 432 4383 tos
462 4326 562 4382 89
598 4323 950 4388 forensibus,
985 4322 1046 4375 in
1078 4318 1387 4391 pristinum
1419 4316 1713 4372 cardinem
1736 4314 2053 4385 Gregorius

342 4415 670 4471 revocabat.
704 4414 1072 4483 Quapropter
1100 4407 1329 4474 Joanni,
1367 4406 1637 4477 episcopo
1686 4404 2053 4475 Syracusano

2173 3242 2244 3298 tis
2275 3242 2563 3314 lugendus
2589 3246 2698 3311 est,
2733 3243 2833 3314 qui
2861 3247 3152 3314 pastorem
3178 3243 3355 3298 talem
3387 3244 3485 3299 diu
3520 3244 3726 3302 habere
3755 3262 3877 3302 non

2174 3331 2408 3387 meruit.
2442 3332 2689 3387 Proinde
2725 3331 2954 3388 dilectio
2982 3335 3082 3388 tua
3125 3332 3574 3388 sollicitudinem
3607 3339 3764 3405 gerat
3816 3340 3886 3392 ut

2170 3421 2231 3478 in
2264 3424 2465 3479 eadem
2497 3422 2754 3479 Ecclesia
2776 3422 2910 3478 talis
2941 3423 3146 3479 debeat
3175 3423 3245 3477 ad
3279 3424 3675 3480 ordinandum
3717 3425 3882 3498 eligi,

2171 3512 2270 3583 qui
2298 3517 2430 3584 post
2461 3512 2753 3569 Domuum
2786 3512 3227 3581 Maximianum,
3260 3514 3525 3582 ejusdem
3579 3515 3888 3586 regiminis

2168 3601 2361 3660 locum
2395 3619 2508 3658 non
2539 3602 2815 3672 indignus
2857 3602 3120 3657 videatur
3149 3609 3244 3656 aut
3285 3602 3611 3659 immeritus
3666 3604 3894 3661 sortiri.

2171 3693 2234 3747 Et
2289 3692 2525 3764 quidem
2587 3693 2758 3747 credo
2825 3693 2978 3762 quod
3052 3691 3394 3762 Trajanum,
3455 3693 3895 3765 presbyterum,

2171 3781 2428 3837 maxima
2461 3798 2595 3852 pars
2626 3779 2820 3853 eligat,
2843 3780 2963 3850 qui,
2985 3785 3046 3836 ut
3068 3780 3300 3847 dicitur,
3328 3780 3487 3836 bona:
3520 3780 3734 3837 mentis
3757 3787 3883 3851 est;

2175 3872 2295 3938 sed,
2330 3875 2610 3942 quantum
2644 3870 2932 3939 suspicor,
2965 3869 3034 3925 ad
3096 3870 3414 3939 regendum
3467 3869 3664 3925 locum
3713 3870 3885 3928 illum

2172 3961 2418 4016 idoneus
2450 3975 2566 4015 non
2597 3963 2704 4014 est.
2738 3960 2958 4014 Tamen
2981 3959 3029 4014 si
3052 3958 3256 4013 melior
3277 3957 3526 4014 inveniri
3559 3975 3675 4015 non
3707 3961 3885 4030 valet,

2170 4053 2229 4105 et
2260 4050 2381 4119 ipse
2414 4048 2596 4103 nullis
2627 4047 2973 4104 criminibus
3007 4052 3237 4104 tenetur
3276 4047 3597 4117 involutus,
3630 4049 3893 4107 condes—

2166 4138 2334 4196 cendi
2364 4138 2434 4193 ad
2478 4153 2635 4206 eum,
2666 4143 2908 4209 cogente
2957 4138 3140 4193 nimia
3171 4139 3534 4206 necessitate,
3566 4143 3770 4209 potest.
3815 4142 3881 4197 Si

2164 4233 2355 4283 autem
2389 4242 2516 4282 mea
2553 4225 2820 4283 voluntas
2866 4228 2936 4282 ad
2982 4227 3134 4282 hanc
3164 4228 3510 4283 electionem
3569 4229 3894 4299 quaeritur,

2163 4319 2269 4374 tibi
2301 4327 2518 4374 secreto
2557 4318 2750 4373 indico
2782 4319 2932 4389 quod
2985 4319 3146 4374 volo:
3184 4319 3321 4390 quia
3373 4318 3570 4374 nullus
3621 4319 3767 4375 mihi
3821 4320 3883 4376 in

2164 4407 2367 4463 eadem
2426 4407 2705 4473 Ecclesia,
2739 4413 2869 4477 post
2895 4406 3188 4463 Domuum
3251 4407 3692 4476 Maximianum,
3753 4413 3882 4465 tam

343 4503 605 4561 scribens
625 4503 735 4556 ait:
766 4522 792 4550 ‹‹
824 4499 1217 4563 Quorumdam
1253 4496 1324 4550 ad
1358 4512 1460 4551 nos
1494 4493 1769 4550 relatione
1796 4494 2054 4565 pervenit
2081 4505 2129 4570 D
2160 4498 2373 4568 dignus
2405 4498 2654 4558 videtur,
2689 4514 2865 4569 quam
2922 4499 3202 4566 Joannes,
3227 4497 3676 4555 archidiaconus
3707 4498 3883 4555 Cata-

339 4595 635 4660 Cosmam,
667 4590 765 4662 qui
799 4605 869 4643 ex
899 4586 1182 4642 monacho
1216 4585 1550 4640 monasterii
1600 4588 1810 4639 sanctae
1844 4583 2046 4654 Luciaa,

339 4701 373 4740 a
403 4683 708 4738 decessore
739 4684 841 4733 tuo
889 4676 1228 4732 venerandae
1258 4677 1552 4731 memoriae
1583 4675 1931 4731 Maximiano
1990 4673 2050 4729 in

340 4771 602 4832 Ecclesia
632 4771 994 4844 Syracusana
1043 4767 1433 4822 subdiaconus
1462 4768 1675 4833 factus,
1709 4769 1882 4836 atque
1932 4783 1966 4820 a
1996 4770 2052 4821 te

338 4870 542 4938 postea
570 4860 629 4916 in
651 4857 1048 4934 possessione,
1079 4873 1202 4928 que
1218 4856 1451 4912 Juliana
1465 4860 1725 4920 vocatur,
1751 4855 2050 4928 presbyter

335 4954 551 5013 dicitur
579 4950 908 5017 ordinatus,
941 4948 1023 5003 ita
1052 4945 1514 5014 nimiatristitia,
1547 4951 1605 5001 et
1635 4946 1742 5002 loci
1775 4943 2052 5016 qualitate

333 5044 705 5101 vehementer
756 5039 1060 5103 afﬂictum,
1096 5041 1156 5091 ut
1209 5035 1384 5090 vitam
1436 5034 1546 5088 sibi
1578 5049 1806 5106 pinnam
1841 5033 2047 5088 existi-

407 5229 482 5299 (a)
520 5230 581 5285 In
609 5230 750 5305 edit.
783 5228 1055 5305 Bolland._
1081 5227 1592 5305 quarsequuntur,
1639 5222 2050 5305 desiderantur

340 5295 527 5370 usque
559 5302 627 5354 ad
661 5317 785 5370 cap.
817 5318 869 5354 x.
905 5317 1010 5354 nec
1039 5295 1421 5356 inveniuntur
1449 5297 1505 5351 in
1530 5295 1903 5370 _mss.Atribus
1934 5297 2048 5370 Pa—_

341 5366 596 5442 risi-ens,
657 5366 826 5442 Uticr.,
877 5372 1060 5442 Bigot.
1115 5377 1170 5427 et
1227 5370 1356 5425 aliis
1388 5367 1624 5442 passim.
1673 5367 1862 5442 _Qerte_
1891 5366 2043 5442 gravi

335 5457 531 5498 errore
561 5441 620 5494 in
655 5438 1158 5510 plerisque—editis
1205 5438 1443 5512 legitur:
1467 5441 1599 5496 Item
1627 5438 1804 5494 eidem
1842 5438 1910 5512 in
1932 5439 2046 5493 alia

333 5531 420 5580 ep.
479 5512 700 5569 scilicet
727 5513 797 5584 53
821 5512 975 5584 glibri
1009 5514 1206 5584 tertii,
1240 5511 1366 5584 quae
1429 5519 1618 5567 tamen
1681 5527 1796 5566 non
1855 5511 2045 5566 eidem

335 5588 642 5649 Honorato,
684 5583 781 5655 sed
811 5581 1032 5655 Joannig
1053 5581 1494 5652 Constantinop.
1529 5584 1744 5655 scripta
1764 5587 1874 5638 est.

409 5657 484 5727 (ὸ)
527 5657 590 5713 In
647 5653 1666 5727 singulis_episcopalibus,Eccles[
1697 5654 1836 5710 olim
1881 5659 2045 5727 erant

337 5725 687 5798 cardinales,
745 5725 827 5785 ita
874 5725 1014 5787 dicti
1062 5725 1219 5801 qucd
1265 5725 1501 5785 cardine
1533 5725 1694 5787 urbis
1747 5725 2043 5787 constricti

2161 4588 2362 4646 nensis
2394 4587 2676 4643 Ecclesia.
2711 4587 2842 4652 Qui,
2867 4588 2915 4642 si
2947 4587 3068 4644 fieri
3103 4591 3293 4659 potest
3311 4591 3374 4642 ut
3397 4587 3664 4659 eligatur,
3699 4589 3877 4645 credo

2161 4678 2313 4751 quod
2349 4681 2480 4750 apta
2502 4676 2669 4733 valde
2692 4693 2938 4748 persona
2968 4676 3322 4732 inveniatur.
3354 4678 3458 4732 Sed
3486 4676 3611 4748 ipse
3638 4693 3878 4749 quoque

2157 4770 2320 4840 prius
2350 4769 2418 4825 de
2448 4767 2817 4834 criminibus,
2849 4783 2975 4838 quas
3007 4766 3290 4836 impedire
3323 4772 3590 4838 possunt,
3624 4785 3656 4823 a
3703 4773 3756 4824 te
3789 4785 3885 4824 se-

2158 4864 2311 4915 creto
2361 4859 2753 4930 requirendus
2796 4863 2921 4915 est:
2954 4876 2988 4914 a
3047 4859 3262 4930 quibus
3301 4859 3348 4915 si
3398 4859 3546 4915 liber
3597 4859 3874 4914 inventus

2159 4948 2353 5012 fuerit,
2393 4947 2525 5019 eligi
2552 4949 2686 5019 jure
2716 4951 2925 5019 potest.
2963 4949 3126 5016 Quod
3159 4949 3206 5004 si
3238 4952 3431 5005 actum
3467 4948 3658 5018 fuerit,
3691 4948 3874 5004 etiam

2159 5038 2335 5092 frater
2355 5041 2411 5092 et
2437 5038 2816 5109 coepiscOpus
2862 5042 3058 5092 noster
3097 5036 3210 5092 Leo
3242 5036 3293 5092 ei
3326 5038 3650 5094 cessionem
3685 5037 3878 5093 facere

2156 5234 2374 5294 essent,
2410 5233 2471 5284 ut
2502 5233 2659 5301 patet
2706 5245 2774 5284 ex
2806 5244 2933 5284 can.
2963 5230 2997 5283 3
3036 5227 3242 5301 synodi
3275 5227 3463 5301 Rom._
3493 5226 3880 5301 suhHSilves-

2155 5303 2245 5354 tro
2278 5301 2317 5353 l.
2355 5301 2478 5355 Mos
2501 5299 2658 5356 enim
2691 5305 2815 5356 tum
2840 5305 2963 5355 erat
2994 5305 3055 5355 ut
3103 5299 3247 5355 nulli
3278 5299 3469 5355 clerici
3527 5299 3868 5355 ordinaren-

2156 5375 2269 5437 tur,
2298 5371 2406 5425 nisi
2437 5373 2506 5426 ad
2526 5377 2741 5426 certam
2777 5373 3093 5443 quamdam
3120 5371 3457 5438 Ecclesiam,
3492 5374 3556 5423 ut
3590 5371 3874 5425 statuitur

2156 5459 2282 5496 can.
2313 5444 2347 5495 6
2378 5443 2607 5498 concilii
2655 5443 3006 5500 Chalcedon.
3039 5443 3181 5496 Vide
3226 5443 3377 5496 infra
3430 5457 3552 5511 cap.
3589 5443 3673 5496 15.
3710 5447 3878 5497 Atta-

2155 5529 2287 5568 men
2317 5515 2371 5568 S.
2400 5514 2679 5569 Paulinus
2720 5514 2976 5570 Nolanus
3017 5515 3122 5570 hac
3153 5513 3278 5578 lege
3308 5511 3534 5568 solutus
3579 5518 3686 5569 est.
3720 5514 3873 5585 Lege

2151 5590 2373 5641 sextam
2395 5587 2522 5654 ejus
2552 5587 2724 5654 epist.
2749 5588 2819 5640 ad
2854 5586 3150 5641 Severum.
3186 5587 3498 5639 MABILLON.

2224 5657 2292 5728 (c)
2327 5658 2414 5713 [ta
2443 5661 2560 5713 tres
2589 5658 2777 5713 Paris.
2815 5673 2945 5713 cum
2975 5655 3274 5715 Bollando.
3309 5656 3371 5712 In
3421 5656 3653 5714 excusis
3685 5656 3871 5728 plur.,

2151 5737 2205 5788 et
2223 5729 2662 5790 contriuatioai:
2688 5743 2807 5789 sua
2832 5732 3046 5802 fugam.
