4088 6172
242 245 356 307 137

724 243 786 302 S.
832 237 1210 303 GREGORII
1255 239 1486 302 PAP/E
1529 242 1731 316 VlTA,
1780 242 2149 306 AUCTORE
2194 245 2494 309 JOANNE
2542 250 2910 314 DIACONO.
2965 256 3114 316 LIB.
3161 256 3271 319 III-.

3641 257 3757 321 138

237 378 491 446 debebit,
525 381 587 432 ut
618 376 763 432 liber
807 376 876 430 ad
931 374 1319 432 ordinandum
1372 377 1556 434 valeat
1604 379 1877 436 inveniri.
1914 399 1942 428 »
1979 382 2027 448 Α
2060 387 2258 439 nostro
2289 387 2561 443 Armenio
2611 390 3018 462 suprascripta;
3067 395 3443 452 Anconitanas
3487 395 3754 453 Ecclesia

240 470 466 540 (Regist.
502 468 599 521 lib.
637 484 710 531 ιγ,
745 481 826 537 ep.
868 467 983 533 17.)

310 559 411 613 90
480 558 625 611 Item
685 555 1078 625 clementiam,
1136 557 1434 612 Patriciae:
1501 581 1528 607 «
1591 560 1943 626 Amandum,

239 648 674 720 presbyterum,
705 664 737 700 a
758 646 1120 701 Surrentinis
1145 649 1211 702 ad
1238 647 1663 719 episcopatum,
1696 649 1949 720 gloriosa

242 738 383 804 ﬁlia,
412 738 663 792 electum
697 751 825 790 esse
846 751 1179 806 cognoscas.
1205 739 1386 801 Quem
1417 737 1552 807 quia
1574 737 1686 792 huc
1711 738 1948 807 scripsi-

246 845 376 883 mus
407 827 620 881 debere
652 824 996 893 transmitti,
1041 826 1378 881 contristari
1429 827 1498 881 de
1529 827 1654 898 ejus
1685 826 1950 882 absentia

246 934 358 973 non
390 916 640 983 debetis,
673 915 811 988 quia
840 930 947 971 nec
977 915 1287 972 abscedere
1317 917 1594 982 creditur,
1629 918 1728 989 qui
1758 921 1950 972 mente

243 1008 543 1064 vobiscum
577 1010 683 1061 est.
718 1006 782 1061 Et
815 1005 1090 1077 quoniam
1125 1010 1414 1077 pastorem
1451 1008 1869 1078 quaerentibus,
1901 1007 1951 1063 is

244 1100 334 1170 qui
369 1099 539 1153 vobis
587 1096 727 1153 olim
777 1095 1014 1166 placuit,
1065 1100 1268 1168 gratus
1315 1100 1444 1153 est:
1495 1099 1952 1170 omnipotentem

243 1195 422 1245 Deum
459 1187 898 1254 benedicentes,
929 1186 1258 1243 Christiana
1296 1187 1485 1259 magis
1525 1189 1582 1243 in
1631 1189 1742 1244 hoc
1783 1190 1954 1245 devo-

243 1276 398 1330 tione
432 1275 703 1346 gaudete.
739 1275 806 1329 Et
838 1278 902 1328 ut
940 1273 1010 1329 ad
1043 1290 1148 1329 nos
1178 1273 1420 1330 celerius
1449 1275 1582 1330 aliis
1615 1277 1955 1347 profuturus

241 1366 442 1422 venire
473 1364 701 1429 debeat,
736 1362 1003 1420 hilariter
1024 1364 1249 1419 studete
1285 1379 1298 1419 :
1333 1365 1470 1438 quia
1504 1366 1743 1422 sincera
1777 1366 1958 1420 chari-

242 1457 380 1512 tatis
416 1460 506 1510 est
548 1453 865 1519 exsultare,
899 1454 1136 1526 quando
1168 1454 1262 1511 his
1294 1455 1394 1527 qui
1427 1455 1714 1528 diligitur,
1745 1457 1817 1512 ad
1849 1458 1956 1512 hoc

239 1549 488 1602 vocatur
518 1548 586 1599 ut
615 1547 857 1600 crescat.
895 1567 924 1597 υ
955 1545 1096 1615 (Lib.
1131 1561 1186 1612 x,
1222 1560 1310 1614 ep.
1349 1545 1462 1617 18.)

310 1639 461 1691 Item
508 1633 746 1688 Passivo
794 1633 1102 1704 episcopo:
1160 1634 1370 1690 «Bene
1419 1635 1580 1690 novit
1627 1633 1958 1690 fraternitas

239 1728 441 1780 vestra
473 1737 652 1792 quam
678 1719 853 1792 longo
876 1724 1137 1792 tempore
1159 1720 1232 1792 (a)
1255 1723 1560 1792 Aprutium
1587 1723 1860 1793 pastorali
1883 1724 1961 1778 sit

239 1809 651 1866 sollicitudine
673 1808 1043 1864 destitutum.
1070 1809 1176 1864 Ubi
1200 1809 1294 1864 diu
1319 1811 1699 1880 quaesivimus
1724 1810 1857 1882 quis
1874 1828 1962 1866 or-

238 1899 440 1953 dinari
472 1896 799 1962 debuisset,
851 1901 910 1951 et
949 1912 1319 1970 nequaquam
1355 1897 1650 1969 potuimus
1683 1899 1958 1954 invenire.

237 1987 352 2043 Sed
391 1985 539 2056 quia
569 1985 948 2056 Opportunus
981 1985 1121 2040 mihi
1156 1986 1214 2040 in
1249 1986 1510 2042 moribus
1539 1989 1682 2054 suis,
1716 1988 1772 2041 in
1807 1987 1961 2058 psal-

239 2077 460 2133 modia
493 2075 712 2143 studio,
746 2076 803 2129 in
837 2090 1033 2130 amore
1062 2075 1338 2130 orationis
1369 2077 1531 2131 valde
1563 2077 1850 2142 laudatus,
1875 2092 1965 2131 re-

238 2167 529 2239 ligiosam
561 2165 743 2220 vitam
775 2164 933 2219 omni
965 2165 1135 2219 modo
1159 2180 1326 2234 agere
1350 2164 1563 2218 dicitur
1591 2181 1604 2218 :
1637 2167 1790 2220 hunc
1811 2165 1968 2220 volu-

237 2272 382 2311 mus
417 2260 483 2309 ut
510 2252 845 2309 fraternitas
903 2257 1094 2308 vestra
1134 2255 1202 2307 ad
1237 2269 1298 2308 se
1328 2253 1502 2308 faciat
1546 2254 1764 2320 venire,
1817 2259 1874 2310 et
1899 2255 1970 2309 de

243 2347 458 2402 anima
493 2359 600 2398 sua
630 2343 962 2407 admoneat,
995 2347 1286 2412 quatenus
1309 2342 1366 2395 in
1391 2342 1559 2397 bonis
1583 2344 1797 2397 studiis
1819 2359 1969 2399 cres-

244 2442 370 2491 cat.
409 2435 476 2488 Et
517 2433 567 2488 si
599 2431 762 2487 nulla
793 2433 841 2486 ei
865 2433 1128 2498 crimina,
1153 2449 1278 2504 qua:
1304 2449 1404 2503 per
1427 2432 1573 2503 legis
1597 2449 1773 2488 sacras
1797 2449 1972 2504 regu-

241 2529 368 2582 lam
396 2529 587 2580 morte
612 2523 892 2579 mulctata
914 2527 1072 2592 sunt,
1098 2523 1355 2591 obviant,
1383 2530 1519 2578 tunc
1545 2524 1862 2578 hortandus
1883 2529 1972 2579 est

240 2623 318 2674 ut
347 2616 438 2671 vel
491 2613 845 2678 monachus,
896 2614 982 2668 vel
1034 2632 1066 2668 a
1115 2613 1282 2668 nobis
1314 2614 1710 2669 subdiaconus
1743 2615 1842 2669 ﬁat
1875 2630 1886 2668 :
1921 2621 1974 2669 et

255 2717 397 2780 post
429 2704 798 2774 aliquantum
831 2703 1130 2774 temporis,
1165 2704 1213 2758 si
1261 2703 1378 2758 Deo
1410 2703 1710 2775 placuerit,
1743 2704 1867 2775 ipse
1905 2705 1973 2759 ad

255 2793 629 2867 pastoralem
687 2808 888 2848 curam
947 2793 1154 2847 debeat
1211 2793 1612 2863 promoveri.»
1675 2793 1814 2865 (Lib.
1873 2809 1972 2858 xu,

253 2902 342 2958 ep.
383 2886 500 2954 12.)

334 2977 486 3031 Item
519 2972 830 3040 Venantio,
864 2972 1109 3044 patricio
1142 2972 1580 3040 Panormitano,
1613 2973 1828 3043 petenti
1863 2973 1976 3028 sibi

266 3065 589 3137 quemdam
615 3063 1017 3134 presbyterum
1040 3061 1379 3132 episcopum
1403 3062 1750 3129 consecrari,
1778 3062 1978 3119 rescri-

2053 473 2348 531 visitatore
2380 477 2515 532 illuc
2553 480 2779 534 festinet
2811 483 3102 548 accedere,
3138 487 3193 538 et
3224 484 3532 556 diligenter
3555 487 3623 542 de
3645 487 3763 542 vita

2056 580 2121 618 ac
2146 566 2404 621 moribus
2429 568 2792 638 singulorum
2822 574 3116 642 requirere
3143 588 3154 626 :
3179 573 3268 629 vel
3292 576 3343 628 si
3368 576 3438 630 de
3462 574 3625 630 nullo
3649 575 3762 630 sibi

2055 657 2195 707 sunt
2224 656 2467 711 crimine
2499 661 2731 727 conscii,
2766 662 2918 729 quod
2954 677 3050 716 eos
3083 661 3156 716 ad
3189 662 3296 718 hoc
3321 664 3578 719 officium
3603 668 3755 720 vetet

2057 744 2347 799 accedere.
2382 746 2599 802 Pariter
2629 748 2801 803 etiam
2835 750 3245 819 requirendum
3271 757 3355 808 est
3381 754 3427 809 si
3449 752 3578 821 hoc,
3602 754 3757 824 quod

2059 833 2128 887 de
2161 835 2396 904 prafato
2428 837 2838 892 archidiacono
2884 839 3107 894 dictum
3143 846 3232 896 est
3276 843 3416 913 quia
3460 858 3763 914 nunquam

2059 925 2282 980 amicus
2312 925 2553 982 domum
2589 930 2715 998 ejus
2749 929 3050 1000 ingressus
3083 938 3190 996 est,
3225 933 3305 987 ita
3334 949 3395 988 se
3423 933 3637 989 veritas
3668 933 3768 988 ha-

2061 1013 2226 1070 beat:
2261 1020 2317 1070 et
2358 1023 2544 1072 utrum
2594 1035 2662 1073 ex
2712 1020 3070 1088 necessitate,
3125 1037 3196 1076 an
3247 1037 3316 1076 ex
3365 1022 3590 1078 tenacia
3632 1021 3769 1078 talis

2061 1103 2292 1159 sit:9l
2335 1109 2433 1159 aut
2465 1106 2507 1160 si
2552 1107 2631 1161 ita
2664 1123 2840 1162 senex
2887 1111 2994 1176 est,
3033 1112 3114 1164 -ut
3163 1110 3235 1164 ad
3287 1111 3605 1178 regendum
3654 1127 3768 1165 non

2062 1193 2243 1264 possit
2276 1211 2615 1266 assurgere:
2648 1197 2735 1251 vel
2786 1197 2835 1252 si
2885 1199 3055 1254 tactis
3088 1200 3480 1255 sacrosanctis
3513 1201 3764 1271 Evange-

2063 1282 2176 1348 liis,
2212 1282 2363 1336 sicut
2396 1284 2564 1338 nobis
2598 1285 2921 1341 nuntiatum
2949 1287 3497 1358 est,jusjurandum
3522 1287 3778 1360 praebuit

2063 1390 2364 1445 nunquam
2411 1391 2471 1430 se
2520 1377 2589 1429 ad
2636 1377 3034 1447 episcopatum
3084 1379 3375 1434 accedere.
3433 1380 3546 1435 Sed
3605 1383 3662 1433 et
3703 1379 3774 1433 de

2066 1463 2321 1529 Rustico,
2382 1464 2643 1532 diacono,
2697 1473 2948 1536 quantos
3006 1467 3265 1538 psalmos
3318 1467 3510 1523 minus
3557 1471 3773 1534 teneat,

2065 1555 2444 1608 scrutandum
2471 1559 2580 1609 est.
2607 1555 2898 1610 Florentio
2920 1562 3138 1619 autem.
3163 1556 3406 1613 diacono
3428 1556 3772 1623 Ravennati,

2065 1641 2113 1696 si
2147 1642 2392 1707 nullum,
2427 1643 2579 1697 sicut
2610 1645 2887 1708 diximus,
2930 1646 3148 1701 crimen
3196 1649 3284 1700 est
3313 1646 3468 1715 quod
3499 1645 3774 1713 obsistat,

1993 1763 2036 1826 Β
2067 1732 2217 1826 apud
2252 1731 2587 1803 episcopum
2620 1734 2749 1826 ejus
2792 1733 2884 1806 agi
2935 1749 3173 1790 necesse
3222 1738 3310 1790 est
3359 1738 3422 1789 ut
3470 1733 3521 1789 ei
3572 1733 3777 1790 debeat

2068 1821 2392 1876 cessionem
2435 1824 2788 1878 concedere:
2844 1839 2959 1878 non
3010 1829 3202 1879 tamen
3256 1839 3321 1880 ex
3373 1827 3571 1878 11081.Γο
3603 1838 3772 1878 man-

2068 1911 2200 1965 dato
2229 1911 2314 1966 vel
2350 1911 2524 1973 dicto.
2560 1929 2629 1968 ne
2661 1920 2859 1968 contra
2891 1929 3056 1969 suam
3091 1914 3450 1970 voluntatem
3483 1929 3618 1970 eum
3642 1929 3777 1968 con-

2069 2001 2271 2056 cedere
2301 2000 2584 2059 videatur.
2620 2026 2646 2052 ››
2680 2004 2818 2072 (Lib.
2853 2020 2966 2073 xw,
3008 2020 3094 2074 ep.
3130 2005 3245 2074 11.)

2142 2091 2227 2144 13.
2281 2091 2348 2144 Et
2398 2091 2630 2161 quidem
2679 2093 3010 2160 Gregorius,
3063 2094 3379 2164 prudenter
3428 2108 3780 2164 cognoscens

2071 2183 2255 2234 totum
2290 2195 2496 2251 corpus
2527 2182 2795 2237 Ecclesiae
2823 2188 2938 2237 tam
2976 2199 3076 2253 per
3130 2183 3312 2238 bonos
3356 2182 3660 2253 episcopos
3695 2182 3779 2236 fe-

2071 2267 2259 2324 liciter
2289 2273 2464 2336 stare,
2498 2288 2674 2341 quam
2711 2289 2810 2342 per
2842 2272 3024 2328 malos
3058 2272 3364 2327 infeliciter
3393 2273 3629 2327 cadere:
3662 2287 3778 2326 non

2075 2357 2264 2412 solum
2299 2358 2659 2414 diversarum
2695 2360 2956 2430 gentium
3003 2361 3217 2416 diversi
3263 2360 3487 2416 ordinis
3517 2359 3778 2424 clericos,

2075 2461 2275 2500 verum
2309 2449 2484 2502 etiam
2517 2459 2782 2504 vacantes
2811 2450 3138 2520 episcopos,
3190 2450 3249 2504 in
3299 2465 3410 2504 suas
3462 2449 3779 2504 dimceseos

2077 2534 2441 2605 episcopatus
2476 2536 2772 2592 invitabat.
2808 2537 2970 2592 Unde
2994 2538 3339 2593 Sebastiano
3365 2538 3440 2608 (b)
3473 2536 3782 2592 Sirmiensi

2078 2628 2350 2696 episcopo
2383 2627 2531 2681 inter
2564 2633 2769 2680 caetera
2809 2627 3031 2692 scribit,
3065 2627 3265 2682 dicens
3293 2641 3304 2682 :
3340 2649 3367 2675 ‹‹
3400 2626 3668 2680 Debitum
3691 2641 3782 2679 sa-

2080 2712 2388 2770 lutationis
2420 2714 2746 2786 alloquium
2799 2715 3047 2784 solvens,
3098 2715 3291 2770 indico
3350 2715 3505 2784 quod
3559 2714 3632 2768 ad
3674 2727 3785 2777 me,

2082 2803 2377 2858 Bonifacio
2425 2805 2727 2859 defensore
2777 2804 3078 2871 referente,
3140 2802 3463 2875 pervenerit
3512 2801 3654 2872 quia
3701 2800 3789 2855 vir

2082 2892 2490 2948 sanctissimus
2523 2894 2700 2948 frater
2739 2897 2940 2948 noster
2986 2893 3241 2948 domnus
3285 2890 3650 2958 Anastasius,
3685 2906 3790 2961 pa—

2085 2981 2357 3052 triarcha,
2392 2983 2449 3036 in
2486 2998 2598 3037 una
2640 2998 2879 3037 suarum
2933 2981 3234 3038 civitatum
3286 2981 3594 3052 regendam
3626 2978 3794 3035 vobis

2091 3071 2407 3127 Ecclesiam
2440 3073 2805 3126 committere
2839 3071 3039 3139 voluit,
3073 3076 3129 3126 et
3149 3069 3480 3126 consentire
3503 3067 3794 3123 noluistis.

263 3125 348 3210 bit
380 3156 540 3208 inter
568 3125 808 3216 caetera;
837 3152 1036 3206 dicens
1061 3125 1092 3207 τ’
1132 3173 1152 3199 ι
1197 3125 1363 3206 Hunc
1412 3125 1808 3224 presbyterum
1841 3153 1979 3208 dare
2009 3125 2052 3192 (ἶ
2092 3125 2274 3224 Ουέῴ
2308 3125 2549 3216 έθῇείπη
2583 3166 2638 3215 et
2687 3125 3039 3232 sapiehvuam'
3083 3125 3335 3214 ...παίω
3387 3156 3556 3212 valde
3585 3171 3690 3227 ego
3724 3155 3795 3210 1i.

269 3246 515 3304 omnino
548 3243 720 3299 nobis
753 3240 1094 3297 excellentia
1131 3245 1325 3299 vestra
1364 3243 1507 3299 sciat
1537 3257 1665 3299 esse
1694 3241 1933 3298 difﬁcile
1967 3261 1978 3298 :

271 3338 408 3409 quia
441 3348 830 3408 personarum
863 3349 971 3388 nos
1020 3333 1356 3399 necessitas,
1399 3333 1469 3388 ad
1520 3333 1843 3388 ordinanda
1871 3333 1986 3388 alia

271 3429 399 3483 loca
431 3423 771 3496 pastoribus
802 3421 1104 3491 destituta,
1136 3438 1252 3478 non
1285 3422 1429 3478 levis
1461 3428 1803 3493 angustat.»
1839 3424 1976 3496 (Lib.

272 3535 370 3582 xu,
409 3515 644 3585 £11.15.)

345 3607 460 3661 Sed
499 3603 639 3675 quia
668 3601 1011 3658 necessitate
1038 3602 1498 3658 ordinundarum
1531 3618 1594 3658 se
1610 3607 1986 3673 angustatum

277 3693 558 3751 meminit
590 3708 972 3764 personarum
999 3709 1012 3746 :
1037 3708 1107 3746 ne
1127 3692 1459 3750 indiscnsse
1480 3709 1834 3765 quemquam
1861 3710 1989 3765 pro-

275 3785 540 3842 movisse
562 3787 818 3854 putetur,
838 3799 954 3838 uno
975 3782 1220 3855 exemplo
1242 3783 1472 3839 videtur
1490 3799 1617 3839 esse
1639 3784 1985 3840 docendum.

274 3878 370 3932 Ait
403 3874 566 3930 enim
599 3873 659 3926 in
691 3871 936 3944 epistola
964 3872 1176 3928 Joanni
1221 3873 1530 3944 episcopo:
1579 3895 1607 3922 «
1641 3879 1722 3928 Ne
1754 3873 1989 3929 incauta

273 3978 485 4020 eorum
520 3961 830 4030 ordinatio,
864 3961 965 4033 qui
997 3963 1069 4017 ad
1102 3961 1499 4034 episcOpatum
1532 3961 1851 4034 eliguntur,
1887 3979 1988 4019 va-

275 4055 393 4110 leat
426 4049 752 4122 provenire,
785 4049 1047 4122 vigilanti
1081 4051 1151 4106 de
1181 4065 1380 4106 eorum
1417 4053 1677 4122 personis
1707 4059 1794 4107 est
1825 4051 1989 4107 solli-

273 4143 549 4202 citudine
578 4141 1018 4212 requirendum.
1052 4141 1377 4196 Indicatum
1410 4140 1694 4212 siquidem
1722 4142 1886 4198 nobis
1909 4147 1994 4198 est

282 4232 674 4298 Florentium,
698 4230 1170 4287 archidiaconum
1196 4231 1459 4287 Ecclesiae
1480 4232 1873 4301 Anconitanae,
1893 4232 1993 4303 qui

283 4327 356 4381 ad
411 4324 816 4394 episcopatum
865 4321 1085 4377 electus
1135 4323 1346 4391 fuerat,
1397 4323 1708 4391 Scriptura;
1755 4324 1994 4395 quidem

280 4431 466 4471 sacras
502 4411 810 4468 scientiam
843 4412 1077 4479 habere,
1111 4413 1210 4468 sed
1232 4412 1308 4467 ita
1332 4412 1520 4468 astatis
1546 4427 1671 4468 esse
1694 4414 1855 4468 senio
1875 4414 1996 4483 jam

2093 3252 2294 3305 benler
2323 3249 2623 3319 amplexus
2653 3266 2809 3319 sum,
2846 3254 2901 3304 et
2929 3249 3162 3304 laudavi
3188 3248 3666 3304 vehementerzet
3697 3261 3799 3300 vos

2093 3340 2313 3405 felices,
2363 3355 2455 3394 me
2496 3339 2787 3394 infelicem
2855 3355 2981 3394 esse
3029 3339 3326 3410 deputavi,
3382 3337 3480 3407 qui
3533 3335 3636 3391 tali
3690 3335 3799 3390 hoc

2095 3434 2352 3499 tempore
2383 3428 2641 3499 regimen
2671 3427 2930 3483 Ecclesia:
2963 3429 3262 3499 suscipere
3295 3426 3583 3482 consensi.
3617 3423 3675 3480 Si
3709 3428 3797 3479 ta-

2095 3536 2226 3575 men
2258 3520 2490 3575 animus
2520 3523 2708 3574 vester
2740 3520 3002 3574 fortassis
3036 3517 3304 3573 fratribus
3325 3517 3797 3574 condescenden-

2095 3610 2188 3676 do,
2222 3617 2278 3665 et
2322 3608 2735 3664 misericordia
2785 3608 3057 3679 operibus
3105 3606 3392 3674 intentus,
3441 3606 3514 3659 ad
3548 3604 3658 3659 hoc
3690 3619 3800 3657 un-

2095 3716 2268 3770 quam
2323 3698 2652 3754 consentire
2705 3697 3062 3762 decreverit;
3131 3701 3262 3767 peto
3315 3699 3377 3750 ut
3435 3693 3619 3749 amori
3675 3708 3804 3748 meo

2096 3789 2276 3844 alium
2303 3787 2540 3842 minime
2565 3787 2934 3857 praeponatis.
2961 3786 3108 3841 Sunt
3131 3785 3284 3840 enim
3310 3785 3369 3838 in
3395 3782 3589 3838 Sicilia
3608 3781 3804 3838 insula

2097 3878 2364 3933 Ecclesiae
2390 3881 2664 3930 vacantes
2697 3875 2986 3947 episcopis
3015 3891 3028 3929 :
3060 3880 3116 3928 et
3148 3875 3196 3929 si
3225 3875 3386 3928 vobis
3419 3872 3625 3942 placet,
3659 3888 3806 3926 auc-

2095 3971 2217 4022 tore
2255 3969 2386 4033 Deo,
2423 3963 2736 4020 Ecclesiam
2768 3979 2987 4035 regere,
3013 3965 3184 4034 juxta
3206 3962 3359 4017 beati
3383 3962 3533 4015 Petri
3559 3960 3805 4030 apostoli

2098 4055 2321 4123 limina,
2353 4071 2488 4109 cum
2524 4055 2650 4123 ejus
2704 4052 2988 4122 adjutorio
3023 4051 3230 4106 melius
3271 4048 3526 4122 potestis.
3569 4048 3629 4103 Si
3672 4063 3808 4103 vero

2099 4162 2216 4202 non
2250 4145 2456 4216 placet,
2491 4143 2736 4198 feliciter
2785 4149 2950 4207 state,
3002 4148 3056 4197 et
3105 4156 3208 4210 pro
3258 4138 3426 4195 nobis
3471 4135 3808 4192 infelicibus

2102 4239 2352 4291 exorate.
2384 4257 2411 4284 ››
2443 4234 2670 4303 (Regist.
2697 4234 2795 4289 lib.
2827 4250 2884 4299 v,
2915 4248 2998 4304 ep.
3031 4232 3146 4301 42.)

2176 4324 2262 4378 14.
2324 4323 2546 4377 Interea
2606 4321 2912 4392 Gregorius
2983 4317 3127 4376 locis
3191 4317 3458 4384 munitis,
3517 4315 3808 4388 episcopis

2105 4413 2462 4474 constitutis.
2484 4412 2798 4483 dissipatas
2815 4410 3100 4467 Ecclesias
3118 4407 3432 4464 adunabat.
3451 4407 3812 4479 Quapropter

289 4505 651 4570 confectum,
673 4510 737 4557 ut
759 4503 830 4557 ad
855 4502 1159 4574 regiminis
1182 4502 1440 4557 officium
1465 4519 1578 4557 non
1605 4504 1996 4573 possitassur-
2032 4493 2074 4558 D
2109 4503 2411 4571 Bacaudze,
2445 4501 2766 4557 Formiensi
2800 4500 3093 4572 episcopo,
3141 4498 3362 4566 scribit,
3415 4499 3651 4554 dicens:
3688 4518 3715 4545 «
3745 4497 3813 4550 Et

286 4609 422 4667 gere
445 4611 460 4662 ;
482 4592 828 4664 adjicientes
852 4593 1023 4648 etiam
1047 4593 1127 4647 ita
1158 4592 1321 4647 illum
1359 4597 1614 4648 tenacem
1639 4593 1901 4661 existere,
1937 4600 1995 4647 ut

286 4686 347 4739 in
383 4684 628 4738 domum
661 4683 785 4752 ejus
815 4683 1038 4736 amicus
1073 4682 1144 4737 ad
1188 4682 1528 4737 charitatem
1575 4696 1871 4753 nunquam
1908 4684 1994 4736 in-

286 4777 496 4828 troeat.
532 4772 810 4827 Rusticus
837 4777 1054 4839 autem,
1102 4771 1382 4827 diaconus
1414 4772 1674 4842 ejusdem
1708 4772 1990 4834 Ecclesia,

286 4864 388 4934 qui
427 4860 708 4917 similiter
736 4860 953 4916 electus
985 4861 1193 4925 fuerat,
1243 4860 1490 4932 vigilans
1533 4861 1770 4931 quidem
1827 4861 2000 4918 homo

287 4954 526 5017 dicitur,
565 4952 692 5019 sed,
741 4955 1031 5021 quantum
1084 4952 1388 5015 asseritur,
1441 4951 1698 5006 Psalmos
1747 4951 2001 5023 ignorat-

293 5040 649 5096 i-‘lorentium
682 5055 840 5106 vero,
873 5040 1182 5094 diaconum
1216 5040 1484 5096 Ecclesiae
1507 5040 1877 5110 Ravennatis,
1902 5042 2001 5114 qui

292 5132 520 5187 electus
553 5129 626 5184 ab
658 5128 927 5184 omnibus
958 5135 1334 5197 memoratur,
1383 5129 1698 5186 sollicitum
1741 5147 1869 5187 esse
1899 5147 2002 5187 no-

293 5223 506 5289 vimus,
528 5220 630 5276 sed
652 5219 844 5292 qualis
860 5221 936 5276 sit
954 5221 1224 5288 interius,
1243 5221 1481 5278 omnino
1505 5223 1820 5279 nescimus.
1846 5224 2004 5281 Ideo-

293 5330 401 5384 que
439 5313 772 5368 fraternitas
803 5317 926 5378 tua,
974 5329 1092 5367 una
1142 5329 1271 5368 cum
1327 5315 1502 5369 fratre
1551 5319 1607 5369 et
1657 5315 2005 5387 coepiscopo

365 5520 442 5591 (a)
471 5516 788 5591 Aprutium
814 5533 927 5573 non
948 5517 1147 5574 civitas
1173 5521 1284 5585 est,
1309 5519 1404 5574 sed
1434 5519 1585 5586 regio
1611 5518 1810 5584 Italiae,
1838 5518 2007 5588 cujus

292 5589 560 5661 episCOpi
588 5589 754 5663 sedes
777 5594 864 5663 est
890 5591 1030 5645 urbs
1056 5591 1539 5656 lnteramnensis,
1565 5593 1734 5663 vulgo
1761 5593 2007 5659 Teramo,

294 5660 358 5718 ut
387 5663 673 5719 observat
707 5660 1041 5715 Bollandus.

365 5736 441 5802 ib)
481 5732 799 5788 Bollandus
835 5733 966 5806 legit
995 5733 1087 5788 hic
1116 5732 1470 5801 (thist'w'cmi,
1492 5735 1684 5806 aitque
1715 5734 2010 5788 libitinam

620 5833 884 5893 ΡΑτιοῐ..
933 5833 1162 5895 LXXV.

2111 4591 2388 4664 temporis
2421 4592 2742 4647 necessitas
2771 4607 2877 4645 nos
2911 4593 3199 4660 perurget,
3231 4593 3287 4642 et
3316 4586 3652 4642 imminutio
3685 4600 3811 4656 per-

2108 4698 2382 4738 sonarum
2439 4681 2615 4752 exigit
2665 4686 2730 4734 ut
2787 4679 3082 4734 destitutis
3145 4675 3439 4743 Ecclesiis,
3489 4675 3709 4732 salubri
3751 4689 3818 4729 ac

2108 4771 2347 4842 provida
2378 4771 2700 4825 debeamus
2746 4767 3132 4837 dispositione
3180 4780 3538 4821 succurrere.
3591 4764 3660 4819 Et
3686 4762 3815 4817 ideo

2109 4862 2387 4933 quoniam
2412 4860 2728 4915 Ecclesiam
2752 4859 3211 4915 Minturnensem
3232 4854 3498 4910 funditus
3517 4859 3632 4908 tam
3654 4851 3814 4918 cleri,

2109 4966 2283 5022 quam
2345 4949 2530 5022 plebis
2591 4948 2930 5005 destitutam
2982 4945 3336 5001 desolatione
3385 4940 3813 5014 cognovimus:

2112 5045 2388 5112 tuamque
2450 5057 2550 5112 pro
2609 5055 2676 5094 ea
2730 5038 3093 5110 petitionem,
3155 5037 3440 5106 quatenus
3490 5030 3815 5087 Formianis

2113 5130 2401 5199 Ecclesiae,
2438 5130 2497 5186 in
2540 5146 2656 5202 qua
2686 5126 2839 5184 beati
2886 5123 3113 5182 Erasmi
3165 5121 3438 5195 martyris
3485 5135 3697 5193 corpus
3723 5137 3816 5177 re-

2115 5222 2363 5296 quiescit
2412 5223 2619 5291 cuique
2681 5217 3012 5275 fratcrnitas
3072 5219 3171 5269 tua
3227 5214 3518 5284 praesidet,
3576 5212 3819 5284 adjungi

2115 5313 2340 5379 debeat,
2375 5311 2517 5384 piam
2542 5326 2670 5367 esse
2692 5325 2755 5365 ac
2771 5304 3167 5378 justissimam
3193 5302 3559 5375 providentes
3584 5319 3598 5358 :
3623 5317 3821 5359 neces-

2119 5525 2216 5573 aut
2270 5514 2579 5580 nhisinam,
2632 5505 3062 5580 Mesopotamia:
3123 5519 3267 5580 esse
3298 5501 3501 5580 urbem
3559 5501 3821 5580 inSyriaa

2121 5572 2390 5650 eonﬁnio,
2427 5602 2539 5641 non
2569 5572 2885 5658 'procul_fab
2931 5579 3164 5658 Edessa.
3209 5573 3436 5658 _Mabi.ll‘.
3483 5572 3818 5658 hna‘bet‘cum

2124 5660 2289 5786 Sudrio
2343 5644 2687 5779 ﬁinurneizsi.
2745 5655 2883 5741 Ytde
2934 5657 3103 5723 notas
3155 5645 3451 5741 adv‘epist‘.
3504 5645 3573 5699 28
3622 5644 3754 5726 libri
3788 5661 3828 5710 1,

2125 5739 2400 5787 1n_tct.-._.
2909 5754 2964 5767 --
3067 5761 3078 5768 .
3192 5738 3197 5741 ·
3309 5733 3354 5768 ..'.
3421 5730 3632 5784 :-;-,.'_'.
3702 5737 3713 5743 '
