4114 6178
289 238 425 303 139-

766 228 845 289 ε.»
881 222 1249 290 GREGORII
1292 219 1525 284 PAPE
1566 216 1780 289 'VI'I‘A,
1828 210 2193 276 AUGTORE
2234 210 2537 274 JOANNE
2580 210 2950 272 DIACONO.
2998 211 3145 270 LIB.
3194 212 3303 271 lIl.

3685 216 3800 277 140

286 376 509 436 sarium
538 371 837 439 duximus,
886 362 1255 423 consulentes
1302 363 1423 416 tam
1475 352 1823 413 desolationi
1874 349 1981 407 loci
2017 351 2070 419 Α
2101 346 2455 403 constituere
2484 347 2883 439 sacerdotem:
2920 348 2983 401 ut
3012 349 3068 403 et
3096 348 3635 439 susceptamisemel
3670 350 3799 407 ani-

286 468 469 533 illius,
506 479 685 538 quam
715 464 829 516 tuas
857 452 1123 513 Ecclesia:
1155 448 1507 523 paupertati,
1537 446 1758 538 reditus
1784 458 1990 538 supra-

286 560 453 617 dicta
486 533 751 614 Ecclesia:
784 544 1208 607 Minturnensis
1240 540 1325 596 vel
1358 538 1644 613 quidquid
1678 535 1728 590 ei
1752 533 1989 603 antiquo

285 649 683 717 modernoque
707 641 841 713 jure
870 637 956 693 vel
992 632 1288 707 privilegio
1340 630 1528 717 potuit
1554 631 1814 717 potestve
1840 636 1989 693 qua—

282 734 427 791 libet
453 713 679 790 ratione
708 728 1057 796 competere,
1090 719 1160 775 ad
1194 723 1306 773 tuae
1354 714 1615 771 Ecclesiae
1659 713 1761 783 jus
1793 716 1983 781 potes-

280 830 576 896 tatemque
606 821 714 876 hac
758 810 1032 889 pracepti
1082 808 1268 864 nostri
1319 805 1663 896 auctoritate
1706 801 1984 896 migrare,

280 919 348 971 ut
376 931 412 970 a
435 887 707 987 presenti
741 887 996 972 tempore
1025 898 1199 957 sicuti
1230 899 1301 953 de
1335 893 1566 989 propria
1598 887 1985 989 Ecclesiade-

279 979 977 1073 beas'cogitare,‘eique
1034 988 1427 1061 competentia
1502 987 1601 1039 tua
1657 979 1985 1053 provisione

279 1072 607 1166 disponere,
641 1092 928 1160 quatenus
951 1080 1225 1152 deinceps
1248 1076 1412 1169 quod
1421 1072 1615 1169 perire
1638 1082 1985 1169 truncusque

276 1159 489 1255 potuit,
522 1159 849 1253 pauperum
879 1170 1149 1229 Ecclesiae
1181 1175 1291 1224 tua;
1334 1162 1690 1221 utilitatibus
1729 1159 1984 1228 clerique

276 1270 564 1347 proﬁciat.
597 1288 627 1319 »
658 1266 883 1337 (Regisl.
916 1262 1015 1319 lib.
1050 1278 1092 1328 ι,
1123 1275 1206 1331 ep.
1239 1257 1320 1348 8.)
1616 1341 1625 1348 _
1830 1336 1864 1348 Η

347 1363 493 1419 Item
532 1336 825 1417 Benenato
854 1352 1165 1424 episcopo:
1215 1369 1237 1397 ι
1273 1347 1341 1403 Et
1383 1341 1662 1415 temporis
1710 1336 1977 1411 qualitas,

274 1458 333 1511 et
359 1448 630 1509 vicinitas
664 1463 771 1504 nos
801 1444 1062 1500 locorum
1104 1438 1331 1504 invitat,
1362 1438 1429 1491 ut
1457 1434 1777 1490 Cumanam
1808 1434 1980 1499 atque

275 1538 646 1599 Misenatium
678 1533 844 1593 unire
875 1533 1195 1589 debeamus
1232 1524 1521 1584 Ecclesiae
1547 1539 1561 1578 :
1594 1519 1868 1593 quoniam
1892 1518 1978 1572 has

272 1649 390 1691 non
422 1630 597 1701 longo
624 1643 659 1683 a
689 1641 752 1682 se
780 1621 1008 1680 itineris
1038 1615 1344 1675 intervallo
1372 1614 1650 1701 sejunctas
1672 1610 1974 1701 92‘sunt:

270 1739 399 1790 nec,
431 1698 685 1792 peccatis
718 1712 1099 1811 facientibus1
1116 1712 1281 1811 tanta
1303 1702 1505 1811 populi
1515 1698 1842 1811 Jmpltitpdo
1864 1700 1972 1763 est,
2008 1747 2056 1811 Β

270 1816 337 1870 ut
369 1807 657 1881 singulos,
692 1803 845 1861 sicut
883 1800 1020 1857 olim
1073 1797 1202 1863 fuit,
1249 1796 1459 1852 habere
1507 1792 1754 1881 debeant
1782 1802 1978 1881 sacer-

272 1877 643 1964 dotem—Quia
670 1894 851 1966 igitur
879 1887 1127 1948 Cumani
1158 1884 1335 1943 castri
1357 1882 1632 1941 sacerdos
1654 1880 1779 1934 vitae
1805 1877 1979 1949 hujus

278 2004 521 2048 cursum
553 1983 821 2057 explevit.
868 1986 1143 2050 utrasque
1188 1993 1295 2033 nos
1341 1971 1629 2030 Ecclesias
1671 1966 1978 2041 praesentis

272 2077 635 2138 auctoritatis
668 2073 879 2148 pagina
908 2070 1107 2127 unisse
1132 2066 1354 2139 tibique
1375 2059 1740 2122 commisisse
1772 2073 1982 2148 cogno-

275 2184 394 2238 sce,
428 2147 849 2241 propriumque
895 2164 1278 2228 utrarumque
1326 2151 1715 2209 Ecclesiarum
1748 2147 1892 2203 scito
1922 2149 1979 2247 te

276 2275 407 2317 esse
440 2256 814 2331 pontificem;
847 2261 901 2309 et
933 2261 1295 2323 quascunque
1326 2243 1428 2299 tibi
1458 2243 1529 2298 de
1558 2255 1758 2331 earum
1793 2242 1982 2309 patri-

277 2348 474 2406 monio
502 2346 591 2401 vel
622 2343 761 2401 cleri
794 2339 1162 2399 ordinatione
1212 2332 1646 2406 promotioneve
1679 2330 1848 2399 juxta
1878 2343 1981 2382 ca-

274 2452 494 2496 nonum
526 2436 743 2492 statuta
773 2431 899 2487 visa
932 2427 1142 2485 fuerint
1165 2423 1434 2481 ordinare
1456 2426 1628 2490 atque
1651 2419 1978 2491 disponere,

271 2520 540 2584 habebis,
594 2522 659 2573 ut
704 2514 973 2589 proprius
1024 2527 1221 2568 revera
1260 2507 1556 2571 sacerdos,
1606 2503 1852 2559 liberam
1912 2517 1982 2589 ex

272 2616 483 2668 nostris
515 2588 883 2664 auctoritatis
923 2616 1210 2658 consensu
1261 2602 1437 2669 atque
1484 2593 1868 2665 permissione
1898 2588 1978 2644 li-

271 2699 545 2757 centiam.
580 2696 690 2752 Ubi
720 2710 854 2750 vero
885 2690 1252 2749 commodius
1290 2690 1391 2742 aut
1438 2684 1642 2739 utilius
1689 2696 1816 2738 esse
1848 2696 1978 2752 pro-

266 2787 552 2861 spexeris,
588 2785 848 2841 habitata
876 2800 889 2836 :
925 2784 1004 2836 ita
1035 2794 1175 2836 sane
1207 2784 1269 2833 ut
1299 2776 1541 2831 alteram
1573 2771 1915 2861 Ecclesiam,
1947 2786 1980 2825 a

269 2860 385 2948 qua
415 2873 795 2945 corporaliter
824 2872 895 2925 ad
930 2884 1187 2941 praesens
1219 2865 1431 2921 absens
1457 2879 1543 2930 es,
1576 2860 1817 2917 sollicita
1847 2874 1977 2930 pro-

269 2962 610 3034 videntique
627 2977 694 3016 cu
706 2960 1075 3028 radisponas,
1095 2962 1386 3027 quatenus
1404 2951 1599 3006 divina
1621 2949 1740 3005 illic
1762 2952 1980 3019 myste-

270 3054 359 3109 ria
388 3050 748 3118 solemniter,
781 3047 1099 3103 auxiliante
1127 3042 1396 3109 Domino,
1427 3042 1799 3111 peragantur.
1842 3037 1979 3091 Fra-

2102 452 2325 493 marum
2357 453 2555 491 curam
2592 435 2803 492 intuitu
2836 436 3038 491 future:
3079 436 3481 494 retributionis
3510 438 3760 510 impleas
3792 458 3807 510 ;

2098 532 2155 582 et
2185 526 2319 582 licet
2350 543 2383 582 a
2411 529 2534 594 tua,
2567 525 2735 580 hoste
2765 526 3132 591 imminente,
3183 528 3463 597 depulsus
3493 528 3596 596 eis,
3629 530 3808 587 aliam

2097 633 2227 689 quae
2258 621 2493 687 pastore
2523 618 2705 679 vacat,
2738 615 2954 671 debeas
2985 614 3302 671 Ecclesiam
3335 616 3695 688 gubernare:
3722 619 3801 675 ita

2095 710 2318 772 tamen,
2353 712 2409 760 ut
2441 704 2490 760 si
2522 705 2810 760 civitatem
2842 705 3001 775 illam
3048 706 3320 763 hostibus
3359 706 3600 763 liberam
3625 709 3804 777 effici,

2095 803 2149 854 et
2173 795 2417 851 Domino
2448 804 2805 868 protegente,
2835 797 2905 851 ad
2939 796 3183 869 priorem
3236 802 3456 854 statum
3488 799 3803 871 contigerit

2094 884 2370 951 revocari,
2404 886 2461 940 in
2494 901 2621 941 eam
2655 886 2713 939 in
2744 903 2854 957 qua
2883 890 2942 941 ct
2973 886 3137 958 prius
3167 886 3472 943 ordinatus
3503 904 3564 944 es
3594 887 3801 944 Eccle-

2092 975 2241 1032 siam
2273 976 2597 1032 revertaris.
2630 976 2689 1031 Si
2720 980 2914 1032 autem
2960 977 3235 1048 prazdicta
3282 977 3484 1033 civitas
3514 978 3799 1034 continua

2092 1066 2443 1139 captivitatis
2474 1065 2798 1123 calamitate
2830 1066 3133 1138 premitur,
3168 1067 3224 1122 in
3252 1067 3361 1123 hac
3392 1068 3451 1123 in
3483 1084 3602 1140 qua
3629 1086 3660 1123 a
3692 1085 3797 1124 no-

2091 1156 2181 1212 bis
2208 1158 2507 1212 ordinatus
2554 1174 2635 1224 es,
2693 1158 2903 1214 debeas
2952 1157 3211 1215 Ecclesia
3257 1159 3725 1230 permanere(a).
3765 1181 3793 1209 »

2091 1246 2315 1318 (Regist.
2349 1245 2539 1315 (£12.11,
2568 1263 2650 1317 ep.
2683 1248 2798 1317 37.)

2163 1338 2304 1392 Item
2336 1336 2572 1403 Joanni,
2620 1336 2889 1408 episcopo
2962 1337 3261 1394 Velitrano
3313 1355 3327 1394 ;
3385 1360 3415 1390 α
3477 1341 3792 1412 Postquam

2089 1427 2320 1485 hostilis
2351 1427 2621 1499 impietas
2652 1429 3013 1483 diversarum
3045 1428 3365 1498 civitatum,
3417 1429 3496 1485 ita
3542 1431 3795 1500 peccetis

2089 1517 2456 1586 facientibus,
2488 1516 2763 1573 desolavit
2788 1517 3083 1588 ecclesias,
3108 1522 3170 1573 ut
3193 1518 3499 1590 reparandi
3531 1534 3626 1575 eas
3655 1534 3793 1590 spes

2086 1606 2267 1677 nulla,
2298 1605 2512 1679 populo
2559 1607 2887 1673 deficiente,
2940 1608 3332 1675 remanserit:
3386 1608 3593 1679 majori
3622 1608 3791 1664 valde

2085 1714 2221 1755 cura
2243 1699 2722 1770 constringimur,
2739 1714 2809 1753 ne
2829 1697 3121 1754 defunctis
3143 1714 3345 1755 earum
3366 1700 3789 1767 sacerdotibus,

2085 1788 2346 1860 reliquias
2379 1788 2586 1860 plebis,
2622 1787 2784 1843 nullo
2831 1788 3082 1859 pastoris
3134 1789 3532 1853 moderamine
3584 1790 3792 1861 guber-

2086 1888 2253 1949 nataa,
2286 1896 2388 1952 per
2417 1880 2572 1935 invia
2605 1879 2758 1943 fidei,
2805 1879 2984 1935 hostis
3037 1878 3228 1935 callidi
3279 1880 3599 1951 rapiantur,
3632 1881 3791 1952 quod

2085 1971 2254 2037 absit,
2290 1971 2526 2027 invidia.
2563 1970 2749 2041 Hujus
2779 1985 2913 2041 ergo
2937 1969 3014 2025 rei
3038 1968 3437 2026 sollicitudine
3458 1986 3608 2040 saepe
3627 1986 3795 2027 coma

2087 2061 2313 2128 moniti,
2349 2060 2455 2117 hoc
2495 2061 2596 2116 98
2651 2064 2851 2115 nostro
2908 2059 3056 2115 sedit
3112 2059 3284 2115 corde
3331 2059 3665 2128 consilium,
3722 2065 3790 2118 ut

2085 2151 2293 2209 vicinis
2322 2167 2421 2208 eas
2471 2152 2880 2206 mandaremus
2931 2150 3305 2221 pontificibus
3353 2152 3790 2222 gubernandas.

2090 2243 2339 2313 Ideoque
2384 2241 2731 2295 fraternitati
2781 2245 2892 2294 tuae
2941 2256 3141 2295 curam
3194 2240 3793 2311 gubernationemque

2088 2333 2268 2388 trium
2300 2332 2672 2387 tabernarum
2711 2331 2966 2387 ecclesiae
3018 2332 3389 2403 praevidimus
3421 2332 3789 2388 committen-

2088 2422 2246 2486 dam,
2281 2437 2453 2490 quam
2484 2425 2595 2476 tua:
2627 2419 2882 2476 ecclesia
2923 2420 3223 2493 aggregari
3255 2421 3527 2490 unirique
3558 2438 3790 2477 necesse

2087 2513 2177 2565 est
2208 2527 2219 2563 :
2257 2513 2543 2580 quatenus
2576 2512 2957 2579 utrarumque
3001 2508 3383 2565 ecclesiarum
3428 2511 3697 2566 sacerdos
3727 2514 3785 2563 et

2088 2602 2294 2666 rector,
2342 2598 2568 2653 Christo
2619 2598 2904 2668 adjutore,
2955 2598 3147 2668 possis
3196 2600 3476 2664 existere;
3528 2603 3584 2654 ct
3633 2616 3787 2669 qua:-

2086 2706 2318 2761 cunque
2339 2690 2445 2744 tibi
2476 2690 2545 2743 de
2575 2689 2703 2759 ejus
2736 2688 3111 2756 patrimonio,
3144 2689 3232 2745 vel
3265 2688 3399 2745 cleri
3421 2689 3791 2746 ordinatione

2086 2795 2189 2835 seu
2232 2779 2609 2850 promotione,
2660 2777 2922 2850 vigilanti
2962 2796 3029 2833 ac
3077 2779 3351 2835 canonica
3402 2780 3526 2834 visa
3574 2780 3787 2835 fuerint

2086 2885 2224 2925 cura
2253 2869 2580 2939 disponere,
2613 2867 2824 2939 quippe
2855 2872 2921 2923 ut
2959 2868 3211 2940 pontifex
3240 2868 3511 2939 proprius
3544 2868 3787 2923 liberam

2085 2958 2328 3015 habebis
2357 2974 2425 3014 ex
2456 2958 2727 3028 praesenti
2762 2962 2960 3015 nostra
2993 2958 3374 3029 permissione
3403 2957 3725 3014 licentiam.
3756 2980 3781 3005 η

2090 3048 2311 3118 (Regisl.
2346 3048 2441 3103 lib.
2476 3064 2538 3110 ιι,
2570 3063 2653 3118 ep.
2689 3048 2803 3118 50.)

273 3140 514 3196 teruitas
533 3153 667 3208 ergo
682 3125 1983 3196 tualantoinadhortationibuslucrandisque
2013 3121 2061 3187 Ο
2163 3139 2299 3193 nam
2332 3138 2597 3193 gratioso
2634 3137 2998 3193 Numenrano
3041 3138 3312 3210 episcopo
3343 3154 3539 3193 curam
3571 3137 3790 3207 suber-

269 3229 586 3287 animabus
615 3223 956 3283 sollicitiore
988 3238 1128 3277 cura
1166 3235 1393 3291 semper
1440 3215 1723 3289 invigilet,
1755 3220 1971 3286 quanto

268 3332 332 3373 se
364 3314 663 3371 unitarum
696 3308 1080 3365 Ecclesiarum
1130 3303 1575 3376 gubernationis
1625 3316 1802 3357 onera
1831 3316 1971 3355 sus-

266 3405 491 3476 cepisse
522 3400 842 3475 cognoscit.
879 3419 904 3451 »
941 3398 1079 3471 (Lib.
1116 3413 1178 3464 ιι,
1211 3412 1297 3467 ep.
1331 3393 1443 3464 45.)

340 3496 430 3551 15.
461 3496 534 3550 At
563 3509 693 3549 vero
724 3490 1028 3547 civitatum
1076 3486 1461 3542 desolatarum
1494 3482 1792 3555 pontifices
1824 3480 1967 3536 Gre-

265 3584 465 3658 gorius
520 3580 863 3639 vacantibus
912 3576 1247 3634 civitatibus
1291 3574 1657 3630 incardinare
1705 3570 1964 3626 curabat.

268 3677 429 3733 Unde
459 3671 727 3739 Martino,
759 3669 1031 3742 episcopo
1071 3666 1337 3732 Corsicae,
1387 3664 1541 3719 inter
1589 3669 1792 3717 caetera
1821 3660 1965 3714 scri-

264 3766 445 3820 bens:
480 3785 508 3813 «
537 3761 848 3830 Quoniam,
880 3758 1091 3831 inquit,
1124 3754 1376 3813 Ecclesia
1405 3752 1730 3820 Tamitana,
1762 3749 1820 3804 in
1855 3766 1966 3820 qua

262 3853 489 3909 dudum
523 3851 713 3908 fuerat
740 3851 959 3906 honore
988 3844 1336 3903 sacerdotali
1364 3848 1466 3899 tua
1499 3840 1832 3897 fraternitas
1864 3840 1964 3893 de-

264 3948 481 4010 corata,
512 3940 595 3996 ita
634 3946 740 4007 est,
792 3936 1020 3994 delictis
1068 3933 1438 3998 facientibus,
1488 3930 1687 3987 hostili
1739 3929 1964 3985 feritate

262 4034 547 4104 occupata
576 4034 635 4086 et
662 4029 877 4097 diruta,
910 4031 977 4081 ut
1014 4026 1155 4080 illuc
1202 4023 1445 4079 ulterius
1486 4038 1619 4092 spes
1668 4020 1961 4076 remeandi

261 4121 425 4179 nulla
455 4119 843 4178 remanserit:
874 4118 935 4173 in
981 4115 1275 4171 Ecclesiam
1320 4116 1376 4166 te
1423 4112 1802 4178 Aleriensem,
1837 4126 1962 4181 quas

252 4213 378 4282 jam
410 4210 510 4265 diu
536 4213 626 4264 est
656 4206 950 4280 pontificis
981 4202 1196 4260 auxilio
1243 4200 1534 4265 destituta,
1582 4198 1960 4264 cardinalem,

256 4299 579 4354 secundum
634 4294 927 4368 petitionis
977 4297 1087 4348 tuae
1139 4291 1398 4357 modum,
1474 4288 1575 4343 hac
1621 4287 1962 4343 auctoritate

255 4384 664 4442 constituimus
692 4384 817 4439 sine
848 4382 1024 4437 dubio
1057 4380 1434 4436 sacerdotem.
1476 4378 1557 4432 Ita
1599 4392 1729 4448 ergo
1762 4377 1957 4434 studio

2079 3228 2494 3299 nationemque
2514 3228 2590 3299 (b)
2616 3227 2799 3283 sancti
2831 3227 3129 3282 Anthemii
3163 3227 3438 3294 ecclesiae,
3467 3227 3523 3281 in
3551 3226 3789 3281 Curium

2081 3318 2330 3374 civitatis
2382 3319 2736 3374 Sabinorum
2796 3319 3083 3375 territorio
3150 3318 3480 3375 constitutas
3540 3316 3795 3372 incardi-

2080 3410 2274 3465 nando
2304 3409 2622 3479 conjunxit.
2677 3410 2821 3464 Item
2869 3408 3107 3477 Agnello
3168 3408 3445 3480 episcopo
3505 3407 3789 3462 Fundano

2078 3503 2207 3571 post
2239 3498 2466 3568 aliqua:
2505 3520 2532 3549 ‹‹
2565 3497 2847 3562 Quoniam
2892 3504 3125 3569 propter
3156 3498 3378 3552 cladem
3413 3496 3781 3564 hostilitatis,

2078 3605 2184 3645 nec
2214 3588 2274 3644 in
2305 3588 2553 3659 civitate,
2586 3603 2692 3643 nec
2727 3588 2785 3643 in
2816 3588 3057 3644 ecclesia
3101 3593 3203 3643 tua
3239 3591 3329 3644 est
3363 3587 3638 3658 cuiquam
3672 3586 3783 3641 ha-

2078 3674 2300 3730 bitandi
2326 3673 2600 3729 licentia:
2626 3675 2755 3729 ideo
2779 3674 2886 3730 hac
2911 3683 2962 3729 te
2987 3674 3333 3731 auctoritate
3357 3679 3551 3730 nostra
3572 3673 3778 3727 Terra-

2076 3765 2321 3822 cinensis
2354 3765 2611 3821 ecclesiae
2647 3766 3001 3821 cardinalem
3046 3766 3470 3821 constituimus
3511 3764 3777 3819 sacerdo-

2076 3862 2215 3914 tem.
2263 3881 2288 3907 ››
2323 3859 2461 3930 (Lib.
2499 3875 2587 3925 ru,
2619 3875 2702 3929 ep.
2735 3859 2848 3930 20.)
2884 3858 2947 3913 Et
2981 3864 3108 3930 post
3139 3873 3361 3929 pauca:
3396 3876 3426 3910 (ί
3459 3856 3607 3912 Illud
3640 3873 3776 3926 quo-

2076 3966 2188 4020 que
2222 3950 2639 4005 fraternitatem
2674 3954 2834 4004 tuam
2879 3950 3025 4005 scire
3075 3964 3311 4004 necesse
3356 3952 3464 4015 est,
3498 3948 3775 4019 quoniam

2076 4038 2161 4092 sic
2190 4042 2244 4093 te
2272 4038 2553 4105 praedictae
2614 4036 3050 4093 Terracineneis
3104 4036 3359 4094 ecclesiae
3419 4036 3774 4093 cardinalem

2075 4142 2202 4182 esse
2233 4127 2648 4182 constituimus
2679 4127 3058 4195 sacerdotem,
3094 4135 3154 4182 ut
3176 4131 3231 4182 et
3256 4125 3579 4182 Fundeusis
3600 4124 3780 4181 eccle-

2073 4217 2172 4272 siae
2206 4216 2459 4288 pontifex
2493 4233 2621 4272 esse
2657 4233 2769 4272 non
2802 4217 3053 4285 desinas,
3085 4233 3190 4272 nec
3238 4233 3436 4271 curam
3479 4216 3778 4286 guberna-

2072 4306 2412 4376 tionemque
2445 4312 2770 4377 praetereas.
2807 4330 2834 4357 ››
2871 4307 3025 4378 (Ibid.
3059 4323 3142 4378 ep.
3180 4307 3293 4379 23.)

2152 4394 2233 4447 l6.
2268 4394 2375 4448 Sed
2408 4398 2464 4449 et
2495 4394 2768 4465 expulsos
2799 4395 3123 4466 episcopos,
3157 4411 3306 4465 quos
3338 4399 3455 4450 tam
3490 4393 3603 4449 cito
3635 4393 3778 4449 Gre-

254 4476 517 4547 vigilanti
550 4491 684 4531 eum
716 4474 818 4531 Dei
850 4490 1046 4530 amore
1095 4472 1423 4527 secundum
1472 4485 1760 4525 canonum
1813 4487 1957 4542 pra:-

2088 4482 2289 4554 gorius,
2322 4482 2408 4538 Vel
2440 4483 2807 4540 incardinare
2839 4501 2952 4538 non
2990 4488 3234 4555 poterat,
3283 4482 3368 4538 vel
3409 4499 3651 4553 quorum
3687 4498 3776 4539 το-

252 4570 423 4638 cepta
451 4572 662 4622 cuncta
686 4565 929 4635 dispone
956 4564 1011 4618 et
1043 4560 1265 4626 ordine,
1300 4565 1384 4627 ut,
1417 4563 1472 4616 et
1504 4559 1824 4615 fraternitas
1859 4565 1959 4617 tua

251 4654 378 4713 suis
412 4651 720 4711 desideriis
749 4667 812 4709 se
840 4650 1095 4724 gaudeat
1142 4666 1271 4707 esse
1316 4649 1585 4721 potitam,
1616 4653 1672 4705 et
1702 4648 1958 4707 Ecclesia

250 4742 350 4801 Dei
381 4744 607 4801 alterno
637 4742 847 4815 gaudio
893 4741 1204 4813 repleatur,
1258 4738 1609 4795 cardinalem
1659 4743 1712 4794 te
1760 4756 1955 4798 susce-

244 4835 402 4907 pisse
427 4832 784 4909 pontiﬂcem.
819 4853 847 4881 »
879 4831 1103 4901 (Regist.
1137 4829 1234 4883 lib.
1262 4846 1302 4895 ι,
1334 4844 1418 4900 ep.
1448 4825 1565 4903 79.)

318 4931 462 4988 Item
509 4930 716 4987 Joanni
766 4930 1040 5001 episcopo
1082 4925 1441 4999 Squillacino
1493 4943 1505 4980 :
1560 4948 1586 4976 ‹‹
1637 4927 1953 4984 Pastoralis

245 5020 421 5079 officii
451 5037 591 5079 cura
621 5037 727 5079 nos
749 5021 1045 5085 admonet,
1070 5016 1364 5073 destitutis
1394 5016 1663 5072 Ecclesiis
1687 5018 1953 5088 proprios

244 5109 598 5166 constituere
615 5109 971 5171 sacerdotes,
996 5105 1094 5178 qui
1116 5120 1349 5177 gregem
1371 5103 1743 5161 Dominicum
1764 5112 1953 5175 pasto-

242 5193 351 5250 rali
400 5196 650 5254 debeant
701 5195 1096 5254 sollicitudine
1142 5196 1487 5267 gubernare.
1542 5193 1849 5265 Propterea
1897 5197 1953 5250 te

236 5287 524 5343 Joannem
555 5286 629 5341 ab
659 5286 927 5344 hostibus
972 5284 1330 5358 captivatum
1385 5282 1652 5339 Lisitanrs
1703 5285 1950 5340 civitatis

240 5371 578 5446 episcopum
598 5375 657 5430 in
675 5373 1038 5447 Squillacina
1054 5372 1411 5430 cardinalem
1429 5372 1950 5429 necesseduximus

301 5554 381 5626 (α)
418 5553 551 5639 Ilec
580 5568 769 5637 usque
801 5554 871 5639 ad
901 5554 1032 5639 Item
1059 5554 1335 5639 Gratiosq,
1371 5554 1752 5639 Bollandiana
1774 5555 1950 5613 editio

232 5624 503 5749 respuit;
536 5624 914 5699 reperiuntur
941 5630 1137 5681 tamen
1172 5624 1406 5708 inoMss.
1442 5626 1677 5684 nostris.

302 5702 340 5772 ξΔ
375 5694 753 5775 )Le‘gendum
790 5698 933 5754 forte
974 5698 1029 5753 5.
1086 5696 1374 5755 Euthzmn.
1428 5697 1675 5756 Consule
1720 5697 1943 5757 Bollan-

2069 4572 2258 4628 ditum
2294 4576 2363 4628 ad
2395 4575 2564 4628 sedes
2598 4574 2862 4645 proprias
2909 4574 3246 4645 contingere
3280 4590 3449 4644 posse
3480 4572 3774 4644 sperabat,

2062 4660 2190 4717 aliis
2221 4662 2535 4733 episc0pis,
2570 4663 2664 4731 qui
2699 4668 2834 4717 tunc
2867 4661 3129 4717 videlicet
3170 4663 3227 4717 in
3274 4662 3416 4719 locis
3447 4663 3571 4718 suis
3598 4663 3774 4734 dege-

2061 4750 2221 4821 bant,
2267 4751 2499 4807 interim
2548 4768 2650 4822 pro
2697 4751 3121 4807 sustentatione
3173 4768 3237 4806 ac
3279 4751 3585 4822 stipendiis
3632 4767 3775 4820 pras-

2061 4840 2241 4895 sentis
2272 4840 2399 4895 vitae
2423 4839 2725 4911 jungebat,
2759 4839 3128 4911 generaliter,
3172 4840 3376 4896 dicens
3413 4858 3425 4895 :
3478 4862 3506 4890 «
3541 4840 3771 4897 Fratres

2058 4931 2114 4982 et
2145 4928 2517 5000 coepiscopos
2544 4935 2799 4997 nostros,
2834 4946 2981 5002 quos
3012 4934 3069 4985 et
3116 4930 3469 5000 captivitatis
3515 4930 3771 4985 diversa-

2058 5034 2310 5089 rumque
2343 5018 2753 5074 necessitatum
2786 5021 3076 5091 angustiae
3097 5019 3516 5090 comprimunt,
3538 5020 3771 5075 studcte

2058 5108 2463 5176 consolandos,
2499 5110 3006 5182 convivendosque
3050 5109 3350 5165 vobiscum
3402 5109 3461 5164 in
3492 5108 3772 5165 ecclesia-

2058 5196 2222 5252 sticis
2247 5198 2769 5254 sustentationibue
2790 5198 3032 5254 libenter
3054 5198 3377 5271 suscipere:
3402 5214 3511 5253 non
3529 5197 3769 5269 quidem

2057 5290 2122 5341 ut
2164 5301 2264 5353 per
2320 5286 2796 5343 communionem
2855 5286 3205 5359 episcopalis
3265 5286 3455 5342 throni
3513 5287 3771 5356 dignitas

2056 5372 2368 5443 dividatur,
2395 5375 2493 5431 sed
2512 5383 2568 5430 ut
2588 5376 2658 5431 ab
2680 5374 3115 5447 Ecclesiajuxta
3133 5374 3581 5446 possibilitatem
3604 5374 3769 5429 suffi-

2055 5552 2195 5693 gitur;
2229 5556 2481 5679 aid-[hunc
2512 5556 2725 5614 locum.
2765 5555 2986 5613 Ibidem
3020 5572 3053 5614 a
3080 5555 3247 5613 Cures
3278 5555 3493 5615 format
3526 5552 3767 5624 Caritas,

2194 5642 2303 5681 ιιῑνι
2332 5642 2403 5683 σε.

2194 5642 2403 5683 ιιῑνιτσδ.
