4088 6172
238 215 351 276 141

717 212 783 271 S.
826 206 1199 270 GREGORII
1242 207 1475 268 PAPJE
1518 206 1728 279 VITA,
1776 208 2141 270 AUCTORE
2184 212 2486 276 JOANNE
2534 218 2897 285 DIACONO.
2948 226 3100 286 LIB.
3151 226 3252 290 III.

3639 238 3769 306 142.

228 350 448 408 cientis
474 347 725 406 debeant
754 344 1032 403 alimenta
1060 345 1370 419 percipere.
1410 343 1503 402 Sic
1533 344 1689 401 enim
1719 349 1778 401 et
1807 362 1941 418 pro-
1969 349 2025 416 Α
2054 364 2227 405 suum
2260 356 2487 424 recepta
2529 356 2809 414 Dominici
2861 363 3115 433 corporis
3163 372 3577 431 communione
3626 392 3756 432 cor.

222 443 450 499 ximam
483 441 544 495 in
580 443 714 505 Deo,
746 441 803 494 et
834 439 1016 493 Deum
1046 437 1106 492 in
1130 436 1393 508 proximo
1417 435 1658 508 diligere
1674 452 1938 508 compro-

223 532 455 587 bamur.
493 528 723 586 Nullam
771 528 985 598 quippe
1044 526 1129 582 eis
1171 543 1276 581 nos
1309 526 1367 581 in
1415 528 1621 582 vestris
1675 527 1937 584 ecclesiis

218 620 633 677 auctoritatem
668 617 1007 685 tribuimus,
1041 617 1142 673 sed
1188 623 1411 671 tantum
1460 616 1667 673 vestris
1714 617 1936 674 solatiis

218 727 322 767 eos
359 708 648 768 contineri
677 722 1045 778 summopere
1075 705 1397 763 hortamur.
1433 725 1460 755 η
1505 708 1731 777 (Regist.
1765 708 1860 763 lib.
1895 724 1931 776 ι,

218 816 306 873 cp.
338 802 454 871 45.)

294 894 378 946 17.
418 891 570 947 Loca
600 905 835 962 quoque
882 888 1109 945 sedium
1160 887 1651 958 prudentissimus
1682 889 1938 960 pontifex

216 979 645 1053 acceptajusta
691 976 995 1034 occasione
1035 977 1313 1032 mutabat.
1362 976 1523 1033 Unde
1550 977 1784 1045 Joanni,
1816 979 1937 1051 epi-

216 1087 392 1141 scopo
414 1069 740 1125 Vellitrano
764 1067 986 1137 scribit,
1021 1066 1223 1122 dicens
1248 1084 1261 1123 :
1294 1089 1323 1117 «
1355 1066 1660 1138 Temporis
1690 1067 1940 1139 qualitas

222 1163 520 1228 admonet,
548 1161 954 1232 episcoporum
982 1157 1152 1214 sedes
1176 1157 1495 1229 antiquitus
1524 1158 1696 1215 certis
1736 1158 1939 1214 civita-

214 1255 377 1308 tibus
411 1252 792 1317 constitutas,
848 1250 919 1305 ad
969 1249 1083 1304 alia
1138 1265 1266 1320 quas
1322 1248 1619 1305 securiore
1661 1255 1935 1321 putamus

210 1342 482 1413 ejusdem
518 1340 785 1396 direcesis
811 1338 941 1395 loca
989 1342 1391 1411 transponere,
1442 1356 1578 1409 quo,
1612 1342 1668 1396 et
1710 1338 1935 1394 habita-

207 1438 363 1489 tores
398 1447 560 1487 nunc
586 1432 815 1503 degere,
860 1434 915 1486 et
948 1428 1317 1485 barbaricum
1356 1429 1585 1501 possint
1611 1429 1937 1503 periculum

207 1523 443 1580 facilius
475 1521 796 1579 declinare.
830 1521 1138 1593 Propterea
1168 1523 1223 1575 te
1251 1520 1538 1575 Joannem
1570 1520 1806 1576 fratrem
1840 1537 1933 1576 co-

203 1614 684 1687 episcopumque
712 1616 980 1669 nostrum
1005 1609 1368 1669 Vellitrensis
1399 1610 1674 1674 civitatis,
1707 1612 1932 1666 sedem-

206 1722 315 1778 que
346 1710 517 1760 tuam
549 1704 606 1758 in
638 1702 764 1759 loco
795 1702 897 1773 qui
930 1702 1251 1773 appellatur
1277 1702 1531 1756 Arenata
1556 1701 1626 1755 ad
1658 1706 1929 1757 sanctum

203 1795 507 1851 Andream
568 1792 920 1863 apostolum,
978 1789 1347 1861 praecipimus
1404 1789 1610 1846 exinde
1651 1791 1930 1846 transmi-

200 1900 408 1954 grare:
443 1886 743 1955 quatenus
796 1886 852 1937 et
904 1880 975 1937 ab
1017 1879 1357 1936 hostilitatis
1406 1879 1647 1935 incursu
1695 1879 1935 1936 liberior

200 1975 462 2029 existere
503 1972 721 2037 valeas,
755 1974 812 2027 et
849 1969 969 2025 illic
1028 1968 1523 2026 consuetudinum
1582 1967 1930 2025 solemnium

200 2065 347 2120 festa
388 2063 695 2133 disponas.
730 2085 758 2111 ››
796 2061 1018 2133 (Regist.
1056 2061 1151 2115 lib.
1188 2077 1249 2126 ιι,
1282 2076 1368 2131 ep.
1406 2060 1516 2130 14.)

274 2154 367 2209 18.
405 2155 480 2207 Et
513 2152 837 2207 notandum
868 2151 1023 2222 quod
1060 2150 1390 2219 Gregorius,
1422 2148 1555 2204 licet
1579 2152 1934 2206 monasteria

198 2248 249 2298 et
292 2243 680 2313 episcopatus
714 2239 948 2309 unierit,
981 2244 1154 2309 atque
1199 2244 1478 2296 vacantes
1507 2238 1813 2311 episcopos
1842 2256 1935 2295 va-

2048 440 2216 495 rexit.
2251 442 2397 506 Quia
2425 462 2586 517 ergo,
2620 453 2685 503 ut
2713 450 2935 508 dictum
2981 460 3091 525 est,
3125 475 3241 514 non
3275 460 3333 516 in
3366 462 3634 521 haeresim
3666 468 3756 525 in-

2045 528 2204 596 cidit,
2229 534 2330 587 sed
2382 551 2415 589 a
2471 537 2655 593 sacris
2714 544 3002 612 generalis
3060 548 3324 606 Ecclesiae
3378 552 3750 625 ministeriis,

2048 619 2212 689 quasi
2243 626 2412 679 rectas
2466 628 2659 683 studio
2719 631 3061 690 intentionis
3107 639 3337 701 erravit,
3372 619 3757 701 imbecillitati

2045 708 2173 777 ejus
2232 716 2406 783 atque
2464 718 2909 777 necessitatibus
2970 726 3361 798 consulentes,
3395 733 3760 806 maximeque

2045 803 2457 891 sustentationi
2486 806 2638 877 ejus,
2669 808 2901 879 pietatis
2932 812 3149 871 intuitu
3174 819 3564 891 providentes,
3584 823 3642 880 in
3661 803 3763 882 tua

2046 889 2409 960 Syracusana
2430 896 2673 953 ecclesia
2693 914 2827 956 eum
2852 904 3226 972 praevidimus
3259 889 3703 970 cardinandum.
3731 938 3759 965 η

2044 978 2264 1051 (Regist.
2300 982 2395 1039 lib.
2430 1001 2504 1055 ιν,
2536 1002 2618 1058 ep.
2650 988 2764 1060 Ili.)

2118 1096 2259 1154 Item
2309 1100 2643 1172 Fortunato,
2688 1106 2960 1180 episcopo
3010 1111 3418 1185 Neapolitano:
3469 1141 3496 1168 «
3532 1119 3761 1177 Frater-

2045 1187 2284 1279 nitatem
2309 1194 2469 1279 tu-am
2492 1210 2525 1248 a
2544 1196 2705 1251 nobis
2724 1198 2937 1267 petisse
2962 1202 3294 1274 recolimus,
3313 1211 3374 1262 ut
3395 1204 3758 1279 Gratianum,

2044 1273 2301 1331 ecclesias
2359 1276 2701 1337 Venafranae
2761 1283 3097 1358 diaconum,
3134 1292 3245 1347 tuae
3282 1273 3761 1353 concederemus

2043 1365 2297 1423 ecclesiae
2329 1371 2769 1429 cardinandum.
2828 1377 2895 1432 Et
2924 1380 3200 1450 quoniam
3251 1400 3356 1441 nec
3394 1384 3756 1457 episcopum,

2043 1456 2135 1513 cui
2190 1457 2612 1532 obsecundare,
2674 1480 2777 1521 nec
2848 1470 3130 1540 propriam
3190 1472 3366 1529 habet
3421 1456 3754 1543 ecclesiam,

2043 1543 2210 1601 hoste
2243 1547 2465 1605 scilicet
2496 1552 2867 1627 prohibente,
2904 1574 3017 1628 quo
3048 1576 3223 1617 suum
3256 1563 3465 1618 debeat
3496 1564 3757 1620 ministe-

2042 1633 2195 1689 rium
2228 1636 2546 1695 exbibere:
2606 1643 2942 1713 petitionem
2996 1652 3157 1704 tuum
3209 1665 3325 1706 non
3386 1652 3759 1722 praevidimus

1968 1740 2011 1807 Β
2043 1723 2443 1784 differendam.
2500 1730 2722 1788 Idcirco
2780 1734 3011 1807 scriptis
3062 1737 3168 1793 tibi
3203 1740 3589 1809 praesentibus
3618 1756 3751 1797 eum

2044 1817 2369 1873 necessario
2393 1819 2664 1877 duximus
2683 1826 3141 1896 concedendum,
3163 1827 3435 1885 habituro
3458 1828 3756 1887 licentiam

2042 1903 2351 1962 diaconum
2410 1908 2597 1979 illum,
2658 1918 2855 1970 nostra
2912 1916 3333 1975 interveniente
3391 1920 3755 1988 auctoritate,

2042 1995 2299 2051 ecclesiae
2333 2001 2466 2066 tuae,
2504 2004 2615 2057 Deo
2642 2004 2910 2073 propitio,
2944 2006 3299 2065 constituere
3318 2008 3697 2065 cardinalem.
3730 2032 3757 2059 υ

2044 2085 2269 2155 (Regz'st.
2310 2086 2409 2142 lib.
2447 2106 2521 2155 v1,
2554 2107 2643 2162 ep.
2674 2092 2776 2162 11).

2118 2206 2254 2259 Item
2289 2204 2572 2275 Cypriane
2605 2209 2886 2265 diacono:
2920 2234 2947 2260 «
3008 2213 3170 2269 Sicut
3229 2214 3467 2272 Dilectio
3501 2224 3594 2271 tua
3625 2220 3760 2273 stu-

2045 2294 2208 2349 diose
2258 2294 2537 2351 laboravit
2593 2315 2696 2369 pro
2755 2315 3002 2370 persona
3059 2302 3255 2359 fratris
3311 2308 3365 2359 et
3423 2306 3757 2378 coepiscopi

192 2333 492 2389 cantibus
516 2330 850 2386 civitatibus
880 2329 1252 2385 incardinare
1282 2328 1593 2393 studuerit,
1628 2345 1930 2400 nunquam

196 2384 401 2478 tamen
424 2384 780 2493 episcopum
831 2419 1292 2491 abintegritate
1338 2435 1453 2474 suae
1513 2384 1800 2485 Ecclesiae,
1843 2418 1930 2474 vel
2042 2384 2515 2493 ﬁ?§‘ri{°afmi§’
2553 2387 2728 2493 "ivi"
2763 2393 3146 2493 .Si’facusana
3204 2392 3468 2463 θοοιθείεὶ,
3520 2400 3760 2493 “littore

196 2518 320 2585 ipse
351 2512 415 2569 in
450 2511 631 2567 aliam
658 2508 1058 2575 commutavit,
1096 2508 1184 2563 vel
1216 2508 1325 2563 sub
1383 2524 1733 2581 quacunque
1765 2524 1929 2564 occa-

193 2606 373 2659 sione
394 2602 663 2674 migrare
682 2598 994 2654 consensit.
1012 2596 1127 2653 94
1151 2596 1293 2652 Nam
1318 2598 1712 2667 postquam(a)
1736 2597 1934 2651 Deme-

191 2692 386 2748 trium
451 2687 905 2758 Neapolitanum
966 2687 1306 2757 episcopum
1357 2701 1533 2756 super
1590 2686 1932 2741 criminibus

197 2779 553 2836 manifestis
578 2776 878 2848 deposuit:
905 2792 1038 2831 cum
1063 2776 1134 2830 ab
1166 2774 1385 2830 eisdem
1416 2775 1810 2847 Neapolitanis
1841 2776 1927 2830 in-

199 2867 511 2927 cardinari
545 2867 658 2923 sibi
683 2866 931 2922 Paulum
953 2865 1306 2937 Nepesinum
1332 2866 1668 2936 episc0pum
1693 2881 1933 2937 magno-

198 2977 337 3032 pere
360 2960 771 3030 quazreretur:
809 2956 1274 3012 discretissimus
1298 2955 1575 3026 pontifex,
1605 2955 1932 3010 visitatione

198 3050 459 3104 civitatis
481 3046 787 3117 Nepesina:
810 3044 1019 3101 Joanni
1042 3045 1314 3116 episcopo
1346 3044 1627 3115 delegata,
1657 3045 1925 3101 eumdem

200 3139 451 3211 quidem
485 3138 735 3193 Paulum
761 3136 1120 3193 visitatorem
1154 3134 1271 3190 illis
1303 3135 1538 3190 tribuit:
1569 3135 1926 3191 cardinalem

197 3245 335 3284 vero
391 3228 753 3284 constituere
799 3230 917 3281 tam
966 3225 1154 3298 primo
1210 3225 1631 3296 dispensatorie
1680 3224 1925 3292 distulit,

198 3335 382 3390 quam
418 3320 627 3390 postea
678 3316 909 3389 penitus
954 3314 1265 3370 recusavit.
1317 3314 1419 3367 Cui
1455 3315 1821 3384 postmodum
1854 3313 1924 3368 li-

197 3410 457 3462 centiam
513 3406 839 3461 revertendi
888 3405 957 3459 ad
1010 3419 1179 3460 suam
1230 3402 1527 3458 dimcesim
1579 3404 1921 3471 concedens,

196 3502 444 3552 centum
511 3494 730 3551 solidos
786 3494 857 3549 de
914 3492 1294 3565 Neapolitana
1329 3490 1595 3559 ecclesia,
1628 3496 1685 3547 et
1740 3508 1919 3548 unum

195 3584 521 3657 puerulum
544 3587 896 3657 orphanum,
919 3584 1150 3656 qualem
1175 3583 1302 3653 ipse
1323 3584 1394 3639 de
1416 3582 1638 3639 familia
1657 3584 1919 3654 ejusdem

195 3676 468 3732 ecclesiis
500 3675 795 3743 voluisset,
828 3676 950 3731 dari
981 3674 1272 3746 praecepit.

266 3768 356 3821 19.
422 3766 687 3821 Aliarum
750 3764 1159 3836 parochiarum
1220 3762 1461 3820 clericos
1520 3762 1632 3819 sibi
1686 3770 1740 3819 et
1784 3763 1917 3820 aliis

190 3854 666 3913 discretissimus
690 3855 946 3926 pontifex
976 3852 1395 3909 discretissime
1417 3853 1785 3908 incardinare
1816 3868 1916 3907 cu-

191 3950 390 4004 rabat.
424 3951 793 4018 Quapropter
839 3946 1013 4001 Helia:
1062 3946 1399 4017 presbytero
1447 3948 1504 3999 et
1541 3943 1731 3999 abbati
1776 3961 1911 4016 pro-

190 4040 402 4095 vincia:
424 4038 662 4093 Isauriae
683 4041 816 4108 post
836 4035 1032 4106 aliqua
1053 4034 1344 4090 scribens:
1370 4056 1398 4084 «
1432 4033 1663 4100 Filium,
1694 4034 1909 4105 inquit,

189 4132 456 4186 vestrum
480 4125 872 4197 Epiphanium
899 4122 1247 4192 mandastis,
1280 4128 1345 4178 ut
1380 4123 1449 4178 ad
1484 4138 1713 4179 sacrum
1748 4124 1908 4180 ordi-

188 4234 325 4274 nem
358 4216 679 4289 provehere
719 4214 1086 4281 deberemus,
1123 4212 1403 4284 vobisque
1423 4212 1903 4270 retransmittere.

187 4310 297 4364 Sed
329 4309 394 4364 in
426 4322 547 4363 uno
577 4322 681 4361 vos
712 4305 1060 4371 audivimus,
1094 4304 1153 4359 in
1185 4303 1364 4359 altero
1397 4319 1526 4359 vero
1556 4304 1758 4359 audire
1792 4304 1903 4359 mi—

188 4399 349 4456 nime
400 4396 726 4470 potuimus.
778 4395 1068 4452 Diaconus
1117 4394 1349 4466 quidem
1401 4394 1587 4449 factus
1621 4398 1753 4462 est;
1804 4396 1900 4450 sed

188 4491 463 4563 quisquis
488 4488 670 4545 semel
698 4487 756 4543 in
790 4487 896 4543 bac
921 4486 1164 4542 ecclesia
1184 4502 1417 4541 sacrum
1444 4485 1706 4541 ordinem
1741 4503 1904 4542 acce-

184 4583 363 4653 perit,
397 4580 739 4654 egrediendi
765 4593 832 4633 ex
864 4594 933 4633 ea
964 4576 1209 4633 ulterius
1241 4575 1534 4631 licentiam
1568 4592 1681 4632 non
1705 4576 1903 4634 habet.

184 4674 241 4731 Si
268 4690 410 4744 ergo
432 4673 625 4727 videre
646 4686 747 4725 vos
769 4685 883 4725 non
908 4667 1087 4740 potui,
1112 4668 1221 4723 hac
1255 4684 1323 4722 ex
1345 4683 1406 4722 re
1447 4666 1899 4724 consolationem

184 4763 391 4828 habeo,
428 4760 567 4832 quia
597 4757 654 4815 in
688 4759 808 4815 filio
832 4763 1021 4815 vestro
1052 4756 1369 4824 requiesco.
1404 4777 1433 4806 ››
1470 4756 1696 4825 (Regist.
1728 4756 1897 4827 lib.v,

184 4868 261 4922 ep.
295 4852 413 4919 37.)

249 4941 342 4993 20.
374 4940 521 4995 Item
557 4937 930 5007 Maximiano,
969 4936 1239 5009 episcOpo
1263 4936 1653 5007 Syracusano:
1680 4955 1710 4989 α
1742 4937 1897 4992 Prm-

187 5031 434 5085 senlium
498 5028 643 5084 lator
704 5027 879 5096 Felix,
936 5026 1237 5091 diaconus,
1287 5041 1417 5081 cum
1469 5026 1805 5081 nullatenus
1837 5026 1897 5081 in

188 5119 587 5175 hereticorum
623 5118 894 5188 dogmata
920 5115 1118 5188 lapsus
1157 5116 1251 5183 sit,
1297 5132 1401 5172 nec
1425 5114 1759 5171 acatholica
1786 5114 1897 5170 fide

187 5208 543 5275 discesserit,
578 5207 773 5276 pravis
819 5206 1050 5263 illectus
1097 5207 1376 5262 adversus
1414 5206 1895 5277 Constantinopo-

188 5297 417 5353 litanam
444 5298 741 5371 synodum
780 5296 1232 5367 suspicionibus,
1274 5296 1331 5352 in
1357 5296 1688 5351 Istricorum
1716 5312 1777 5352 se
1799 5313 1898 5353 se-

189 5388 481 5460 paratione
523 5394 873 5444 removerat.
918 5386 1025 5454 Qui
1060 5402 1191 5443 cum
1214 5386 1453 5443 Romam
1488 5386 1766 5451 venisset,
1800 5402 1892 5442 re-

185 5482 344 5551 cepta
402 5496 434 5537 a
489 5476 955 5548 nobis,juvante
1002 5476 1269 5538 Domino.
1304 5478 1544 5549 ratione,
1589 5492 1889 5534 excessum

2041 2472 2178 2533 Deo.
2203 2476 2497 2531 debuisset
2519 2478 2776 2532 ordinari
2805 2495 2817 2532 :
2852 2480 2932 2536 ita
2963 2498 3119 2538 nunc
3156 2498 3392 2539 necesse
3434 2493 3521 2541 est
3560 2490 3623 2540 ut
3656 2502 3759 2557 per

2043 2562 2371 2619 dilectionis
2395 2568 2505 2619 tua:
2532 2566 2729 2622 studia
2749 2569 2798 2623 ei
2823 2585 3054 2641 quoque
3076 2572 3379 2642 regiminis
3414 2573 3619 2628 solatia
3654 2576 3757 2629 mi-

2043 2652 2384 2708 nistrentur.
2445 2655 2764 2718 Quemdam
2822 2656 2976 2712 enim
3011 2660 3415 2730 presbyterum
3450 2662 3750 2732 proprium

2042 2739 2316 2795 habuisse
2339 2757 2397 2796 se
2422 2742 2701 2812 perhibet,
2729 2745 2828 2815 qui
2858 2750 3051 2801 tamen
3075 2763 3108 2800 a
3140 2748 3316 2803 fratre
3336 2754 3393 2803 et
3414 2749 3755 2822 coepiscopo

2043 2836 2241 2885 nostro
2270 2832 2457 2887 Leone
2482 2832 2535 2885 in
2562 2832 2867 2889 Catanensi
2907 2835 3150 2891 ecclesia
3187 2838 3401 2893 dicitur
3425 2841 3751 2899 ordinatus.

2044 2922 2108 2974 Et
2139 2922 2278 2991 quia
2311 2921 2366 2974 in
2402 2939 2607 2978 novam
2642 2926 2945 2979 ecclesiam
2987 2926 3161 2991 vadit,
3194 2932 3252 2982 et
3295 2945 3434 2984 suos
3467 2928 3584 2985 illic
3616 2947 3752 3001 pro-

2042 3008 2195 3081 prios
2228 3010 2497 3066 homines
2529 3013 2743 3068 habere
2776 3029 3010 3070 necesse
3033 3022 3137 3083 est,
3174 3026 3253 3083 ut,
3288 3017 3429 3073 dum
3462 3035 3758 3076 causarum

2042 3104 2387 3159 tumultibus
2420 3107 2720 3175 premitur,
2755 3108 2811 3162 in
2856 3113 3076 3164 secreto
3108 3125 3211 3165 suo
3252 3109 3509 3167 inveniat
3538 3112 3633 3168 ubi
3666 3130 3752 3169 re-

2035 3193 2317 3264 quiescat,
2354 3192 2471 3251 95
2526 3196 2799 3267 praedicto
2860 3199 3021 3254 fratri
3059 3204 3117 3255 et
3178 3201 3521 3272 coepiscopo
3555 3211 3749 3260 nostro

2036 3283 2207 3339 Leoni
2236 3284 2445 3340 blande
2474 3293 2527 3340 et
2559 3286 2810 3341 dulciter
2833 3291 3183 3359 persuadere
3224 3290 3400 3345 debes
3434 3298 3492 3345 ut
3514 3291 3566 3347 ei
3599 3309 3748 3364 prae-

2032 3374 2213 3429 fatum
2246 3375 2647 3446 presbyterum
2681 3378 2884 3432 cedere
2928 3379 3155 3448 debeat,
3190 3396 3260 3435 ne
3289 3396 3459 3452 quem
3494 3386 3613 3438 tam
3647 3383 3747 3440 be-

2030 3464 2246 3535 nignus
2276 3465 2347 3521 ad
2398 3465 2790 3522 ordinandum
2832 3468 3028 3536 cessit,
3077 3470 3403 3528 ordinatum
3435 3471 3747 3530 destituere

2029 3553 2273 3610 fortasse
2299 3554 2580 3612 videatur.
2616 3578 2643 3605 ››
2678 3558 2894 3628 (Regist.
2925 3557 3023 3613 lib.
3057 3574 3128 3629 γι,
3158 3575 3203 3614 c.
3236 3559 3352 3630 20.)

2092 3684 2184 3738 2i.
2216 3683 2709 3755 Antiquissimum
2742 3685 3143 3741 ecclesiasticae
3177 3686 3613 3743 consuetudinis
3643 3704 3742 3744 or-

2024 3770 2221 3826 dinem
2256 3771 2567 3843 Gregorius
2626 3773 2697 3826 ab
2758 3774 3029 3844 apostolis
3063 3775 3342 3831 traditum
3399 3781 3455 3832 et
3502 3778 3568 3832 ad
3633 3794 3743 3834 sua

2026 3876 2208 3931 usque
2236 3864 2499 3930 tempora
2530 3859 2865 3917 solemniter
2897 3870 3302 3919 conservatum
3336 3865 3479 3921 adeo
3512 3867 3739 3922 studio-

2020 3948 2257 4004 sissime
2290 3948 2595 4015 retinebat,
2631 3953 2696 4004 ut
2730 3950 2982 4019 nullum,
3017 3951 3382 4022 quantalibet
3412 3954 3735 4021 sanctitate,

2019 4038 2326 4107 sapientia,
2364 4037 2738 4093 nobilitateve
2775 4036 3036 4108 polleret,
3070 4039 3464 4095 anterioribus
3504 4040 3735 4097 clericis

2016 4129 2077 4183 in
2110 4131 2421 4197 conventu,
2454 4142 2755 4195 consessu,
2808 4127 3079 4193 statione,
3137 4128 3256 4184 sive
3302 4130 3736 4201 subscriptione

2017 4221 2398 4287 praeponeret.
2475 4216 2633 4273 Unde
2688 4216 2989 4287 Januario,
3048 4217 3378 4274 Caralitano
3431 4219 3727 4301 episcopo,

2013 4305 2315 4363 scribens:
2351 4328 2379 4356 «
2416 4306 2743 4376 Liberatus,
2786 4305 2993 4377 inquit,
3026 4309 3096 4363 de
3136 4324 3247 4378 quo
3282 4307 3451 4364 nobis
3481 4314 3585 4364 tua
3617 4309 3732 4366 fra-

2015 4396 2252 4451 ternitas
2272 4395 2569 4464 indicavit,
2594 4396 2688 4466 qui
2714 4397 2943 4453 diaconi
2965 4398 3125 4469 fungi
3156 4397 3493 4467 perhibetur
3515 4398 3730 4464 officio,

2012 4486 2062 4541 si
2096 4503 2130 4542 a
2160 4486 2467 4542 decessore
2488 4489 2589 4541 tuo
2610 4502 2723 4542 non
2748 4487 2934 4544 factus
2955 4495 3036 4544 est
3082 4488 3420 4557 cardinalis,
3442 4490 3729 4547 ordinatis

2010 4582 2128 4633 ate
2186 4577 2445 4634 diaconis
2495 4578 2657 4634 nulla
2708 4579 2879 4635 debet
2910 4580 3134 4637 ratione
3172 4581 3469 4653 praeponi:
3504 4598 3575 4638 ne
3603 4599 3726 4652 eos,

2011 4685 2156 4739 quos
2187 4670 2585 4724 consecrando
2646 4669 2924 4740 probasse
2986 4670 3369 4742 cognosceris,
3418 4672 3725 4743 reprobare

2008 4758 2387 4828 supponenda
2411 4758 2663 4828 quodam
2697 4760 2869 4815 modo
2908 4759 3180 4815 videaris.
3229 4760 3578 4815 Praedictum
3610 4761 3720 4815 ita-

2009 4865 2123 4920 que
2147 4848 2499 4915 Liberatum,
2533 4864 2706 4920 quem
2754 4849 3159 4920 reprimendus
3189 4849 3525 4906 ambitionis
3555 4848 3722 4905 inﬂat

2006 4938 2274 5009 spiritus,
2334 4936 2493 4993 omni
2552 4940 2834 4995 instantia
2879 4940 2951 4994 ab
3000 4940 3261 4995 intentus
3298 4939 3386 4993 sui
3437 4937 3719 5009 pravitate

2007 5044 2334 5100 compesce,
2364 5033 2423 5085 et
2451 5029 2729 5085 ultimum
2754 5030 2906 5085 inter
2933 5029 3208 5085 diaconos
3225 5031 3378 5083 stare
3397 5026 3715 5083 constitue:

2007 5134 2100 5188 ne,
2125 5119 2263 5173 dum
2291 5117 2573 5175 seillicite
2594 5119 2852 5190 praeferri
2876 5117 3193 5180 contendit,
3226 5116 3556 5173 immeritus
3590 5115 3716 5172 loco

2004 5209 2065 5264 in
2093 5225 2207 5279 quo
2238 5225 2396 5264 nunc
2428 5208 2578 5264 situs
2601 5213 2683 5265 est
2714 5209 3021 5277 judicetur.
3056 5207 3236 5277 Cujus
3260 5210 3452 5262 tamen
3484 5207 3532 5264 si
3573 5209 3715 5264 obe-

2005 5297 2220 5353 dientia
2244 5297 2423 5353 fueris
2446 5298 2747 5365 invitatus,
2770 5301 2825 5352 et
2855 5312 2989 5351 eum
3024 5299 3152 5367 post
3177 5295 3284 5352 hoc
3307 5296 3491 5354 facere
3520 5298 3710 5354 cardi-

2003 5387 2196 5445 nalem
2227 5385 2503 5455 volucris,
2538 5386 2649 5442 nisi
2675 5386 2962 5457 pontiﬁcis
2993 5386 3085 5443 sui
3110 5387 3429 5444 cessionem
3456 5387 3709 5445 solemni

2004 5492 2158 5532 more
2186 5477 2479 5542 meruerit,
2519 5476 2927 5532 abstinendum
2964 5476 3035 5533 ab
3083 5478 3209 5548 ejus
3250 5478 3707 5535 incardinatione

253 5714 329 5787 (α)
359 5716 508 5775 Vide
541 5714 644 5773 lib.
674 5729 738 5782 Il,
772 5727 859 5785 ep.
891 5714 945 5781 6,
980 5720 1031 5770 et
1062 5711 1299 5771 consule
1328 5712 1610 5786 plurimas
1641 5713 1709 5769 ad
1741 5712 1989 5769 Paulum
2022 5709 2318 5782 epistolas.
