4088 6172
282 224 400 286 143

771 220 832 279 S.
882 212 1243 278 GREGORII
1289 210 1517 273 PAPIE
1561 210 1777 282 VlTA,
1823 205 2188 270 AUGTORE
2229 207 2529 270 JOANNE
2574 210 2948 271 DIACUNO.
2998 210 3144 270 LIB.
3192 208 3295 271 IIl.

3681 205 3794 269 1M

273 358 650 420 memineris:
683 354 963 430 quoniam
1007 348 1268 422 aequitati
1299 349 1607 405 convenire
1637 363 1752 403 non
1784 344 1974 402 ambi-
2003 346 2056 412 Α
2085 344 2265 401 uariis
2304 345 2422 402 sive
2469 344 2702 416 praediis
2752 344 3152 417 quarumlibet
3197 344 3571 402 ecclesiarum
3615 345 3796 417 patie-

265 452 377 525 gis,
409 455 476 507 ut
507 448 640 505 aliis
664 460 893 502 servare
950 456 1064 497 non
1097 439 1352 503 differas,
1387 439 1541 509 quod
1590 436 1718 525 ipse
1749 449 1974 508 quoque

261 540 366 596 tibi
397 551 628 595 servare
658 532 973 591 desideras.
1012 551 1042 580 »
1074 529 1295 599 (Regist.
1331 526 1424 581 lib.
1459 543 1500 594 ι,
1530 540 1612 596 ep.
1637 524 1752 595 83.)

328 629 420 685 22.
458 626 647 698 Hujus
673 621 943 679 videlicet
963 615 1385 689 antiquissimae
1405 612 1851 670 consuetudinis
1882 627 1975 668 or-

259 718 396 774 dine
412 714 724 786 Gregorius
748 716 1115 784 provocatus,
1134 706 1545 761 defunctorum
1561 704 1972 774 Episcoporum

259 805 545 864 Ecclesiae
567 819 671 876 pro
704 799 965 856 faciendo
995 795 1338 862 inventario,
1389 800 1441 849 et
1472 792 1737 866 eligendo
1784 791 1973 863 legiti-

256 912 364 951 mze
394 892 685 966 opinionis
705 888 998 961 episcopo,
1026 884 1233 940 vicinis
1264 881 1551 955 episc0pis
1602 881 1974 938 commenda-

258 986 377 1055 bat,
407 985 519 1041 hoc
552 981 722 1038 modo
773 976 1032 1034 scribens
1080 973 1293 1030 Joanni
1334 971 1696 1044 Squillacino
1725 986 1738 1026 :
1772 992 1801 1021 ‹‹
1833 970 1974 1026 Obi-

252 1084 376 1132 tum
408 1072 569 1128 illius
594 1066 873 1126 antistitis
903 1064 1122 1121 directa
1156 1061 1362 1118 relatio
1402 1060 1693 1133 patefecit.
1716 1060 1973 1131 Quapro-

258 1169 391 1237 pter
423 1156 777 1217 visitationis
835 1154 1125 1211 destitutae
1156 1150 1435 1218 ecclesia,
1485 1148 1829 1206 fraternitati
1860 1154 1972 1204 tua:

255 1268 497 1328 operam
524 1248 858 1307 solemniter
878 1245 1253 1317 delegamus:
1301 1258 1477 1313 quam
1510 1241 1591 1296 ita
1620 1243 1676 1297 te
1706 1239 1972 1295 convenit

256 1342 552 1408 exhibere,
598 1346 660 1395 ut
683 1336 830 1394 nihil
870 1336 942 1391 de
973 1330 1446 1406 provectionibus
1497 1329 1972 1394 clericorum,re-

254 1434 402 1499 ditu,
435 1436 666 1494 ornatu,
713 1424 1172 1495 ministeriisque
1200 1421 1291 1477 vel
1342 1420 1624 1493 quidquid
1671 1419 1815 1475 illud
1862 1422 1970 1486 est,

252 1525 313 1580 in
350 1519 701 1596 patrimonio
746 1517 1006 1590 ejusdem
1054 1532 1086 1569 a
1139 1526 1432 1586 quoquam
1466 1514 1851 1581 praesumatur
1880 1525 1971 1564 ec-

252 1612 463 1670 clesia.
498 1612 564 1668 Et
594 1610 723 1666 ideo
771 1605 1107 1663 fraternitas
1158 1609 1257 1658 tua
1287 1604 1357 1657 ad
1404 1601 1740 1674 pradictam
1784 1598 1963 1655 eccle-

252 1703 401 1759 siam
458 1700 543 1756 ire
602 1696 955 1770 properabit,
1013 1699 1073 1750 et
1147 1690 1393 1784 assiduis
1458 1688 1966 1784 adhortationibus
2001 1718 2047 1784 Β

256 1793 476 1849 clerum
502 1788 842 1860 plebemque
862 1786 990 1856 ejus
1022 1784 1330 1839 admonere
1356 1781 1585 1836 festinet
1614 1796 1625 1835 :
1654 1784 1718 1834 ut
1750 1787 1969 1835 remoto

251 1880 465 1943 studio,
492 1893 608 1935 uno
624 1876 943 1945 eodemque
978 1888 1268 1929 consensu
1305 1869 1475 1925 talem
1498 1869 1610 1925 sibi
1647 1868 1966 1939 praeﬁcien-

252 1971 396 2028 dum
443 1970 714 2042 expetant
757 1964 1142 2031 sacerdotem,
1192 1960 1293 2033 qui
1342 1964 1400 2016 et
1448 1964 1607 2015 tanto
1642 1957 1969 2013 ministerio

253 2059 469 2130 dignus
525 2055 709 2112 valeat
758 2050 1018 2123 reperiri,
1080 2054 1135 2106 et
1181 2066 1213 2105 a
1258 2048 1604 2105 venerandis
1646 2045 1971 2102 canonibus

256 2146 598 2204 nullatenus
621 2145 950 2215 respuatur.
976 2140 1084 2206 Qui
1108 2141 1247 2195 dum
1271 2138 1438 2194 fuerit
1462 2136 1808 2209 postulatus,
1833 2152 1966 2192 cum

250 2236 619 2293 solemnitate
663 2232 879 2289 decreti
937 2231 1199 2288 omnium
1232 2227 1769 2299 subscriptionibus
1801 2225 1971 2282 robo-

252 2327 385 2393 rati,
426 2329 484 2382 et
512 2322 837 2381 dilectionis
860 2325 974 2377 tuae
1010 2318 1343 2376 testimonio
1386 2316 1732 2383 litterarum,
1769 2316 1839 2370 ad
1866 2332 1971 2371 nos

248 2416 441 2473 veniat
476 2413 941 2471 consecrandus:
992 2410 1430 2467 commonentes
1489 2405 1664 2462 etiam
1697 2404 1970 2461 fraterni-

248 2509 427 2561 tatem
454 2507 614 2560 tuam
654 2507 717 2558 ut
739 2500 968 2558 nullum
998 2501 1068 2555 de
1091 2498 1274 2554 altera
1294 2496 1427 2566 eligi
1464 2496 1764 2565 permittas
1790 2495 1969 2551 eccle-

250 2595 358 2662 sia,
391 2592 503 2649 nisi
535 2594 679 2649 forte
726 2590 877 2646 inter
918 2587 1159 2645 clericos
1191 2587 1526 2643 earumdem
1560 2584 1862 2640 civitatum
1908 2585 1966 2640 in

251 2684 470 2756 quibus
494 2679 842 2737 visitationis
872 2678 1168 2751 impendis
1195 2675 1479 2743 officium,
1510 2673 1713 2730 nullus
1744 2675 1815 2729 ad
1847 2674 1970 2745 epi-

252 2777 558 2844 scepatum
588 2772 820 2842 dignus,
854 2770 1011 2842 quod
1074 2767 1300 2824 evenire
1360 2782 1471 2822 non
1524 2764 1838 2831 credimus,
1873 2781 1971 2833 po-

252 2856 433 2917 tuerit
454 2859 701 2915 inveniri
734 2876 747 2915 :
804 2859 1147 2929 provisurus
1179 2861 1316 2912 ante
1346 2855 1543 2909 omnia
1573 2869 1644 2909 ne
1668 2855 1737 2908 ad
1772 2855 1969 2924 cujus-

252 2947 395 3003 libet
425 2945 884 3001 conversationis
916 2945 1190 2999 meritum
1230 2942 1389 2998 laicaa
1431 2957 1689 3013 personas
1717 2941 1969 3011 aspirare

258 3038 635 3107 praesumant,
670 3039 728 3088 et
761 3039 819 3088 tu
853 3031 1173 3104 periculum
1217 3030 1440 3086 ordinis
1480 3029 1586 3097 tui,
1616 3030 1767 3100 quod
1792 3028 1964 3099 absit,

256 3138 539 3193 incurras.
565 3121 914 3177 Monasteria
945 3127 1165 3185 autem,
1187 3120 1236 3175 ei
1269 3137 1385 3191 qua
1416 3124 1555 3175 sunt
1579 3118 1635 3172 in
1663 3119 1849 3190 ipsius
1872 3135 1967 3190 pa-

258 3212 454 3267 rochia
515 3212 850 3279 constituta,
910 3210 1018 3266 sub
1079 3214 1180 3265 tua
1235 3225 1374 3265 cura
1446 3208 1968 3280 dispositioneque,

257 3316 563 3372 quousque
591 3300 710 3357 illic
763 3299 1032 3371 proprius
1089 3298 1263 3354 fuerit
1309 3297 1620 3369 episcopus
1646 3296 1967 3364 ordinatus,

256 3406 384 3446 esse
413 3390 788 3447 concedimus
813 3406 827 3445 :
861 3395 921 3446 ut
950 3387 1366 3445 sollicitudinis
1384 3392 1498 3443 tua;
1519 3386 1821 3458 vigilantia
1841 3402 1971 3457 pro-

255 3479 442 3552 posito
474 3496 580 3537 suo
608 3478 731 3536 96
760 3496 1032 3550 congrua,
1066 3485 1182 3536 Deo
1213 3479 1549 3548 adjuvante,
1582 3476 1807 3532 actione
1839 3492 1968 3531 res-

253 3569 524 3641 pondeat.
559 3591 589 3622 ››
621 3570 849 3641 (Regist.
886 3570 923 3624 ι.
960 3586 1022 3639 ιι,
1052 3584 1136 3639 ep.
1171 3567 1288 3638 38.)

326 3658 473 3714 ltem
513 3656 690 3728 clero,
748 3657 936 3715 ordini
993 3660 1049 3713 et
1107 3655 1301 3728 plebi:
1356 3677 1384 3706 α
1438 3654 1627 3710 Vestri
1686 3654 1966 3710 antistitis

251 3746 476 3803 obitum
496 3754 930 3819 cognoscentes,
981 3763 1131 3802 cura:
1183 3746 1351 3801 nobis
1400 3745 1513 3801 fuit
1555 3743 1848 3799 destituta:
1874 3761 1963 3800 ec-

252 3835 439 3892 clesia
460 3835 854 3893 visitationem
891 3834 1057 3891 fratri
1096 3840 1155 3890 et
1176 3834 1519 3905 coepiscopo
1534 3838 1730 3889 nostro
1750 3832 1967 3891 Joanni

252 3923 591 3981 solemniter
646 3923 958 3996 delegare:
1019 3924 1111 3980 cui
1143 3923 1416 3979 dedimus
1456 3922 1514 3977 in
1573 3922 1866 3977 mandatis
1899 3927 1964 3977 ut

248 4013 395 4072 nihil
426 4014 498 4070 de
531 4014 1001 4085 provectionibus
1057 4012 1422 4080 clericorum,
1466 4012 1676 4081 reditu,
1728 4017 1959 4081 ornatu,

247 4104 707 4176 ministeriisque
735 4121 768 4159 a
825 4120 1121 4176 quoquam
1179 4102 1448 4174 usurpari
1488 4102 1759 4173 patiatur,
1793 4103 1963 4173 cujus

244 4209 347 4249 vos
383 4192 638 4249 assiduis
676 4192 1182 4249 adhortationibus
1215 4188 1481 4247 convenit
1510 4190 1743 4245 obedire
1770 4208 1783 4255 ;
1816 4206 1959 4261 qua-

246 4288 420 4337 tenus
452 4282 510 4336 in
539 4282 929 4337 ecclesiastico
969 4281 1249 4352 obsequio
1281 4279 1550 4335 sacerdos
1598 4280 1957 4351 exquiratur,

250 4371 348 4443 qui
380 4387 414 4425 a
442 4370 790 4427 venerandis
843 4370 1167 4426 canonibus
1200 4368 1361 4424 nulla
1386 4368 1678 4440 discrepet
1717 4370 1957 4427 ratione.

2085 434 2255 489 batur
2282 434 2516 490 auferri.
2552 434 2769 491 Idcirco
2826 433 3198 501 Maximiano,
3258 434 3626 503 Syracusano
3676 433 3798 505 epi-
3874 486 3877 487 ν

2084 538 2279 591 scopo,
2315 522 2465 579 inter
2490 523 2607 579 alia
2635 522 2857 589 scribit,
2891 523 3123 579 dicens:
3180 544 3208 573 «
3254 523 3602 579 Charitatem
3635 531 3791 578 tuam

2084 628 2455 669 commonere
2483 613 2819 669 curavimus
2877 618 2944 669 ut
2974 613 3024 669 si
3054 614 3351 685 quispiam
3384 614 3791 687 episcOporum

2083 700 2153 755 de
2185 700 2293 756 hac
2345 702 2472 758 luce
2526 702 2876 774 migraverit,
2929 701 3038 771 vel,
3100 703 3258 774 quod
3314 703 3486 771 absit,
3537 720 3638 774 pro
3669 704 3795 760 suis

2082 790 2255 846 fuerit
2286 795 2541 847 remotus
2566 792 2921 853 excessibus,
2955 791 3435 849 convenientibus
3456 792 3532 863 (a)
3569 793 3793 848 hierar-

2082 878 2284 945 chicis,
2318 879 2663 953 cunctisque
2702 880 2840 937 cleri
2872 880 3185 953 prioribus,
3230 890 3399 954 atque
3426 881 3485 937 in
3516 882 3609 938 sui
3638 898 3792 955 pras-

2081 969 2271 1024 sentia
2296 968 2681 1026 inventarium
2703 969 2957 1026 ecclesia:
2981 986 3173 1026 rerum
3214 970 3574 1039 facientibus,
3599 971 3797 1027 omnia

2082 1074 2208 1129 quae
2240 1063 2465 1131 reperta
2488 1060 2700 1116 fuerint
2721 1058 3013 1116 subtiliter
3034 1059 3473 1127 describantur;
3503 1076 3626 1129 nec,
3646 1060 3797 1116 sicut

2082 1151 2251 1204 antea
2297 1149 2421 1205 fieri
2474 1150 2794 1215 dicebatur,
2847 1149 3071 1220 species
3130 1151 3417 1221 quaedam,
3479 1154 3579 1205 aut
3629 1148 3791 1205 aliud

2082 1238 2379 1311 quodlibet
2400 1240 2470 1297 de
2497 1239 2671 1294 rebus
2694 1238 3152 1309 ecclesiis,quaei
3191 1256 3294 1311 pro
3319 1238 3562 1295 faciendi
3588 1238 3792 1295 inven-

2080 1329 2445 1399 tariilabore,
2496 1328 2752 1385 tollatur.
2804 1329 2900 1384 Sic
2932 1344 3188 1399 namque
3227 1344 3293 1385 ea
3336 1345 3463 1400 quae
3498 1329 3567 1384 ad
3604 1328 3796 1384 muni-

2082 1418 2293 1474 tionem
2318 1417 2610 1474 facultatie
2660 1433 2980 1489 pauperum
3032 1417 3341 1489 pertinent,
3392 1418 3793 1473 desideramus

2081 1507 2321 1578 expleri,
2358 1510 2423 1562 ut
2454 1506 2617 1561 nulla
2639 1507 2872 1578 penitus
2904 1507 2962 1560 in
3011 1506 3183 1562 rebus
3212 1522 3410 1561 eorum
3465 1505 3792 1562 ambitiosis

2080 1596 2419 1651 hominibus
2444 1595 2775 1651 venalitatis
2792 1594 3155 1666 relinquatur
3176 1596 3425 1651 occasio.
3450 1594 3792 1651 Visitatores

2080 1684 2481 1752 ecclesiarum,
2506 1684 2701 1741 clerici
2726 1700 2960 1756 quoque
2984 1700 3205 1750 eorum,
3238 1684 3494 1755 quicum
3518 1684 3660 1754 ipsis
3694 1700 3794 1756 per

2077 1790 2194 1829 non
2226 1790 2341 1829 suis
2366 1773 2614 1829 civitatis
2637 1773 2944 1845 parochias
2967 1772 3301 1843 fatigantur,
3320 1773 3552 1845 aliquod
3576 1772 3791 1829 laboris

2082 1864 2176 1921 sui
2206 1864 2458 1935 capiant,
2485 1872 2536 1919 te
2566 1864 2932 1934 disponente,
2967 1861 3317 1917 subsidium.
3352 1862 3590 1919 Justum
3633 1878 3792 1918 nam-

2082 1969 2196 2024 que
2224 1958 2314 2009 est
2346 1957 2409 2008 ut
2438 1952 2556 2008 illic
2614 1957 3047 2024 consequantur
3101 1951 3481 2023 stipendium,
3536 1952 3637 2024 qui
3687 1969 3791 2023 pro

2079 2049 2341 2114 tempore
2374 2059 2547 2098 suum
2583 2041 2955 2098 commodare
2976 2041 3341 2113 reperiuntur
3367 2040 3732 2113 obsequium.
3760 2063 3788 2090 »

2079 2131 2304 2203 (Regist.
2333 2132 2428 2188 lib.
2463 2144 2537 2200 tv,
2570 2149 2656 2201 ep.
2693 2133 2770 2203 1.)

2148 2222 2237 2276 24.
2273 2220 2738 2278 Consuetudines
2793 2220 3094 2276 dationum
3129 2220 3216 2277 vel
3267 2220 3571 2276 xeniorum
3602 2238 3633 2275 a
3662 2221 3792 2277 suis

2079 2310 2366 2383 episcopis
2388 2310 2646 2383 accipere
2686 2310 3015 2382 Gregorius,
3044 2310 3207 2380 quasi
3254 2310 3481 2380 pondus
3498 2311 3791 2383 quoddam

2080 2400 2421 2471 pestiferum
2453 2405 2569 2457 toto
2602 2400 2814 2455 mentis
2872 2398 3174 2454 conamine
3218 2399 3594 2455 detrectabat.
3627 2398 3792 2455 Unde

2080 2489 2277 2559 Felici,
2318 2491 2589 2562 episcopo
2658 2489 3051 2546 Messanensi:
3089 2510 3115 2538 «
3176 2489 3656 2556 Consuetudines,
3701 2489 3790 2544 in-

2075 2581 2224 2651 quit,
2259 2596 2381 2647 quae
2438 2578 2703 2636 ecclesiis
2763 2585 3085 2635 noscuntur
3141 2594 3451 2650 gravamen
3492 2579 3789 2642 inducere,

2078 2677 2273 2725 nostra
2304 2686 2409 2724 nos
2462 2670 2626 2726 decet
2671 2668 3133 2725 consideratione
3192 2668 3504 2736 remittere,
3540 2685 3610 2723 ne
3641 2668 3785 2723 illud

2078 2757 2279 2829 aliqua
2308 2762 2587 2829 cogantur
2616 2758 2851 2824 inferre,
2886 2757 3039 2813 unde
3070 2756 3183 2813 sibi
3236 2756 3543 2812 inferenda
3571 2756 3790 2813 debent

2079 2848 2267 2920 potius
2299 2852 2650 2919 exspectare.
2697 2848 2936 2904 Clericis
2987 2846 3222 2917 quidem
3257 2847 3394 2912 tuis,
3431 2845 3518 2902 vel
3541 2846 3787 2902 aliorum

2077 2938 2557 2993 consuetudinem
2601 2941 2656 2991 te
2692 2940 2921 3009 oportet
2963 2936 3248 2991 illibatam
3281 2952 3532 3002 servare,
3564 2935 3790 3007 eisque,

2079 3027 2250 3082 annis
2274 3026 2541 3098 singulis,
2568 3043 2694 3098 quae
2719 3031 3141 3082 suntconsueta
3164 3026 3559 3082 transmittere
3586 3043 3597 3080 :
3626 3027 3798 3081 nobis

2080 3133 2212 3172 vero
2242 3118 2314 3172 de
2344 3123 2567 3184 cetero,
2612 3133 2682 3173 ne
2713 3117 2852 3188 quid
2923 3116 3236 3171 transmitti
3292 3117 3516 3181 debeat,
3574 3114 3801 3171 inbibe-

2083 3223 2235 3263 mus.
2269 3207 2338 3262 Et
2368 3208 2644 3278 quoniam
2697 3224 2811 3263 non
2858 3207 3213 3264 delectamur
3242 3207 3452 3276 xeniis,
3495 3206 3795 3277 palmatia-

2080 3315 2187 3354 nas
2218 3314 2361 3369 quas
2391 3303 2488 3352 tua
2542 3297 2749 3354 direxit
2792 3297 3124 3353 fraternitas
3169 3314 3304 3353 cum
3348 3300 3667 3367 gratiarum
3699 3313 3794 3353 ac-

2077 3388 2233 3444 tione
2290 3386 2689 3459 suscepimus;
2723 3386 2825 3443 sed
2878 3403 2994 3453 eas,
3057 3402 3129 3441 ne
3156 3387 3311 3458 quod
3342 3387 3550 3442 exinde
3579 3386 3797 3443 sentire

2076 3475 2365 3545 potuisses
2422 3475 2815 3546 dispendium,
2870 3475 3046 3546 digno
3079 3474 3318 3531 fecimus
3350 3476 3535 3547 pretio
3569 3491 3796 3530 venun-

2079 3567 2225 3635 dari,
2248 3568 2372 3623 etid
2396 3572 2507 3623 tua;
2531 3567 2877 3623 fraternitati
2897 3566 3421 3638 transmisimus(b)
3439 3566 3794 3640 sigillatum.

2076 3658 2186 3714 Sed
2212 3659 2350 3728 quia
2369 3658 2708 3713 charitatem
2742 3663 2895 3713 tuam
2920 3659 2992 3714 ad
3027 3674 3131 3714 nos
3163 3657 3306 3713 velle
3336 3660 3531 3714 venire
3578 3673 3793 3727 cogno-

2077 3747 2289 3813 vimus,
2322 3747 2552 3818 scriptis
2592 3748 2976 3819 praesenlibus
3024 3748 3429 3816 admonemus,
3472 3745 3585 3803 97
3628 3752 3688 3801 ut
3719 3748 3795 3802 ad

2076 3837 2428 3893 veniendum
2464 3854 2578 3893 non
2611 3838 2825 3893 debeas
2884 3837 3141 3893 laborem
3187 3853 3524 3904 assumere;
3562 3836 3659 3891 sed
3694 3853 3800 3892 ora

2078 3944 2181 3999 pro
2215 3928 2400 3994 nobis,
2428 3934 2491 3983 ut
2513 3937 2729 3999 quanto
2756 3944 2862 3984 nos
2886 3928 3109 3984 itineris
3132 3927 3432 3983 intervalla
3450 3929 3790 3996 dissociant,

2074 4022 2234 4072 tanto
2265 4018 2478 4072 animis
2504 4017 2717 4072 nostris
2740 4018 2809 4072 ad
2862 4018 3133 4084 invicem,
3182 4018 3408 4075 Christo
3455 4018 3795 4087 adjuvante,

2074 4105 2260 4162 simus
2294 4106 2349 4160 in
2381 4106 2665 4162 charitate
2719 4106 3055 4176 conjuncti;
3106 4110 3400 4177 quatenus
3433 4106 3655 4162 alterna
3686 4123 3795 4167 nos

2074 4194 2469 4251 obsecratione
2519 4198 2815 4266 juvantes,
2877 4200 3180 4267 suceptum
3231 4196 3490 4252 officium
3543 4200 3789 4251 venturo

2075 4283 2356 4354 integrum
2386 4285 2574 4340 Judici
2608 4285 2987 4355 rcsignemus.
3020 4310 3045 4333 ››
3110 4286 3339 4355 (Regisl.
3371 4285 3471 4342 lib.
3509 4303 3543 4353 l,
3576 4301 3657 4357 ep.
3691 4286 3789 4353 G6,

2073 4373 2185 4429 ind.
2219 4375 2301 4443 9.)

250 4459 357 4524 Qui
389 4459 530 4514 dum
573 4458 748 4515 fuerit
794 4459 1132 4531 postulatus
1176 4476 1309 4515 cum
1350 4457 1720 4515 solemnitate
1759 4458 1974 4514 decreti
2007 4449 2051 4514 D
2156 4464 2294 4519 Item
2327 4464 2558 4531 Joanni,
2618 4464 2888 4537 episcOpo
2946 4465 3144 4537 prima
3200 4463 3575 4532 Justinianae,
3607 4462 3698 4519 cui
3730 4468 3795 4518 et

249 4548 515 4607 omnium
538 4548 1069 4620 subscriptionibue
1115 4549 1390 4617 roborati,
1424 4553 1480 4605 et
1509 4549 1826 4605 visitatoris
1862 4567 1963 4621 pn-

246 4639 385 4713 gina
417 4642 827 4709 prosequente,
845 4639 919 4694 ad
952 4655 1057 4694 nos
1097 4639 1290 4695 veniat
1321 4639 1686 4695 ordinandus
1721 4656 1733 4693 :
1771 4639 1963 4710 provi-

246 4729 369 4788 suri
399 4732 534 4784 ante
562 4727 762 4784 omnia
791 4744 864 4784 ne
892 4728 1211 4800 cujuslibet
1249 4730 1382 4785 vita:
1406 4730 1492 4784 vel
1528 4729 1714 4786 meriti
1748 4728 1959 4785 laicam

246 4833 555 4893 personam
586 4817 943 4888 prmsumatis
972 4818 1219 4890 eligere:
1254 4835 1388 4875 nam
1422 4836 1536 4875 non
1559 4819 1749 4875 solum
1785 4818 1957 4875 talem

241 4910 314 4967 ad
336 4909 709 4981 episcopatus
750 4907 976 4979 apicem
1028 4907 1189 4963 nulla
1242 4908 1467 4964 ratione
1503 4908 1958 4977 provehendam,

242 4998 627 5055 verumetiam
668 5013 767 5054 vos
817 4996 1537 5053 nullisinterceesionibus
1567 4997 1790 5053 veniam
1828 5013 1959 5068 pro-

243 5086 450 5141 mereri
486 5102 654 5154 posse
683 5086 1050 5158 cognoscite;
1084 5086 1183 5141 eed
1210 5102 1416 5142 omnes
1449 5102 1593 5157 quos
1615 5102 1684 5141 ex
1705 5086 1868 5143 vobis
1890 5088 1961 5142 dc

243 5173 392 5229 laica
422 5189 666 5243 persona
721 5175 1011 5248 aspirasee
1068 5175 1415 5242 constiterit,
1468 5175 1538 5231 ab
1589 5175 1780 5232 officio
1841 5181 1959 5232 eta

246 5261 660 5318 communione
688 5264 911 5320 alienos
964 5266 1261 5322 faciendos
1321 5264 1699 5336 proculdubio
1732 5267 1957 5321 noveri-

246 5351 343 5407 tis.
378 5372 406 5399 »
430 5350 652 5418 (Παρία.
689 5351 783 5406 lib.
819 5369 880 5418 lt,
912 5372 996 5425 ep.
1021 5358 1145 5422 ~29.)

318 5440 403 5495 23.
440 5436 609 5495 Nulla
664 5441 967 5498 occasione
1011 5445 1325 5517 Gregorius
1384 5446 1700 5518 quidquam
1753 5445 1822 5501 de
1855 5446 1954 5501 do-

316 5613 397 5685 (a)
426 5613 491 5669 In
517 5611 666 5670 Utic.
691 5612 851 5685 e_t4al.
881 5613 1015 5678 Ms.,
1048 5614 1347 5673 hieraticis.

315 5683 395 5757 (ὁ)
426 5687 512 5742 Ita
542 5699 681 5741 mss.
716 5683 857 5740 Vitae
888 5686 944 5743 S.
981 5685 1235 5757 Gregorii
1267 5695 1319 5742 et
1346 5704 1455 5745 non
1491 5689 1655 5762 pauci
1688 5689 1955 5764 epistola-
2050 5723 2065 5759 -_

2076 4554 2315 4623 pallium
2351 4557 2549 4624 mittit,
2594 4562 2651 4611 et
2683 4555 2836 4611 vices
2869 4573 3006 4611 suae
3064 4554 3397 4621 committit,
3445 4562 3573 4626 post
3605 4554 3794 4611 multa

2073 4644 2311 4699 scribit:
2345 4669 2371 4695 (ι
2404 4645 2583 4700 Xenia
2624 4649 2818 4701 autem
2869 4650 3071 4701 vestra:
3120 4644 3443 4699 sanctitatis
3492 4644 3792 4714 suscipere

2071 4734 2309 4790 omnino
2345 4734 2665 4801 nolueram,
2700 4735 2839 4805 quia
2881 4733 3045 4789 valde
3093 4737 3247 4789 esset
3277 4733 3687 4805 incongruum,
3725 4737 3796 4788 ut

2066 4841 2098 4879 a
2131 4823 2402 4895 praedatis
2428 4830 2600 4896 atque
2631 4824 2862 4879 afﬂictis
2890 4824 3169 4878 fratribus
3197 4839 3433 4877 munera
3458 4823 3799 4895 percepisse

2067 4913 2395 4969 videremur
2421 4932 2436 4983 ;
2470 4914 2568 4969 scd
2595 4914 2958 4984 responssles
2981 4913 3153 4969 vestri
3181 4912 3294 4968 alio
3328 4929 3420 4968 me
3443 4918 3791 4983 argumento

2068 5001 2350 5067 vicerunt,
2384 5004 2451 5056 ad
2493 5018 2625 5057 eum
2656 5000 2758 5057 illa
2810 5002 3157 5066 deferentcs,
3190 5019 3221 5055 a
3253 5018 3368 5073 quo
3401 5017 3515 5055 non
3551 5004 3797 5069 possent

2067 5098 2265 5148 vestrae
2326 5092 2701 5148 fraternitatis
2754 5092 3076 5149 oblationes
3135 5090 3357 5162 repelli.
3397 5114 3418 5139 υ
3512 5090 3654 5160 (Lib.
3724 5107 3790 5158 ιι,

2064 5196 2149 5252 ορ.
2172 5182 2288 5251 23.)

2134 5272 2222 5329 25.
2260 5270 2404 5328 llinc
2434 5274 2691 5344 estquod
2716 5271 3028 5345 Gregorius
3047 5270 3456 5342 episcoporum
3486 5269 3785 5327 neminem

2014 5432 2021 5433 ί
2066 5359 2135 5414 ad
2165 5360 2368 5417 urbem
2393 5362 2632 5432 fatigare
2654 5361 2976 5430 delectans,
3025 5359 3376 5416 Maximiano
3416 5360 3787 5431 Syracusano

2065 5448 2359 5520 episcopo,
2393 5451 2545 5506 vices
2574 5468 2709 5507 suas
2768 5468 2868 5521 per
2926 5449 3187 5507 Siciliam
3218 5453 3403 5504 totam
3436 5445 3735 5503 commisit
3770 5466 3781 5514 ;

2063 5632 2216 5684 rum,
2250 5619 2343 5675 ubi
2376 5635 2443 5675 ex
2475 5619 2600 5675 aliis
2630 5620 2795 5677 editis
2827 5619 3172 5677 retinuimus
3200 5616 3527 5690 sigillatim.
