4088 6172
303 363 415 422 N5

784 365 844 423 S.
894 362 1275 425 GREGORII
1324 364 1552 425 ΡΑΡλΕ
1599 364 1804 436 VITA,
1858 366 2226 428 AUCTORE
2271 363 2575 427 JOANNE
2623 361 2985 424 DIACONO.
3032 363 3184 426 LIB.
3231 364 3336 426 lll.

3704 360 3819 423 HG

299 504 637 575 precipiens
671 506 731 557 ut
763 519 966 558 omnes
997 503 1253 573 episcopi
1297 500 1477 557 semel
1509 501 1565 555 in
1600 501 1997 572 quinquennio
2036 504 2087 569 Α
2119 504 2336 558 ballum
2388 501 2571 568 vobis,
2606 503 2837 572 qualem
2884 500 3142 556 invenire
3187 499 3506 572 potuimus,
3538 503 3608 558 de
3641 503 3820 565 bene-

298 595 541 649 Romam
590 593 866 648 venirent.
899 591 1128 660 (Regist.
1181 591 1278 645 lib.
1331 608 1392 656 ιι,
1438 607 1522 661 ep.
1572 592 1646 659 7.)
1695 590 1853 646 Unde
1901 592 2009 663 Cy-

293 686 497 754 priano
533 684 778 738 diacono
829 681 1127 738 scribens:
1173 681 1424 746 «Novit,
1477 681 1578 745 ait,
1630 681 1864 736 dilectio
1914 690 2010 736 tua

294 774 442 830 hanc
476 775 620 830 olim
667 773 1149 829 consuetudinem
1198 771 1475 840 tenuisse,
1511 777 1572 826 ut
1604 774 1804 828 fratres
1834 779 1891 827 et
1915 791 2009 827 co-

294 864 554 934 episcopi
608 865 789 918 nostri
840 862 1080 917 Romam
1127 862 1307 917 semel
1339 862 1393 916 in
1436 861 1682 916 triennio
1717 864 1786 916 de
1814 862 2009 917 Sicilia

295 954 720 1016 convenirent;
755 953 854 1007 sed
882 968 986 1006 nos
1011 967 1207 1006 eorum
1243 951 1420 1005 labori
1441 949 1831 1017 consulentes,
1859 952 2006 1007 scius

293 1041 677 1096 constituisse
710 1043 774 1094 ut
805 1055 973 1094 suam
1010 1038 1098 1092 hic
1132 1039 1310 1093 semel
1341 1037 1397 1092 in
1429 1037 1830 1108 quinquennio
1865 1056 2006 1110 proe-

292 1130 548 1185 sentiam
607 1129 972 1197 exhiberent,
1011 1150 1036 1176 »
1087 1133 1143 1182 et
1190 1132 1414 1183 cetera.
1473 1129 1694 1198 (Regist.
1747 1130 1845 1184 lib.
1906 1145 2005 1195 vn,

291 1233 373 1288 ep.
422 1218 542 1285 22.)
596 1217 698 1272 Ubi
762 1217 1083 1272 notandum
1145 1217 1283 1287 quia
1339 1217 1386 1271 si
1448 1217 1650 1271 beatus
1703 1217 2008 1286 Gregorius

287 1308 667 1378 xenia,quod
703 1307 858 1362 credi
913 1307 1074 1363 nefas
1124 1313 1231 1373 est,
1275 1306 1595 1371 anhelaret,
1639 1324 1750 1362 non
1785 1309 2006 1378 episco-

287 1416 504 1470 porum
546 1400 828 1453 adventus
855 1415 888 1453 a
919 1397 1170 1453 triennio
1217 1398 1276 1452 in
1317 1397 1782 1468 quinquennium
1822 1404 2005 1469 prote-

286 1489 461 1555 laret,
516 1489 701 1542 immo
759 1505 790 1542 a
849 1486 1098 1542 triennio
1157 1486 1216 1541 in
1276 1487 1574 1542 biennium
1628 1487 2006 1559 proculdubio

287 1578 619 1634 festinaret.

356 1695 451 1749 26.
488 1695 601 1749 Sed
636 1695 868 1765 quando
898 1695 1068 1750 xenia
1096 1699 1257 1766 grate
1279 1697 1620 1766 susciperet,
1646 1696 1776 1767 quia
1796 1713 2007 1768 quam-

282 1784 369 1839 vis
402 1785 834 1856 dispensandas
866 1785 1107 1841 alterius
1129 1784 1522 1857 eleemosynas
1543 1803 1813 1842 recusare
1838 1789 2007 1842 time-

2119 592 2371 647 dictione
2404 590 2584 646 sancti
2617 589 2768 645 Petri
2798 589 3263 656 transmisimus,
3298 594 3362 646 ut
3392 589 3658 648 habeatis
3688 609 3821 652 cum

2120 699 2233 752 quo
2268 686 2394 750 post
2427 679 2816 734 infirmitatem
2851 679 3066 734 vectari
3109 677 3370 750 possitis.
3407 702 3434 730 »
3467 680 3689 752 (Regist.
3723 684 3822 740 lib.

2119 788 2172 838 κ,
2203 788 2286 842 ep.
2322 772 2408 833 45,
2445 771 2635 825 ιἠίίἰοι.
2668 770 2746 839 3.)

2187 862 2276 915 28.
2309 861 2427 915 Tali
2481 869 2721 930 patrono
2771 862 2910 913 tunc
2976 859 3134 914 illius
3187 861 3468 932 temporis
3523 861 3824 933 pontifices

2119 950 2399 1020 ampliati,
2436 955 2555 1004 tam
2608 965 2786 1004 novas
2826 947 3100 1005 ecclesias
3150 967 3183 1005 a
3247 951 3644 1009 fundamentis
3686 969 3827 1010 con-

2117 1044 2400 1095 struentes
2424 1054 2648 1107 ornare,
2672 1053 2843 1109 quam
2865 1046 3082 1094 veteres
3101 1054 3330 1110 quoque
3353 1040 3826 1111 splendidissime

2121 1146 2394 1186 renovare
2443 1132 2764 1200 coeperunt.
2819 1127 2964 1184 Nam
3015 1129 3325 1200 Gregorius
3375 1129 3520 1185 nihil
3581 1131 3640 1186 in
3700 1133 3824 1190 suis

2117 1220 2404 1291 episcopis
2454 1221 2660 1291 magis,
2713 1235 2888 1290 quam
2940 1220 3334 1288 sanctitatem,
3369 1220 3720 1293 sapientiam
3768 1225 3826 1278 et

2117 1308 2521 1365 liberalitatem
2556 1309 2952 1365 curiosissime
2974 1311 3335 1380 quaeritabat.
3361 1312 3522 1376 Quod
3553 1315 3614 1366 ut
3643 1312 3827 1386 signi-

2119 1401 2383 1456 ﬁcantius
2428 1400 2734 1464 elucescat,
2768 1401 3043 1468 quasdam
3085 1400 3462 1471 epistolarum
3495 1403 3624 1473 ejus
3655 1403 3824 1458 adhi-

2120 1490 2282 1556 bebo,
2314 1506 2563 1561 quarum
2613 1489 2947 1544 testimonio
2998 1489 3177 1544 lector
3227 1506 3392 1546 meus
3424 1492 3816 1560 quorumdam

2117 1581 2518 1652 epiSCOporum
2551 1579 2688 1633 vitia
2721 1579 3068 1648 reprehensa
3091 1585 3424 1650 cognoscat.
3456 1582 3550 1636 Ait
3579 1580 3734 1638 enim
3758 1583 3818 1638 in

2115 1669 2359 1742 epistola
2391 1669 2678 1733 Secundo,
2715 1683 2878 1722 servo
2909 1665 3030 1734 Dei,
3063 1667 3213 1723 inter
3259 1672 3482 1733 cetera,
3517 1668 3639 1725 sic:

2186 1762 2275 1816 29.
2311 1784 2337 1810 α
2373 1760 2626 1814 Fratrem
2681 1762 2947 1814 nostrum
2999 1756 3409 1828 Marinianum,
3460 1758 3820 1832 episcopum,

278 1878 392 1937 ret,
429 1849 532 1929 eas
564 1880 762 1929 tamen
796 1879 852 1929 et
887 1873 1144 1930 timendo
1177 1849 1555 1945 suscipiebat,
1587 1883 1638 1930 et
1671 1877 2007 1932 cautissime
2045 1888 2085 1951 Β
2117 1853 2308 1951 verbi?
2359 1851 2575 1951 qui?“
2625 1849 2784 1906 Vales
2833 1849 3038 1951 exf’ita’
3063 1849 3221 1951 ,ίξυίδ
3269 1865 3403 1951 θξπη
3455 1850 3823 1951 οὶξδοτσξξδδθ

278 1962 714 2033 dispensabat:
766 1963 987 2033 quique
1035 1967 1174 2018 adeo
1205 1980 1310 2018 sua
1340 1965 1497 2033 dare,
1546 1969 1601 2019 et
1646 1965 1834 2021 aliena
1894 1983 2006 2021 non

277 2054 559 2124 accipere
599 2059 1002 2120 consueverat,
1047 2059 1111 2108 ut
1159 2054 1334 2110 etiam
1381 2071 1569 2110 rerum
1620 2059 2006 2127 quarumdam

277 2143 478 2212 pretia
533 2143 765 2209 penitus
817 2144 1113 2198 refutaret.
1160 2142 1323 2199 Unde
1383 2143 1621 2215 Eulogio
1671 2146 2006 2216 patriarchas

273 2231 689 2286 Alexandrino
721 2233 873 2286 inter
902 2236 1109 2287 caetera
1141 2232 1365 2300 scribit,
1392 2233 1592 2288 dicens
1620 2251 1632 2286 :
1668 2258 1692 2282 ‹‹
1730 2234 1807 2288 De
1830 2234 2007 2306 lignis

275 2331 444 2390 quod
480 2322 744 2377 scribitis
775 2322 912 2392 quia
961 2323 1158 2378 brevia
1207 2323 1441 2390 fuerint,
1477 2325 1641 2380 navis
1691 2343 1792 2397 per
1831 2342 2006 2396 quam

275 2412 642 2466 transmissa
674 2418 813 2466 sunt
864 2411 1116 2482 qualitas
1161 2413 1333 2467 fecit:
1369 2414 1505 2483 quia
1544 2413 1592 2467 si
1627 2416 1814 2484 major
1844 2416 2006 2470 navis

271 2502 573 2569 venisset,
608 2501 930 2573 potuissem
967 2502 1122 2570 ligna
1145 2504 1318 2557 etiam
1346 2503 1568 2572 majora
1592 2509 2001 2561 transmittere.

273 2593 450 2657 Quod
490 2599 688 2648 autem
723 2593 940 2661 dicitis,
973 2594 1112 2664 quia
1141 2594 1189 2648 si
1241 2596 1462 2664 majora
1507 2597 2001 2663 transmittamus,

274 2683 544 2751 pretium
580 2683 774 2737 datis:
810 2682 1067 2753 largitati
1101 2683 1334 2752 quidem
1369 2685 1586 2753 gratias
1617 2686 1865 2755 agimus,
1902 2687 2000 2740 sed

283 2772 566 2843 accipere
615 2771 890 2843 pretium,
924 2772 1232 2844 Evangelio
1282 2773 1683 2840 interdicente,
1733 2776 2000 2843 prohibe-

279 2877 447 2917 mur.
483 2861 599 2916 Nos
631 2861 786 2916 enim
808 2877 870 2916 ea
896 2879 1021 2932 quis
1043 2861 1500 2917 transmittimus
1522 2861 1700 2934 ligna,
1729 2880 1842 2919 non
1866 2865 2006 2919 cmi-

274 2968 420 3006 mus
453 2967 466 3004 :
505 2956 562 3006 et
590 2952 888 3021 quomodo
919 2968 1235 3022 possumus
1268 2953 1516 3023 pretium
1554 2953 1833 3024 accipere,
1868 2972 2000 3011 cum

273 3039 578 3107 scriptum
635 3039 749 3094 sit:
803 3038 984 3093 Gratis
1031 3042 1340 3110 accepistis,
1390 3041 1564 3106 gratis
1611 3041 1782 3097 date?
1833 3042 2000 3099 Nunc

275 3143 421 3200 ergo
448 3128 628 3199 juxta
656 3129 899 3184 modum
932 3129 1094 3184 navis
1125 3145 1222 3198 per
1256 3129 1590 3185 nauclerum
1634 3147 1806 3202 parva
1845 3132 2000 3204 ligna

273 3220 775 3275 transmisimus:
816 3220 1079 3289 sequenti
1127 3237 1256 3275 vero
1306 3237 1478 3289 anno,
1529 3221 1578 3276 si
1623 3223 1998 3293 omnipotenli
2033 3258 2075 3324 ρ

276 3308 408 3364 Deo
463 3308 772 3381 placuerit,
827 3311 1049 3380 majora
1094 3326 1509 3381 prteparamus.
1554 3333 1580 3360 »
1609 3311 1852 3382 “Regia.
1901 3313 1996 3368 lib.

275 3415 408 3466 m1,
443 3417 530 3470 ep.
565 3399 679 3469 29.)

355 3519 452 3572 27.
489 3517 617 3574 Non
657 3517 869 3572 mirum
927 3516 974 3572 si
1019 3517 1467 3574 liberalissimus
1510 3518 1764 3590 pontifex
1811 3520 2003 3576 nullas

285 3608 760 3664 consuetudines
794 3625 825 3662 a
854 3608 977 3664 suis
1001 3608 1406 3680 suﬂ'raganeis,
1436 3609 1597 3664 nulla
1620 3612 1787 3665 xenia
1820 3612 2005 3683 capie-

281 3699 407 3764 bat,
445 3697 663 3767 quibus
695 3697 842 3766 ipse,
875 3697 922 3752 si
956 3713 1067 3769 qua
1100 3699 1428 3754 necessaria
1461 3698 1825 3766 videbantur,
1859 3701 2002 3755 satis

283 3786 562 3840 hilariter
595 3786 984 3842 ministrabat.
1023 3785 1185 3842 Unde
1217 3787 1494 3842 Venantio
1527 3788 1794 3858 episcopo
1825 3788 2002 3844 Peru-

281 3877 422 3932 sino
471 3876 697 3942 scribit,
731 3877 970 3933 dicens:
1012 3896 1034 3926 ι
1068 3877 1327 3933 Fratrem
1360 3882 1416 3933 et
1458 3878 1864 3950 coepiscopum
1899 3897 2003 3936 no-

281 3972 480 4021 atrum
515 3965 840 4021 Ecclesium
885 3966 1096 4038 frigore
1144 3969 1383 4024 omnino
1427 3967 1692 4024 laborare
1732 3971 2004 4040 cognovi-

280 4070 444 4122 mus,
483 4071 586 4124 pro
619 4071 684 4111 eo
716 4055 870 4125 quod
912 4053 1239 4127 hyemalem
1273 4062 1490 4112 vestem
1526 4073 1639 4112 non
1675 4059 1900 4115 habeat.
1933 4058 2002 4114 Et

280 4148 428 4218 quia
479 4145 700 4217 aliquid
753 4146 864 4202 sibi
913 4164 946 4203 a
991 4147 1158 4203 nobis
1209 4148 1373 4220 petiit
1421 4149 1630 4204 debere
1663 4150 1999 4217 transmitti,

281 4235 637 4290 fraternitati
661 4241 768 4290 tuae
799 4235 867 4289 ad
894 4235 1004 4292 hoc
1031 4237 1396 4307 perlatorem
1421 4238 1790 4307 praesentium
1811 4243 2001 4294 trans-

282 4324 560 4379 misimus
594 4324 1064 4396 amphimallum,
1117 4325 1376 4381 tunicam
1428 4331 1484 4382 et
1531 4327 1842 4399 pectorale,
1876 4336 2001 4384 uta

279 4420 340 4471 te
371 4415 423 4470 ei
456 4413 706 4469 debeant
736 4415 860 4470 sine
893 4431 1052 4470 mora
1075 4415 1415 4470 transmitti.
1443 4416 1506 4470 Et
1528 4417 1656 4472 ideo
1690 4418 1758 4472 ad
1794 4418 2002 4487 prtedi-

282 4513 446 4559 ctum
496 4505 736 4560 fratrem
786 4510 1054 4560 nostrum
1101 4505 1213 4561 sub
1263 4507 1420 4562 omni
1496 4505 1641 4562 illud
1714 4507 2002 4564 celeritate

280 4598 458 4653 stude
506 4597 943 4665 transmittere;
990 4603 1165 4668 atque
1227 4597 1396 4653 nobis
1449 4597 1558 4654 hoc
1588 4597 1804 4670 ipsum,
1866 4600 2000 4671 quia

283 4686 709 4753 transmiseris,
725 4686 825 4742 08
841 4686 956 4742 tuis
980 4687 1317 4742 renuntiare
1330 4687 1586 4758 epistolis
1607 4704 1720 4742 non
1745 4689 2000 4758 omittas,

280 4777 384 4833 sed
445 4777 527 4832 ita
581 4778 689 4844 fac,
724 4782 788 4831 ut
819 4776 892 4832 ad
936 4777 1481 4844 transmittendum,
1518 4778 1657 4849 quia
1688 4778 2000 4836 vehemens

278 4868 465 4939 frigus
496 4870 604 4931 est,
638 4882 859 4922 moram
913 4866 1167 4939 aliquam
1210 4867 1451 4923 minime
1486 4867 1682 4924 facias.
1720 4889 1748 4916 »
1779 4869 1997 4938 (Regist.

281 4957 379 5012 lib.
416 4973 478 5020 x,
511 4973 596 5026 ep.
620 4956 710 5027 53,
744 4955 938 5012 indici.
970 4958 1050 5028 5.)

350 5087 496 5141 Item
529 5085 721 5140 eidem
781 5083 1036 5141 Ecclesio
1089 5085 1326 5144 Clusino
1367 5086 1677 5158 episcopo:
1714 5108 1740 5135 «
1774 5083 1999 5156 Scripta

279 5175 663 5230 fraternitatis
702 5180 904 5231 vestrae
958 5174 1371 5245 suscipientes.
1413 5175 1742 5231 contristati
1793 5189 1996 5230 sumus

280 5264 440 5335 quod
473 5281 575 5320 vos
607 5282 708 5337 per
737 5280 804 5320 ea
834 5271 889 5321 et
914 5267 1166 5337 graviter
1213 5266 1542 5322 infirmatos
1573 5271 1630 5321 et
1675 5265 1864 5321 adhuc
1895 5266 1993 5320 de-

281 5355 431 5410 biles
481 5371 611 5410 esse
653 5356 1054 5427 cognovimus.
1094 5359 1159 5411 Et
1190 5357 1324 5412 licet
1355 5357 1717 5412 sanctitatem
1742 5362 1994 5411 vestram

279 5444 515 5500 videndi
550 5444 907 5500 desiderium
941 5445 1312 5512 haberemus,
1345 5447 1488 5500 bene
1533 5451 1727 5501 tamen
1781 5444 1994 5500 fecistis

276 5535 388 5590 isto
442 5551 547 5589 vos
602 5534 718 5588 illic
752 5541 1011 5606 tempore
1060 5536 1398 5591 continere:
1435 5553 1504 5590 ne
1532 5535 1824 5591 venientes
1857 5534 1994 5602 huc,

278 5625 345 5679 de
378 5623 751 5696 aegritudinis
776 5631 976 5681 vestras
1003 5625 1268 5681 molestia
1290 5626 1600 5681 recidivam
1628 5625 1794 5681 nobis
1817 5625 1996 5680 tristi-

277 5716 419 5770 tiam
453 5714 740 5770 faceretis.
778 5737 804 5763 ››
839 5717 906 5770 Et
955 5719 1084 5786 post
1117 5732 1336 5787 pauca:
1375 5736 1397 5765 α
1434 5715 1623 5771 Unum
1669 5720 1863 5772 autem
1896 5731 1992 5770 ca-

2120 1942 2404 2013 suspicor.
2443 1940 2587 1996 Nam
2643 1944 2927 1995 venerunt
2975 1938 3216 2009 quidam
3258 1940 3328 1994 ad
3377 1955 3469 1995 me
3504 1939 3564 1994 in
3614 1939 3822 2011 quibus

2118 2038 2281 2089 erant
2313 2032 2549 2103 quidam
2584 2047 2753 2086 senes
2787 2029 3203 2089 mendicantes.
3239 2030 3338 2101 qui
3375 2047 3407 2084 a
3447 2046 3541 2086 me
3571 2031 3821 2086 discussi

2118 2126 2258 2176 sunt
2291 2138 2322 2176 a
2353 2120 2564 2191 quibus
2595 2123 2651 2174 et
2681 2118 2818 2190 quid
2845 2119 3194 2189 acceperint,
3216 2124 3274 2173 et
3297 2134 3394 2189 per
3417 2119 3651 2190 singula
3675 2123 3824 2175 retu-

2117 2212 2312 2266 lerunt
2341 2215 2558 2281 quanta
2597 2209 2678 2264 eis
2728 2213 2783 2264 et
2815 2225 2846 2263 a
2877 2209 3093 2279 quibus
3141 2208 3201 2262 in
3251 2207 3455 2264 itinere
3503 2210 3633 2263 data
3681 2209 3819 2265 sint.

2117 2305 2290 2367 Quos,
2326 2303 2465 2356 dum
2519 2299 2770 2356 sollicite
2819 2299 2890 2354 de
2939 2299 3214 2370 praedicto
3266 2300 3442 2355 fratre
3470 2299 3819 2370 requirerem

2119 2393 2256 2464 quid
2291 2392 2372 2446 eis
2402 2391 2680 2456 dedisset,
2717 2390 3140 2459 responderunt
3170 2405 3232 2444 se
3261 2405 3393 2444 eum
3427 2403 3683 2460 rogasse,
3716 2392 3818 2446 sed

2115 2482 2184 2536 ab
2215 2498 2280 2535 eo
2312 2497 2370 2536 se
2402 2480 2638 2535 omnino
2665 2478 2809 2533 nihil
2842 2478 3160 2548 accepisse,
3187 2479 3264 2532 ita
3295 2483 3358 2534 ut
3391 2495 3574 2549 neque
3607 2494 3818 2548 panem

2113 2571 2170 2625 in
2205 2571 2292 2624 via
2323 2569 2672 2638 acceperint,
2707 2569 2862 2638 quod
2916 2569 3052 2622 dare
3102 2568 3375 2622 omnibus
3426 2566 3508 2622 illi
3560 2567 3818 2624 ecclesias

2113 2675 2342 2730 semper
2396 2658 2679 2712 familiare
2738 2657 2861 2710 fuit.
2915 2655 3198 2712 Dixerunt
3250 2657 3448 2712 enim:
3501 2656 3819 2727 Respondit

2114 2748 2282 2803 nobis
2312 2748 2541 2802 dicens:
2573 2750 2695 2800 Non
2728 2744 2914 2800 habeo
2938 2746 3092 2816 quod
3125 2744 3287 2800 vobis
3318 2746 3453 2799 dare
3484 2747 3724 2814 possim.
3751 2745 3818 2800 Et

2115 2838 2294 2892 miror
2324 2835 2372 2890 si
2409 2835 2457 2890 is
2491 2835 2587 2906 qui
2609 2838 2792 2890 vestes
2821 2834 3010 2899 habet,
3037 2838 3343 2904 argentum
3367 2833 3560 2900 habet,
3583 2831 3819 2888 cellaria

2113 2927 2308 2992 habet,
2344 2926 2495 2996 quod
2553 2923 2908 2994 pauperibus
2939 2921 3144 2978 debeat
3174 2922 3312 2978 dare
3343 2938 3457 2976 non
3492 2921 3683 2978 habet.
3717 2921 3818 2976 Dic

2112 3032 2247 3086 ergo
2280 3014 2363 3070 illi
2397 3021 2456 3069 ut
2483 3030 2614 3069 cum
2644 3013 2768 3068 loco
2802 3017 2984 3067 mutet
3016 3019 3290 3067 mentem.
3325 3013 3446 3066 Non
3479 3010 3594 3066 sibi
3626 3012 3819 3066 credat

2113 3103 2295 3158 solam
2327 3102 2628 3157 lectionem
2680 3105 2736 3155 et
2785 3099 3104 3156 orationem
3139 3099 3428 3165 sufficere,
3461 3102 3526 3152 ut
3558 3107 3815 3153 remotus

2113 3192 2341 3247 studeat
2366 3192 2566 3246 sedere
2596 3194 2651 3245 et
2684 3189 2753 3243 de
2787 3204 2966 3243 manu
2999 3187 3143 3243 nihil
3167 3188 3516 3244 fructiﬁcare
3539 3207 3553 3254 ;
3576 3186 3676 3242 sed
3700 3186 3812 3242 lar-

2112 3297 2244 3354 gam
2295 3297 2532 3335 manum
2567 3278 2794 3345 habeat,
2831 3277 3239 3334 necessitatem
3285 3275 3643 3349 patientibus
3675 3291 3816 3332 con-

2111 3375 2324 3437 currat,
2356 3370 2602 3426 alienam
2651 3368 2908 3440 inopiam
2959 3383 3125 3424 suam
3168 3366 3364 3422 credat
3397 3382 3410 3421 :
3445 3366 3580 3436 quia
3612 3363 3662 3421 si
3693 3366 3816 3421 hac

2113 3480 2228 3519 non
2260 3462 2452 3531 habet,
2487 3475 2732 3517 vacuum
2775 3458 3034 3531 episcopi
3065 3473 3279 3514 nomen
3310 3461 3489 3514 tenet.
3525 3478 3550 3505 ››
3588 3456 3816 3528 (Regist.

2113 3553 2208 3608 lib.
2243 3569 2316 3619 v1,
2345 3567 2428 3623 ep.
2457 3549 2570 3621 30.)

2183 3642 2271 3695 30.
2309 3641 2449 3698 Item
2499 3641 2731 3709 Sereno,
2788 3638 3058 3710 episcOpo
3101 3635 3476 3703 Massiliensi,
3528 3638 3660 3708 post
3709 3635 3814 3691 ali-

2114 3732 2285 3804 quia:
2322 3753 2348 3781 ς(
2386 3731 2678 3786 Perlatum
2710 3730 2779 3784 ad
2815 3745 2918 3784 nos
2966 3730 3172 3798 fuerat,
3205 3728 3356 3798 quod
3390 3725 3818 3784 inconsiderato

2117 3823 2237 3878 zelo
2269 3837 2610 3887 succensus,
2645 3825 2982 3876 sanctorum
3033 3819 3338 3889 imagines,
3370 3819 3480 3875 sub
3511 3817 3618 3874 hac
3649 3817 3822 3890 quasi

2113 3910 2506 3976 excusatione,
2539 3926 2608 3964 ne
2659 3907 2887 3964 adorari
2938 3907 3298 3974 debuissent,
3351 3908 3724 3978 confregeris.
3753 3906 3822 3960 Et

2115 4001 2374 4071 quidem,
2407 3998 2546 4070 quia
2575 4013 2672 4053 eas
2703 3997 2933 4052 adorari
2964 3996 3270 4062 vetuisses,
3296 3996 3536 4051 omnino
3567 3994 3825 4049 laudavi-

2114 4105 2278 4146 mus:
2315 4089 2556 4160 fregisse
2605 4103 2739 4143 vero
2789 4085 3294 4158 reprehendimus.
3354 4083 3477 4153 Dic,
3543 4083 3741 4153 frater,
3791 4100 3824 4138 a

2114 4197 2226 4251 quo
2276 4180 2493 4236 factum
2545 4177 2846 4234 sacerdote
2895 4175 3233 4247 aliquando,
3264 4173 3351 4231 vel
3401 4173 3668 4230 auditum
3713 4178 3822 4237 est,

2115 4272 2270 4342 quod
2301 4269 2521 4325 fecisti?
2553 4269 2612 4324 Si
2647 4285 2760 4324 non
2793 4266 2975 4334 aliud,
2998 4265 3080 4322 vel
3113 4264 3257 4320 illud
3284 4271 3338 4321 te
3369 4281 3484 4321 non
3508 4264 3712 4321 debuit
3734 4279 3823 4320 re-

2113 4377 2338 4427 vocare,
2371 4362 2451 4432 (α)
2485 4363 2567 4429 ut,
2601 4357 2886 4430 despectis
2938 4356 3065 4412 aliis
3114 4355 3419 4423 fratribus,
3451 4353 3637 4411 solum
3682 4361 3733 4410 te
3766 4358 3825 4411 et

2114 4456 2378 4507 sanctum
2411 4465 2540 4505 esse
2571 4450 2834 4504 crederes
2866 4453 2922 4503 et
2966 4447 3306 4517 sapientem.
3344 4446 3517 4501 Aliud
3550 4454 3637 4501 est
3662 4445 3818 4501 enim

2115 4540 2398 4611 picturam
2423 4539 2684 4604 adorare,
2717 4535 2874 4591 aliud
2909 4552 3008 4608 per
3039 4535 3281 4607 picturas
3313 4533 3644 4600 historiam,
3680 4534 3820 4606 quid

2032 4635 2076 4700 D
2109 4631 2185 4687 sit
2216 4629 2576 4687 adorandum
2609 4627 2927 4683 addiscere.
2956 4631 3092 4681 Nam
3117 4626 3270 4696 quod
3313 4623 3639 4697 legentibus
3681 4625 3821 4680 scri-

2114 4726 2302 4792 ptura,
2338 4719 2443 4774 hoc
2478 4719 2675 4774 idiotis
2707 4720 2942 4788 praestat
2973 4715 3196 4786 pictura
3238 4714 3648 4770 cernentibus:
3683 4714 3821 4784 quia

2111 4812 2167 4865 in
2203 4811 2329 4880 ipsa
2360 4809 2698 4878 ignorantes
2731 4807 2927 4861 vident
2957 4805 3108 4877 quod
3132 4803 3293 4876 sequi
3318 4803 3586 4867 debeant,
3611 4803 3666 4855 in
3693 4803 3819 4872 ipsa

2108 4898 2328 4970 legunt,
2362 4898 2461 4968 qui
2495 4897 2717 4953 litteras
2751 4895 3036 4951 nesciunt.
3071 4893 3232 4950 Unde
3272 4899 3329 4948 et
3360 4892 3646 4964 praecipue
3675 4905 3818 4961 gen-

2109 4988 2268 5044 tibus
2301 5004 2400 5060 pro
2434 4986 2676 5042 lectione
2710 4985 2935 5056 pictura
2965 4987 3071 5038 est.
3102 4983 3264 5046 Quod
3298 4995 3645 5048 magnopere
3672 4995 3705 5033 a
3737 4984 3820 5046 te,

2110 5078 2208 5150 qui
2236 5079 2385 5134 inter
2416 5081 2613 5148 gentes
2665 5075 2913 5132 habitas.
2947 5072 3161 5126 attendi
3214 5069 3523 5124 decuerat:
3563 5081 3633 5122 ne
3673 5067 3815 5121 dum

2108 5172 2262 5224 recto
2295 5166 2414 5222 zelo
2448 5167 2676 5221 incaute
2707 5160 3100 5227 succenileris,
3140 5157 3239 5213 99
3281 5153 3659 5211 ferocioribus
3689 5155 3815 5209 ani-

2109 5258 2222 5314 mis
2267 5255 2604 5313 scandalum
2654 5267 2981 5324 generares.
3019 5247 3230 5320 Frangi
3281 5261 3414 5316 ergo
3467 5261 3580 5300 non
3613 5243 3814 5300 debuit

2108 5347 2260 5420 quod
2311 5363 2425 5402 non
2465 5345 2534 5399 ad
2589 5341 2950 5398 adorandum
3005 5337 3064 5392 in
3115 5335 3404 5405 Ecclesiis,
3453 5335 3551 5390 sed
3602 5335 3669 5389 ad
3720 5335 3812 5389 in-

2106 5438 2414 5494 struendas
2445 5430 2812 5490 solummodo
2837 5431 3063 5483 mentes
3091 5426 3194 5482 fuit
3219 5425 3598 5482 nescientium
3634 5424 3813 5479 collo-

2105 5543 2312 5588 catum.
2369 5528 2437 5582 Et
2483 5525 2621 5596 quia
2687 5523 2744 5577 in
2786 5521 2927 5578 locis
2983 5519 3417 5576 venerabilibus
3472 5523 3809 5574 sanctorum

2105 5619 2339 5691 depingi
2375 5615 2645 5671 historias
2670 5628 2784 5669 non
2812 5612 2937 5668 sine
2963 5611 3186 5668 ratione
3209 5615 3460 5667 vetustas
3483 5606 3744 5672 admisit,
3767 5605 3814 5660 si

2104 5711 2287 5768 zelum
2317 5705 2672 5765 discretione
2721 5703 3066 5771 condiisses,
3102 5701 3228 5758 sine
3277 5699 3478 5767 dubio,
3510 5702 3566 5754 et
3599 5715 3664 5754 ea
3696 5712 3817 5768 quas

347 5868 425 5944 (a)
457 5866 694 5932 Excusi,
725 5881 795 5925 ne
824 5865 1106 5939 dupectis,
1136 5868 1194 5922 at
1217 5863 1274 5922 in
1300 5864 1403 5923 Ms.
1426 5867 1548 5921 tum
1572 5864 1698 5920 vitas
1717 5864 1770 5919 S.
1795 5863 1985 5934 Greg.
2018 5865 2139 5919 tum
2171 5855 2545 5932 epistolarum
2579 5855 2920 5911 constanter
2950 5849 3128 5907 habes
3159 5852 3239 5908 ut,
3276 5861 3387 5900 non
3417 5858 3502 5900 ne.
