4088 6172
374 331 483 389 H7

861 321 927 382 S.
975 310 1347 379 GREGORII
1393 305 1617 370 PAP/E
1659 301 1867 370 VITA,
1915 294 2279 358 AUCTORE
2322 293 2630 358 JOANNE
2674 292 3034 356 DIACONO.
3087 294 3231 355 LIB.
3278 293 3382 356 III.

3762 293 3884 350 148

368 461 732 527 intendebas,
765 453 1074 513 salubriter
1106 450 1388 514 obtinere,
1422 448 1477 500 et
1497 440 1799 498 collectum
1832 449 2064 507 gregem
2100 433 2152 498 Α
2186 432 2394 497 lauda;
2429 431 2526 487 sed
2562 430 2700 502 quia
2730 430 3159 501 simplicitatem
3206 432 3366 484 tuam
3417 444 3547 483 cum
3582 432 3887 483 senectute

367 572 484 610 non
511 553 860 622 dispergere,
902 546 1005 600 sed
1040 543 1370 611 dispersum
1422 534 1615 606 potius
1666 534 1896 601 poteras
1926 542 2070 579 con-

366 614 642 716 gregare:
673 614 741 695 ut
769 614 1022 709 pastoris
1054 633 1110 685 in
1138 636 1191 684 te
1219 626 1484 684 meritum
1510 635 1718 676 nomen
1746 614 2069 716 excelleret,

366 702 683 799 nonuculpa
714 702 1053 794 dispersoris
1086 714 1464 772 incumberet.
1510 708 1640 763 Haec
1690 708 1880 759 autem
1929 702 2068 755 dum

367 823 423 876 in
458 821 565 875 hoc
598 817 778 873 animi
826 813 911 868 tui
950 811 1182 865 incauto
1223 806 1401 861 nimis
1435 805 1595 857 metu
1638 795 1957 866 exequeris,
1994 793 2071 845 ita

282 904 285 907 ’
367 905 946 977 tuosscandalizasse
969 900 1120 955 ﬁlios
1145 892 1488 969 perbiberis,
1514 899 1575 945 ut
1597 887 1848 943 maxima
1869 899 2066 939 eorum

370 1017 502 1072 pars
531 1016 563 1054 a
594 1002 693 1053 tua
723 1010 785 1050 se
816 988 1225 1048 communione
1247 982 1648 1055 suspenderet.
1673 976 1912 1040 Quando
1936 987 2071 1043 ergo

292 1098 297 1101 ⁷
370 1064 439 1145 ad
474 1086 617 1142 ovile
652 1082 1015 1140 Dominicum
1048 1080 1312 1133 errantes
1341 1088 1474 1128 oves
1504 1070 1777 1135 adduces,
1802 1064 1899 1136 qui
1926 1078 2072 1134 quas

368 1179 570 1242 hebes,
595 1175 841 1231 retinere
890 1187 1006 1225 non
1048 1164 1363 1239 praevales?
1394 1159 1640 1216 Proinde
1672 1157 1976 1211 hortamur
2008 1156 2074 1205 ut

368 1267 452 1323 vel
490 1281 642 1321 nunc
674 1263 911 1321 studeas
943 1276 1069 1315 esse
1101 1255 1406 1320 sollicitus,
1430 1256 1603 1321 atque
1627 1246 1698 1302 ab
1730 1246 1838 1300 hac
1862 1252 1913 1297 te
1939 1258 2073 1311 prie-

368 1356 697 1429 sumptione
727 1365 1100 1421 compescas:
1136 1351 1417 1402 eteorum
1450 1341 1699 1405 animos,
1730 1351 1877 1405 quos
1911 1350 1941 1387 a
1975 1337 2075 1385 tua

368 1423 696 1519 disjunctos
730 1442 950 1498 unitate
981 1436 1311 1509 cognoscis,
1337 1436 1575 1505 paterna
1597 1428 1666 1483 ad
1690 1434 1743 1482 te
1768 1423 2073 1479 dulcedine

368 1536 527 1593 omni
580 1533 792 1590 annisu
842 1530 1120 1600 omnique
1170 1522 1361 1581 studio
1421 1533 1691 1577 revocare
1751 1512 2072 1569 festines.»

366 1627 597 1698 (flegist.
634 1624 676 1679 ι.
708 1640 788 1691 x1,
823 1638 904 1693 ep.
942 1618 1055 1689 13.)

440 1764 527 1817 13.
576 1757 857 1816 Januario
915 1769 1143 1827 quoque
1200 1748 1530 1807 Caralitano
1590 1745 1883 1818 episcopo,
1944 1742 2075 1811 post

370 1852 566 1922 aliqua
596 1846 818 1911 scribit,
851 1845 1083 1900 dicens:
1121 1863 1148 1889 ‹‹
1181 1841 1337 1896 Inter
1384 1834 1647 1911 querelas
1697 1829 2072 1901 multiplices,

372 1941 632 1999 Isidorus
663 1937 752 1993 vir
781 1932 1167 2001 clarissimus,
1202 1947 1235 1985 a
1266 1926 1622 1983 fraternitate
1643 1928 1743 1978 tua
1776 1922 1993 1975 frustra
2014 1933 2076 1973 se

373 2026 945 2086 excommunicatum
1007 2018 1676 2085 anathematizatumque
1726 2014 2077 2081 conquestus

372 2126 480 2177 est.
511 2118 670 2184 Quod
704 2132 881 2189 quam
915 2114 989 2169 ob
1020 2128 1139 2167 rem
1174 2110 1391 2166 factum
1424 2106 1615 2171 fuerit,
1645 2105 1780 2159 dum
1813 2118 1846 2155 a
1872 2099 2077 2156 clerico

375 2215 496 2275 tuo,
549 2206 649 2279 qui
704 2220 962 2278 praesens
1012 2205 1158 2268 erat,
1190 2197 1578 2253 voluissemus
1623 2193 1944 2255 addiscere,
1978 2204 2080 2260 pro

375 2297 540 2355 nulla
571 2297 682 2352 alia
713 2311 908 2359 causa,
943 2292 1053 2347 nisi
1078 2307 1180 2363 pro
1211 2305 1277 2345 eo
1308 2286 1463 2359 quod
1487 2294 1539 2340 te
1570 2282 1965 2352 injuriaverat,
2003 2280 2083 2331 fa-

375 2393 530 2444 ctum
564 2384 839 2442 innotuit.
873 2385 1009 2449 Quae
1042 2397 1132 2436 res
1167 2396 1272 2434 nos
1302 2377 1674 2432 vehementer
1701 2371 1922 2434 afflixit,
1946 2367 2083 2439 quia

378 2478 423 2534 si
461 2478 539 2531 ita
568 2479 677 2541 est,
713 2473 796 2528 nil
826 2478 882 2529 te
912 2469 1169 2527 ostendis
1201 2470 1270 2523 de
1301 2464 1637 2523 cmlestibus
1674 2461 1946 2533 cogitare,
1982 2458 2083 2512 sed

384 2571 676 2623 terrenam
708 2568 764 2619 te
793 2559 1288 2617 conversationem
1330 2557 1545 2611 habere
1576 2552 1909 2624 signiﬁcas:
1942 2550 2083 2603 dum

380 2673 483 2729 pro
514 2653 770 2711 vindicta
816 2650 1063 2722 proprias
1130 2647 1379 2717 injuriae,
1433 2645 1586 2716 quod
1637 2641 1819 2697 sacris
1869 2636 2085 2710 regulis

382 2727 739 2818 prohibet-ur,
801 2739 1268 2797 maledictionem
1338 2732 1723 2792 anathematis
1797 2727 2084 2785 invexisti.

382 2837 545 2893 Unde
591 2837 662 2891 de
702 2838 907 2890 caetero
938 2830 1178 2886 omnino
1228 2832 1349 2883 esto
1398 2826 1862 2894 circumspectus
1914 2824 2089 2889 atque

384 2924 692 2989 sollicitus,
725 2926 784 2978 et
813 2920 954 2977 talia
1001 2919 1281 2988 cuiquam
1330 2931 1431 2986 pro
1478 2913 1816 2969 defensione
1862 2908 2088 2980 injuriae

384 3021 499 3072 tuae
542 3013 753 3069 inferre
798 3011 990 3066 denuo
1039 3024 1155 3063 non
1189 3020 1531 3078 praesumas.
1568 3007 1706 3057 Nam
1758 3000 1808 3056 si
1842 2999 1955 3054 tale
1984 2997 2090 3052 ali-

384 3105 527 3177 quid
561 3100 858 3169 feceris,{in
881 3104 936 3156 te
956 3097 1104 3155 scias
1129 3101 1327 3169 postea
1344 3092 1778 3150 vindicandum.
1808 3114 1828 3143 ι
1869 3087 2088 3160 (Πιερίδι.

393 3194 493 3251 lib.
528 3210 607 3260 χι,
638 3208 723 3264 ep.
754 3190 866 3260 Δ49.)

460 3329 550 3384 3'3.
603 3328 747 3382 Item
798 3324 1028 3381 eidem:
1076 3320 1478 3377 «Praedicator
1526 3317 1946 3389 omnipotentis
1994 3319 2093 3374 Dei

392 3417 610 3474 Paulus
655 3412 951 3486 apostolus
1003 3409 1277 3483 praecipit,
1324 3410 1567 3465 dicens:
1597 3409 1879 3464 Seniorem
1909 3423 1977 3463 nc
2004 3407 2094 3462 in-

386 3508 691 3579 crepaveris
725 3505 770 3575 (ι
804 3504 935 3558 Tim.
968 3518 1023 3568 v,
1058 3502 1132 3571 1).
1165 3500 1271 3555 Sed
1323 3499 1444 3555 haec
1494 3499 1622 3570 ejus
1674 3497 1876 3570 regula
1919 3498 1975 3552 in
2029 3514 2094 3553 eo

389 3596 668 3653 servanda
699 3599 806 3659 est,
842 3608 977 3649 cum
1026 3591 1196 3661 culpa
1245 3588 1488 3646 senioris
1537 3588 1799 3659 exemplo
1843 3604 1949 3643 suo
1982 3603 2094 3643 non

390 3686 575 3743 trahit
605 3687 676 3741 ad
705 3682 1006 3739 interitum
1040 3681 1214 3736 corda
1239 3680 1561 3750 iuniorum.
1592 3678 1696 3734 Ubi
1723 3677 1877 3732 enim
1906 3676 2098 3732 senior

384 3775 698 3847 juvenibus
713 3770 1046 3844 exemplum
1067 3769 1459 3841 ad_interitum
1480 3768 1719 3839 praebet,
1734 3767 1814 3821 ibi
1829 3765 2097 3822 districta

393 3864 790 3935 increpatione
839 3858 1129 3917 feriendus
1175 3861 1281 3913 est.
1315 3855 1459 3912 Nam
1512 3856 1795 3924 scripturn
1828 3860 1917 3910 est
1948 3870 1962 3909 :
1994 3856 2101 3909 La-

394 3968 562 4025 queus
605 3954 875 4023 juvenum
915 3963 1105 4005 omnes
1151 3962 1241 4003 vos
1271 3948 1422 4018 (Isai.
1455 3962 1592 4014 xm,
1616 3946 1729 4016 22).
1764 3944 1834 3999 Et
1866 3960 2098 4000 rursum

394 4042 675 4115 prepheta
704 4040 877 4096 dicit:
918 4042 1168 4094 Peccator
1212 4046 1430 4092 centum
1460 4051 1735 4090 annorum
1776 4034 2103 4089 malediclus

392 4139 468 4189 est
501 4133 648 4205 (Isai.
700 4148 825 4197 va,
864 4130 978 4200 20).
1011 4132 1185 4181 Tanta
1238 4133 1432 4180 autem
1495 4124 1748 4195 nequitia
1806 4126 1875 4178 ad
1933 4140 2102 4179 aures

398 4239 559 4276 meas
592 4222 663 4276 de
695 4226 794 4274 tua
843 4223 1140 4274 senectute
1186 4214 1464 4285 pervenit,
1500 4220 1565 4267 ut
1604 4228 1731 4267 eam
1776 4212 1881 4267 nisi
1916 4214 2104 4269 adhuc

398 4308 740 4364 humanitus
775 4322 1167 4379 pensaremus,
1195 4304 1443 4373 ﬁxajam
1468 4301 1872 4358 maledictione
1905 4302 2103 4357 ferire-

401 4413 549 4453 mus.
603 4397 831 4452 Dictum
874 4397 1089 4467 quippe
1140 4392 1281 4448 mihi
1325 4401 1409 4448 est
1460 4393 1610 4463 quod
1668 4391 1964 4447 Dominico
2014 4393 2103 4449 die

401 4488 744 4558 priusquam
771 4485 1081 4540 missarum
1106 4482 1385 4538 solemnia
1407 4481 1751 4553 celebrares,
1776 4482 1846 4537 ad
1870 4499 2106 4538 exaran-

2184 523 2474 581 novimus,
2510 522 2741 577 interim
2772 524 3053 577 tacemus.
3091 543 3117 569 ››
3151 520 3291 591 (Lib.
3329 536 3403 586 1x,
3436 536 3518 589 ep.
3555 520 3631 587 1.)

2251 611 2337 665 33.
2373 610 2587 666 Omnes
2618 610 2857 666 omnino
2907 610 3208 682 pontiﬁces
3241 627 3273 664 a
3302 608 3546 664 lectione
3596 607 3885 662 librorum

2183 701 2335 753 100
2392 699 2699 771 gentilium
2765 700 3072 771 Gregorius
3138 698 3463 754 inhibebat.
3523 697 3886 768 Quapropter

2180 789 2474 844 Desiderio
2521 788 2837 845 Galliarum
2886 790 3176 861 episcopo,
3229 787 3469 860 pallium
3536 786 3887 857 postulanti,

2180 878 2400 947 scribit,
2428 878 2735 948 inquiens:
2774 898 2803 928 «
2833 879 2975 935 Cum
3003 878 3185 934 multa
3217 876 3385 933 nobis
3420 876 3566 931 bona
3588 877 3657 931 de
3677 874 3886 930 vestris

2182 968 2430 1022 fuissent
2461 968 2674 1022 studiis
2722 967 3010 1034 nuntiata,
3061 968 3140 1022 ita
3187 966 3345 1021 cordi
3392 970 3587 1020 nostro
3630 970 3713 1020 est
3747 971 3888 1019 nata

2182 1057 2401 1125 laetitia,
2438 1062 2499 1111 ut
2527 1074 2736 1129 negare
2766 1075 2852 1125 ea,
2887 1074 3014 1129 qum
3046 1058 3157 1113 sibi
3190 1058 3516 1112 fraternitas
3540 1063 3723 1111 vestra
3741 1072 3886 1109 con-

2182 1148 2438 1202 cedenda
2470 1148 2746 1219 poposcit,
2784 1148 3023 1202 minime
3074 1151 3425 1219 pateremur.
3459 1147 3564 1201 Sed
3599 1150 3729 1216 post
3761 1144 3887 1198 haec

2185 1238 2438 1307 pervenit
2469 1239 2537 1293 ad
2574 1254 2699 1307 nos,
2725 1238 2874 1308 quod
2899 1238 3023 1292 sine
3046 1235 3392 1293 verecundia
3418 1251 3739 1290 memorare
3766 1251 3883 1290 non

2184 1345 2520 1399 possumus,
2544 1328 2963 1384 fraternitatem
2987 1333 3141 1383 tuam
3168 1327 3609 1399 grammaticam
3641 1326 3885 1396 quibus-

2185 1419 2316 1473 dam
2350 1434 2647 1490 exponere.
2686 1419 2866 1483 Quam
2919 1435 3037 1473 rem
3091 1418 3332 1473 moleste
3385 1416 3773 1487 suscepimus,
3818 1432 3887 1470 ac

2185 1524 2382 1562 sumus
2413 1507 2812 1563 vehementius
2844 1507 3154 1579 aspernati,
3189 1512 3345 1562 utea
3376 1522 3502 1577 quae
3535 1505 3696 1575 prius
3730 1504 3887 1559 dicta

2185 1599 2419 1654 fuerunt
2450 1598 2507 1653 in
2540 1598 2814 1667 gemitum
2846 1602 2903 1653 et
2925 1598 3221 1652 tristitiam
3255 1602 3630 1661 verteremus,
3660 1594 3793 1663 quia
3826 1596 3885 1649 in

2184 1706 2301 1744 uno
2320 1705 2381 1745 se
2411 1705 2508 1745 ore
2539 1705 2672 1745 cum
2702 1688 2863 1745 Jovis
2892 1687 3166 1743 laudibus
3194 1686 3407 1744 Christi
3432 1685 3634 1741 laudes
3650 1700 3770 1741 non
3792 1700 3890 1739 ca-

2108 1800 2151 1865 Β
2185 1779 2373 1850 piunt.
2420 1778 2484 1833 Et
2532 1795 2707 1849 quam
2752 1793 2922 1851 grave
2972 1778 3406 1848 nefandumque
3450 1775 3526 1831 sit
3584 1774 3887 1845 episcopos

2184 1884 2410 1935 cauere,
2465 1870 2612 1939 quod
2672 1884 2777 1924 nec
2830 1866 2974 1923 laico
3034 1866 3305 1938 religioso
3372 1863 3698 1927 conveniat,
3761 1864 3889 1933 ipse

2185 1957 2505 2014 considera.
2556 1957 2699 2011 Nam
2751 1958 3017 2027 quamvis
3049 1955 3463 2011 dilectissimus
3496 1953 3650 2009 ﬁlius
3689 1956 3890 2007 noster

2186 2047 2502 2114 Candidus,
2537 2047 2854 2118 presbyter,
2888 2045 3266 2116 postmodum
3295 2042 3553 2110 veniens,
3584 2042 3694 2099 hac
3724 2041 3797 2096 de
3827 2055 3890 2095 re

2189 2138 2481 2193 subtiliter
2521 2138 2862 2208 inquisitos,
2913 2135 3230 2207 negaverit,
3279 2142 3454 2205 atque
3496 2150 3596 2189 vos
3642 2134 3891 2188 conatus

2191 2229 2365 2283 fuerit
2407 2244 2705 2295 excusare,
2739 2229 2808 2283 de
2839 2232 3038 2282 nostro
3088 2232 3284 2282 tamen
3324 2226 3516 2281 adhuc
3544 2224 3740 2280 animo
3772 2238 3894 2277 non

2191 2320 2461 2387 recessit;
2496 2320 2635 2391 quia
2666 2324 2947 2390 quantum
2982 2316 3304 2373 execrabile
3342 2324 3423 2373 est
3455 2318 3562 2372 hoc
3591 2317 3662 2372 de
3692 2331 3898 2372 sacer—

2193 2410 2322 2464 dote
2351 2410 2596 2475 narrari,
2628 2413 2790 2465 tanto
2815 2412 3011 2463 utrum
3038 2424 3109 2463 ne
3127 2409 3204 2464 ita
3227 2409 3319 2474 sit,
3346 2407 3609 2463 districta
3628 2411 3687 2463 et
3709 2405 3900 2461 veraci

2194 2504 2418 2571 oportet
2446 2499 2845 2555 satisfactione
2870 2498 3161 2570 cognosci.
3198 2497 3361 2554 Unde
3390 2499 3440 2553 si
3473 2500 3605 2568 post
3634 2497 3742 2552 hoc
3771 2495 3904 2551 evi-

2195 2590 2398 2644 denter
2424 2587 2544 2642 hesc
2570 2604 2698 2660 quas
2722 2588 2791 2642 ad
2826 2603 2930 2642 nos
2963 2585 3183 2658 perlata
3205 2589 3345 2641 sunt
3366 2583 3511 2640 falsa
3530 2600 3655 2640 esse
3676 2582 3902 2639 clarue-

2197 2680 2331 2745 rint,
2365 2693 2554 2749 neque
2583 2693 2683 2731 vos
2716 2677 2887 2747 nugis
2918 2680 2975 2730 et
3004 2674 3382 2731 saecularibus
3414 2672 3622 2729 litteris
3662 2674 3901 2728 studere

2197 2768 2555 2835 constiterit;
2589 2772 2645 2822 et
2675 2768 2787 2821 Deo
2840 2770 3033 2822 nostro
3080 2765 3294 2838 gratias
3342 2779 3609 2835 agemus,
3652 2762 3749 2832 qui
3799 2778 3907 2819 cor

2198 2866 2450 2914 vestrum
2484 2857 2762 2913 maculari
2812 2856 3166 2928 blasphemis
3204 2855 3588 2912 nefandorum
3622 2852 3904 2909 laudibus

2198 2966 2313 3005 non
2347 2947 2634 3019 permisit,
2665 2948 2812 3003 etde
2842 2945 3230 3003 concedendis
3263 2961 3390 3017 quas
3414 2943 3677 3015 poscitis,
3709 2943 3909 2998 securi

2201 3042 2319 3112 jam
2352 3045 2406 3093 et
2434 3039 2561 3093 sine
2579 3037 2773 3108 aliqua
2795 3037 3155 3093 dubitatione
3179 3034 3583 3092 tractabimus.
3622 3056 3643 3082 ι
3678 3034 3907 3103 (Regist.

2207 3130 2303 3185 lib.
2337 3144 2414 3195 χι,
2443 3144 2528 3198 cp.
2559 3127 2674 3197 54.)
3350 3146 3353 3148 ’

2280 3219 2368 3274 34.
2403 3217 2794 3273 Nihilominus
2823 3216 3033 3285 Natali,
3063 3215 3400 3272 Salonitano
3440 3214 3730 3284 episcopo,
3765 3210 3912 3269 scri—

2209 3308 2310 3373 bit,
2342 3306 2579 3362 dicens:
2617 3329 2643 3357 «
2680 3306 2879 3363 Multis
2910 3306 2981 3362 ab
3013 3305 3154 3362 urbe
3187 3312 3285 3360 tua
3316 3300 3695 3369 venientibus,
3731 3300 3917 3357 frater

2211 3398 2573 3464 cbarissime,
2607 3397 2805 3463 didici,
2838 3395 3116 3469 pastorali
3159 3411 3299 3451 cura
3350 3391 3646 3458 derelicta,
3680 3390 3823 3449 solis
3857 3399 3918 3447 te

2207 3488 2484 3547 conviviis
2513 3492 2881 3559 occupatum.
2916 3490 3049 3554 Quae
3080 3486 3279 3541 audita
3301 3499 3416 3541 non
3447 3483 3765 3547 crederem,
3799 3481 3919 3537 nisi

2211 3582 2326 3636 haec
2376 3578 2672 3635 actionum
2722 3582 2951 3633 tuarum
3023 3574 3431 3648 experimentis
3505 3570 3915 3644 approbarem.

2207 3670 2353 3725 Nam
2387 3669 2526 3741 quia
2574 3683 2944 3739 nequaquam
2988 3665 3220 3723 lectioni
3252 3664 3511 3731 studeas,
3542 3677 3918 3732 nequaquam

2210 3758 2591 3817 exhortationi
2626 3756 2908 3828 invigiles,
2934 3756 3033 3812 sed
3058 3755 3249 3828 ipsum
3276 3768 3509 3826 quoque
3531 3766 3701 3807 usum
3728 3750 3921 3806 eccle-

2211 3849 2427 3907 siastici
2461 3848 2683 3905 ordinis
2725 3848 2980 3919 ignores,
3014 3846 3119 3901 hoc
3149 3850 3239 3901 est
3269 3845 3329 3899 in
3364 3842 3723 3909 testimonio,
3757 3840 3912 3911 quod

2212 3941 2294 3995 eis
2312 3940 2421 3994 sub
2441 3938 2651 4010 quibus
2672 3954 2735 3992 es
2753 3936 2978 4009 positus
3000 3950 3227 3992 servare
3250 3931 3621 3990 reverentiam
3648 3928 3858 3986 nescis.
3886 3951 3917 3978 η

2212 4032 2434 4099 (Regist.
2466 4029 2561 4085 lib.
2595 4044 2655 4097 ιι,
2687 4043 2773 4098 cp.
2809 4026 2921 4095 18.)

2282 4122 2370 4175 35.
2404 4118 2514 4174 Sed
2563 4134 2690 4174 cum
2743 4115 2961 4171 Natalis
3020 4130 3120 4186 per
3174 4114 3408 4170 inanem
3488 4110 3921 4183 philosophiam

2214 4206 2444 4276 scriptis
2479 4203 2728 4275 propriis
2777 4217 2839 4258 se
2879 4201 3163 4257 niteretur
3206 4198 3621 4271 inculpabilem
3671 4197 3923 4251 demon-

2216 4303 2418 4366 strare,
2452 4294 2802 4349 mitissimus
2852 4292 3052 4347 doctor
3092 4289 3407 4361 Gregorius
3454 4287 3537 4344 ita
3570 4286 3872 4356 rescripsit
3905 4302 3923 4342 :

2213 4409 2240 4437 «
2280 4388 2339 4441 In
2394 4383 2790 4440 conviviorum
2844 4380 3240 4437 defensionem
3318 4383 3511 4433 vestra
3583 4374 3927 4431 fraternitas

2215 4477 2456 4531 Abrahae
2481 4474 2805 4530 convivium
2838 4474 3147 4538 memorat,
3168 4470 3225 4523 in
3259 4484 3398 4540 quo,
3432 4471 3575 4523 teste
3604 4481 3765 4522 sacro
3797 4464 3925 4520 elo-

399 4552 535 4630 dam
568 4552 821 4631 messem
853 4572 1055 4629 latoris
1095 4572 1473 4643 praesentium
1521 4552 1825 4644 perrexisti
1852 4589 1865 4639 ;
1892 4577 1947 4628 et
1978 4581 2106 4645 post
2138 4558 2183 4622 D
2217 4566 2375 4638 quio,
2408 4569 2528 4620 tres
2577 4564 2813 4634 angelos
2852 4559 3183 4631 suscepisse
3237 4556 3591 4629 perhibetur.
3646 4554 3760 4610 Sed
3812 4552 3929 4609 hoc

407 4666 800 4725 exarationem
831 4668 957 4737 ejus
981 4665 1295 4721 missarum
1321 4664 1601 4720 solemnia
1624 4664 1946 4720 celebrasti.
1982 4664 2111 4721 Post

407 4760 725 4816 missarum
778 4758 1062 4816 solemnia
1093 4758 1291 4827 etiam,
1324 4761 1381 4812 et
1410 4758 1688 4813 terminos
1722 4756 2111 4828 possessionis

403 4850 564 4907 illius
595 4850 887 4906 eradicare
934 4847 1171 4903 minime
1221 4847 1491 4903 timuisti.
1524 4846 1685 4910 Quod
1739 4847 1949 4902 factum
1985 4864 2109 4919 qua:

406 4958 573 5015 poena
604 4941 809 4996 debuit
830 4937 1082 5009 insequi,
1107 4954 1306 4993 omnes
1330 4937 1426 5009 qui
1462 4938 1730 5003 audiunt,
1755 4939 1966 4993 sciunt.
1992 4938 2113 4993 Du-

409 5034 485 5088 bii
519 5036 711 5089 autem
765 5033 834 5088 de
884 5036 1047 5086 tanta
1077 5029 1186 5085 hac
1236 5031 1604 5099 perversitate
1638 5030 1974 5097 fueramus;
2010 5031 2110 5085 sed

408 5120 564 5177 ﬁlius
601 5127 798 5177 noster
828 5120 1098 5193 Cyriacus
1129 5118 1328 5184 abbas,
1364 5135 1395 5171 a
1428 5117 1594 5171 nobis
1623 5117 1942 5187 requisitos
1974 5120 2115 5173 dum

406 5212 559 5261 esset
605 5209 843 5276 Caralis,
895 5210 972 5263 ita
1020 5224 1081 5263 se
1130 5207 1465 5279 cognovisse
1499 5207 1809 5276 perhibuit.
1865 5206 1933 5261 Et
1982 5208 2119 5278 quia

406 5296 596 5350 adhuc
628 5300 793 5352 canis
818 5298 931 5352 tuis
955 5298 1263 5369 parcimus,
1285 5298 1611 5364 hortamur,
1633 5294 1947 5365 aliquando
1973 5296 2117 5350 resi-

405 5381 562 5452 pisce
595 5399 789 5450 senex,
824 5389 997 5453 atque
1030 5402 1061 5439 a
1102 5392 1261 5439 tanta
1315 5383 1544 5439 levitate
1592 5399 1819 5437 morum
1874 5389 1931 5437 et
1977 5400 2114 5453 ope-

404 5487 529 5525 rum
564 5471 943 5542 perversitate
974 5488 1277 5545 compesce
1306 5490 1319 5527 :
1354 5472 1488 5542 quia
1519 5477 1733 5541 quanto
1768 5472 1937 5527 morti
1970 5474 2107 5528 vici-

404 5561 533 5617 nior
580 5562 845 5623 afﬁceris,
898 5566 1057 5617 tanto
1108 5564 1229 5618 ﬁeri
1282 5562 1585 5619 sollicitior
1628 5570 1799 5635 atque
1852 5564 2111 5621 timidior

318 5724 336 5743 1‘
402 5652 598 5709 debes.
636 5652 698 5708 Et
732 5652 969 5727 quidem
1021 5668 1163 5726 pene
1198 5655 1482 5712 sententia
1513 5654 1571 5711 in
1627 5658 1683 5712 te
1731 5654 2129 5727 fueratjacuA

2218 4654 2478 4727 exemplo
2498 4655 2567 4709 de
2584 4652 2868 4718 convivio,
2893 4664 3077 4721 neque
3104 4663 3209 4703 nos
3225 4644 3647 4702 beatitudinem
3665 4645 3927 4699 vestram

2219 4744 2721 4816 reprehendimus,
2745 4741 2794 4797 si
2825 4739 2974 4795 hanc
2996 4737 3290 4808 suscipere
3312 4732 3552 4806 angelos
3576 4733 3634 4788 in
3664 4731 3927 4804 hospita-

2218 4836 2440 4893 litatem
2472 4831 2893 4903 cognoscimus.
2928 4829 3183 4885 Rursum
3214 4828 3421 4891 narrat
3454 4832 3553 4879 tua
3584 4823 3927 4879 fraternitas

2220 4928 2379 4983 Isaac
2426 4924 2723 4991 satiatum,
2775 4920 2891 4975 ﬁlio
2945 4915 3411 4973 benedictionem
3487 4914 3737 4969 dedisse.
3784 4914 3925 4979 Qua:

2217 5021 2459 5088 utraque
2510 5012 2723 5070 veteris
2766 5008 3145 5068 'l‘estamenti.
3177 5008 3314 5078 quia
3346 5008 3424 5061 ita
3456 5008 3595 5061 sunt
3624 5006 3786 5077 gesta
3819 5019 3930 5075 per

2212 5106 2541 5172 historiam,
2560 5107 2621 5157 ut
2642 5108 2838 5157 tamen
2862 5100 3161 5170 signarent
3190 5096 3413 5167 aliquid
3439 5110 3541 5167 per
3563 5093 3927 5166 allegoriam,

2215 5196 2434 5252 utinam
2466 5194 2763 5249 valeamus
2794 5191 2875 5246 sic
2907 5204 3001 5244 res
3030 5192 3228 5259 gestas
3269 5185 3513 5257 legendo
3563 5198 3928 5255 percurrere,

2213 5293 2276 5344 ut
2309 5286 2603 5357 possimus
2635 5282 2808 5337 etiam
2843 5277 3129 5351 gerendas
3160 5276 3527 5349 pres-videndo
3560 5272 3797 5329 sentire.
3825 5272 3933 5327 Ille

2214 5380 2430 5451 quippe
2461 5376 2519 5431 in
2553 5374 2740 5430 tribus
2788 5371 3009 5444 angelis
3056 5386 3233 5424 unum
3285 5367 3572 5434 salutans,
3622 5365 3934 5421 Trinitatis

2216 5467 2628 5526 subsistentias
2679 5463 2857 5519 unius
2907 5460 3250 5517 substantiae
3280 5474 3407 5514 esse
3436 5456 3773 5512 declaravit.
3813 5456 3931 5511 [ste

2214 5575 2347 5616 vero
2380 5557 2624 5614 satiatus
2647 5548 2939 5609 benedicit
2966 5551 3152 5605 ﬁlium
3181 5566 3194 5604 :
3219 5549 3355 5621 quia
3377 5549 3478 5619 qui
3502 5545 3714 5603 divinis
3737 5548 3934 5618 epulis

2217 5647 2495 5723 repletur,
2528 5644 2688 5701 illius
2711 5657 2918 5701 sensus
2947 5640 3002 5697 in
3028 5637 3344 5712 prophetia
3367 5637 3639 5693 virtutem
3662 5637 3933 5695 extendi-
