4088 6172
254 318 372 378 149

747 322 812 380 S.
865 318 1232 380 GREGORII
1281 317 1509 378 PAPrE
1557 319 1764 390 VITA,
1813 318 2179 378 AUCTOBE
2223 317 2521 378 JOANNE
2568 319 2930 381 DIAGQNO.
2980 321 3126 381 LIB.
3176 322 3278 382 ιιι.

3657 322 3778 381 150

243 461 353 508 tur.
382 453 594 508 Divinas
634 458 831 508 autem
864 453 1043 523 epulae
1078 455 1226 510 sacri
1259 453 1468 524 eloquii
1501 453 1672 508 verba
1703 457 1861 508 sunt.
1887 453 1944 508 Si
1976 455 2030 520 Α
2063 457 2291 524 ceptum
2325 455 2663 526 susceperit,
2698 469 2831 510 eum
2866 455 2942 510 ita
2973 456 3042 510 ad
3073 457 3473 512 revertendum
3508 454 3776 512 districta

239 545 413 614 igitur
461 544 695 598 assidue
744 544 958 614 legitis,
993 544 1041 598 si
1099 543 1428 614 exemplum
1463 544 1532 598 ab
1572 544 1951 598 exterioribus

237 635 560 698 trahentes,
584 636 814 689 interna
847 635 1185 705 penetratis,
1213 634 1378 705 quasi
1403 635 1472 688 de
1494 634 1615 704 agri
1651 634 1952 688 venatione

238 723 450 786 satiati,
498 725 710 777 mentis
754 732 1009 778 ventrem
1055 725 1311 794 repletis,
1349 733 1407 777 ut
1453 725 1776 794 anteposito
1815 723 1949 786 filio,

235 819 510 884 suscepto
544 813 806 869 videlicet
841 813 1074 885 populo,
1113 815 1350 882 possitis
1384 819 1625 869 ventura
1658 814 1947 868 nuntiare.

237 902 342 955 Sed
373 903 498 969 jam
550 901 611 957 in
645 902 752 958 hoc
803 901 1012 958 saeculo
1065 903 1288 973 caligat,
1323 903 1420 973 qui
1455 904 1523 956 de
1573 903 1687 957 Deo
1733 903 1949 974 aliquid

239 991 588 1060 prophetat:
624 991 760 1061 quia
789 991 1042 1061 profecto
1077 991 1317 1060 dignum
1351 996 1437 1046 est
1482 997 1544 1045 ut
1576 991 1669 1046 hic
1695 993 1819 1061 jam
1855 1009 1954 1063 per

241 1080 776 1148 concupiscentiam
827 1081 1020 1134 minus
1052 1079 1261 1148 videat,
1295 1081 1462 1149 cujus
1494 1096 1700 1135 sensus
1734 1096 1833 1150 per
1865 1081 1950 1134 in-

241 1167 632 1237 telligeutiam
656 1169 816 1224 intus
847 1173 1131 1224 coruscat.
1166 1168 1292 1222 Haec
1320 1186 1455 1239 ergo
1477 1170 1544 1223 ad
1572 1169 1950 1239 vosmetipsos

246 1258 384 1310 101
415 1257 664 1322 trahite;
698 1262 753 1313 et
775 1259 825 1312 si
858 1275 956 1313 vos
981 1258 1118 1313 tales
1151 1258 1483 1328 agnoscitis,
1511 1259 1653 1313 nihil
1677 1265 1762 1313 est
1795 1259 1951 1329 quod

237 1348 304 1400 de
357 1352 565 1401 nostra
625 1347 1012 1403 estimatione
1060 1348 1361 1403 dubitetis.
1414 1348 1670 1404 Gaudere
1721 1364 1950 1420 quoque

238 1435 676 1492 Beatitudinem
698 1442 945 1491 vestram
973 1436 1222 1501 invenio,
1251 1436 1298 1490 si
1331 1438 1553 1492 voracis
1578 1453 1788 1492 nomen
1812 1454 1950 1494 cum

236 1542 434 1581 rerum
475 1533 712 1583 auctore
744 1528 1048 1584 sustineat.
1084 1527 1237 1591 Quod
1272 1545 1376 1599 ego
1420 1529 1662 1585 breviter
1707 1547 1948 1601 expono,

232 1617 369 1687 quia
402 1617 452 1672 si
477 1618 546 1672 de
579 1619 742 1673 vobis
778 1618 980 1674 falsum
1017 1619 1252 1683 dicitur,
1289 1634 1496 1674 nomen
1530 1619 1639 1675 hoc
1672 1621 1952 1676 veraciter

231 1724 364 1761 cum
394 1724 595 1762 rerum
620 1713 856 1764 auctore
881 1709 1203 1764 sustinetis.
1228 1709 1281 1763 Si
1309 1725 1441 1764 vero
1467 1710 1535 1764 de
1558 1710 1720 1766 vobis
1744 1727 1947 1766 verum

230 1802 334 1860 est,
362 1796 477 1852 hoc
510 1797 580 1852 de
605 1797 702 1895 illo
735 1798 943 1854 falsum
973 1799 1147 1854 fuisse
1179 1799 1311 1870 quis
1333 1799 1606 1854 dubitet?
1636 1800 1948 1856 Absolvere
1979 1830 2025 1895 Β

227 1902 332 1939 vos
368 1903 486 1941 non
529 1887 682 1942 valet
714 1905 814 1958 par
858 1905 1088 1954 nomen,
1124 1905 1369 1959 quorum
1404 1891 1602 1959 dispar
1633 1895 1722 1945 est
1753 1908 1945 1946 causa.

224 1975 382 2029 Nam
416 1993 554 2032 cum
579 1994 645 2032 eo
676 1994 904 2033 crucem
938 1978 1110 2033 etiam
1145 1980 1442 2050 periturus
1478 1979 1622 2035 latro
1655 1981 1948 2051 suscepit;

225 2066 329 2120 sed
373 2084 553 2137 quem
585 2073 777 2124 reatus
827 2068 1092 2141 proprius
1123 2069 1331 2137 tenuit,
1365 2087 1465 2141 par
1509 2071 1800 2127 crucifixio
1834 2089 1949 2127 non

227 2159 507 2215 absolvit.
545 2184 572 2208 »
608 2162 827 2232 (Πιερίδι,
862 2163 900 2217 ι.
936 2178 996 2228 ιι,
1028 2179 1111 2232 ep.
1143 2162 1257 2232 52.)

307 2250 427 2319 Ego
463 2259 682 2320 tamen,
715 2251 919 2321 quanti
950 2253 1110 2306 valeo
1144 2251 1410 2322 precibus
1440 2253 1703 2322 deposco,
1739 2259 1802 2309 ut
1825 2271 1958 2310 san-

241 2340 574 2396 ctissimam
612 2341 1032 2396 fraternitatem
1067 2347 1320 2397 vestram
1361 2342 1581 2399 auctori
1617 2348 1811 2399 nostro
1839 2345 1954 2400 Deo

233 2447 346 2484 non
387 2430 582 2486 solum
612 2447 847 2497 nomen,
883 2432 977 2486 sed
1021 2432 1195 2487 etiam
1229 2449 1404 2487 causa
1435 2434 1769 2503 conjungat.
1802 2435 1948 2491 Con-

237 2521 380 2573 vivia
413 2524 615 2575 autem
642 2537 762 2589 quis
783 2537 850 2575 ex
884 2521 1615 2592 intentioneimpendendae
1647 2525 1952 2580 charitatis

237 2609 404 2673 fiunt,
444 2614 604 2663 recte
644 2617 829 2663 vestra
862 2610 1140 2664 sanctitas
1173 2611 1230 2664 in
1263 2611 1386 2665 suis
1424 2611 1687 2681 epistolis
1713 2613 1952 2682 laudat;

237 2699 335 2752 sed
373 2702 567 2753 tamen
615 2699 916 2754 sciendum
950 2705 1038 2755 est
1081 2702 1219 2769 quia
1246 2704 1386 2755 tunc
1417 2701 1692 2756 veraciter
1722 2719 1788 2757 ex
1819 2704 1958 2759 cha-

240 2787 410 2841 ritate
441 2787 754 2856 prodeunt,
777 2803 908 2844 cum
934 2789 991 2842 in
1016 2789 1101 2843 eis
1123 2788 1290 2843 nulla
1311 2791 1636 2845 absentium
1663 2791 1778 2846 vita
1805 2809 1955 2848 mor-

237 2877 430 2941 detur,
462 2876 665 2932 nullus
689 2893 756 2932 ex
777 2877 1040 2934 irrisione
1063 2877 1537 2947 reprehenditur;
1573 2885 1629 2934 et
1652 2898 1764 2936 non
1789 2882 1847 2936 in
1871 2883 1956 2938 eis

239 2967 444 3021 inanes
479 2968 852 3022 saecularium
887 2968 1251 3039 negotiorum
1287 2968 1511 3036 fabulae,
1534 2972 1631 3025 sed
1667 2972 1839 3026 verba
1863 2990 1956 3028 sa-

237 3072 342 3110 crae
369 3056 645 3112 lectionis
669 3059 1007 3128 audiuntur,
1042 3075 1174 3114 cum
1210 3075 1321 3114 non
1353 3059 1482 3132 plus
1514 3077 1689 3131 quam
1726 3078 1956 3118 necesse

236 3151 320 3200 est
354 3147 612 3202 servitur
635 3148 882 3219 corpori,
905 3149 1006 3204 sed
1037 3147 1157 3205 sola
1191 3151 1318 3219 ejus
1351 3151 1659 3206 infirmitas
1680 3152 1932 3207 reticitur

2064 545 2399 600 executione
2431 545 2760 616 compellat,
2787 551 3076 616 quatenus
3108 548 3157 602 ei
3188 546 3328 616 illic,
3350 551 3408 602 te
3440 547 3774 615 insistente,

2065 635 2319 705 quinque
2369 637 2572 690 diebus
2607 638 2715 690 sub
2767 635 3023 704 qualibet
3071 637 3440 692 excusatione
3470 636 3772 694 immOrari

2066 741 2177 777 non
2215 725 2419 778 liceat:
2457 742 2525 780 ne
2551 726 2597 779 si
2628 727 2886 796 quolibet
2911 727 3078 780 modo
3103 743 3234 782 eum
3269 727 3485 782 ibidem
3511 726 3766 797 amplius

2066 831 2288 868 moram
2325 815 2531 870 habere
2584 815 2938 884 permiseris,
2975 833 3106 871 cum
3144 817 3269 886 ipso
3314 817 3466 887 apud
3503 833 3608 873 nos
3639 832 3773 887 gra-

2065 903 2208 956 viter
2238 903 2481 973 incipias
2513 922 2638 960 esse
2672 905 3001 975 culpabilis.
3028 927 3055 954 »
3091 905 3310 976 (Regist.
3338 907 3432 959 lib.
3461 923 3514 972 κ,
3537 922 3624 976 ep.
3662 905 3772 974 lO.)

2133 994 2220 1046 37.
2253 995 2393 1048 Item
2431 995 2735 1049 Anthemio
2769 995 3125 1050 subdiacono
3160 1011 3172 1048 :
3209 1017 3235 1044 «
3272 994 3540 1049 Pervenit
3571 995 3640 1049 ad
3664 1011 3770 1049 nos

2063 1083 2411 1149 Pimenium,
2437 1085 2797 1139 Amalfitanze
2832 1085 3082 1139 civitatis
3114 1085 3474 1155 episcopum,
3504 1084 3562 1138 in
3595 1083 3774 1140 eccle-

2064 1173 2150 1228 sia
2195 1190 2303 1228 sua
2334 1173 2586 1229 residere
2619 1191 2733 1230 non
2781 1191 2908 1230 esse
2941 1179 3303 1243 contentum,
3337 1174 3438 1229 sed
3486 1174 3640 1230 foras
3671 1189 3773 1244 per

2063 1261 2184 1316 loca
2216 1261 2440 1316 diversa
2487 1263 2701 1332 vagari.
2734 1262 2892 1326 Quod
2944 1263 3206 1318 videntes
3253 1262 3370 1327 alii,
3406 1277 3512 1319 nec
3565 1260 3680 1333 ipsi
3710 1262 3771 1316 in

2064 1357 2251 1407 castro
2276 1369 2336 1407 se
2359 1353 2748 1419 retinent,sed
2773 1357 2898 1424 ejus
2921 1353 3254 1425 exemplum
3281 1357 3613 1425 sequentes,
3631 1352 3772 1408 foris

2063 1442 2249 1512 magis
2284 1441 2506 1514 eligunt
2541 1443 2821 1498 habitare.
2858 1448 2924 1497 Et
2957 1443 3093 1514 quia
3124 1443 3208 1499 sic
3240 1449 3496 1515 agentes,
3532 1442 3640 1514 ipsi
3673 1458 3773 1514 po-

2062 1531 2180 1586 tius
2212 1533 2280 1588 ad
2316 1549 2476 1588 suam
2509 1533 2704 1588 hostes
2735 1534 3226 1604 depraedationem
3259 1535 3530 1600 invitant,
3555 1533 3769 1589 idcirco

2063 1621 2168 1677 hac
2197 1622 2299 1676 tibi
2341 1624 2682 1678 auctoritate
2732 1623 3103 1695 praecipimus
3143 1627 3205 1679 ut
3237 1624 3388 1680 102
3439 1623 3768 1693 supradicto

2061 1712 2331 1783 episcopo
2378 1713 2746 1768 interminari
2798 1731 2911 1769 non
2944 1712 3202 1782 desinas,
3231 1718 3517 1782 quatenus
3548 1712 3658 1768 hoc
3697 1712 3769 1768 de

2061 1807 2263 1856 caetero
2297 1803 2481 1857 facere
2512 1819 2625 1858 non
2659 1811 2993 1872 praesumat,
3019 1804 3113 1858 sed
3140 1801 3198 1856 in
3233 1800 3492 1858 Ecclesia
3523 1817 3651 1868 sua,
3677 1819 3768 1858 sa-

2063 1891 2337 1946 cerdotali
2384 1907 2563 1960 more,
2609 1893 2874 1947 resideat.
2909 1894 3091 1957 Quem
3144 1892 3189 1947 si
3223 1891 3362 1946 forte
3404 1908 3517 1948 non
3568 1908 3768 1948 emen-

2061 1981 2185 2036 dari
2216 1987 2347 2052 post
2388 1985 2548 2036 tuam
2582 1981 3118 2037 interminationem
3160 1981 3517 2053 cognoveris,
3550 1981 3608 2035 in
3643 1997 3770 2036 mo-

2063 2072 2315 2126 nasterio
2339 2087 2469 2126 eum
2504 2072 2783 2142 deputare
2810 2075 2866 2126 et
2899 2071 3065 2126 nobis
3093 2071 3322 2127 curabis
3347 2071 3538 2126 modis
3571 2071 3767 2126 omni-

2064 2162 2174 2216 bus
2225 2161 2500 2227 indicare,
2540 2165 2600 2216 ut
2647 2162 2786 2232 quid
2842 2161 3027 2217 facere
3077 2161 3290 2217 debeas
3323 2165 3518 2216 nostra
3558 2161 3767 2216 iterum

2067 2251 2451 2323 praeceptione
2484 2267 2815 2323 cognoscas.
2857 2274 2884 2301 »
2917 2251 3133 2322 (Παρία.
3173 2253 3210 2306 ι.
3244 2269 3322 2319 vr,
3355 2268 3436 2322 ep.
3465 2253 3580 2321 23.)

2136 2342 2224 2396 38.
2251 2341 2374 2397 Non
2409 2341 2621 2396 mirum
2645 2341 2692 2396 si
2725 2341 3038 2412 Gregorius
3071 2358 3139 2398 ex
3161 2341 3484 2397 ministerio
3516 2339 3624 2395 sibi
3656 2355 3774 2395 cre-

2067 2433 2184 2487 dito
2225 2431 2458 2486 curabat
2496 2431 2635 2485 vitia
2674 2431 3064 2501 quorumlibet
3105 2431 3541 2503 prepositorum
3578 2429 3773 2486 verbis

2069 2522 2404 2578 salubribus
2436 2522 2756 2592 increpare,
2781 2522 2876 2593 qui
2909 2521 3139 2593 lapsum
3166 2523 3409 2594 propria
3442 2523 3632 2578 amita:
3656 2537 3771 2576 non

2069 2610 2506 2665 dubitaveritad
2543 2611 2983 2666 instructionem
3019 2612 3218 2683 pOputi
3251 2618 3612 2682 posterorum
3645 2625 3773 2665 me-

2059 2702 2268 2780 rmoriae
2299 2701 2731 2756 commendare.
2765 2700 3066 2771 Siquidem
3101 2699 3443 2768 Evangelica
3477 2699 3771 2755 sententia

2069 2807 2187 2861 qua
2241 2789 2500 2844 dicitur:
2561 2790 2715 2844 Multi
2773 2793 2897 2844 sunt
2969 2792 3162 2858 t'ocati,
3224 2789 3388 2860 pauci
3446 2804 3566 2845 vero
3612 2786 3771 2843 electi

2067 2879 2283 2949 (Matth.
2339 2897 2477 2946 xxii,
2528 2881 2634 2949 14),
2687 2879 2886 2934 volens
2946 2878 3268 2934 multorum
3325 2878 3685 2934 vocationem
3737 2894 3772 2934 ο.

2065 2985 2388 3044 paucorum
2431 2967 2709 3024 electione
2743 2969 2948 3023 formis
2988 2967 3385 3039 exemplorum
3421 2968 3770 3034 discernere,

2067 3058 2346 3129 perhibet,
2383 3058 2623 3114 dicens:
2660 3082 2685 3106 (ι
2720 3063 2882 3112 Pater
2925 3074 3088 3114 meus
3121 3063 3238 3113 tres
3285 3073 3515 3114 sorores
3544 3055 3771 3122 habuit,

2070 3164 2197 3218 quae
2256 3153 2477 3203 cunctae
2530 3164 2705 3203 sacrae
2753 3147 3006 3218 virgines
3052 3147 3325 3203 fuerunt:
3360 3162 3608 3218 quarum
3659 3159 3776 3200 una

239 3243 292 3290 ut
328 3238 402 3290 ad
445 3252 618 3292 usum
655 3197 984 3293 exgrcendaa
1017 3197 1247 3294 virtuti;
1273 3239 1569 3296 habeatur.
1597 3239 1724 3296 Haec
1758 3197 1954 3312 itaque;
1987 3199 2030 3266 Ο
2069 3197 2366 3302 'f‘barsilla,
2412 3236 2524 3292 alia
2573 3197 2889 3304 Gordiani:
2931 3235 3047 3292 alia
3095 3197 3404 3292 Emiliana
3451 3236 3772 3291 dicebatur.

237 3328 279 3382 si
319 3343 420 3381 vos
462 3327 521 3382 in
557 3329 764 3384 vestris
795 3328 1074 3384 conviviis
1104 3329 1298 3400 agitis,
1321 3330 1743 3387 abstinentiam
1778 3333 1957 3388 fateor

235 3416 512 3487 magistri
547 3417 710 3472 estis.
747 3419 906 3483 Quod
940 3435 1071 3489 ergo
1103 3419 1263 3475 Pauli
1294 3421 1535 3491 apostoli
1570 3423 1640 3477 ad
1676 3438 1766 3477 me
1799 3424 1955 3479 testi-

228 3507 504 3562 monium
553 3508 857 3577 posuistis,
893 3510 954 3564 in
995 3525 1110 3580 quo
1159 3510 1273 3564 ait:
1317 3511 1421 3576 Qui
1468 3527 1577 3566 non
1624 3512 1952 3576 manducat,

221 3598 664 3652 manducantem
708 3614 814 3653 non
858 3599 1060 3667 iudicet
1094 3601 1268 3669 (Rom.
1296 3616 1407 3666 xxv,
1440 3601 1514 3670 3),
1547 3603 1784 3657 omnino
1828 3605 1952 3659 exi-

229 3688 412 3742 stimo
443 3687 830 3759 incongruum
856 3689 1069 3745 fuisse:
1104 3691 1238 3760 quia
1271 3707 1456 3761 neque
1479 3706 1584 3762 ego
1619 3709 1734 3747 non
1757 3709 1948 3750 come-

227 3775 327 3838 do,
364 3790 561 3844 neque
609 3777 681 3830 ob
732 3775 842 3831 hoc
875 3793 908 3830 a
939 3775 1118 3832 Paulo
1166 3777 1429 3850 apostolo
1475 3778 1696 3835 dictum
1743 3785 1851 3845 est,
1885 3785 1949 3837 ut

223 3866 501 3920 membra
541 3864 778 3935 Christi,
813 3883 938 3937 quae
977 3867 1036 3923 in
1077 3869 1203 3938 ejus
1233 3885 1493 3941 corpore,
1526 3870 1583 3924 id
1616 3875 1707 3926 est
1745 3870 1803 3926 in
1840 3873 1945 3927 Ec-

225 3953 435 4020 clesia,
487 3953 733 4010 invicem
803 3956 913 4010 sibi
982 3955 1283 4013 charitatis
1341 3973 1622 4030 compage
1683 3976 1947 4017 connexa

228 4047 394 4109 sunt,
432 4042 656 4099 nullam
698 4045 768 4100 de
798 4061 859 4101 se
900 4044 1016 4102 ullo
1048 4049 1219 4103 modo
1252 4064 1444 4104 curam
1497 4055 1719 4120 gerant.
1753 4051 1863 4107 Sed
1896 4054 1944 4109 si

230 4149 421 4204 neque
454 4149 561 4204 ego
593 4134 664 4189 ad
697 4139 774 4202 te,
808 4151 995 4206 neque
1027 4145 1082 4192 tu
1114 4136 1332 4207 aliquid
1379 4139 1693 4209 pertineres
1724 4143 1794 4196 ad
1829 4158 1941 4211 me,

221 4221 359 4290 jure
393 4227 585 4276 tacere
613 4223 1010 4294 compellerer,
1045 4230 1106 4280 ut
1140 4242 1272 4282 eum
1315 4243 1429 4282 non
1464 4229 1941 4299 reprehenderem

227 4312 332 4382 qui
361 4313 661 4368 emendari
690 4330 804 4370 non
837 4320 1047 4385 posset.
1073 4317 1197 4372 Haec
1228 4334 1364 4390 ergo
1398 4321 1685 4376 sententia
1706 4329 1942 4395 propter

225 4416 328 4457 eos
375 4400 744 4458 solummodo
793 4403 948 4460 dicta
977 4411 1063 4461 est
1106 4406 1202 4477 qui
1236 4407 1654 4480 illosjudicare
1703 4412 1939 4466 student

225 4509 481 4562 quorum
503 4507 637 4547 cura
658 4493 768 4548 sibi
786 4497 1101 4552 commissa
1123 4513 1237 4552 non
1257 4503 1362 4554 est.
1379 4501 1450 4554 At
1471 4506 1780 4571 postquam
1806 4519 1936 4570 nos,

2069 3329 2191 3384 Uno
2224 3343 2425 3383 omnes
2454 3343 2650 3383 arnore
2672 3343 2980 3395 conversae,
3016 3343 3131 3382 uno
3161 3327 3479 3395 eodemque
3508 3329 3774 3396 tempore

2067 3423 2325 3485 sacratae,
2362 3418 2470 3473 sub
2493 3417 2856 3473 districtione
2887 3416 3137 3489 regulari
3172 3417 3447 3487 degentes
3496 3415 3556 3471 in
3597 3415 3770 3469 domo

2065 3509 2317 3582 propria,
2363 3508 2637 3565 socialem
2680 3509 2859 3564 vitam
2912 3507 3223 3564 ducebant.
3265 3510 3528 3577 Cumque
3575 3508 3769 3561 essent

2063 3601 2286 3656 diutius
2319 3602 2375 3657 in
2419 3602 2620 3657 eadem
2653 3599 3110 3667 conversatione,
3138 3601 3438 3668 cceperunt
3467 3596 3765 3667 quotidia-

2062 3691 2154 3746 nis
2184 3691 2556 3746 incrementis
2589 3691 2644 3745 in
2678 3706 2935 3746 amorem
2989 3688 3313 3745 Conditoris
3343 3687 3434 3743 sui
3480 3683 3766 3741 Tharsilla

2061 3786 2116 3836 et
2164 3781 2470 3836 xEmiliana
2520 3795 2902 3845 succrescere,
2953 3783 3030 3846 et,
3081 3793 3213 3832 cum
3263 3778 3387 3833 solo
3434 3775 3525 3831 hic
3568 3777 3765 3830 essent

2060 3885 2322 3940 corpore,
2351 3870 2608 3940 quotidie
2635 3869 2832 3923 animo
2872 3869 2939 3922 ad
2973 3872 3186 3922 aeterna
3223 3862 3486 3920 transire.
3516 3865 3588 3917 At
3617 3878 3758 3917 con-

2060 3964 2149 4014 tra
2180 3959 2487 4014 Gordianae
2536 3957 2742 4012 animae
2776 3957 2949 4027 coepit
2996 3955 3066 4012 ab
3101 3971 3299 4011 amore
3329 3951 3541 4010 caloris
3571 3951 3763 4005 intimi

2058 4066 2161 4121 per
2191 4050 2528 4121 quotidiana
2554 4049 2916 4104 decrementa
2943 4051 3254 4118 tepescere,
3287 4051 3340 4098 et
3371 4041 3663 4113 paulisper
3692 4041 3765 4095 ad

2057 4139 2234 4211 hujus
2257 4139 2454 4196 saeculi
2488 4153 2736 4194 amorem
2764 4136 2974 4192 redire.
3006 4135 3218 4191 Crebro
3249 4137 3444 4189 autem
3476 4131 3768 4187 Tharsilla

2057 4233 2246 4288 dicere
2272 4230 2594 4286 x’Emilianae
2615 4227 2799 4284 sorori
2823 4244 2943 4283 suae
2965 4241 3098 4282 cum
3123 4239 3336 4296 magno
3362 4222 3582 4295 gemitu
3611 4221 3757 4278 sole-

2058 4323 2190 4379 bat:
2227 4322 2398 4378 Video
2446 4318 2793 4376 Gordianam
2828 4332 3084 4373 sororem
3134 4321 3396 4372 nostram
3443 4314 3514 4369 de
3562 4317 3762 4369 nostra

2055 4419 2209 4470 sorte
2241 4430 2353 4468 non
2388 4427 2538 4467 esse.
2573 4409 2867 4479 Perpendo
2900 4410 3055 4464 enim
3089 4406 3228 4479 quia
3255 4405 3410 4460 foras
3441 4404 3664 4467 defluit,
3699 4409 3756 4460 et

2057 4519 2151 4558 cor
2183 4502 2239 4555 id
2281 4502 2431 4572 quod
2465 4498 2768 4570 praposuit
2798 4513 2910 4552 non
2946 4495 3222 4553 custodit.
3258 4495 3441 4560 Quam
3474 4493 3759 4548 curabant

227 4586 462 4636 auctore
495 4582 628 4650 Deo,
651 4599 832 4638 unum
868 4601 1094 4652 sumus,
1121 4587 1198 4657 (τι)
1230 4587 1279 4642 si
1311 4605 1377 4644 ea
1411 4607 1538 4660 quae
1573 4591 1740 4645 nobis
1773 4592 1940 4646 corri-
1978 4577 2026 4640 Β
2058 4591 2271 4646 blanda
2314 4589 2572 4661 quotidie
2610 4585 3019 4658 redargutione
3059 4584 3366 4655 corripere,
3400 4588 3572 4653 atque
3603 4598 3638 4637 a
3672 4579 3756 4637 le-

225 4673 418 4743 genda
451 4677 589 4727 sunt
619 4677 897 4742 tacemus,
928 4674 1094 4732 valde
1119 4677 1543 4748 delinquimus.

296 4762 384 4816 36.
403 4760 710 4817 Neminem
733 4779 868 4818 sane
889 4764 1230 4835 pontificum
1255 4784 1288 4821 a
1310 4769 1582 4837 parochia
1602 4786 1706 4826 sua
1727 4773 1934 4828 saltem

224 4867 546 4922 parumper
559 4851 782 4922 absque
803 4852 1124 4909 iuevitabili
1145 4873 1383 4927 prorsus
1397 4862 1933 4919 necessitatedisce-

222 4944 357 4997 dere
385 4941 702 5012 Gregorius
746 4943 1160 5013 permittebat:
1196 4963 1344 5017 quos
1376 4949 1653 5006 nimirum
1703 4953 1761 5007 in
1795 4969 1931 5009 cau-

222 5032 299 5087 sis
320 5030 722 5088 mundialibus
739 5035 1014 5104 occupari
1033 5035 1543 5096 vehementissime
1562 5041 1926 5112 prohibebat.

224 5119 380 5176 Unde
434 5121 717 5187 Romano,
758 5122 1068 5195 defensori,
1120 5127 1341 5195 scribit,
1383 5129 1620 5186 dicens:
1655 5153 1684 5182 ‹‹
1733 5131 1924 5189 Peria-

222 5215 340 5266 tum
365 5216 455 5266 est
474 5211 547 5266 ad
568 5228 697 5278 nos,
713 5215 1260 5273 reverendiseimum
1281 5219 1516 5278 fratrem
1539 5232 1802 5278 nostrum
1823 5224 1927 5280 Ba-

221 5302 414 5356 silium
438 5301 804 5373 episcopum,
821 5303 974 5360 velut
996 5321 1176 5362 unum
1191 5309 1260 5364 de
1283 5307 1513 5366 laicisin
1539 5313 1731 5369 causis
1745 5331 1924 5369 seacu-

217 5388 434 5446 laribus
458 5393 825 5461 occupari,et
848 5396 1130 5465 pretoriis
1155 5397 1440 5456 inutiliter
1461 5401 1766 5460 deservire.
1786 5407 1918 5471 Quae

215 5483 622 5552 res,qnoniam
647 5486 703 5536 et
725 5483 913 5552 ipsum
935 5485 1108 5542 vilem
1129 5491 1335 5559 reddit,
1353 5496 1408 5546 et
1432 5495 1806 5551 reverentiam
1830 5515 1920 5553 sa-

210 5571 564 5628 cerdotalem
578 5571 888 5640 annihilat,
902 5577 1095 5634 statim
1111 5582 1534 5651 utexperientia
1546 5587 1648 5641 tua
1663 5585 1765 5643 hoc
1778 5603 1920 5657 prae-

276 5810 350 5881 (a)
373 5806 464 5865 Al.
498 5806 546 5861 si
569 5809 718 5863 vobis
742 5825 814 5868 ea
853 5827 974 5882 qua:
1003 5813 1328 5884 corrigenda
1355 5823 1480 5871 sunt
1509 5825 1768 5875 tacemus.

2049 4681 2228 4736 vitate
2262 4694 2490 4734 morum
2543 4678 2611 4732 ad
2647 4676 2985 4746 gravitatem
3021 4676 3107 4730 sui
3151 4673 3386 4729 habitus
3418 4673 3748 4727 reformare.

2049 4775 2182 4837 Quae
2212 4769 2444 4840 quidem
2471 4767 2803 4822 resumebat
2843 4767 3070 4821 vultum
3104 4764 3292 4820 subito
3324 4762 3620 4834 gravitatis
3655 4762 3746 4814 in-

2045 4864 2134 4916 ter
2165 4858 2336 4914 verba
2365 4856 2784 4928 correptionis;
2822 4857 2920 4912 sed
2954 4871 3087 4912 cum
3127 4854 3391 4924 ejusdem
3433 4847 3749 4920 correptio-

2042 4952 2134 5005 nis
2161 4950 2301 5004 hora
2323 4948 2650 5014 transisset,
2677 4944 2966 5002 transibat
2989 4944 3258 5016 protinus
3305 4947 3360 4996 et
3390 4939 3745 5010 superducta

2038 5040 2288 5112 gravitas
2332 5038 2675 5103 honestatis,
2713 5052 2960 5106 moxque
2989 5035 3060 5088 ad
3103 5033 3249 5088 levia
3278 5028 3449 5084 verba
3492 5027 3740 5082 redibat.

2039 5128 2368 5186 Puellarum
2422 5127 2713 5200 gaudebat
2760 5126 3036 5181 societate
3084 5115 3578 5188 laicarum,eique
3608 5134 3739 5188 per-

2035 5237 2178 5277 sona
2205 5219 2374 5276 valde
2395 5235 2641 5276 onerosa
2660 5221 2800 5285 erat,
2823 5226 3204 5284 quaecumque
3236 5208 3372 5265 huic
3402 5208 3622 5264 mundo
3644 5210 3742 5264 de-

2035 5311 2156 5367 dita
2208 5327 2320 5366 non
2371 5313 2512 5364 erat.
2561 5306 2822 5371 Quadam
2875 5319 3000 5358 vero
3051 5305 3215 5357 nocte
3265 5298 3398 5354 huic
3437 5298 3734 5354 Tharsilla:

2032 5401 2224 5456 amitae
2254 5415 2413 5464 mea,
2446 5413 2572 5468 que
2614 5396 2763 5449 inter
2795 5408 3019 5448 sorores
3051 5407 3186 5446 suas
3219 5389 3429 5444 virtute
3462 5389 3734 5444 orationis

2032 5493 2340 5556 continuae,
2375 5484 2704 5542 afﬂictionis
2743 5483 3032 5553 studiosae,
3070 5480 3434 5538 abstinentiae
3467 5480 3734 5550 singula-

2031 5580 2131 5650 ris,
2163 5577 2436 5649 gravitate
2475 5576 2598 5632 vitae
2639 5574 3006 5643 venerabilis,
3040 5575 3098 5630 in
3132 5573 3348 5629 honore
3379 5575 3436 5626 et
3479 5569 3733 5626 culmine
