4088 6172
308 310 433 372 ’151

816 317 874 379 S.
924 322 1294 387 GREGORII
1341 325 1567 388 ΡΑΡᾸΞ
1614 326 1815 400 VITA,
1866 329 2230 390 AUCTORE
2281 332 2586 395 JOANNE
2636 333 2998 397 DIACONO.
3050 337 3191 399 LIB.
3241 336 3340 398 Ill.

3729 341 3844 399 152

310 451 638 508 sanctitatis
687 464 1029 527 excreverat,
1058 463 1208 516 sicut
1240 463 1367 535 ipsa
1400 465 1670 530 narravit,
1708 481 1806 536 per
1836 463 2015 520 visio-
2041 466 2098 533 Α
2128 468 2204 522 ris
2236 471 2642 526 coercitionem
2675 478 2964 546 expertus,
3000 475 3058 530 in
3093 474 3222 532 aliis
3271 475 3592 547 disciplinae
3624 476 3843 531 distri—

311 554 439 594 nem
475 545 674 599 atavus
707 562 868 603 meus
901 550 1076 616 Felix,
1112 552 1286 622 hujus
1323 554 1587 610 Romanae
1619 553 1886 611 Ecclesia:
1914 572 2018 610 an-

312 627 497 697 tisles,
533 637 823 704 apparuit,
859 640 1028 710 eique
1063 641 1421 697 mansionem
1457 649 1748 715 perpetuae
1787 645 2017 699 clarita-

305 717 380 770 tis
415 722 686 792 ostendit,
720 724 954 781 dicens:
990 728 1154 798 Veni,
1189 731 1326 801 quia
1358 731 1414 785 in
1447 733 1554 787 bac
1587 739 1639 788 te
1672 733 1820 789 lucis
1850 751 2013 788 man-

307 806 471 860 sione
503 809 772 880 suscipio.
809 814 940 879 Qure
972 817 1350 888 subsequenti
1380 835 1512 874 mox
1545 821 1698 876 febre
1730 827 2012 892 correpta,

307 894 374 947 ad
404 896 557 952 diem
590 902 846 968 pervenit
877 908 1221 961 extremum.
1246 908 1310 962 Et
1342 909 1492 964 sicut
1525 911 1821 967 nobilibus
1854 914 2012 967 femi-

300 983 390 1037 nis
414 983 668 1055 virisque
692 991 1098 1063 morientibus,
1125 996 1290 1052 multi
1314 1001 1664 1055 conveniunt
1687 1002 1782 1072 qui
1808 1018 2007 1057 eorum

297 1071 595 1139 proximos
623 1078 1014 1152 consolentur,
1049 1087 1245 1141 eadem
1280 1088 1421 1142 hora
1461 1089 1587 1158 ejus
1622 1091 1840 1144 exitum
1877 1109 2013 1161 prae-

294 1159 574 1218 stolantes
624 1165 726 1221 viri
761 1184 827 1223 ac
879 1170 1104 1227 femina:
1157 1174 1432 1231 lectulum
1479 1179 2008 1248 circumsteterunt,

293 1248 443 1302 inter
493 1268 641 1321 quas
690 1261 874 1312 mater
921 1276 1156 1332 quoque
1205 1280 1333 1320 mea
1382 1267 1583 1321 adfuit.
1620 1268 1763 1322 Cum
1815 1269 2009 1324 subito

297 1354 534 1396 sursum
557 1341 657 1399 illa
681 1346 1020 1418 respiciens,
1043 1353 1238 1408 Jesum
1262 1356 1587 1411 venientem
1611 1358 1772 1422 vidit,
1798 1363 2008 1415 etcum

295 1439 513 1498 magna
537 1433 1039 1495 animadversione
1065 1442 1231 1513 cmpit
1255 1445 1773 1502 circumstantibus
1796 1449 2009 1502 clama-

293 1531 378 1581 re,
407 1517 635 1576 dicens:
672 1523 963 1595 Recedite,
989 1531 1256 1601 recedite,
1284 1534 1452 1590 Jesus
1473 1536 1647 1591 venit.
1671 1535 1926 1606 Cumque
1951 1538 2005 1592 in

300 1620 435 1662 eum
468 1608 792 1669 intenderet
824 1631 996 1686 quem
1028 1620 1274 1690 videbat,
1310 1629 1475 1679 santa
1514 1624 1613 1680 illa
1641 1626 1837 1681 anima
1879 1643 2006 1682 car-

296 1711 364 1749 ne
397 1697 591 1754 soluta
616 1707 739 1771 est;
776 1710 1049 1780 tantaque
1073 1711 1267 1767 subito
1304 1712 1621 1785 fragrantia
1653 1715 1782 1770 miri
1815 1716 2007 1772 odoris

2129 558 2378 612 stionem
2413 561 2640 616 nescias
2669 565 2984 629 custodire,
3018 565 3262 636 qualiter
3303 565 3515 620 debeas
3556 582 3684 621 esse
3717 567 3846 621 sol-

2125 643 2334 713 licitus,
2371 663 2619 718 congruo
2672 650 2799 718 tibi,
2835 651 2884 706 si
2930 651 3172 707 Domino
3225 653 3534 724 placuerit,
3584 660 3844 724 tempore

2127 732 2679 793 demonstrabimus.
2717 760 2744 788 »
2779 741 3000 810 (Regisl.
3037 742 3135 796 lib.
3172 759 3287 809 vm,
3324 759 3408 813 ep.
3443 745 3522 814 8.)

2194 821 2282 876 40.
2318 822 2457 878 Item
2511 824 2709 896 Sergio
2759 827 3082 883 defensori:
3123 851 3149 878 ‹‹
3185 829 3244 883 Si
3293 830 3467 885 homo
3519 846 3701 890 esses,
3739 835 3843 886 aut

2123 907 2529 965 discretionem
2563 913 2669 982 [ΑΙ.
2704 914 3154 987 districtionem]
3187 917 3445 988 aliquam
3507 919 3839 986 habuisses,

2123 995 2199 1050 ita
2226 1001 2501 1069 regularis
2532 1002 2852 1072 disciplinae
2879 1005 3131 1060 debuisti
3157 1011 3350 1062 custos
3382 1009 3650 1075 existere,
3677 1016 3739 1063 ut
3768 1025 3838 1063 ea

2120 1103 2250 1157 qua:
2299 1088 2416 1145 illic
2447 1089 2644 1146 illicite
2691 1095 3163 1165 committuntur,
3197 1101 3332 1153 ante
3363 1098 3619 1153 vindicta
3652 1100 3836 1154 corri-

2117 1182 2299 1245 geret,
2336 1197 2509 1250 quam
2544 1183 2612 1236 ad
2647 1199 2755 1239 nos
2805 1201 3008 1241 eorum
3062 1187 3301 1243 nuntius
3337 1189 3676 1258 perveniret.
3714 1190 3825 1244 Sed

2119 1265 2257 1319 dum
2294 1268 2474 1324 nimia
2500 1274 2557 1325 te
2608 1271 2743 1327 facit
2771 1272 3020 1329 stultitia
3052 1275 3457 1346 negligentem,
3490 1293 3602 1333 non
3637 1276 3828 1333 solum

2119 1354 2188 1408 de
2238 1355 2354 1410 illis
2404 1359 2774 1428 offendimur,
2804 1363 2899 1418 sed
2933 1363 3106 1419 etiam
3141 1366 3210 1437 ad
3257 1366 3648 1422 ulciscendam
3683 1369 3832 1422 desi-

2119 1446 2272 1501 diam
2290 1451 2449 1504 tuam
2476 1451 2864 1510 nihilominus
2887 1471 3288 1526 provocamur.
3309 1457 3574 1527 »(ftegist.
3596 1459 3690 1516 lib.
3707 1476 3830 1528 vm,

2116 1549 2199 1604 ep.
2235 1538 2313 1605 9.)

2186 1624 2277 1680 41.
2312 1626 2445 1682 Item
2477 1629 2806 1699 Anthemio,
2843 1633 3200 1690 subdiacono
3233 1636 3605 1706 Campaniae:
3643 1659 3669 1687 ιι
3703 1638 3834 1694 Per-

2116 1712 2275 1767 venit
2329 1717 2396 1770 ad
2433 1733 2536 1772 nos
2587 1720 2820 1776 fratrem
2855 1730 2907 1777 et
2957 1724 3367 1796 coepiscopum
3421 1731 3685 1781 nostrum
3723 1728 3833 1784 Pa-

286 1800 527 1856 aspersa
559 1795 664 1861 est,
691 1798 755 1848 ut
786 1794 914 1866 ipsa
941 1814 1173 1870 quoque
1196 1803 1451 1858 suavitas
1483 1804 1711 1860 cunctis
1744 1807 2008 1863 ostende-
2040 1836 2087 1902 Β
2120 1801 2415 1860 schasium
2453 1806 2530 1861 ita
2552 1807 2808 1865 desidem
2841 1794 3428 1885 negligentem'quein
3463 1817 3684 1872 cunctis
3715 1817 3832 1872 exi-

287 1878 367 1902 -ηι
402 1875 520 1902 HN-
554 1885 842 1902 -.--L___,_,
1035 1887 1068 1902 ..
1122 1890 1157 1902 ,ι
1339 1892 1349 1902 .
1515 1893 1549 1902 ι.
2156 1900 2163 1902 .
2363 1893 2419 1902 ν.
2571 1895 2606 1902 .-
2756 1899 2764 1902 -
3034 1901 3040 1902 ,

287 1878 370 1928 ret
402 1875 521 1933 illic
553 1885 855 1939 auctorem
889 1887 1192 1947 suavitatis
1225 1892 1474 1949 venisse.
1510 1893 1768 1966 Cumque
1798 1912 2009 1967 corpus

281 1963 410 2034 ejus
455 1982 522 2020 ex
564 1984 720 2028 more
783 1981 1156 2034 mortuorum
1211 1982 1364 2036 103
1399 1984 1468 2038 ad
1512 1983 1822 2040 lavandum
1857 1991 2011 2043 esset

287 2056 595 2128 nudatum,
627 2059 806 2133 longae
839 2069 1117 2125 orationis
1147 2086 1255 2126 usu
1287 2073 1345 2127 in
1371 2074 1584 2130 cubitis
1615 2076 1740 2146 ejus
1762 2081 1817 2132 et
1846 2078 2008 2147 geni-

283 2142 412 2213 bus,
440 2147 809 2207 camelorum
841 2169 1020 2221 more,
1047 2159 1281 2215 inventa
1311 2166 1397 2217 est
1420 2164 1703 2220 obdurata
1733 2168 1884 2222 cutis
1915 2183 2008 2222 ex-

278 2233 524 2289 crevisse
561 2255 574 2303 ;
613 2244 670 2294 et
702 2241 838 2312 quid
871 2246 1067 2302 vivens
1100 2249 1228 2318 ejus
1271 2251 1513 2322 spiritus
1546 2270 1774 2326 semper
1806 2257 2003 2325 egerit,

287 2328 521 2413 mortua
561 2343 694 2384 caro
739 2333 1072 2392 testabatur.
1107 2337 1238 2394 Haec
1269 2346 1461 2396 autem
1504 2351 1666 2413 gesta
1696 2353 1832 2398 sunt
1867 2349 2003 2400 ante

289 2409 580 2470 Dominici
613 2420 823 2476 natalis
855 2423 1030 2482 diem.
1065 2429 1186 2492 Quo
1227 2409 1544 2498 transacto,
1577 2450 1710 2489 mox
1739 2434 1999 2489 Emilia-

292 2515 378 2554 nm
421 2506 604 2560 sorori
656 2524 777 2566 sum
826 2529 929 2583 per
975 2516 1364 2574 visitationem
1418 2527 1712 2577 nocturnae
1763 2524 1999 2580 visionis

285 2592 580 2662 apparuit,
614 2596 851 2656 dicens:
885 2601 1048 2672 Veni,
1083 2613 1146 2660 ut
1177 2610 1312 2679 quia
1335 2610 1594 2668 Natalem
1631 2613 1995 2670 Dominicam

288 2679 416 2734 sine
437 2686 489 2737 te
507 2681 634 2752 feci,
653 2685 731 2757 (a)
751 2694 1013 2747 sanctum
1032 2694 1548 2768 Theophaniaejam
1569 2705 1757 2756 tecum
1778 2705 1994 2763 faciam.

283 2769 383 2823 Cui
410 2769 508 2825 illa
529 2776 794 2843 protinus
820 2780 891 2836 de
916 2781 1223 2841 Gordianae
1245 2788 1459 2844 sororis
1491 2807 1606 2844 sua:
1626 2793 1816 2848 salute
1839 2797 1995 2852 solli-

281 2856 415 2920 cita,
450 2866 789 2930 respondit:
825 2871 886 2922 Et
931 2871 980 2924 si
1030 2872 1155 2928 sola
1201 2876 1388 2944 venio,
1430 2894 1682 2934 sororem
1735 2889 1992 2940 nostram

285 2946 655 3020 Gordianam,
679 2955 772 3009 cui
797 2956 1065 3014 dimitto?
1098 2963 1204 3017 Cui
1227 2964 1374 3020 tristi
1396 2967 1551 3022 vultu
1580 2969 1788 3024 iterum
1814 2974 1989 3031 dixit:

283 3033 455 3102 -.Veni,
481 3038 775 3099 Gordiana
802 3049 1013 3104 etenim
1049 3067 1212 3107 soror
1242 3060 1443 3110 nostra
1491 3059 1639 3113 inter
1667 3059 1845 3116 laicas
1884 3065 1992 3119 de-

281 3128 482 3193 putata
511 3132 620 3186 est.
643 3130 824 3195 Quam
858 3137 1138 3194 visionem
1163 3159 1288 3198 mox
1321 3147 1590 3202 molestia
1619 3151 1873 3218 corporis
1903 3158 1991 3208 est
2024 3183 2035 3218 ;

279 3220 518 3283 secuta;
552 3223 727 3291 atque
771 3223 844 3279 ita
877 3231 938 3282 ut
989 3229 1211 3287 dictum
1246 3233 1454 3301 fuerat,
1489 3246 1619 3291 ante
1668 3238 1986 3299 Dominieae

283 3307 662 3376 apparitionis
717 3313 892 3386 diem,
943 3320 1145 3376 eadem
1209 3323 1472 3382 molestia
1537 3327 1986 3402 ingravescente,

281 3396 559 3454 defuncta
589 3407 696 3458 est.

355 3507 386 3536 α
416 3487 710 3549 Gordiana
739 3502 931 3555 autem
969 3519 1097 3559 mox
1124 3509 1184 3561 ut
1213 3507 1394 3561 solam
1428 3511 1783 3567 remansisse
1813 3529 1870 3568 se
1904 3531 1991 3570 re-

281 3575 448 3671 perit,
483 3579 609 3671 ejus
642 3587 894 3653 pravitas
935 3595 1222 3664 excrevit;
1257 3605 1310 3650 et
1343 3600 1497 3668 quod
1536 3601 1699 3671 prius
1731 3601 1903 3657 latuit
1934 3605 1991 3659 in

280 3665 566 3759 desiderio
613 3674 1008 3747 cogitationis,
1061 3688 1192 3752 post
1239 3665 1445 3742 effectu
1499 3665 1684 3759 pravae
1747 3692 1993 3750 actionis

280 3758 554 3852 esercuit.
597 3761 740 3820 Nam
773 3767 950 3824 oblita
983 3770 1270 3829 Dominici
1316 3758 1561 3844 timoris,
1593 3779 1772 3836 oblita
1806 3783 1990 3852 pudo-

280 3842 358 3934 ris
390 3851 446 3900 et
478 3853 828 3922 reverentiae,
855 3857 1035 3915 oblita
1069 3866 1544 3934 consecrationis,
1581 3871 1990 3927 conductorem

279 3930 653 4001 postmodum
703 3959 976 4015 agrorum
1027 3967 1269 4008 suorum
1317 3956 1594 4011 maritum
1628 3959 1813 4014 duxit.
1849 3960 1990 4016 Ecce

280 4037 486 4084 omnes
516 4033 634 4088 tres
658 4048 773 4092 uno
807 4039 971 4109 prius
996 4042 1199 4099 ardore
1231 4060 1520 4102 conversae
1552 4055 1715 4123 sunt,
1741 4051 1842 4105 sed
1876 4068 1989 4106 non

281 4125 486 4172 omnes
512 4116 570 4173 in
607 4136 720 4179 uno
756 4127 1074 4199 eodemque
1105 4133 1300 4188 studio
1351 4121 1820 4206 permanserunt,
1854 4141 1994 4211 quia

272 4202 443 4298 juxta
465 4207 828 4270 Dominicam
855 4233 1048 4273 vocem
1074 4235 1086 4273 :
1114 4221 1277 4277 Mulli
1304 4202 1434 4278 sunt
1455 4227 1651 4292 vocali,
1683 4228 1849 4298 pauci
1869 4244 1992 4285 vero

279 4291 445 4389 διίσέὶ
472 4298 688 4389 ρΜᾳιιΙι.
721 4320 860 4374 xxn,
896 4307 1006 4378 H).
1046 4333 1066 4360 ι
1107 4311 1325 4381 (Ilomil.
1358 4315 1428 4368 38
1456 4317 1514 4370 in
1543 4291 1776 4389 Evaag.)

351 4381 854 4479 _39.--Sub_ditorum
889 4413 1120 4468 quoque
1154 4401 1537 4474 negligentiae
1569 4381 1903 4479 Gregorius,
1938 4416 1992 4464 et

279 4470 572 4567 subtiliter
591 4477 992 4551 inquirebatet
1013 4470 1463 4549 districtissimis
1485 4470 1988 4567 redargutionibus

2123 1900 2288 1961 stere,
2316 1901 2370 1946 ut
2403 1893 2459 1949 in
2487 1895 2647 1951 nullo
2669 1899 2806 1968 quia
2841 1904 2928 1953 est
2953 1901 3262 1972 episcopus
3288 1910 3659 1972 agnoscatur,
3683 1906 3827 1961 adeo

2123 1985 2186 2034 ut
2215 1998 2401 2053 neque
2431 1984 2674 2042 ecclesia
2704 1987 2909 2058 ipsius,
2945 2005 3131 2060 neque
3164 1992 3538 2057 monasteria,
3571 1994 3686 2048 sive
3719 1995 3827 2049 [itii

2119 2071 2399 2138 ecclesiae,
2422 2073 2507 2128 vel
2539 2077 2823 2146 oppressi,
2850 2077 2936 2132 vel
2973 2095 3274 2151 pauperes,
3299 2081 3427 2150 ejus
3473 2097 3610 2153 erga
3641 2099 3701 2138 se
3733 2084 3824 2138 di-

2116 2157 2381 2216 lectionis
2422 2165 2677 2220 studium
2728 2168 3004 2235 sentiant,
3039 2183 3141 2223 nec
3186 2169 3435 2238 aliquam
3487 2171 3826 2242 supplican-

2117 2250 2266 2304 tibus
2289 2251 2398 2306 sibi
2433 2251 2526 2319 iis,
2552 2254 2610 2308 in
2645 2256 3102 2326 quibusjustum
3137 2263 3244 2322 est,
3268 2274 3435 2329 opem
3469 2260 3823 2317 defensionis

2115 2342 2551 2409 accommodet;
2585 2349 2642 2398 et
2675 2347 2829 2415 quod
2863 2346 3054 2400 adhuc
3086 2348 3199 2403 dici
3222 2349 3457 2416 gravius
3489 2354 3599 2419 est,
3626 2351 3818 2406 consi-

2113 2425 2186 2480 lia
2219 2428 2567 2499 sapientium
2593 2437 2648 2487 et
2680 2439 2836 2489 recta
2867 2435 3238 2491 suadentium
3272 2437 3430 2491 nulla
3458 2439 3710 2508 patiatur
3732 2457 3823 2496 ra-

2113 2515 2267 2571 tione
2288 2521 2606 2591 suscipere,
2633 2529 2694 2577 ut
2728 2525 2878 2593 quod
2909 2524 3032 2594 ipse
3055 2541 3156 2595 per
3178 2541 3238 2580 se
3263 2526 3464 2597 nequit
3494 2530 3813 2598 attendere,

2111 2605 2182 2658 ab
2213 2606 2324 2660 alio
2358 2609 2563 2665 saltem
2615 2614 2802 2682 possit
2846 2613 3165 2682 addiscere,
3201 2616 3323 2683 sed,
3355 2616 3528 2670 rebus
3568 2633 3694 2687 quae
3744 2619 3814 2674 ad

2109 2696 2263 2750 104
2297 2698 2545 2753 Pastoris
2577 2718 2772 2756 curam
2808 2703 3100 2774 pertinent
3155 2705 3585 2774 praetermissis,
3619 2707 3689 2761 ad
3725 2709 3814 2763 fa-

2107 2785 2444 2843 bricandam
2489 2792 2679 2845 navim
2735 2797 2854 2848 toto
2899 2811 2959 2848 se
2991 2795 3182 2850 studio
3234 2795 3518 2851 inutiliter
3546 2807 3810 2868 occupet.

2105 2873 2275 2941 Unde,
2327 2878 2476 2933 sicut
2525 2880 2720 2949 fertur,
2773 2884 3014 2954 contigit
3075 2885 3524 2956 quadringentos
3583 2895 3682 2941 aut
3738 2904 3808 2943 eo

2101 2965 2353 3036 amplius
2396 2967 2559 3024 illum
2607 2972 2726 3040 jam
2770 2972 2986 3028 solidos
3026 2974 3371 3044 perdidisse.
3407 2975 3524 3031 Hoc
3573 2991 3806 3047 quoque

2101 3055 2225 3123 ejus
2255 3056 2443 3126 culpis
2489 3059 2847 3129 adjungitur,
2881 3063 3026 3131 quod
3061 3062 3141 3117 ita
3185 3063 3445 3133 quotidie
3493 3064 3805 3135 despectus

2103 3158 2235 3196 cum
2271 3160 2383 3199 uno
2408 3151 2508 3200 aut
2539 3147 2768 3202 duobus
2789 3148 3014 3205 clericis
3047 3150 3260 3206 dicitur
3281 3153 3351 3206 ad
3388 3168 3541 3208 mare
3566 3156 3808 3208 descen-

2103 3231 2256 3298 dere,
2293 3241 2355 3287 ut
2384 3239 2440 3289 et
2488 3238 2641 3305 apud
2673 3254 2806 3293 suos
2837 3239 2896 3292 in
2944 3239 3136 3294 fabula
3184 3240 3280 3307 sit,
3309 3248 3361 3296 et
3391 3242 3676 3298 extraneis
3725 3242 3808 3297 sic

2105 3319 2234 3375 vilis
2268 3325 2324 3376 et
2363 3323 2738 3393 despicabilis
2787 3326 3079 3398 videatur,
3113 3333 3173 3383 ut
3217 3329 3361 3384 nihil
3394 3329 3454 3384 in
3498 3346 3559 3384 se
3603 3330 3813 3386 habere

2096 3409 2448 3480 episcopalis
2472 3411 2692 3484 ingenii
2719 3415 2809 3469 vel
2841 3416 3172 3472 reverentia:
3216 3418 3533 3487 judieetur.
3567 3420 3727 3484 Quod
3761 3419 3815 3475 si

2101 3498 2187 3553 ita
2214 3504 2323 3564 est,
2359 3516 2472 3555 non
2506 3502 2631 3557 sine
2662 3502 2836 3574 culpa
2867 3509 2965 3560 tua
3004 3521 3133 3562 esse
3175 3522 3514 3576 cognoscas,
3548 3509 3643 3578 qui
3675 3524 3814 3565 eum

2105 3589 2415 3660 objurgare
2464 3596 2640 3663 atque
2687 3609 2948 3650 coercere
2977 3601 3038 3651 ut
3081 3596 3321 3665 dignum
3367 3603 3456 3652 est
3503 3597 3809 3654 distulisti.

2103 3677 2248 3740 Quia
2278 3696 2414 3752 ergo
2446 3680 2554 3738 hoc
2587 3686 2774 3738 totum
2809 3701 2922 3740 non
2957 3685 3147 3741 solum
3183 3685 3348 3741 illum
3384 3688 3670 3758 reprobat,
3705 3690 3810 3744 sed
3873 3698 3886 3708 '

2105 3768 2279 3823 etiam
2313 3772 2380 3825 ad
2416 3772 2792 3829 sacerdotalis
2835 3775 3010 3830 officii
3057 3776 3344 3845 pertinere
3377 3777 3652 3847 probatur
3700 3795 3813 3851 op-

2105 3858 2426 3929 probrium,
2454 3861 2721 3918 volumus
2755 3871 2811 3917 ut
2834 3879 2966 3918 eum
3001 3880 3191 3920 coram
3217 3866 3345 3921 aliis
3380 3866 3809 3934 sacerdotibus,

2105 3947 2191 4002 vel
2225 3950 2575 4020 quibusdam
2609 3953 2678 4006 de
2709 3951 2842 4008 ﬁliis
2863 3953 2985 4008 suis
3014 3954 3330 4019 nobilibus,
3363 3959 3675 4012 contestari
3709 3959 3811 4014 de-

2105 4038 2238 4094 beas
2261 4055 2330 4093 ac
2359 4039 2595 4106 hortari,
2632 4045 2694 4097 ut
2734 4042 2866 4098 vitio
2897 4043 3147 4115 torporis
3182 4061 3446 4114 excusso,
3479 4046 3645 4102 deses
3676 4063 3808 4104 esse

2104 4143 2218 4182 non
2251 4129 2475 4197 debeat,
2510 4132 2609 4186 sed
2660 4130 2718 4186 in
2752 4132 3007 4188 ecclesiae
3058 4150 3173 4189 suae
3207 4151 3274 4192 ac
3321 4139 3806 4194 monasteriorum

2102 4232 2238 4272 cura
2261 4217 2337 4272 sit
2357 4217 2630 4290 vigilans;
2657 4225 2958 4292 paternam
2978 4221 3115 4278 ﬁliis
3134 4225 3257 4278 suis
3281 4225 3617 4282 charitatem
3633 4227 3803 4282 exhi-

2103 4306 2268 4373 beat;
2305 4308 2363 4363 in
2396 4309 2732 4367 defensione
2760 4328 3082 4383 pauperum
3114 4313 3190 4368 sit
3211 4313 3402 4370 alacer
3431 4332 3562 4371 cum
3595 4316 3806 4372 disere-

2103 4396 2288 4466 Iione;
2318 4399 2374 4452 in
2401 4399 2860 4471 quibusjustitia
2883 4404 3151 4470 suaserit,
3178 4403 3255 4458 sit
3275 4409 3501 4460 erectus
3524 4425 3537 4472 ;
3563 4407 3806 4462 consilia

2101 4487 2449 4558 sapientium
2502 4489 2746 4546 libenter
2793 4492 3105 4563 suscipiat:
3155 4499 3461 4564 quatenus,
3502 4501 3558 4550 et
3601 4495 3810 4552 civitas

280 4563 649 4622 emendabat.
678 4568 837 4628 Unde
859 4574 1171 4645 Vitaliano,
1202 4581 1473 4654 episcopo
1495 4563 1822 4656 Sipontino,
1846 4588 1985 4643 acri-
2020 4571 2065 4638 D
2098 4576 2198 4632 illa
2228 4578 2351 4649 ejus
2399 4583 2572 4650 queat
2610 4580 3004 4636 sollicitudine
3049 4563 3357 4648 consolari,
3389 4563 3598 4656 etipse
3646 4587 3809 4642 desi—

278 4649 459 4706 bens:
497 4675 524 4703 ‹‹
557 4655 616 4710 Si
665 4665 887 4729 custos,
922 4664 1129 4736 inquit,
1165 4649 1418 4742 religiosi
1468 4649 1704 4731 habitus
1757 4649 1984 4748 fuisses,

280 4747 380 4796 aut
410 4759 534 4798 esse
565 4762 772 4804 nosses
802 4753 1130 4825 episcopus,
1169 4758 1347 4816 filiam
1383 4762 1642 4831 gloriosae
1689 4747 1981 4822 memorias

278 4833 549 4927 Tulliani,
579 4841 835 4912 magistri
873 4843 1115 4915 militiae,
1152 4854 1205 4903 te
1237 4849 1355 4906 illic
1383 4853 1592 4923 posito,
1627 4872 1731 4911 nec
1759 4858 1982 4927 projec-

278 4925 351 4979 tis
374 4925 662 4998 religiosis
694 4930 960 4990 vestibus
980 4937 1048 4990 ad
1084 4939 1422 4996 saecularem
1450 4945 1656 5000 reverti
1694 4925 1980 5014 habitum,

276 5030 379 5069 nec
408 5017 479 5071 ad
512 5033 618 5074 nos
642 5017 904 5078 licuisset
937 5041 1267 5095 perversam
1314 5030 1624 5101 epistolam
1669 5035 1977 5092 destinare.

273 5102 379 5196 Sed
411 5106 544 5196 quia
573 5107 752 5165 nimia
782 5112 1006 5168 desidia
1038 5116 1330 5188 nimioque
1359 5123 1590 5190 torpore
1613 5122 1974 5196 deprimcris,

275 5190 329 5242 i'n
365 5198 461 5246 tuo
493 5195 770 5255 dedecore
803 5219 890 5257 res
924 5205 993 5258 arl
1031 5222 1281 5276 presens
1312 5208 1510 5264 illicita
1547 5211 1782 5282 impune
1815 5230 1976 5270 com-

275 5279 448 5336 missa
478 5288 585 5337 est.
620 5286 762 5343 Nam
795 5293 864 5357 si,
903 5301 963 5346 ut
998 5298 1214 5365 praefati
1247 5316 1478 5367 sumus,
1512 5302 1797 5359 sollicitus
1830 5305 1972 5359 exti~

273 5368 457 5439 tisses,
494 5373 653 5441 prius
685 5379 752 5430 ad
782 5395 886 5434 nos
922 5385 1062 5438 ultio
1089 5389 1345 5446 mulieris
1377 5392 1759 5461 pravissimaa,
1793 5410 1968 5464 quam

268 5458 454 5556 culpa,
503 5461 704 5520 debuit
754 5471 1067 5536 pervenire.
1118 5476 1262 5539 Quia
1311 5458 1447 5552 ergo
1496 5458 1969 5556 tantum-hebes,

267 5552 618 5623 tantumque
648 5569 706 5610 es
738 5557 1057 5631 negligens,
1078 5568 1140 5620 ut
1172 5567 1281 5622 nisi
1315 5573 1652 5631 canonicam
1677 5575 1734 5630 in
1768 5577 1824 5631 te
1847 5552 1971 5633 fus;

334 5771 412 5840 (a)
439 5770 624 5842 Bigot.
656 5781 710 5833 et
741 5775 915 5849 Utic.,
944 5788 1195 5844 sanctum
1227 5788 1592 5863 Theophanta.

2100 4668 2208 4722 diae
2252 4685 2364 4722 suae
2416 4669 2618 4740 culpas
2669 4669 2856 4725 valeat
2905 4673 3152 4741 operire.
3184 4673 3242 4728 Si
3292 4689 3445 4741 vero,
3480 4676 3626 4746 quod
3682 4693 3800 4733 non

2097 4758 2408 4827 credimus,
2445 4765 2574 4831 post
2604 4760 2753 4816 hanc
2802 4761 3264 4818 adhortationem
3308 4769 3590 4833 nostram,
3625 4767 3799 4824 solito

2095 4849 2283 4903 adhuc
2333 4865 2488 4904 more
2537 4850 2832 4922 negligens
2885 4867 3009 4908 esse
3059 4854 3383 4921 tentaverit,
3439 4856 3510 4910 ad
3562 4873 3666 4912 nos
3709 4863 3805 4915 est

2094 4938 2282 4992 modis
2302 4939 2572 4994 omnibus
2596 4941 3120 4998 transmittendus:
3159 4947 3223 4998 ut
3248 4943 3342 4999 hic
3367 4944 3587 5015 positus
3612 4946 3797 5003 disce-

2092 5042 2150 5082 re
2175 5029 2376 5099 possit,
2411 5029 2549 5100 quid
2600 5029 2684 5083 vel
2720 5030 2964 5099 qualiter
3010 5032 3333 5087 secundum
3379 5033 3479 5089 Dei
3525 5035 3797 5093 timorem

2090 5132 2257 5188 agere
2289 5120 2590 5176 conveniat
2621 5118 2996 5176 sacerdotem.
3025 5141 3052 5168 »
3086 5121 3227 5188 (Lib.
3260 5138 3382 5190 xm,
3414 5137 3495 5193 ep.
3532 5123 3646 5193 26.)

2105 5237 2122 5247 ε
2160 5207 2246 5262 42.
2281 5208 2421 5264 Item
2466 5209 2693 5265 eidem:
2729 5230 2756 5257 (ι
2793 5210 3030 5275 Quoties
3081 5209 3179 5265 illa
3218 5211 3286 5265 de
3338 5211 3615 5269 fratribus
3663 5230 3800 5270 coe-

2090 5295 2455 5368 piseopisque
2486 5299 2700 5354 nostris
2729 5299 3004 5353 audimus
3037 5316 3162 5370 qua:
3195 5305 3250 5354 et
3272 5300 3402 5355 illos
3434 5301 3802 5372 reprehensi-

2087 5383 2230 5440 biles
2260 5388 2582 5455 ostendere,
2616 5393 2674 5444 et
2707 5388 2872 5444 nobis
2904 5387 3199 5444 tristitiam
3234 5388 3460 5444 valeant
3491 5407 3794 5461 generare,

2084 5476 2153 5530 de
2185 5491 2382 5532 eorum
2437 5495 2542 5534 nos
2592 5479 2996 5534 emendatione
3048 5496 3161 5534 non
3215 5481 3583 5538 mediocriter
3630 5486 3791 5556 cogit

2082 5565 2401 5623 necessitas
2450 5568 2722 5641 cogitare.
2757 5569 2902 5634 Quia
2941 5583 3075 5640 ergo
3108 5568 3444 5626 nuntiatum
3497 5571 3667 5628 nobis
3698 5579 3792 5631 est
