4088 6172
234 318 353 380 153

719 316 778 374 S.
829 308 1202 376 GREGORII
1252 312 1480 373 PAI’IE
1528 306 1723 381 VITA,
1774 310 1937 372 AUC'

2103 312 2143 370 li
2187 310 2491 371 JOANNE
2538 308 2899 370 DIACONU.
2949 303 3097 367 LIB.
3149 306 3254 368 III.

3624 305 3741 365 154

222 455 556 527 Campania:
587 453 889 525 episcopos
918 452 998 507 ita
1025 451 1383 523 negligentes
1429 450 1695 515 existere,
1728 452 1794 503 ut
1825 448 1934 502 im-
1960 450 2013 514 Α
2117 448 2258 503 Item
2291 449 2523 514 Joanni,
2575 448 3217 519 Constantinopolitano
3267 446 3557 518 episcopo,
3612 450 3741 514 post

225 561 420 599 mores
449 543 693 599 honoris
727 542 842 609 sui,
875 556 1058 612 neque
1082 556 1218 611 erga
1247 538 1544 602 ecclesias,
1577 554 1766 610 neque
1800 553 1932 607 erga

223 642 377 699 filios
410 659 554 698 suos
603 646 856 712 paternae
888 639 1202 712 vigilantiae
1232 654 1431 695 curam
1482 638 1810 699 exhibeant,
1843 635 1931 691 vel

222 733 715 788 monasteriorum
746 730 1199 787 sollicitudinem
1232 732 1458 799 gerant,
1483 744 1583 784 seu
1607 728 1666 781 in
1699 742 1935 797 oppres-

217 839 413 877 sorum
439 837 766 893 pauperum
800 836 861 876 se
891 820 1204 875 tuitionem
1252 819 1627 889 impendant:
1663 816 1791 871 ideo
1824 816 1930 869 hac

217 913 319 967 tibi
352 913 698 967 auctoritate
729 910 1102 982 pracipimus
1125 914 1188 965 ut
1217 909 1301 965 eis
1334 910 1403 964 ad
1429 913 1485 963 te
1506 906 1932 974 convocatis,ex

218 1006 417 1057 nostro
458 1000 591 1055 illos
623 1002 923 1066 mandato,
945 999 1205 1055 districts
1239 1012 1613 1054 commoneas
1642 998 1932 1069 quatenus

219 1091 454 1147 desides
486 1090 734 1145 ulterius
763 1104 893 1145 esse
922 1105 1036 1145 non
1068 1089 1335 1149 debeant.
1364 1087 1465 1142 sed
1509 1085 1928 1141 sacerdotalem

221 1196 279 1235 se
310 1179 533 1235 habere
562 1178 773 1245 zelum,
804 1183 861 1234 et
902 1176 1355 1234 sollicitudinem
1416 1192 1589 1247 opere
1648 1175 1927 1242 doceant;

215 1274 392 1341 atque
424 1270 505 1324 ita
538 1269 595 1324 in
622 1269 712 1325 his
745 1285 872 1341 quae
902 1285 995 1325 eos
1020 1269 1178 1337 juste
1200 1269 1527 1324 secundum
1554 1267 1733 1321 Deum
1764 1279 1934 1335 agere

216 1359 511 1424 convenit,
544 1357 853 1429 vigilantes
886 1358 1158 1427 existant,
1204 1361 1267 1412 ut
1316 1356 1544 1411 nullum
1594 1370 1703 1410 nos
1751 1352 1821 1407 de
1852 1353 1933 1407 eis

218 1450 414 1504 denuo
447 1465 719 1504 murmur
751 1453 1071 1520 exasperet.
1107 1448 1166 1504 Si
1198 1463 1369 1519 quem
1404 1461 1537 1503 vero
1569 1460 1767 1501 eorum
1803 1448 1935 1515 post

218 1538 339 1594 hmo
372 1538 767 1610 negligentem
802 1538 1161 1611 cognoveris,
1185 1540 1253 1592 ad
1283 1553 1387 1593 nos
1418 1552 1547 1593 eum
1580 1536 1706 1592 sine
1739 1534 1935 1605 aliqua

211 1629 595 1684 excusatione
648 1630 999 1694 transmitte,
1061 1635 1140 1696 ut,
1193 1643 1369 1698 quam
1423 1626 1500 1682 sit
1556 1640 1724 1696 grave
1782 1624 1935 1679 nolle

211 1718 278 1772 ab
312 1717 411 1773 his
438 1734 572 1787 quae
606 1717 1082 1787 reprehensibilia
1114 1720 1170 1771 et
1196 1716 1363 1771 valde
1393 1712 1781 1785 vituperanda
1800 1720 1935 1767 sunt

204 1805 447 1877 corrigi,
488 1805 744 1875 regulari
803 1805 861 1859 in
895 1820 956 1859 se
1005 1802 1193 1861 valeat
1231 1802 1589 1859 districtione
1638 1801 1927 1858 sentire.»
1960 1844 2008 1909 Β

210 1898 452 1969 (Regist.
482 1894 582 1950 lib.
618 1912 742 1963 xm,
773 1911 858 1967 ep.
890 1895 1003 1967 27.)

280 1990 437 2043 Item
469 1986 712 2052 Victori,
744 1986 1014 2058 episcopo
1064 1987 1498 2054 Panormitano,
1544 1988 1676 2058 post
1706 1984 1929 2055 aliqua:

213 2095 237 2123 ιι
269 2074 495 2145 Cujus,
524 2074 732 2145 inquit,
758 2074 880 2143 jam
914 2073 1100 2146 culpas
1145 2076 1223 2130 sis
1251 2073 1551 2145 intelligis,
1586 2077 1649 2128 ut
1678 2088 1779 2143 ego
1813 2077 1933 2126 tam

213 2165 399 2236 longe
462 2164 708 2235 positus,
746 2180 873 2234 quas
918 2164 976 2218 in
1022 2165 1253 2220 civitate
1282 2168 1382 2219 tua
1429 2166 1700 2233 aguntur,
1752 2176 1931 2232 agno-

210 2270 371 2320 cam,
424 2259 481 2307 et
546 2260 625 2307 tot
688 2253 843 2307 curis
901 2258 1236 2323 occupatus,
1299 2269 1425 2323 quae
1486 2252 1605 2307 fieri
1664 2250 1931 2319 debeant,

211 2342 561 2413 disponam.
594 2362 620 2392 ι
653 2341 879 2412 (Regist.
915 2342 1011 2397 lib.
1046 2359 1096 2407 ν,
1126 2358 1210 2413 ep.
1243 2343 1323 2414 6.)

280 2432 378 2487 43.
409 2431 742 2487 Notandum
775 2448 929 2499 sane,
964 2431 1101 2502 quia
1132 2432 1283 2487 sicut
1329 2431 1643 2486 manifesta
1685 2428 1934 2485 crimina

211 2519 686 2577 discretissimus
720 2521 930 2591 prmsul
979 2519 1313 2592 Gregorius,
1354 2525 1457 2576 aut
1496 2520 1610 2587 vix,
1643 2528 1740 2574 aut
1773 2535 1933 2573 nun-

212 2627 403 2682 quam
438 2609 570 2665 sine
592 2610 844 2666 vindicta
875 2610 1141 2667 laxabat:
1168 2611 1246 2666 ita
1260 2612 1537 2666 nimirum
1560 2610 1618 2664 in
1644 2612 1815 2667 rebus
1834 2610 1938 2665 du—

215 2701 332 2755 biis
350 2716 669 2770 nunquam
703 2699 1012 2770 aliquando
1046 2705 1262 2756 certam
1303 2699 1650 2757 sententiam
1686 2700 1941 2771 profere-

216 2790 337 2846 bat.
378 2788 747 2861 Quapropter
776 2791 1014 2845 Andreaz
1046 2791 1381 2859 Tarentino,
1416 2790 1707 2861 episcopo,
1742 2790 1942 2845 scribit

217 2878 468 2934 dicens:
502 2901 525 2927 ι
553 2877 834 2933 Tribunal
889 2879 1109 2949 judicis
1150 2880 1347 2935 aeterni
1392 2895 1634 2935 securus
1678 2880 1940 2950 aspiciet,

220 2967 529 3039 quisquis,
558 2972 752 3023 reatus
768 2967 860 3023 sui
884 2968 1175 3033 conscius,
1201 2968 1377 3040 digna
1399 2984 1534 3024 eum
1561 2970 1731 3025 modo
1757 2969 1941 3040 pmni-

226 3057 422 3112 tentia
456 3058 697 3129 placare
727 3060 1043 3114 contendit.
1078 3058 1363 3113 Habuisse
1394 3059 1683 3129 siquidem
1717 3066 1769 3113 te
1801 3075 1943 3114 con-

225 3146 516 3203 cubinam
574 3146 885 3203 manifesta
936 3147 1173 3203 veritate
1221 3146 1391 3203 I05
1425 3148 1842 3220 comperimus,
1874 3148 1944 3203 de

2042 536 2357 592 nonnulla:
2394 538 2561 608 «Ego
2592 538 2927 592 beatissimo
2950 537 3073 591 viro
3105 538 3316 591 domno
3348 534 3559 590 Joanni
3593 534 3742 589 scri-

2042 643 2270 698 pseram
2302 647 2315 694 ;
2349 628 2447 683 sed
2496 627 2663 682 credo
2696 627 2828 698 quia
2873 626 3011 682 mihi
3055 627 3357 681 familiaris
3408 625 3504 679 ille
3556 630 3744 679 vester

2032 718 2384 787 juvenculus
2415 718 2733 787 rescripsit,
2759 716 2859 786 qui
2882 718 3071 771 adhuc
3097 718 3166 771 de
3196 722 3313 771 Deo
3346 714 3490 770 nihil
3518 714 3741 779 didicit,

2042 807 2141 877 qui
2172 806 2391 861 viscera
2418 806 2713 861 charilalis
2744 807 2950 873 nescit,
2972 808 3067 875 qui
3091 808 3148 860 in
3182 804 3444 861 scelestis
3477 804 3651 859 rebus
3672 804 3743 857 ab

2040 896 2314 951 omnibus
2344 896 2787 967 accusatur,qui
2813 895 3077 950 insidiari
3098 895 3355 965 quotidie
3378 894 3740 948 diversorum

2042 986 2324 1041 mortibus
2360 1002 2458 1057 per
2486 986 2710 1041 occulta
2741 988 3111 1050 testamenta,
3146 1000 3249 1039 nec
3283 984 3589 1039 Dominum
3625 999 3743 1037 me-

2039 1075 2170 1143 tuit,
2205 1092 2308 1130 nec
2340 1076 2608 1131 homines
2638 1074 2950 1130 erubescit.
2998 1074 3137 1130 Mihi
3170 1075 3358 1141 crede,
3403 1075 3579 1128 frater
3608 1071 3744 1126 cha-

2039 1165 2288 1233 rissima,
2308 1165 2355 1219 si
2387 1165 2575 1221 zelum
2597 1165 2851 1220 veritatis
2869 1164 3339 1237 pert‘ectehabes,
3357 1163 3552 1234 ipsum
3582 1162 3741 1229 prius

2040 1257 2284 1327 corrige,
2312 1260 2373 1309 nt
2398 1272 2465 1311 ex
2498 1256 2588 1310 bis
2624 1256 2717 1326 qui
2750 1254 2915 1311 vobis
2946 1255 3117 1310 vicini
3152 1258 3313 1318 sunt,
3348 1254 3523 1308 etiam
3560 1250 3617 1306 hi
3641 1251 3742 1322 qui

2040 1349 2208 1403 vicini
2242 1363 2355 1401 non
2389 1351 2549 1415 sunt,
2580 1346 2842 1417 exemplo
2877 1346 3087 1401 melius
3135 1344 3542 1399 emendentur.
3580 1341 3743 1395 Illius

2041 1438 2299 1509 linguam
2332 1436 2449 1492 noli
2484 1436 2755 1507 recipere.
2792 1435 2890 1491 Ille
2922 1434 2993 1490 ad
3026 1434 3335 1490 consilium
3367 1438 3567 1489 vestrae
3614 1448 3743 1486 san-

2041 1527 2253 1582 ctitatis
2296 1530 2465 1582 debet
2513 1526 2705 1597 dirigi,
2754 1542 2864 1581 non
2918 1535 3110 1581 autem
3143 1529 3328 1580 vestra
3369 1523 3641 1578 sanctitas
3674 1523 3742 1576 ad

2040 1617 2215 1671 verba
2246 1615 2407 1672 illius
2442 1616 2677 1671 inﬂecti.
2713 1616 2771 1671 Si
2822 1616 2977 1671 enim
3023 1615 3191 1671 illum
3226 1614 3409 1679 audit,
3453 1612 3573 1667 scio
3605 1611 3744 1683 quia

2042 1723 2238 1779 pacem
2269 1724 2403 1763 cum
2435 1708 2560 1763 suis
2592 1707 2870 1762 fratribus
2902 1707 3113 1762 habere
3147 1722 3261 1761 non
3294 1702 3521 1776 poterit.
3545 1722 3570 1754 ι
3611 1703 3743 1771 (Re-

2040 1806 2168 1874 gist.
2204 1807 2297 1862 lib.
2336 1823 2418 1877 ιιι,
2450 1822 2536 1879 ep.
2567 1806 2684 1873 53.)

2118 1897 2257 1952 Item
2290 1897 2591 1965 Januario,
2616 1895 2947 1953 Caralitano
2973 1896 3282 1967 episcopo:
3320 1914 3349 1945 α
3376 1898 3505 1957 Eos,
3531 1890 3743 1964 inquit.

2047 2004 2294 2059 quorum
2326 1988 2583 2044 consiliis
2614 2003 2865 2044 messem
2898 1987 3136 2043 alterius
3166 1985 3432 2055 exarasti,
3461 1989 3517 2038 et
3559 1982 3746 2039 eradi-

2048 2096 2177 2135 care
2209 2082 2488 2134 terminos
2522 2077 2755 2133 minime
2777 2076 3048 2147 timuisti,
3085 2080 3143 2131 in
3176 2076 3406 2131 duobus
3448 2072 3749 2129 mensibus

2048 2167 2578 2226 excommunicatos
2610 2184 2738 2224 esse
2768 2167 3132 2224 decernimus
3161 2182 3174 2232 ;
3208 2166 3287 2219 ita
3319 2169 3381 2219 ut
3413 2164 3462 2218 si
3504 2161 3642 2234 quid
3666 2159 3749 2217 eis

2047 2258 2201 2313 intra
2231 2260 2476 2314 duorum
2512 2258 2805 2314 mensium
2828 2257 3079 2329 spatium
3099 2255 3441 2310 humanitus
3471 2252 3746 2318 evenerit,

2050 2348 2450 2405 benedictione
2490 2348 2679 2403 viatici
2718 2364 2833 2404 non
2880 2348 3193 2418 priventur.
3233 2344 3507 2412 Deinceps
3555 2346 3751 2396 autem

2051 2437 2124 2491 ab
2155 2453 2351 2492 eorum
2381 2436 2644 2493 consiliis
2666 2441 2869 2491 cautus
2900 2436 3100 2501 existe,
3151 2439 3327 2504 teque
3359 2430 3606 2487 sollicite
3654 2444 3757 2483 cu-

2052 2526 2238 2581 stodi:
2274 2543 2364 2592 ne,
2399 2527 2563 2581 sicis
2596 2528 2651 2581 in
2702 2526 2853 2581 malo
2903 2524 3229 2596 discipulus
3282 2522 3480 2589 fueris,
3532 2519 3751 2591 quibus

2052 2615 2332 2686 magister
2363 2617 2420 2671 in
2455 2617 2603 2671 bono
2632 2631 2759 2669 esse
2791 2615 3068 2679 debuisti,
3113 2629 3216 2667 nec
3247 2610 3605 2682 simplicitati
3636 2612 3751 2661 tua:

2055 2704 2316 2774 ulterius,
2377 2721 2482 2759 nec
2534 2704 2817 2760 senectuti
2866 2697 3747 2775 parcamus.»(Regishlib.1x,

2053 2811 2135 2859 ep.
2174 2795 2250 2863 1.)

2128 2886 2269 2939 Item
2301 2884 2601 2950 Callinico,
2634 2884 2876 2939 exarcho
2910 2882 3105 2948 Italiae,
3140 2886 3272 2953 post
3305 2874 3619 2935 nonnulla:
3649 2873 3755 2928 «Il.

2056 2972 2155 3027 Iud
2184 2989 2314 3028 vero
2346 2973 2697 3044 cognoscite,
2741 2973 2879 3044 quia
2920 2988 3009 3027 me
3038 2988 3151 3027 non
3188 2970 3414 3025 modice
3443 2964 3761 3023 contrista-

2060 3065 2143 3118 vit
2174 3063 2324 3131 quod
2361 3064 2541 3132 major
2584 3063 2811 3131 domus,
2858 3061 2955 3134 qui
2990 3061 3323 3133 petitionem
3371 3055 3626 3129 episcopi
3658 3071 3759 3110 vo-

2060 3152 2233 3206 lentis
2263 3145 2294 3206 ἁ
2326 3152 2641 3207 schismate
2673 3152 2876 3207 reverti
2901 3149 3315 3221 suscepit,eam
3348 3164 3411 3202 se
3443 3145 3764 3217 perdidisse

228 3254 350 3309 qua
382 3238 564 3293 etiam
626 3238 916 3294 contraria
963 3244 1052 3295 est
1095 3239 1447 3308 quibusdam
1498 3244 1634 3294 nata
1672 3240 1942 3311 suspicio.
1980 3228 2022 3295 C
2062 3242 2361 3313 professus
2393 3246 2500 3307 est,
2535 3246 2591 3297 et
2623 3242 2993 3313 postmodum
3018 3240 3088 3295 ab
3120 3238 3465 3295 adversariis
3493 3234 3761 3292 Ecclesia:

226 3329 339 3385 Sed
368 3331 515 3399 quia
546 3329 606 3383 in
627 3330 799 3385 rebus
822 3329 1114 3401 ambiguis
1134 3328 1469 3384 absolutum
1496 3345 1606 3385 non
1632 3330 1801 3384 debet
1823 3344 1948 3385 esse

219 3416 553 3485 judicium,
586 3418 694 3475 hoc
724 3423 837 3474 tua}
867 3419 1237 3476 conscientiae
1266 3419 1550 3491 elegimus
1581 3419 1943 3474 committen-

221 3506 387 3562 dum.
423 3507 551 3571 Qua
585 3509 657 3563 de
690 3524 770 3575 re,
804 3507 853 3565 si
883 3509 941 3565 in
974 3526 1139 3566 sacro
1168 3510 1373 3565 ordine
1402 3508 1783 3576 constitutus,
1812 3509 1939 3579 ejus

219 3602 273 3650 te
324 3596 723 3665 permixtione
761 3613 887 3654 esse
934 3597 1143 3655 recolis
1192 3596 1575 3664 maculatum,
1636 3596 1946 3653 sacerdotii

223 3684 453 3740 honore
487 3686 777 3758 deposito,
809 3689 877 3743 ad
914 3688 1371 3743 ministrandum
1406 3685 1567 3742 nullo
1597 3688 1766 3742 modo
1801 3704 1946 3758 prte-

220 3791 435 3832 sumas
467 3776 781 3833 accedere:
815 3777 1072 3833 sciturus
1094 3778 1152 3834 in
1185 3776 1396 3833 animae
1419 3780 1529 3831 tuas
1556 3776 1814 3846 periculo
1839 3776 1947 3831 mi-

222 3864 509 3932 nistrare,
556 3870 611 3921 et
638 3865 755 3922 Deo
786 3871 984 3924 nostro
1014 3872 1069 3923 te
1100 3868 1224 3923 sine
1254 3866 1431 3922 dubio
1482 3866 1719 3921 reddere
1769 3869 1948 3923 ratio-

230 3970 392 4021 nem,
424 3954 478 4010 si
512 3954 691 4026 hujus
722 3955 957 4013 sceleris
990 3958 1279 4023 conscius,
1314 3957 1371 4011 in
1404 3970 1470 4010 eo
1494 3971 1605 4025 quo
1635 3972 1697 4012 es
1722 3956 1943 4023 ordine,

228 4042 435 4099 celans
468 4044 765 4101 veritatem
797 4062 1132 4116 permanere
1162 4046 1436 4106 volueris.
1466 4072 1493 4099 ››
1540 4048 1765 4118 (Regist.
1792 4048 1831 4104 ι.
1859 4062 1946 4113 ιιι,

228 4148 317 4204 ep.
346 4132 466 4203 45.)

306 4223 400 4276 44.
436 4220 523 4278 0b
553 4222 664 4279 hoc
693 4223 1152 4283 sollicitissimus
1174 4228 1441 4285 Ecclesia:
1462 4228 1565 4285 Dei
1585 4233 1783 4286 custos
1814 4229 1950 4285 Gre-

232 4314 465 4385 gorius,
492 4313 958 4387 uniuscujusque
978 4317 1340 4375 consiliarios
1364 4336 1638 4391 arguens,
1663 4326 1946 4390 quantum

230 4404 287 4457 in
324 4418 391 4458 se
419 4407 571 4470 erat,
607 4419 808 4460 omnes
839 4406 1081 4461 omnino
1112 4408 1332 4464 salvare
1362 4409 1637 4464 certabat.
1659 4409 1945 4465 UndeVe-

232 4493 462 4560 nantio,
516 4494 874 4551 exmonacho
927 4496 1188 4567 patricio,
1231 4502 1360 4569 post
1419 4498 1615 4571 aliqua
1658 4501 1942 4567 scribens,

2059 3331 2388 3386 tenebatur.
2422 3331 2582 3396 Quod
2626 3346 2730 3402 ego
2758 3347 2874 3385 non
2911 3328 3280 3402 negligentia,
3315 3326 3417 3383 sed
3448 3323 3762 3381 venalitate

2054 3423 2203 3493 eius,
2239 3422 2456 3476 factum
2491 3419 2940 3476 arbitror.Unde
2974 3419 3148 3476 miror
3178 3419 3314 3483 quia
3344 3416 3403 3471 in
3432 3432 3496 3471 eo
3528 3414 3763 3485 culpam

2056 3512 2205 3566 hanc
2240 3511 2482 3565 minime
2517 3515 2705 3565 vestra
2759 3509 3098 3565 excellentia
3143 3506 3501 3571 vindicavit;
3536 3504 3635 3559 sed
3678 3506 3763 3557 ta-

2056 3616 2184 3656 men
2220 3601 2356 3671 quia
2387 3598 2495 3655 hoc
2512 3599 2758 3655 miratus
2779 3616 2909 3655 sum
2938 3598 3346 3668 memetipsum
3374 3594 3546 3649 citius
3573 3608 3762 3661 repre-

2054 3689 2249 3746 hendi.
2284 3689 2426 3744 Nam
2462 3688 2559 3744 ubi
2610 3690 2860 3744 domnus
2891 3689 3151 3744 Justinus
3184 3685 3494 3741 consilium
3519 3682 3755 3754 praebet,

2055 3780 2152 3851 qui
2188 3796 2386 3851 pacem
2420 3796 2553 3836 cum
2586 3778 3141 3835 catholicaEcclesia
3163 3794 3274 3833 non
3300 3777 3496 3841 habet,
3530 3774 3610 3828 ibi
3646 3788 3759 3829 non

2062 3869 2242 3925 I06
2265 3874 2515 3940 possunt
2544 3868 2797 3924 haeretici
2828 3867 3041 3924 addici.
3068 3869 3345 3922 Praeterea
3368 3866 3553 3919 sancti
3579 3863 3757 3927 Petri,

2054 3958 2453 4031 apostolorum
2489 3957 2787 4028 principis,
2825 3955 3155 4010 natalitium
3209 3955 3360 4008 diem
3404 3951 3460 4005 in
3496 3951 3759 4005 Romana

2053 4046 2284 4102 civitate
2315 4061 2417 4101 vos
2449 4045 2635 4100 facere
2665 4044 2810 4099 velle
2857 4043 3211 4115 perhibetis;
3263 4045 3319 4095 et
3348 4053 3582 4094 oramus
3629 4052 3759 4092 om-

2054 4137 2412 4209 nipotentem
2446 4135 2781 4202 Dominum,
2814 4139 2878 4190 ut
2908 4149 3013 4189 sua
3057 4148 3159 4188 vos
3193 4128 3593 4186 misericordia
3629 4142 3759 4198 pro«

2050 4232 2228 4301 tegat,
2262 4233 2317 4283 et
2348 4231 2480 4283 vota
2504 4232 2699 4283 vestra
2735 4242 2836 4281 vos
2868 4224 3110 4297 implere
3140 4222 3439 4281 concedat.
3465 4220 3575 4276 Sed
3610 4235 3759 4291 pra:-

2052 4320 2243 4375 dictus
2267 4320 2355 4375 vir
2373 4317 2886 4391 eloquentissimus
2918 4321 3045 4387 peto
3078 4320 3141 4370 ut
3171 4312 3349 4369 simul
3382 4312 3569 4367 veniat
3604 4330 3618 4379 ;
3654 4309 3755 4381 qui

2053 4410 2100 4465 si
2133 4426 2247 4464 non
2282 4410 2523 4475 venerit,
2556 4428 2587 4463 a
2618 4408 2826 4463 vestris
2857 4404 3154 4476 obsequiis
3178 4404 3437 4459 recedat:
3480 4402 3568 4456 vel
3602 4404 3754 4455 certe

2055 4499 2099 4554 si
2133 4504 2322 4555 vestra
2364 4498 2701 4555 excellentia
2749 4497 3018 4566 fortasse,
3056 4494 3491 4565 emergentibus
3540 4490 3755 4558 causis,

234 4581 316 4636 ait
347 4598 361 4635 :
393 4606 421 4632 σι
448 4581 583 4637 Scio
613 4582 751 4654 quia
778 4600 908 4640 cum
940 4585 1185 4656 epistola
1216 4604 1344 4642 mea
1376 4588 1717 4659 suscipitur,
1762 4589 1945 4659 proti-
1977 4583 2025 4646 Ι)
2058 4590 2251 4646 venire
2283 4589 2767 4661 nequiverit,ipse
2793 4593 2987 4644 tamen
3012 4591 3226 4643 sanctae
3242 4582 3509 4641 Ecclesia:
3542 4580 3755 4637 unitati

232 4686 349 4725 nus
403 4671 582 4728 amici
632 4673 1007 4740 conveniunt,
1042 4675 1277 4731 litterati
1311 4676 1553 4733 clientes
1574 4682 1947 4744 vocantur,et

235 4761 305 4816 de
337 4777 521 4818 causa
546 4762 676 4818 vita
705 4764 1013 4820 consilium
1048 4782 1083 4821 a
1124 4765 1454 4823 fautoribus
1502 4769 1704 4823 mortis
1736 4768 1947 4840 quaeri-

238 4852 498 4923 tur:qni
546 4852 685 4909 dum
719 4869 830 4909 non
875 4861 947 4921 te,
988 4855 1087 4911 sed
1140 4872 1231 4912 res
1291 4865 1415 4913 tuas
1466 4857 1734 4931 diligunt,
1783 4857 1947 4914 nulla

240 4941 369 5011 tibi,
393 4943 513 4999 nisi
543 4959 677 5015 qua
705 4943 780 4999 ad
810 4949 1036 5017 tempus
1075 4946 1362 5017 placeant,
1396 4948 1736 5020 loquuntur.
1787 4948 1953 5005 Tales

245 5032 395 5089 enim
430 5033 695 5101 fuerunt,
727 5034 884 5090 sicut
912 5036 1037 5107 ipse
1066 5037 1481 5105 reminisceris,
1505 5040 1728 5095 dudum
1761 5039 1954 5095 consi-

252 5122 422 5190 liarii,
455 5123 557 5195 qui
589 5127 643 5179 te
675 5124 743 5181 ad
776 5125 922 5180 tanti
954 5125 1183 5183 facinus
1216 5129 1610 5199 perduxerunt
1640 5128 1949 5198 delicti.Et,

252 5218 315 5267 ut
342 5212 446 5268 tibi
480 5213 703 5286 aliquid
737 5214 1027 5271 saecularis
1058 5218 1311 5273 auctoris
1361 5216 1570 5291 loquar
1610 5218 1834 5289 (Seneca
1863 5236 1948 5291 ep.

248 5302 321 5372 5).
355 5318 490 5359 cum
524 5302 729 5359 amicis
759 5304 956 5360 omnia
986 5307 1287 5363 tractanda
1334 5315 1490 5375 sunt,
1534 5310 1633 5364 sed
1684 5309 1847 5381 prius
1881 5311 1951 5366 de

246 5392 409 5463 ipsis.
461 5395 519 5449 Si
545 5410 681 5451 vero
726 5394 785 5449 in
816 5411 992 5452 causa
1048 5401 1146 5453 tua
1199 5398 1494 5454 hominem
1546 5400 1947 5457 consiliarium

245 5484 478 5553 quieris,
507 5482 909 5541 consiliarium
964 5501 1101 5557 rogo
1152 5503 1244 5543 me
1287 5488 1545 5560 suscipe.
1596 5488 1783 5545 Nulus
1840 5490 1948 5545 tibi

247 5571 470 5630 ﬁdelior
499 5589 626 5631 esse
648 5575 717 5630 ad
751 5574 1063 5633 consilium
1112 5582 1522 5650 potest,quam
1556 5577 1656 5652 qui
1682 5594 1794 5637 non
1830 5586 1947 5648 tua,

248 5666 340 5721 sed
371 5670 427 5724 te
459 5664 672 5737 diligit.
706 5687 733 5718 ι
756 5665 980 5738 (Regini.
1016 5667 1110 5726 lib.
1143 5684 1183 5737 ι,
1214 5684 1300 5741 sp.
1332 5669 1450 5742 34.)

2056 4679 2468 4735 communicet.
2506 4683 2725 4734 Bonum
2763 4678 2918 4734 enim
2960 4676 3142 4733 virum
3174 4674 3367 4742 audio,
3419 4672 3467 4728 si
3519 4670 3759 4741 pessimi

2057 4785 2173 4825 non
2195 4774 2346 4826 esset
2375 4769 2611 4825 erroris.
2638 4790 2665 4817 ››
2697 4768 2925 4839 (Regist.
2962 4765 3003 4821 ι.
3037 4782 3115 4832 xx,
3148 4781 3231 4836 cp.
3266 4764 3347 4832 9.)

2135 4861 2220 4917 45.
2249 4862 2395 4917 Item
2429 4861 2663 4926 Sereno,
2698 4858 3059 4916 Massilitano
3092 4857 3387 4927 episcOpo,
3442 4855 3571 4923 post
3605 4848 3755 4904 mul-

2065 4958 2153 5005 ta:
2196 4950 2518 5007 «Pervenit
2572 4950 2641 5006 ad
2694 4965 2807 5015 me,
2858 4948 3011 5020 quod
3070 4944 3303 5002 dilectio
3356 4948 3457 4996 tua
3515 4938 3762 4993 libenter

2064 5041 2248 5097 malos
2280 5040 2548 5097 homines
2582 5043 2641 5096 in
2674 5038 2945 5095 societate
2976 5052 3078 5091 sua
3106 5034 3193 5090 vel
3226 5030 3465 5087 consilio
3497 5025 3759 5098 recipiat,

2061 5131 2203 5187 adeo
2236 5136 2300 5186 ut
2324 5130 2725 5202 presbyterum
2751 5120 3225 5198 quemdam,qui,
3244 5121 3551 5190 postquam
3569 5114 3767 5187 lapsus

2059 5224 2165 5287 est,
2200 5227 2251 5276 et
2299 5221 2358 5275 in
2400 5235 2517 5274 sum
2558 5219 2746 5274 adhuc
2794 5215 3003 5270 dicitur
3058 5208 3389 5282 iniquitatis
3450 5206 3767 5280 pollutione

2058 5310 2296 5378 versari,
2326 5308 2669 5365 familiarem
2705 5307 2929 5361 habeat.
2962 5303 3124 5368 Quod
3148 5300 3381 5372 quidem
3408 5316 3515 5356 nos
3544 5314 3612 5353 ex
3642 5302 3763 5353 toto

2059 5416 2174 5455 non
2205 5400 2515 5469 credimus,
2551 5398 2687 5469 quia
2736 5394 2837 5466 qui
2884 5393 3061 5449 talem
3121 5391 3345 5464 recipit,
3377 5390 3595 5447 scelera
3643 5404 3759 5445 non

2057 5490 2310 5561 corrigit,
2346 5489 2446 5544 sed
2508 5488 2697 5559 magis
2735 5484 2865 5541 aliis
2916 5484 3055 5540 talia
3111 5482 3485 5555 perpetrandi
3532 5480 3761 5537 videtur

2056 5579 2194 5634 dare
2224 5577 2541 5633 licentiam.
2568 5576 2703 5643 Sed,
2738 5591 2808 5632 ne
2841 5575 2985 5631 forte
3018 5573 3218 5647 aliqua
3252 5572 3357 5629 tibi
3392 5568 3760 5642 surreptione

2054 5668 2145 5725 vel
2177 5666 2668 5739 dissimulatione,
2697 5671 2763 5724 ut
2793 5683 2827 5723 a
2863 5670 2919 5724 te
2952 5665 3309 5739 reciperetur
3341 5667 3518 5732 atque
3568 5659 3759 5716 adhuc
