4088 6172
384 255 496 317 155

864 259 923 320 S.
971 260 1345 323 GREGOBII
1395 261 1622 322 PAP/E
1672 265 1872 335 Vl'l‘A,
1923 263 2289 323 AUCTORE
2335 264 2629 325 JOANNE
2677 266 3035 329 DIACONO.
3089 273 3234 332 LIB.
3283 273 3386 333 III.

3773 278 3890 338 156

383 395 692 450 haberetur
713 403 912 466 gratus
945 397 1214 465 suaserit,
1246 415 1357 452 non
1391 398 1578 453 solum
1612 399 1768 452 hunc
1791 417 1821 453 a
1855 404 1906 454 te
1949 401 2071 454 lon-
2107 402 2153 467 Α
2188 403 2410 455 stanter
2434 401 2584 467 novi,
2611 404 2768 473 quia,
2793 407 2847 457 et
2879 403 2926 458 si
2953 420 3131 474 quam
3167 406 3339 461 rebus
3360 409 3611 479 publicis
3632 412 3894 468 fraudem

381 484 512 554 gius
545 485 848 556 expellere,
882 502 1080 540 verum
1105 488 1276 541 etiam
1298 504 1569 542 excessus
1594 489 1776 559 ipsius
1809 491 2075 544 sacerdo-

383 573 482 627 tali
517 580 569 627 te
597 575 715 628 zelo
750 576 939 630 modis
972 577 1242 630 omnibus
1292 577 1557 630 convenit
1611 595 1903 645 resecare;
1938 577 2080 632 alios

380 679 534 729 vero,
568 664 666 734 qui
697 665 856 735 pravi
906 683 1032 720 esse
1064 671 1484 735 memorantur,
1519 679 1756 737 paterna
1806 667 2081 722 adhorta-

381 753 533 807 tione
565 771 728 808 asua
776 756 1056 824 pravitate
1105 773 1433 826 compesce,
1486 761 1542 810 et
1588 759 1658 813 ad
1709 758 1857 812 viam
1909 758 2079 813 stude

381 842 747 896 rectitudinis
782 859 1067 898 revocare.
1113 846 1268 909 Quod
1316 846 1384 907 si,
1420 849 1570 916 quod
1623 847 1793 913 absit,
1856 844 2078 901 salubri

381 930 601 986 monitu
637 949 734 987 eos
765 933 976 986 videris
1018 934 1074 987 in
1108 934 1266 988 nullo
1301 936 1596 1004 prolicere,
1625 942 1680 991 et
1711 937 1816 992 hos
1848 953 2081 1008 quoque

379 1021 611 1075 curabis
645 1039 674 1074 a
709 1031 758 1075 te
783 1021 978 1090 procul
1010 1023 1278 1092 abjicere,
1313 1041 1382 1080 ne
1420 1027 1734 1096 pravitates
1779 1044 1976 1082 eorum
2014 1044 2081 1082 ex

377 1128 441 1166 eo
471 1113 623 1181 quod
660 1111 1022 1184 recipiuntur
1054 1115 1359 1185 displicere
1391 1118 1632 1173 minime
1663 1119 1990 1187 videantur,
2025 1123 2080 1174 et

376 1216 492 1254 non
542 1201 726 1256 solum
761 1201 873 1271 ipsi
931 1203 1288 1258 inemendati
1332 1212 1692 1274 remaneant,
1745 1208 1846 1262 sed
1914 1210 2079 1263 etiam

374 1305 571 1344 eorum
627 1293 951 1360 receptinnc
1017 1293 1112 1346 alii
1165 1301 1629 1365 corrompantur.
1673 1297 1737 1352 Et
1778 1297 2080 1353 considera

377 1395 551 1449 quam
585 1384 640 1435 et
673 1381 1010 1437 hominibus
1042 1385 1358 1440 execrabile
1391 1393 1445 1440 et
1498 1387 1892 1457 periculosum
1948 1396 2078 1444 ante

374 1469 475 1522 Dei
511 1469 586 1523 sit
616 1471 838 1539 oculos,
881 1472 927 1527 si
963 1489 1066 1543 per
1095 1490 1225 1528 eum
1261 1492 1293 1529 a
1325 1492 1436 1546 quo
1467 1476 1772 1548 plectenda
1803 1485 1941 1533 sunt
1976 1479 2081 1533 cri-

379 1557 554 1626 mina,
582 1561 791 1614 nntriri
826 1561 961 1617 vitia
978 1563 1298 1618 videantur.
1329 1565 1451 1621 Haec
1483 1567 1679 1637 igitur,
1704 1567 2082 1624 dilectissime

378 1646 577 1714 frater,
611 1649 915 1720 diligenter
947 1655 1200 1722 attende,
1225 1660 1281 1710 et
1313 1655 1390 1710 ita
1422 1674 1589 1728 agere
1639 1659 1830 1724 stude,
1864 1663 1926 1713 ut
1957 1676 2085 1729 pra-

2193 489 2339 554 fecit,
2373 492 2701 547 substantia
2735 493 2861 562 ejus
2895 494 3272 561 caedidebuit,
3306 513 3419 553 non
3456 498 3714 556 libertas.
3749 501 3894 556 Nam

2188 578 2244 632 in
2279 579 2386 634 hoc
2420 582 2573 652 quod
2608 581 2770 637 liberi
2817 583 3082 639 homines
3123 587 3424 643 caeduntur
3455 590 3539 644 vel
3585 590 3896 647 includun-

2189 675 2301 735 tur,
2335 676 2397 725 ut
2419 677 2636 728 taceam
2669 676 2819 746 quod
2855 676 3220 747 omnipotens
3269 682 3417 734 Deus
3466 680 3799 748 offenditur,
3836 689 3902 737 ut

2187 767 2407 816 taceam
2456 764 2603 834 quod
2653 772 2841 820 vestra
2906 766 3098 835 Opinio
3157 769 3529 824 vehementer
3587 779 3886 842 gravatur,

2189 850 2438 919 piissimi
2489 859 2680 909 tamen
2728 857 3092 927 imperatoris
3134 859 3318 914 nostri
3350 862 3586 916 omnino
3628 866 3897 933 tempora

2185 941 2506 999 fuscantur.
2545 946 2658 1002 Hoc
2681 947 2836 1002 enim
2870 949 3018 1003 inter
3047 965 3210 1020 reges
3240 951 3499 1017 gentium
3532 957 3588 1007 et
3644 953 3898 1024 impera~

2187 1035 2341 1087 tores
2374 1033 2767 1090 Romanorum
2800 1036 2996 1104 distat,
3023 1039 3178 1108 quod
3212 1054 3372 1108 reges
3399 1041 3659 1111 gentium
3695 1043 3894 1096 Domi-

2189 1122 2244 1175 ni
2275 1139 2574 1179 servorum
2607 1130 2766 1192 sunt,
2811 1126 3126 1198 imperator
3174 1143 3302 1183 vero
3355 1129 3749 1185 Romanorum
3783 1131 3888 1185 do-

2188 1212 2382 1268 minus
2406 1213 2737 1270 liberorum.
2774 1215 2934 1271 Unde
2956 1221 3012 1272 et
3042 1233 3142 1272 vos
3175 1218 3460 1288 quidquid
3495 1221 3684 1290 agitis,
3719 1221 3888 1292 prius

2185 1303 2417 1371 quidem
2458 1307 2956 1377 servatajustitia,
2992 1307 3202 1364 deinde
3219 1312 3506 1365 custodita
3548 1326 3644 1381 per
3677 1311 3882 1366 omnia

2185 1391 2466 1461 libertate,
2516 1411 2683 1468 agere
2719 1396 2962 1450 debetis.
3015 1397 3311 1468 Scriptum
3361 1403 3449 1454 est
3499 1400 3695 1456 enim:
3733 1401 3888 1463 Quod

2189 1483 2291 1536 tibi
2320 1500 2426 1538 non
2459 1483 2541 1539 vis
2587 1486 2731 1553 ﬁeri,
2783 1484 2905 1539 vide
2951 1500 3021 1538 ne
3067 1485 3234 1540 alteri
3278 1487 3634 1558 facias(Tob.
3667 1488 3894 1560 1v,16).

2191 1574 2259 1626 Et
2292 1590 2389 1642 per
2418 1575 2792 1646 semetipsam
2825 1574 3046 1629 Veritas
3086 1576 3253 1630 dicit:
3291 1577 3425 1644 Quae
3473 1578 3638 1633 vultis
3688 1587 3746 1633 ut
3797 1578 3899 1650 fa—

2192 1664 2349 1717 ciant
2378 1664 2528 1719 vobis
2564 1663 2843 1729 homines,
2876 1670 2928 1719 et
2961 1680 3051 1719 vos
3081 1665 3269 1720 eadem
3298 1669 3467 1736 facile
3515 1668 3632 1721 illis
3684 1666 3896 1736 (Matth.

379 1752 479 1791 vos
511 1738 823 1794 salubriter
870 1744 1125 1814 corrigas
1176 1750 1230 1798 et
1278 1746 1618 1801 scandalum
1671 1752 1737 1802 de
1792 1748 2078 1804 malorum
2113 1782 2157 1846 Β
2192 1769 2291 1820 vu,
2327 1755 2433 1824 12).
2467 1756 2528 1808 ln
2561 1754 2828 1809 libertate
2858 1771 2993 1826 ergo
3027 1770 3224 1810 eorum
3253 1755 3350 1826 qui
3383 1756 3546 1810 vobis
3580 1757 3636 1810 in
3671 1759 3904 1812 discus-

378 1826 682 1892 societate,
732 1828 985 1884 filiorum
1037 1838 1269 1888 tuorum
1320 1835 1531 1890 animis
1584 1853 1693 1891 non
1758 1837 2078 1894 inducas.»

382 1915 605 1984 (Regist.
645 1916 742 1972 lib.
778 1935 855 1986 x1,
888 1936 972 1990 ep.
1011 1921 1120 1992 13.)

450 2005 538 2060 46.
575 2010 682 2062 Pro
730 2009 903 2064 unius
944 2011 1112 2082 culpa
1160 2013 1441 2070 vindicari
1490 2016 1666 2073 alium
1718 2019 2080 2075 rectissimus

375 2092 552 2162 judex
583 2095 886 2168 Gregorius
923 2100 1162 2155 minime
1197 2105 1584 2171 permittebat.
1621 2106 1869 2179 Ideoque
1900 2108 2080 2163 Gudi-

377 2184 586 2246 scalco,
616 2188 748 2243 duci
790 2189 1141 2262 Campania,
1200 2196 1481 2262 scribens,
1526 2198 1641 2251 ait:
1675 2199 1828 2253 «Illa
1859 2216 2077 2272 [πωρο-

378 2275 624 2332 sitorum
658 2279 990 2336 sollicitudo
1025 2282 1208 2348 utilis,
1245 2284 1338 2340 illa
1372 2295 1456 2341 cst
1487 2289 1715 2343 cautela
1744 2289 2077 2359 laudabilis,

377 2363 434 2418 in
469 2381 585 2435 qua
615 2370 801 2422 totum
837 2370 984 2425 ratio
1011 2371 1151 2443 agit,
1185 2378 1240 2427 et
1271 2374 1428 2429 furor
1461 2375 1570 2431 sibi
1625 2377 1767 2432 nihil
1801 2379 2075 2434 vindicat.

373 2451 801 2526 Restringenda
830 2475 963 2530 ergo
995 2461 1099 2515 sub
1126 2463 1336 2518 ratione
1369 2471 1623 2534 potestas
1653 2473 1760 2534 est,
1790 2485 1892 2523 nec
1917 2469 2082 2539 quid-

371 2557 543 2610 quam
573 2547 859 2615 agendum
885 2548 1046 2618 prius
1078 2566 1254 2620 quam
1274 2555 1561 2608 concitata
1592 2558 1658 2610 ad
1686 2558 2080 2628 tranquillita-

371 2634 489 2688 tem
525 2651 690 2691 mens
723 2639 943 2693 redeat.
988 2641 1132 2695 Nam
1193 2646 1603 2702 commotionis
1653 2654 1931 2720 tempore,
1975 2651 2079 2719 ju-

371 2727 527 2778 stum
553 2742 724 2780 omne
758 2735 924 2798 putat
955 2728 1039 2784 ira
1068 2733 1216 2800 quod
1245 2734 1457 2788 fecerit.
1483 2738 1748 2792 Pervenit
1781 2739 1977 2810 itaque
2004 2743 2073 2795 ad

372 2827 477 2866 nos
513 2816 980 2885 magnitudinem
1015 2828 1170 2875 tuam
1205 2838 1394 2893 usque
1426 2828 1494 2879 ad
1530 2826 1637 2880 hoc
1689 2844 1816 2883 esse
1858 2830 2076 2900 impetu

373 2899 585 2955 furoris
620 2904 956 2974 impulsam,
987 2914 1045 2961 ut
1078 2926 1189 2964 non
1217 2910 1401 2965 solum
1436 2915 1848 2984 frangijanuas
1875 2935 2077 2975 mona-

372 2990 529 3042 sterii
560 2997 742 3046 sancti
776 2995 1150 3066 Arcbangeli,
1195 3015 1393 3057 verum
1437 3003 1610 3059 etiam
1652 3005 1820 3078 diripi
1870 3010 2076 3063 exinde

370 3078 521 3148 quod
561 3079 635 3133 ibi
672 3081 968 3138 inventum
1019 3092 1106 3140 est
1162 3089 1385 3145 feceris.
1449 3092 1688 3164 Insuper
1739 3103 1933 3152 autem
1995 3096 2074 3152 sic

2189 1842 2409 1897 sionem
2442 1845 2735 1899 commissi
2768 1850 2928 1911 sunt,
2962 1849 3210 1900 vestram
3244 1845 3575 1916 specialiter
3594 1847 3895 1902 attendere

2191 1932 2443 1987 debetis:
2477 1938 2532 1988 et
2561 1935 2608 1988 si
2635 1934 2744 2005 ipsi
2779 1952 2811 1988 a
2845 1934 3160 2003 majoribus
3192 1934 3397 1990 vestris
3421 1934 3686 2004 injuriari
3721 1937 3900 1991 liber-

2189 2025 2363 2076 tatem
2413 2027 2667 2077 vestram
2711 2040 2822 2077 non
2864 2023 3061 2089 vultis,
3109 2023 3501 2091 subjectorum
3552 2028 3883 2080 vestrorum

2188 2109 2514 2167 libertatem
2565 2111 2902 2168 honorando
2953 2113 3257 2168 custodite.
3307 2114 3533 2170 Scimus
3582 2116 3738 2170 enim
3790 2119 3894 2187 qui

2189 2201 2361 2257 dixit:
2395 2203 2604 2257 Cretum
2632 2206 2678 2257 et
2709 2207 2860 2258 terra
2885 2204 3218 2272 transibunt,
3239 2204 3407 2258 verba
3429 2212 3615 2259 autem
3643 2221 3767 2258 mea
3781 2222 3895 2260 non

2186 2292 2498 2344 transibunt
2539 2292 2755 2361 (Matth.
2789 2308 2944 2360 xxiv,
2980 2291 3091 2362 35).
3133 2293 3312 2362 Cujus
3368 2292 3500 2362 quia
3545 2293 3721 2348 verba
3767 2311 3889 2348 non

2187 2384 2514 2446 transeunt,
2540 2382 2639 2435 sed
2665 2398 2765 2451 per
2787 2381 2984 2435 omnia
3010 2380 3351 2451 implentur,
3369 2388 3696 2437 metuamus
3731 2384 3889 2453 quod

2187 2471 2399 2525 iterum
2429 2473 2569 2526 dicit
2594 2489 2606 2526 :
2629 2473 2688 2526 In
2719 2489 2828 2541 qua
2856 2488 3112 2526 mensura
3134 2473 3309 2528 mensi
3337 2475 3588 2545 fueritis,
3624 2476 3679 2529 in
3704 2491 3769 2529 ca
3801 2490 3898 2529 rc-

2186 2563 2441 2616 mctielur
2470 2563 2616 2617 vobis
2647 2563 2864 2631 (Matth.
2902 2578 3000 2629 vn,
3031 2565 3104 2633 2).
3141 2562 3287 2626 Quid
3337 2569 3529 2618 autem
3561 2563 3747 2634 gloria
3797 2579 3898 2618 ve-

2187 2656 2310 2706 stra
2340 2651 2652 2718 existimat,
2686 2651 2822 2722 quia
2849 2651 2895 2705 si
2917 2653 3182 2722 superbe,
3216 2652 3264 2706 si
3296 2652 3602 2708 crudeliter
3631 2653 3892 2724 agimus,

2187 2742 2450 2813 despecto
2474 2741 2609 2810 Deo,
2645 2742 2811 2796 nobis
2842 2740 3137 2797 hominem
3169 2741 3513 2812 placamus?
3545 2742 3715 2798 Nullo
3764 2760 3895 2799 mo-

2187 2831 2280 2886 do.
2314 2836 2455 2885 Nam
2485 2832 2611 2903 ipse
2643 2834 2743 2904 qui
2775 2833 3116 2903 despicitur,
3150 2849 3284 2888 eum
3328 2841 3527 2889 contra
3553 2850 3681 2899 nos,
3709 2850 3894 2904 quem

2186 2921 2451 2991 despecto
2487 2927 2597 2976 Deo
2640 2922 2869 2992 placare
2900 2921 3411 2987 volumus,irritat.
3438 2923 3720 2979 Curemus
3751 2940 3898 2996 ergo

2185 3027 2286 3082 per
2316 3011 2513 3067 omnia
2562 3012 2790 3083 placare
2841 3012 3046 3081 Deum,
3088 3012 3188 3083 qui
3222 3019 3426 3084 potens
3475 3018 3564 3069 est
3612 3019 3666 3068 et
3715 3013 3900 3070 iratos

2186 3101 2454 3158 homines
2503 3103 2574 3158 ad
2625 3104 3130 3160 mansuetudinem
3179 3104 3477 3159 reducere.
3518 3102 3686 3168 Nam,
3732 3104 3896 3160 sicut

371 3177 570 3225 contra
601 3172 868 3229 abbatem
886 3177 1149 3246 ejusdem
1177 3185 1740 3242 monasteriidiceris
1758 3191 2070 3259 exarsisse,
2105 3159 2147 3226 C
2187 3192 2326 3260 dixi,
2361 3193 2532 3249 etiam
2584 3194 2870 3250 mansueti
2923 3193 3204 3258 homines,
3256 3193 3595 3266 indignante
3646 3193 3780 3260 Deo,
3814 3195 3893 3249 ad

373 3260 436 3310 ut
467 3258 574 3312 nisi
607 3260 906 3320 occultans
926 3282 982 3319 se
1014 3268 1326 3324 iracundiae
1351 3277 1460 3327 tua:
1492 3277 1750 3345 tempore
1783 3258 2069 3347 latuisset,

370 3365 484 3402 non
533 3349 654 3405 leve
712 3354 1021 3411 discrimen
1057 3359 1443 3431 incurrisset;
1479 3365 1747 3438 denique,
1791 3373 1856 3423 ut
1914 3377 2071 3425 metu

366 3445 461 3490 tuo
494 3444 858 3511 perterritus,
889 3447 958 3501 de
990 3448 1158 3504 domo
1194 3450 1248 3505 in
1297 3469 1412 3524 qua
1442 3471 1504 3509 se
1552 3455 1692 3512 olim
1756 3466 2068 3531 receperat,

366 3527 519 3582 exire
544 3528 843 3604 hucusque
877 3553 988 3590 non
1015 3539 1246 3594 audeat.
1282 3543 1444 3606 Quod
1498 3562 1568 3602 ne
1617 3549 1834 3604 frustra
1867 3527 2071 3607 fecisse

367 3616 609 3673 forsitan
651 3620 948 3691 videreris,
1001 3628 1198 3698 fugam
1277 3633 1545 3688 monachi
1616 3635 1801 3706 ipsius
1853 3640 1948 3709 qui
1998 3642 2068 3696 ad

373 3703 566 3796 hostes
595 3709 758 3778 abiit,
793 3714 860 3767 ad
914 3716 1040 3786 ejus
1075 3726 1361 3788 quantum
1395 3723 1466 3776 ad
1512 3740 1614 3778 nos
1638 3703 1949 3796 perlatam
1985 3734 2075 3784 est

371 3794 591 3850 crimen
624 3798 924 3872 impingis,
948 3821 1217 3863 asserens
1242 3812 1390 3880 quod
1414 3811 1571 3869 illius
1600 3794 1892 3873 voluntate
1917 3819 2074 3891 fuge-

371 3883 460 3939 rit.
495 3887 656 3950 Quod
689 3890 739 3944 si
785 3891 866 3948 ita
914 3900 1022 3964 est,
1073 3901 1510 3972 contristamur,
1544 3908 1598 3960 et
1632 3904 1794 3962 valde
1840 3883 2072 3981 sapien-

370 3973 510 4029 tiam
570 3983 817 4037 vestram
870 3985 1171 4045 miramur.
1197 3990 1343 4045 Nam
1377 3993 1424 4047 si
1458 3993 1683 4051 licitum
1737 4002 1976 4069 putatis,
2014 4011 2071 4057 ut

370 4063 615 4122 aliorum
647 4070 816 4143 culpa
846 4074 976 4131 aliis
1010 4077 1084 4131 sit
1133 4083 1352 4147 nociva,
1416 4085 1583 4139 multi
1638 4086 1770 4142 huic
1826 4097 2073 4160 possunt

367 4153 597 4209 crimini
630 4160 947 4229 subjacere.
981 4165 1353 4225 Diversorum
1387 4174 1542 4227 enim
1576 4175 1859 4232 nobilium
1901 4182 2068 4248 servi,

374 4243 686 4301 multarum
720 4253 1092 4309 ecclesiarum
1124 4256 1287 4313 l07
1320 4261 1532 4329 clerici,
1560 4264 1919 4323 diversorum
1956 4288 2070 4326 mo-

368 4336 744 4392 nasteriorum
781 4344 1073 4412 monachi,
1121 4348 1439 4405 multorum
1498 4353 1765 4423 judicum
1799 4358 2068 4418 homines

369 4437 520 4492 saepe
553 4442 612 4478 sc
647 4426 916 4486 hostibus
950 4434 1337 4495 tradiderunt.
1382 4441 1528 4514 Ergo
1572 4446 1620 4500 si
1654 4446 1759 4503 hoc
1792 4453 2068 4520 creditur,

2183 3283 2542 3339 iracundiam
2577 3292 2979 3356 provocantur.
3003 3286 3061 3341 Si
3094 3291 3290 3341 autem
3324 3286 3552 3353 dicitur,
3585 3285 3723 3357 quia
3752 3286 3890 3342 sine

2181 3375 2521 3431 verberibus
2543 3383 2717 3448 atque
2750 3376 3062 3434 terroribus
3095 3377 3325 3432 fraudes
3358 3377 3604 3448 publicae
3636 3375 3892 3431 inveniri

2182 3482 2295 3521 non
2339 3475 2596 3538 possunt,
2631 3468 2735 3523 hoc
2766 3467 3075 3523 admittere
3125 3471 3404 3538 poteram,
3440 3467 3486 3522 si
3539 3467 3598 3521 in
3651 3466 3892 3521 ratioci-

2183 3557 2408 3613 niorum
2442 3575 2613 3613 causa
2656 3559 2904 3613 domnus
2950 3557 3224 3614 Leontius
3265 3573 3380 3612 non
3431 3557 3701 3612 venisset.
3737 3556 3891 3610 Nam

2185 3663 2378 3702 verum
2412 3653 2500 3703 est
2532 3648 2667 3718 quia
2695 3647 2781 3702 illi
2830 3647 3020 3702 solent
3046 3644 3314 3701 manibus
3347 3646 3641 3711 excedere,
3675 3645 3777 3716 qui
3830 3646 3895 3698 in

2184 3755 2360 3794 sensu
2392 3744 2447 3794 et
2494 3739 2696 3809 lingua
2733 3738 3086 3792 deficiunt.»
3139 3738 3362 3806 (Itegist.
3418 3736 3514 3790 lib.
3566 3752 3623 3801 x,
3655 3750 3736 3805 ep.
3772 3736 3891 3798 51-)

2256 3829 2344 3882 48.
2394 3833 2752 3883 Cunctorum
2797 3827 3063 3897 judicum
3112 3825 3478 3896 cupiditates,
3530 3823 3617 3879 vel
3673 3823 3900 3878 scelera

2187 3916 2494 3987 Gregorius
2516 3916 2686 3986 quasi
2718 3931 2880 3971 camo
2914 3916 3192 3985 frenoque
3238 3912 3520 3984 pontificii
3573 3912 3683 3978 sui,
3745 3911 3896 3967 vali-

2185 4005 2443 4060 dissimis
2478 4005 2926 4060 auctoritatibus
2984 4002 3467 4073 restringebat,et
3517 4001 3729 4071 siquos
3766 4000 3898 4056 dul-

2184 4095 2386 4148 citera
2417 4095 2696 4164 pravitate
2745 4093 3031 4164 corrigere
3077 4108 3192 4146 non
3244 4090 3492 4156 valebat,
3537 4090 3895 4160 scriptorum

2183 4200 2418 4238 suorum
2449 4183 2950 4254 redargulionibus
3001 4181 3356 4253 publicahat.
3392 4180 3552 4236 Unde
3605 4181 3895 4247 Romano,

2181 4274 2424 4330 exarcho
2457 4274 2652 4340 Italiae,
2688 4273 2961 4329 residenti
2996 4273 3300 4340 Ravennae,
3339 4269 3563 4337 scribit,
3587 4269 3890 4340 inquiens:

2184 4387 2213 4415 ‹‹
2235 4366 2402 4436 Apud
2435 4363 2832 4419 excellentiam
2857 4367 3128 4429 vestram,
3165 4376 3463 4432 pravorum
3489 4359 3730 4414 audacia
3763 4376 3893 4414 cor-

2183 4455 2459 4527 reptionis
2480 4457 2652 4510 debet
2683 4454 2914 4510 aculeos
2941 4453 3125 4524 magis
3158 4467 3332 4524 quam
3348 4448 3701 4504 defensionis
3724 4449 3889 4505 inve-

370 4529 670 4571 servorum
707 4523 907 4591 utique
947 4524 1190 4592 domini,
1234 4529 1572 4590 clericorum
1606 4538 1884 4612 episcopi,
1938 4560 2067 4599 mo-
2102 4540 2149 4601 D
2183 4523 2306 4600 nire
2338 4545 2629 4600 solatium.
2671 4544 2815 4600 Nam
2849 4545 2991 4600 satis
3021 4559 3188 4613 grave
3221 4548 3311 4596 est
3342 4548 3404 4594 ut
3435 4540 3739 4609 contingat
3764 4538 3887 4593 illic

369 4605 684 4664 nachorum
736 4612 996 4682 abbates,
1055 4618 1412 4678 diversorum
1479 4605 1773 4698 fugacium
1805 4605 2060 4703 judices,

367 4711 568 4753 omnes
599 4702 707 4756 sub
740 4704 907 4776 culpa
943 4713 1080 4762 sunt
1108 4716 1160 4762 et
1181 4712 1421 4768 crimine
1452 4702 2064 4796 constituti.Nunquid

365 4791 421 4840 et
453 4788 659 4887 diebus
684 4795 1105 4864 magnitudinis
1139 4804 1247 4854 ture
1282 4803 1452 4858 multi
1486 4807 1554 4862 de
1586 4809 1812 4867 civitate
1857 4814 1914 4869 in
1945 4788 2067 4887 qua

364 4878 639 4975 consiﬁstis
672 4884 741 4936 ad
775 4885 1280 4956 Langobardorum
1326 4894 1540 4951 milites
1591 4900 1728 4970 fuga
1760 4920 1873 4958 non
1917 4878 2066 4975 lapsi

364 4966 546 5020 sunt?
577 4968 646 5022 Et
675 4970 805 5042 quis
850 4976 1022 5028 tantae
1071 4976 1504 5037 indiscretionis
1537 4966 1827 5058 tantisque
1878 4966 2065 5062 pos-sit

363 5055 622 5111 stultitiae
655 5061 912 5130 reperiri,
950 5069 1010 5117 ut
1041 5081 1240 5122 eorum
1287 5068 1657 5140 iniquitatem
1690 5055 1792 5132 tibi
1819 5055 2062 5139 aestimet

363 5145 761 5209 applicandam
784 5151 812 5203 ?
835 5174 862 5198 ››
893 5152 1032 5222 (Lib.
1068 5171 1121 5222 κ,
1155 5173 1240 5228 ep.
1285 5160 1394 5228 ll.)

431 5232 517 5284 47.
555 5234 897 5295 Libertatem
934 5245 1392 5322 uniuscujusque
1445 5251 1698 5311 hominis
1747 5257 2059 5332 Gregorius

359 5328 560 5377 contra
583 5326 851 5394 judicum
887 5333 1222 5394 insolentias
1253 5339 1450 5398 liberis
1485 5326 2058 5410 nihilominus'voci-

355 5413 466 5466 bus
495 5415 857 5510 defendebat.
902 5420 1062 5478 Unde
1110 5427 1364 5500 Leontio,
1418 5438 1736 5508 exconsuli,
1773 5447 1899 5510 post
1947 5444 2056 5499 ali-

353 5518 489 5572 qua,
519 5506 800 5574 scribens,
826 5511 944 5564 ait:
971 5535 1000 5561 «
1025 5515 1082 5568 Si
1116 5517 1447 5578 Libertinus
1478 5525 1534 5579 in
1570 5527 1682 5584 ista
1713 5506 1888 5588 causa
1918 5549 2057 5589 cau-

349 5593 524 5696 ti‘cnis
557 5595 863 5668 culpabilis
895 5600 1206 5674 invenitur,
1234 5609 1302 5664 de
1329 5611 1460 5668 aliis
1479 5616 1667 5673 causis
1695 5621 1836 5692 quid
1869 5640 1972 5696 pro
1998 5642 2058 5681 se

348 5682 577 5754 alleget,
613 5689 838 5746 nescio:
875 5707 1057 5750 unum
1107 5699 1303 5756 tamen
1357 5701 1466 5759 hoc
1495 5704 1642 5762 bene
1692 5682 2052 5780 atque.con-

2182 4637 2394 4692 habere
2427 4654 2662 4707 pravam
2697 4637 2983 4691 actionem
3026 4634 3340 4704 refugium,
3374 4632 3527 4686 unde
3558 4629 3886 4700 disciplina:

2175 4727 2336 4783 decet
2385 4727 2614 4795 prodire
2654 4724 2829 4780 I08
2890 4740 3218 4780 censuram.
3270 4723 3534 4777 Pervenit
3565 4720 3765 4789 itaque
3817 4720 3886 4775 ad

2177 4833 2284 4872 nos
2325 4817 2662 4888 Speciosum
2714 4816 3048 4886 quemdam,
3104 4813 3527 4884 presbyterum,
3561 4812 3677 4880 qui,
3709 4825 3889 4866 causa

2174 4911 2465 4978 poscente,
2499 4907 2556 4960 in
2593 4906 2947 4962 monasterio
2976 4921 3008 4958 a
3045 4908 3289 4968 Joanne,
3344 4903 3516 4956 fratre
3546 4903 3601 4955 et
3657 4899 3888 4970 coepis-

2173 5013 2315 5068 copo
2347 5004 2567 5069 nostro,
2619 4999 2805 5053 fuerat
2863 4999 3197 5066 deputatus,
3243 4998 3443 5048 contra
3493 4990 3581 5046 sui
3629 4990 3881 5060 pastoris

2172 5089 2378 5144 exinde
2409 5090 2760 5144 voluntatem
2793 5087 3020 5154 exiisse,
3045 5091 3101 5141 et
3133 5083 3541 5140 ecclesiasticae
3590 5080 3880 5136 constitu-

2168 5179 2346 5235 tionis
2376 5179 2571 5249 vigore
2601 5179 2895 5250 despecto,
2919 5176 3214 5232 antedicto
3243 5175 3513 5246 episcopo
3543 5176 3739 5227 vestra
3769 5171 3878 5226 lre-

2166 5271 2294 5322 tum
2326 5268 2572 5323 tuitione
2605 5267 3087 5334 resistere.Quod,
3123 5262 3638 5337 quiaexcellentiae
3670 5265 3878 5314 vestrae

2167 5359 2292 5414 sine
2323 5359 2499 5413 dubio
2533 5359 2724 5429 pulsat
2752 5359 3056 5424 invidiam,
3105 5373 3344 5414 necesse
3393 5359 3574 5410 estut
3618 5353 3687 5408 ab
3747 5353 3880 5422 ejus

2165 5466 2289 5518 vos,
2325 5448 2526 5504 habita
2547 5450 2914 5515 discretione,
2942 5448 3202 5504 debeatis
3227 5445 3474 5502 tuitione
3495 5445 3876 5514 suspendere:

2164 5555 2237 5593 ne
2269 5539 2316 5593 si
2350 5538 2600 5594 nominis
2633 5539 2809 5595 vestri
2842 5537 3147 5593 occasione
3170 5535 3384 5607 pastori
3410 5531 3881 5590 suoinobediens

2161 5627 2249 5683 vel
2282 5633 2597 5682 contumax
2647 5627 2820 5684 fuerit
2851 5627 2924 5682 ad
2975 5630 3208 5697 tempus
3259 5628 3478 5680 vestros
3521 5628 3724 5678 contra
3770 5635 3877 5686 vos

2153 5717 2385 5787 judices
2416 5717 2738 5785 defensare,
2789 5720 2959 5786 atque
3007 5715 3406 5774 excellentiam
3452 5716 3705 5770 vestram
3755 5709 3867 5764 hac
