4114 6178
259 314 377 372 1ὄἾ

754 316 814 375 S.
866 314 1236 377 GREGORII
1285 317 1514 378 ΡΑΡίΕ
1563 317 1767 389 Vl’i‘A,
1816 314 2183 379 AUCTORE
2228 320 2533 380 JOANNE
2579 320 2939 381 DIACONO.
2992 322 3141 381 LIB.
3192 319 3292 382 Ill.

3671 323 3788 383 158

255 467 332 507 ex
383 468 446 508 re
496 458 740 526 cogatur
788 453 1100 522 offendere,
1135 459 1191 510 et
1238 472 1345 512 nos
1394 456 1609 528 pariter
1665 456 1736 511 de
1784 460 1975 512 vestra
2002 458 2057 524 Α
2088 464 2288 513 contra
2316 458 2655 530 episcopum
2688 458 2887 514 hostili
2922 472 3079 513 more
3110 462 3436 513 commotus
3476 461 3583 524 est,
3617 473 3783 515 eum-

256 549 565 605 discordia
590 548 941 606 contristari.

340 662 366 688 ‹‹
400 639 806 710 Comperimus
839 646 1133 711 prmterea,
1168 641 1321 714 quod
1346 641 1457 697 dici
1480 642 1641 698 nefas
1667 646 1775 711 est,
1800 660 1975 715 quas-

254 729 396 783 dam
450 728 745 797 mulieres,
788 745 911 800 quae
963 746 1117 787 nunc
1153 746 1328 801 usque
1371 731 1429 786 in
1482 732 1749 803 religioso
1798 737 1972 803 atque

259 819 611 874 monachico
645 818 842 874 habitu
874 826 1345 891 permanserunt,
1380 821 1713 893 religiosam
1749 828 1968 877 vestem

258 915 319 961 et
368 924 538 963 suam
586 907 901 965 velaturam
945 910 1252 982 deponere,
1301 916 1357 966 et
1395 911 1765 982 conjugibus,
1814 914 1970 982 quod

258 998 384 1053 sine
415 998 575 1069 gravi
602 998 802 1054 dolore
835 999 1045 1055 referre
1079 1016 1193 1056 non
1226 1017 1558 1071 possumus,
1596 1001 1822 1058 sociari.
1858 1000 1970 1057 Sed

254 1086 369 1141 hoc
400 1087 665 1158 quidem,
701 1093 765 1143 ut
798 1088 986 1144 dicere
1018 1089 1106 1145 vel
1150 1093 1434 1146 attentare
1466 1095 1842 1163 praesumant,
1876 1091 1968 1146 fa-

251 1176 413 1231 voris
460 1176 634 1233 vestri
687 1178 1010 1249 patrocinio
1070 1178 1261 1234 fulciri
1311 1180 1607 1239 dicuntur.
1652 1180 1814 1245 Quod
1862 1197 1970 1236 nos

248 1264 493 1321 credere
536 1266 932 1336 perversitatis
972 1267 1161 1339 ipsius
1193 1268 1483 1325 acerbitas
1516 1285 1631 1324 non
1664 1269 1963 1340 permittit.

250 1355 514 1411 Petimus
545 1372 681 1427 ergo
714 1362 777 1412 ut
809 1357 866 1413 in
898 1362 1057 1414 tanto
1087 1376 1187 1414 vos
1222 1364 1455 1430 peccato
1499 1359 1739 1417 miscere
1772 1362 1969 1417 nulla-

250 1451 431 1500 tenus
463 1446 740 1502 debeatis.
774 1446 915 1502 Nam
944 1447 1282 1517 hujusmodi
1316 1449 1681 1519 iniquitatem
1717 1450 1969 1522 impuni-

254 1538 378 1590 tam
416 1540 651 1607 propter
695 1536 874 1591 Deum
909 1536 1069 1592 nullo
1121 1538 1289 1593 modo
1338 1540 1595 1607 patimur
1644 1555 1965 1597 remanere.

250 1625 422 1681 Unde
454 1626 665 1682 iterum
698 1644 1041 1699 quaesumus
1074 1634 1137 1685 ut
1182 1628 1521 1686 excellentia
1552 1635 1738 1687 vestra
1782 1631 1840 1685 in
1874 1635 1968 1686 ta-

251 1711 402 1769 lium
449 1729 514 1769 se
558 1730 866 1770 causarum
912 1715 1240 1772 defensione
1291 1732 1408 1773 non
1460 1718 1744 1773 misceat:
1794 1734 1863 1773 ne
1912 1723 1969 1773 et

247 1802 411 1858 Deus
441 1820 610 1859 suam
652 1804 920 1860 defendat
958 1805 1259 1876 injuriam,
1304 1810 1359 1861 et
1396 1806 1546 1863 inter
1580 1824 1683 1862 nos
1716 1806 1964 1863 aliorum
1999 1833 2042 1896 Β

245 1893 439 1965 pariat
472 1893 646 1965 culpa
676 1894 1049 1950 discordiam.
1087 1918 1114 1945 »
1148 1896 1370 1967 (Πιερίδι.
1398 1898 1436 1951 l.
1465 1914 1519 1964 ν,
1552 1913 1638 1969 ep.
1672 1897 1787 1968 24.)

324 1982 468 2036 Item
503 1980 806 2049 Venantio,
852 1984 1226 2053 exmonacbo,
1273 1986 1517 2056 patricio
1552 2003 1563 2040 :
1599 2008 1627 2035 ‹‹
1660 1986 1825 2041 Multi
1858 1986 1963 2041 ho-

252 2071 491 2128 minum
525 2072 679 2127 stulti
711 2078 1062 2144 putaverunt
1093 2076 1246 2145 quod
1280 2076 1330 2130 si
1362 2076 1428 2130 ad
1464 2078 1722 2133 ordinem
1749 2078 1965 2149 episco-

249 2168 435 2234 patus
468 2162 758 2229 eveherer,
793 2167 846 2218 te
880 2163 1096 2236 alloqui
1128 2183 1192 2221 ac
1233 2182 1335 2238 per
1373 2167 1649 2239 epistolas
1690 2170 1962 2240 frequen-

238 2256 372 2309 tare
408 2268 753 2308 recusarem.
793 2254 901 2308 Sed
946 2271 1059 2309 non
1092 2254 1170 2310 ita
1210 2260 1317 2323 est,
1352 2257 1487 2327 quia
1529 2258 1657 2329 ipsa
1691 2259 1818 2329 jam
1852 2259 1961 2316 loci

239 2342 359 2396 mei
396 2342 743 2397 necessitate
793 2342 1110 2414 compellor
1140 2349 1203 2398 ut
1245 2349 1431 2400 tacere
1464 2363 1577 2401 non
1628 2347 1893 2405 debeam.
1929 2372 1951 2401 ι

246 2430 318 2485 Et
350 2439 484 2502 post
525 2447 728 2500 pauca.
764 2453 791 2480 ‹‹
834 2431 949 2487 Hac
981 2432 1159 2502 igitur
1202 2434 1665 2492 consideratione
1696 2436 1955 2507 compul-

244 2537 374 2586 sus,
410 2520 553 2577 velis
574 2538 647 2576 an
679 2520 852 2592 nolis,
872 2520 1176 2580 locuturus
1200 2540 1352 2592 sum,
1388 2525 1525 2597 quia
1546 2527 1706 2582 omni
1728 2526 1957 2597 virtute,

242 2616 349 2666 aut
399 2615 454 2666 te
492 2611 668 2683 cupio
716 2609 944 2679 salvari,
1009 2617 1111 2669 aut
1159 2613 1229 2669 de
1272 2619 1371 2671 tua
1420 2618 1604 2671 morte
1654 2632 1745 2672 me
1793 2618 1955 2688 eripi.

246 2703 309 2756 In
346 2716 465 2771 quo
499 2700 654 2757 enim
687 2700 883 2758 habitu
919 2702 1097 2759 fueris
1128 2703 1354 2770 recolis,
1388 2708 1443 2760 et
1472 2721 1735 2776 supernae
1768 2706 1960 2761 distri-

248 2788 463 2844 ctionis
506 2788 1013 2846 animadversione
1062 2792 1398 2864 postposita,
1441 2795 1510 2849 ad
1559 2794 1699 2865 quid
1740 2795 1821 2849 si's
1852 2796 1956 2850 de-

249 2878 458 2951 lapsus
482 2878 775 2949 agnoscis.
800 2880 1042 2952 Culpam
1067 2898 1202 2953 ergo
1229 2886 1389 2939 tuam
1411 2900 1589 2955 pensa
1614 2885 1750 2941 dum
1774 2890 1956 2953 vacat,

247 2967 681 3023 districtionem
722 2968 909 3025 futuri
946 2969 1173 3027 Judicis
1222 2971 1360 3027 dum
1396 2972 1551 3029 vales
1600 2974 1957 3040 exhorresce,

248 3076 319 3115 ne
355 3067 495 3115 tunc
527 3059 685 3116 illam
717 3076 976 3116 amaram
1026 3063 1377 3119 sententiam
1410 3064 1614 3120 audias
1646 3082 1778 3122 cum
1831 3081 1959 3122 eam

237 3151 369 3220 jam
404 3148 586 3204 nullis
615 3149 847 3205 fletibus
873 3151 1103 3209 evadas.
1134 3173 1163 3203 ››
1195 3154 1265 3208 Et
1295 3152 1445 3209 infra
1479 3170 1491 3210 :
1526 3178 1552 3204 ‹‹
1588 3155 1757 3211 Teste
1783 3156 1961 3212 Evan-

242 3237 396 3309 gelio
429 3239 638 3309 (Matth.
672 3240 795 3310 xu),
826 3240 943 3296 scis
974 3241 1114 3312 quia
1135 3241 1335 3298 divina
1367 3244 1645 3300 severitus
1678 3246 1747 3301 de
1778 3246 1959 3303 otioso

242 3345 522 3386 sermone
553 3346 660 3385 nos
693 3331 902 3402 arguit,
936 3335 993 3388 et
1022 3333 1093 3387 de
1123 3334 1295 3389 verbo
1328 3333 1521 3389 inutili
1547 3335 1796 3392 rationes
1819 3338 1960 3392 sub-

244 3419 431 3476 tiliter
462 3421 733 3491 exquirit.
769 3424 953 3499 Pansa
982 3438 1116 3495 ergo
1147 3422 1289 3494 quid
1337 3424 1561 3480 factura
1590 3430 1678 3481 est
1708 3426 1777 3481 de
1824 3444 1961 3499 per-

240 3524 412 3564 verso
435 3523 628 3580 opere,
664 3510 709 3564 si
750 3510 1031 3581 quosdam
1069 3512 1127 3566 in
1162 3512 1382 3582 judicio
1423 3531 1530 3571 suo
1569 3516 1842 3587 reprobat
1890 3516 1960 3572 de

240 3614 541 3654 sermone.
573 3598 832 3656 Ananiae
877 3601 992 3657 Deo
1023 3601 1297 3671 pecunias
1339 3609 1592 3671 voverat,
1642 3621 1789 3676 quas
1833 3614 1961 3677 post

245 3684 546 3743 diabolica
576 3688 765 3744 victus
816 3691 1190 3758 persuasione
1231 3692 1522 3747 subtraxit
1566 3694 1701 3762 (Act.
1735 3696 1785 3763 ν)
1814 3719 1827 3761 ;
1861 3695 1959 3750 sed

239 3792 361 3847 qua
392 3780 577 3832 morte
626 3777 943 3835 mulctatus
974 3786 1080 3848 est,
1122 3779 1257 3836 scis.
1304 3781 1360 3836 Si
1394 3780 1491 3836 ille
1542 3781 1722 3852 igitur
1753 3785 1959 3839 mortis

245 3864 516 3938 periculo
548 3867 763 3939 dignus
796 3867 925 3937 fuit,
960 3869 1057 3941 qui
1093 3886 1191 3926 eos
1234 3887 1381 3941 quos
1413 3871 1652 3926 dederat
1685 3887 1958 3929 nummos

244 3956 366 4010 Deo
397 3956 660 4025 abstulit,
694 3958 1000 4015 considera
1031 3964 1248 4032 quanto
1280 3960 1535 4031 periculo
1564 3962 1623 4018 in
1654 3962 1960 4035 divinoju-

244 4045 406 4100 dicio
440 4045 647 4115 dignus
678 4050 814 4119 eris,
848 4048 947 4122 qui
974 4066 1087 4105 non
1111 4066 1406 4119 nummos,
1430 4052 1531 4108 sed
1554 4053 1957 4123 temetipsum,

242 4136 641 4206 omnipotenti
672 4137 811 4208 Deo,
860 4138 956 4195 cui
1006 4144 1059 4195 te
1090 4140 1201 4195 sub
1251 4140 1589 4198 monachico
1619 4141 1823 4198 habitu
1856 4143 1959 4199 de-

244 4240 513 4295 voveras,
583 4227 947 4283 subtraxisti.
1011 4231 1392 4301 Quapropter,
1460 4231 1507 4287 si
1586 4232 1959 4290 correctionis

242 4331 394 4369 mea
426 4316 597 4371 verba
628 4321 940 4375 secuturus
980 4320 1258 4388 audieris,
1292 4338 1467 4393 quam
1499 4322 1618 4377 sint
1667 4322 1875 4379 blanda
1906 4330 1960 4379 et

239 4403 441 4459 dulcia
470 4404 527 4460 in
579 4406 693 4462 ﬁne
738 4423 1074 4479 cognosces.
1117 4410 1281 4479 Ecce,
1334 4412 1531 4479 fateor,
1580 4428 1831 4469 moerens
1872 4412 1958 4468 lo-

245 4509 421 4564 quor,
454 4499 511 4549 et
542 4495 673 4551 facti
706 4497 792 4552 tui
836 4498 1076 4555 tristitia
1124 4499 1409 4570 addictus,
1460 4502 1627 4558 edere
1658 4503 1833 4558 verba
1862 4502 1959 4558 vix

247 4583 413 4639 valeo
444 4601 459 4639 :
494 4588 551 4640 et
580 4588 773 4642 tamen
800 4586 1036 4644 animus
1066 4592 1227 4657 tuus,
1251 4590 1496 4646 actionis
1520 4607 1638 4647 suae
1668 4591 1957 4661 conscius,

248 4672 338 4726 vix
376 4672 597 4729 sufficit
623 4675 770 4731 ferre
803 4677 955 4748 quod
980 4678 1183 4745 audit;
1211 4679 1521 4748 erubescit,
1556 4682 1956 4752 confunditur,

248 4762 619 4818 adversatur.
662 4764 722 4820 Si
756 4781 890 4837 ergo
944 4768 1096 4824 ferre
1122 4784 1235 4825 non
1285 4768 1433 4825 valet
1467 4771 1637 4826 verba
1684 4772 1955 4843 pulveris,

178 4914 181 4919 ν
248 4852 397 4922 quid
431 4852 693 4910 facturus
724 4863 808 4912 est
842 4857 914 4913 ad
940 4858 1232 4929 judicium
1264 4860 1637 4916 Conditoris?
1660 4860 1857 4917 Fateor
1878 4868 1961 4918 ta-

250 4957 388 4997 men
429 4943 565 5015 quia
596 4961 860 5016 supernw
891 4949 1087 5020 gratia
1122 4948 1576 5006 misericordiam
1608 4966 1736 5007 esse
1776 4953 1959 5007 maxi-

250 5048 409 5088 mam
441 5036 633 5105 credo,
669 5039 822 5109 quod
854 5042 908 5095 te
938 5040 1194 5113 effugere
1224 5040 1406 5097 vitam
1448 5042 1752 5114 conspicit,
1786 5049 1843 5097 et
1872 5048 1959 5099 ta-

249 5138 385 5178 men
416 5124 608 5181 adhuc
657 5129 724 5183 ad
772 5129 945 5185 vitam
992 5135 1290 5190 reservat:
1343 5132 1498 5203 quod
1530 5132 1959 5205 superbientem

180 5271 196 5287 O
248 5212 404 5268 109
438 5222 492 5270 te
548 5216 707 5273 videt
764 5223 821 5274 et
875 5219 1099 5275 tolerat.
1136 5244 1164 5271 »υ
1222 5222 1445 5293 (Regist.
1508 5222 1545 5279 ι.
1605 5238 1645 5293 1,
1704 5238 1786 5295 ep.
1846 5223 1960 5294 34.)

248 5300 512 5374 Cumque
544 5303 883 5380 Venautius,
916 5310 974 5366 in
1008 5311 1209 5367 eadem
1243 5312 1542 5384 apostasia
1586 5328 1957 5385 permanens,

247 5393 475 5451 obortis
518 5398 866 5467 quibusdam
917 5401 1334 5473 simultatibus,
1385 5402 1709 5459 oblationes
1739 5422 1877 5461 suas
1926 5422 1961 5463 a

244 5480 500 5552 Joanne,
524 5484 891 5558 Syracusano
913 5491 1208 5563 episcopo,
1233 5497 1527 5551 execratas
1559 5500 1959 5566 cognosceret,

321 5658 401 5728 (a)
432 5660 517 5716 lta
546 5660 683 5739 Mss.
712 5663 928 5739 _Bigot.,
962 5665 1110 5739 Utic.
1143 5670 1200 5723 et
1221 5665 1360 5739 alii;
1391 5671 1451 5726 at
1480 5668 1639 5736 editi,
1663 5668 1724 5725 in
1744 5669 1959 5739 episco-

250 5746 388 5812 pum
402 5748 426 5796 ;
447 5748 573 5804 quas
588 5733 764 5812 lectio
789 5733 1141 5811 reprobatur
1160 5756 1193 5796 a
1236 5733 1538 5798 codicibus
1569 5733 1961 5812 Epistolarum

248 5804 375 5859 tam
406 5806 656 5878 excusis,
690 5804 882 5879 quam'
909 5826 1088 5869 manu
1118 5812 1391 5870 exaratis.

2024 5760 2027 5763 ’
2069 5739 2287 5796 habent

2087 562 2198 618 que
2229 565 2343 603 non
2379 549 2575 603 timuit
2596 548 2871 619 Gregorio
2892 565 3183 603 accusare.
3210 548 3309 603 Cui
3344 548 3469 619 ipse
3492 548 3781 615 rescribit,

2084 638 2283 693 dicens
2316 657 2327 693 :
2367 662 2391 685 ‹‹
2424 639 2667 693 Multum
2701 656 2802 693 nos
2836 654 2901 693 ea
2924 655 3095 705 quam
3118 638 3550 709 direxistisjam
3576 639 3783 693 contri-

2084 730 2294 782 stratos
2325 728 2544 782 invenit
2574 727 2843 797 epistola,
2878 728 3032 796 quod
3069 728 3218 781 inter
3249 744 3349 782 vos
3380 731 3436 781 et
3471 732 3778 794 Joannem,

2084 815 2321 871 fratrem
2345 823 2399 873 et
2430 817 2835 889 coepiscopum
2865 825 3147 881 nostrum,
3174 819 3243 873 dc
3266 835 3515 889 quorum
3552 818 3782 871 deside-

2082 906 2355 962 rabamus
2378 908 2623 977 gaudere
2646 906 2975 973 concordia,
3004 908 3349 962 scandalum
3374 908 3663 977 prodiisse
3687 923 3781 964 co-

2081 997 2408 1066 gnovimus.
2444 997 2665 1061 Qucevis
2692 996 2847 1051 enim
2881 1013 3057 1051 causa
3083 996 3308 1064 fuisset,
3345 1013 3457 1052 non
3492 1012 3675 1068 usque
3711 998 3781 1051 ad

2082 1085 2189 1140 hoc
2221 1086 2423 1141 debuit
2454 1088 2613 1141 furor
2644 1102 2971 1157 erumpere,
3020 1090 3084 1141 ut
3124 1086 3332 1141 armati
3375 1085 3641 1141 homines
3685 1102 3788 1141 ve-

2080 1176 2205 1243 stri,
2235 1177 2387 1233 sicut
2418 1178 2776 1246 audivimus,
2811 1176 2880 1245 (a)
2914 1175 2972 1230 in
3005 1175 3364 1247 episcopium
3398 1176 3706 1242 irruerent,
3732 1185 3786 1231 ct

2081 1267 2307 1321 diversa
2338 1266 2534 1321 hostili
2570 1283 2731 1322 more
2772 1266 2925 1321 mala
2965 1267 3422 1334 committerent,
3474 1270 3647 1337 atque
3683 1282 3782 1321 vos

2081 1357 2200 1413 hccc
2233 1376 2324 1415 res
2356 1377 2385 1413 a
2419 1368 2656 1430 paterna
2688 1358 2921 1413 interim
2958 1358 3238 1413 cbaritate
3271 1357 3565 1413 divideret.
3616 1357 3781 1411 Nun-

2079 1449 2219 1519 quid
2252 1466 2365 1505 non
2403 1454 2644 1521 poterat,
2680 1451 2725 1504 si
2776 1450 3053 1521 quaslibet
3098 1449 3391 1504 contentio
3438 1448 3568 1516 fuit,
3618 1453 3781 1503 tran-

2079 1537 2259 1608 quille
2288 1538 2539 1609 disponi,
2576 1547 2635 1592 ut
2668 1554 2771 1593 nec
2805 1539 3051 1609 partium
3087 1538 3309 1592 utilitas
3339 1537 3781 1603 detrimentum,

2078 1643 2183 1682 nec
2204 1627 2442 1684 sentiret
2465 1627 2654 1700 gratia
2678 1627 2968 1683 laesionem
2990 1628 3017 1682 ?
3047 1628 3217 1697 cujus
3240 1634 3428 1683 autem
3457 1625 3777 1698 gravitatis,

2076 1719 2244 1787 cujus
2274 1718 2622 1787 sanctitatis,
2655 1718 2819 1787 cujus
2844 1716 3314 1773 mansuetudinis
3345 1716 3778 1789 suprascriptus

2079 1809 2252 1863 frater
2284 1813 2479 1863 noster
2511 1807 2606 1872 sit,
2642 1824 2757 1863 non
2802 1807 3088 1863 habemus
3132 1807 3515 1877 incognitum.
3550 1806 3628 1861 Ex
3664 1822 3780 1878 qua

2078 1914 2136 1954 re
2166 1898 2522 1969 colligimus,
2557 1898 2695 1969 quia
2726 1897 2834 1953 nisi
2882 1897 2968 1952 vis
3009 1913 3143 1952 eum
3177 1895 3395 1952 doloris
3440 1895 3622 1952 nimia
3651 1912 3781 1951 coe-

2075 1986 2273 2055 gisset,
2309 1986 2381 2041 ad
2414 1986 2561 2041 hanc
2593 2001 2734 2055 rem,
2769 1986 2837 2039 de
2871 2002 2987 2056 qua
3028 2001 3130 2040 vos
3174 1983 3545 2041 contristatos
3577 1984 3781 2039 asseri-

2074 2076 2165 2143 tis,
2201 2076 2328 2146 ejus
2360 2074 2695 2131 fraternitas
2731 2074 3066 2131 nullatenus
3116 2075 3486 2144 pervenisset.
3524 2074 3639 2130 Nos
3671 2091 3780 2130 au-

2071 2171 2208 2228 tem,
2243 2170 2305 2218 ut
2334 2164 2442 2219 hoc
2466 2181 2532 2219 eo
2565 2164 2853 2220 scribente
2883 2163 3294 2235 comperimus,
3327 2163 3482 2219 illico
3522 2163 3572 2217 ei
3624 2164 3778 2219 scri-

2072 2254 2319 2325 psimus,
2370 2255 2751 2309 admonentes
2819 2257 2883 2309 ut
2945 2253 3269 2309 oblationes
3328 2257 3565 2320 vestras,
3618 2252 3774 2309 sicut

2071 2349 2205 2398 ante
2227 2344 2571 2415 susciperet,
2606 2348 2662 2399 et
2693 2343 2905 2398 missas
2934 2343 2990 2398 in
3016 2343 3187 2398 domo
3223 2352 3409 2398 vestra
3433 2360 3549 2397 non
3582 2342 3772 2398 solum

2068 2434 2347 2489 celebrari
2380 2435 2759 2506 permitteret,
2782 2436 2881 2489 sed
2914 2434 2959 2488 si
3007 2432 3217 2500 velitis,
3249 2433 3424 2489 etiam
3456 2433 3581 2503 ipse
3612 2450 3773 2502 pera-

2068 2527 2243 2593 geret,
2278 2554 2342 2565 —
2387 2528 2444 2577 et
2474 2528 2680 2577 caetera
2723 2524 2957 2591 (Regz'st.
3002 2522 3099 2576 lib.
3145 2540 3223 2590 v1,
3255 2540 3343 2594 ep.
3389 2523 3504 2593 43.)
3556 2521 3771 2578 Verum

2067 2612 2393 2667 Venantius
2426 2628 2558 2667 cum
2590 2612 2861 2683 episcopo
2895 2612 2951 2665 in
2979 2611 3343 2667 concordiam
3369 2612 3618 2677 rediens,
3643 2626 3775 2667 cum

2070 2719 2171 2774 per
2211 2702 2481 2757 undecim
2524 2718 2709 2756 annos
2740 2719 2771 2756 a
2804 2699 3079 2771 Gregorio
3115 2699 3537 2771 multiplicibus
3568 2698 3779 2755 litteris

2070 2793 2407 2847 exhortatus
2448 2791 2633 2846 redire
2681 2792 2753 2846 ad
2804 2790 3209 2846 monachicum
3269 2790 3635 2861 propositum
3677 2790 3780 2845 de-

2070 2887 2366 2951 trectaret,
2388 2882 2445 2936 in
2481 2882 2888 2953 gravissimam
2922 2881 3330 2949 aegritudinem
3363 2881 3589 2936 cecidit.
3614 2880 3776 2945 Quod

2071 2990 2104 3027 a
2157 2973 2382 3028 Joanne
2430 2976 2792 3043 Syracusano
2838 2970 3109 3042 episcopo
3160 2969 3472 3042 Gregorius
3531 2969 3776 3026 audiens

2072 3061 2390 3132 rescripsit,
2424 3061 2620 3116 dicens
2655 3077 2667 3115 :
2707 3081 2731 3112 ι
2765 3059 3166 3115 Fraternitatis
3185 3064 3392 3115 vestrae
3417 3059 3631 3129 scripta
3654 3075 3779 3115 sus.

2072 3150 2217 3222 cepi,
2243 3168 2369 3223 quae
2396 3150 2537 3205 mihi
2563 3151 2631 3206 de
2663 3148 2987 3205 dulcissimi
3012 3148 3115 3203 ﬁlii
3143 3149 3254 3205 mei
3278 3148 3481 3204 domni
3507 3142 3779 3204 Venautii

2073 3241 2417 3312 aegritudine
2448 3239 2855 3311 loquebantur,
2890 3246 2943 3294 et
2976 3244 3185 3294 cuncta
3208 3254 3345 3310 erga
3366 3254 3499 3294 eum
3534 3237 3785 3309 qualiter

2074 3336 2203 3387 acta
2234 3336 2373 3386 sunt
2404 3332 2771 3386 enarrabant.
2807 3330 2916 3386 Sed
2946 3346 3060 3385 uno
3087 3338 3341 3401 tempore
3374 3329 3613 3397 auditis,
3639 3333 3697 3384 et
3718 3328 3783 3383 il-

2074 3422 2193 3477 lum
2227 3421 2303 3493 (ὁ)
2336 3420 2640 3491 desperare
2686 3437 2751 3475 ac
2790 3420 3048 3491 graviter
3085 3424 3387 3490 agrotare,
3424 3426 3476 3475 et
3516 3418 3575 3473 in
3607 3418 3782 3475 rebus

2072 3511 2489 3584 orphanorum,
2524 3511 2771 3567 filiarum
2805 3511 2933 3581 ejus
2967 3510 3206 3578 scilicet,
3240 3510 3509 3567 homines
3541 3511 3777 3582 iniquos

2072 3602 2363 3669 insistere,
2393 3603 2488 3656 vix
2518 3616 2575 3657 se
2608 3602 2665 3656 in
2711 3601 2884 3656 corde
2916 3616 3044 3655 meo
3092 3599 3251 3656 dolor
3283 3617 3487 3671 capere
3536 3608 3773 3671 poterat.

2069 3691 2180 3746 Sed
2212 3692 2271 3746 in
2297 3691 2403 3745 hoc
2434 3690 2546 3745 fuit
2576 3688 2873 3758 solatium,
2906 3689 3059 3761 quod
3087 3688 3525 3760 lacrymas'mibi
3554 3706 3652 3759 per
3678 3705 3773 3760 ge-

2070 3783 2247 3837 mitus
2296 3780 2696 3852 erumpebant.
2743 3780 2949 3835 Vestra
2980 3779 3159 3851 igitur
3203 3780 3490 3835 sanctitas
3533 3779 3780 3851 primam

2072 3886 2243 3942 quam
2268 3869 2432 3924 decet
2462 3884 2665 3923 curam
2699 3867 2992 3939 negligere
3016 3884 3133 3923 non
3161 3868 3354 3933 debet,
3388 3871 3453 3922 ut
3484 3869 3553 3921 de
3583 3869 3781 3924 anima

2067 3960 2195 4030 ejus
2227 3958 2481 4030 cogitare
2512 3959 2739 4027 debeat,
2771 3957 3154 4025 exhortando,
3188 3956 3468 4027 rogando,
3514 3956 3612 4011 Dei
3647 3962 3761 4011 ter-

2068 4051 2236 4107 ribile
2259 4048 2547 4120 judicium
2583 4048 2980 4120 proponendo,
3012 4045 3362 4101 ineilabilem
3393 4046 3521 4115 ejus
3553 4044 3778 4101 miseri-

2069 4141 2325 4197 cordiam
2377 4138 2767 4211 promittendo
2795 4153 2808 4203 ;
2838 4142 2905 4193 ut
2930 4137 3001 4193 ad
3034 4136 3301 4192 habitum
3344 4152 3517 4191 suum
3564 4135 3774 4201 redire,

2067 4232 2151 4289 vel
2185 4230 2245 4286 in
2276 4230 2571 4296 extremis,
2605 4228 2811 4283 debeat
2842 4245 2856 4283 :
2888 4242 2960 4283 ne
2989 4226 3040 4281 ei
3071 4229 3266 4281 reatus
3297 4228 3466 4279 tantas
3499 4221 3679 4295 culpat
3713 4224 3772 4278 in

2068 4325 2285 4377 aeterno
2308 4318 2534 4392 judicio
2580 4317 2845 4373 obsistat.
2876 4338 2904 4365 »
2938 4315 3162 4386 (Regia.
3199 4314 3291 4368 lib.
3325 4330 3403 4380 xt,
3434 4330 3516 4385 ep.
3552 4312 3670 4381 36.)

2138 4410 2196 4464 Si
2230 4424 2374 4480 quos
2406 4412 2599 4463 tamen
2624 4406 2895 4477 judicum
2948 4422 2979 4460 a
3010 4404 3133 4459 suis
3166 4402 3549 4475 pravitatibus
3580 4402 3779 4458 incon-

2066 4499 2366 4556 vertibiles
2394 4497 2710 4569 Gregorius
2740 4495 3094 4563 advertebat,
3128 4510 3225 4550 eos
3258 4494 3492 4565 scriptis
3526 4494 3781 4565 propriis

1993 4583 2038 4647 D
2071 4606 2245 4662 penes
2297 4587 2593 4662 principes
2633 4586 2967 4642 denotabat.
3023 4584 3185 4639 Unde
3234 4583 3624 4639 Constantium
3655 4585 3783 4638 Au-
3846 4644 3849 4647 b

2070 4687 2249 4754 gustaa
2299 4679 2583 4753 queritur,
2625 4676 2825 4732 dicens
2859 4692 2871 4731 :
2907 4698 2935 4725 «
2970 4675 3121 4731 Dum
3155 4675 3213 4730 in
3264 4673 3533 4731 Sardinia
3582 4672 3779 4729 insula

2070 4772 2287 4827 multos
2325 4784 2454 4825 esse
2503 4766 2809 4839 gentilium
2848 4764 3274 4838 cognovissem,
3327 4779 3542 4834 eosque
3585 4764 3774 4817 adhuc

2069 4878 2257 4934 pravas
2280 4856 2625 4932 gentilitatis
2646 4872 2806 4911 more
2826 4854 3115 4911 idolorum
3140 4854 3442 4911 sacriﬁciis
3462 4852 3777 4908 deservire:

2069 4960 2121 5008 et
2152 4950 2415 5022 ejusdem
2449 4946 2654 5003 insulas
2704 4946 3034 5002 sacerdotes
3076 4945 3146 4999 ad
3198 4941 3628 5014 praedicandum
3665 4940 3780 4996 Re-

2069 5044 2427 5111 demptorem
2469 5046 2733 5094 nostrum
2763 5041 3057 5107 torpentes
3088 5034 3331 5090 existere
3364 5048 3375 5085 :
3420 5046 3602 5085 unum
3638 5030 3779 5088 illuc

2070 5148 2136 5188 ex
2170 5131 2349 5187 Italia:
2398 5128 2685 5201 episcopis
2735 5126 2891 5193 misi,
2932 5126 3027 5196 qui
3081 5122 3294 5177 multos
3345 5118 3650 5192 gentilium
3707 5121 3779 5177 ad

2070 5224 2264 5290 fidem,
2325 5220 2566 5276 Domino
2617 5221 2987 5287 cooperante,
3039 5212 3328 5282 perduxit.
3379 5210 3489 5265 Sed
3541 5211 3777 5281 quidam

2073 5329 2193 5368 rem
2228 5312 2371 5367 mihi
2413 5309 2753 5378 sacrilegam
2803 5302 3112 5371 nuntiavit,
3161 5300 3297 5374 quia
3346 5298 3407 5356 hi
3458 5300 3557 5371 qui
3608 5301 3667 5357 in
3714 5317 3781 5358 ea

2071 5401 2244 5458 idolis
2276 5399 2585 5455 immolant
2609 5393 2796 5467 judici
2830 5392 3135 5465 praemium
3178 5390 3532 5462 persolvunt,
3576 5399 3635 5447 ut
3666 5390 3774 5447 hoc

2070 5494 2155 5548 eis
2197 5493 2379 5547 facere
2409 5488 2597 5544 liceat.
2631 5484 2887 5549 Quorum
2919 5483 3057 5539 dum
3102 5482 3344 5553 quidam
3386 5482 3659 5553 baptizati
3693 5498 3777 5537 es-

2140 5666 2216 5748 (ὁ)
2241 5663 2448 5748 Bigpt.,
2472 5660 2750 5748 {expc-ritis
2770 5675 2834 5715 ac
2847 5660 3094 5733 graviter
3113 5662 3403 5727 egrotare,
3428 5655 3581 5728 quod
3608 5654 3777 5711 etiam

2370 5753 2451 5794 ss.
2485 5733 2901 5807 Epistolarum.
