4088 6172
373 316 482 378 159

865 321 925 381 S.
979 321 1348 384 GltEGORII
1396 324 1623 385 PAP/E
1676 326 1873 397 Vl'l’A,
1922 323 2285 387 AUCTOltE
2328 327 2627 388 JUANNE
2675 330 3035 393 DlACONO.
3082 330 3231 392 LIB.
3284 331 3392 392 lIl.

3784 333 3903 394 160

371 460 521 523 sent,
556 461 611 511 et
633 458 757 527 jam
789 458 1095 515 immolare
1119 459 1288 515 idolis
1314 460 1679 529 desivissent,
1712 460 2077 517 adhucIIO
2108 464 2158 529 Α
2191 462 2503 519 sollicitum
2571 464 2825 536 vigilare,
2896 469 3093 522 contra
3138 466 3349 521 ducum
3413 466 3675 524 fallacias
3729 476 3901 540 atque

370 547 442 599 ab
473 548 671 603 eodem
697 550 902 605 insulae
926 550 1146 619 judice,
1180 552 1351 605 etiam
1380 560 1504 621 post
1531 551 1908 621 baptismum,
1937 569 2077 623 pra:-

372 637 554 691 mium
588 638 732 693 illud
783 642 1029 707 exigitur
1077 640 1227 709 quod
1279 641 1401 693 dari
1448 641 1607 710 prius
1642 658 1741 710 pro
1789 640 2076 697 idolorum

366 724 768 784 immolatione
796 735 1198 784 consueverat.
1234 730 1413 794 Quem
1460 746 1589 785 cum
1627 731 1938 802 praedictus
1967 731 2079 802 epi-

370 831 584 887 scopus
615 817 959 889 increparet,
994 822 1220 872 tantum
1256 834 1319 872 se
1352 818 1695 890 suffragium
1735 821 2077 892 promisisse

370 905 695 975 respondit,
723 911 786 960 ut
825 906 937 961 nisi
961 906 1032 961 de
1055 906 1250 963 causis
1271 906 1445 962 etiam
1472 907 1688 964 talibus
1708 908 1937 981 impleri
1962 926 2077 966 non

372 995 575 1063 possit.
609 995 837 1051 Corsica
886 1012 1019 1051 vero
1071 995 1259 1052 insula
1292 1002 1456 1053 tanta
1506 998 1802 1055 nimietate
1843 1001 2079 1071 exigen-

370 1080 538 1148 tium,
573 1088 627 1138 et
648 1085 982 1155 gravamine
1004 1087 1290 1155 premitur
1320 1087 1710 1156 exactionum,
1745 1092 1810 1144 ut
1841 1088 1954 1158 ipsi
1979 1088 2075 1159 qui

368 1172 425 1227 in
447 1172 545 1228 illa
577 1179 737 1240 sunt,
770 1176 968 1230 eadem
996 1192 1122 1248 quas
1155 1178 1465 1242 exiguntur
1486 1180 1777 1250 complere
1800 1179 1894 1233 vix
1925 1178 2076 1234 ﬁlios

370 1279 508 1318 suos
548 1267 851 1321 vendendo
894 1268 1210 1323 sufficiant.
1256 1268 1419 1325 Unde
1469 1270 1534 1324 ﬁt
1567 1275 1628 1325 ut
1660 1269 1932 1326 derelicta
1981 1269 2076 1342 pia

368 1354 683 1423 republica,
719 1373 1083 1425 possessores
1110 1359 1375 1429 ejusdem
1401 1359 1602 1415 insulsa
1626 1361 1693 1413 ad
1730 1359 2078 1415 θεῖαι]ᾱὶδεὶ-

368 1459 525 1498 mam
553 1444 1062 1516 Langobardorum
1087 1454 1317 1519 gentem
1344 1456 1625 1521 cogantur
1643 1450 1907 1513 effugere.
1930 1449 2076 1515 Quid

366 1536 520 1592 enim
553 1534 806 1607 gravius,
830 1538 969 1608 quid
1005 1539 1297 1594 crudelius
1330 1540 1447 1611 pati
1476 1548 1711 1609 possunt
1732 1557 1765 1594 a
1788 1539 2075 1609 barbaris,

368 1641 540 1695 quam
576 1630 640 1680 ut
670 1628 966 1681 constricti
1000 1633 1171 1699 atque
1220 1630 1538 1699 compressi
1583 1646 1718 1684 suos
1759 1629 1910 1684 ﬁlios
1940 1645 2080 1683 ven-

368 1716 502 1771 dere
522 1717 949 1786 compellantur
973 1722 995 1773 ?
1017 1718 1075 1773 ln
1102 1718 1301 1774 Sicilia
1324 1727 1514 1774 autem
1535 1719 1725 1775 insula
1748 1719 2077 1791 Stephanus

2190 552 2443 610 malitias
2486 563 2822 627 suspectum
2875 573 3103 627 semper
3132 555 3375 611 existere
3409 575 3422 612 :
3457 559 3626 627 cujus
3660 558 3900 624 laboris,

2187 643 2358 713 cujus
2379 644 2594 699 doloris
2624 645 2720 713 sit,
2752 652 2944 701 vestra
2974 647 3304 701 fraternitas
3338 653 3497 702 tanto
3530 647 3721 703 verius
3754 664 3904 719 pen-

2188 741 2301 797 sat,
2333 740 2550 805 quanto
2584 751 2696 804 me,
2738 736 2837 807 qui
2869 735 2990 791 haec
3021 735 3227 807 patior,
3265 736 3470 807 purius
3497 741 3673 793 amat.
3710 758 3737 785 ››
3774 738 3905 808 (Re-

2186 826 2310 893 gisl.
2346 823 2446 880 lib.
2481 843 2536 894 v,
2559 842 2643 897 ep.
2677 826 2792 897 42.)

2260 917 2401 970 Item
2426 915 2733 971 Anastasio
2756 915 3097 985 patriarcha:
3122 920 3253 987 post
3277 916 3458 973 multa
3484 933 3495 972 :
3524 940 3551 967 ‹‹
3578 920 3714 985 Quae
3739 920 3887 973 III

2189 1003 2342 1059 mala
2371 1003 2747 1059 barbarorum
2773 1003 3001 1073 gladiis,
3027 1021 3153 1075 quis
3178 1022 3210 1060 a
3234 1006 3890 1077 perversitatejudicum

2188 1093 2462 1163 patimur,
2503 1092 2850 1149 beatitudini
2883 1098 3088 1149 vestrae
3121 1111 3351 1150 narrare
3383 1096 3623 1167 refugio,
3658 1111 3729 1152 ne
3760 1097 3889 1167 ejus

2183 1183 2463 1253 gemitum
2484 1199 2751 1254 augeam,
2788 1199 2961 1255 quem
2997 1183 3257 1239 minuere
3288 1183 3645 1239 consolando
3678 1184 3895 1240 debue-

2188 1288 2336 1327 ram.
2364 1294 2391 1321 ››
2417 1271 2641 1343 (Regist.
2676 1273 2773 1327 lib.
2808 1289 2883 1334 Iv,
2916 1290 2999 1341 ep.
3031 1273 3147 1344 30.)

2260 1362 2403 1417 Item
2453 1361 2730 1428 Palladio,
2802 1364 3132 1434 presbytero
3191 1363 3261 1417 de
3312 1366 3509 1418 monte
3554 1362 3713 1431 Sina,
3765 1368 3899 1435 post

2188 1450 2444 1523 plurima
2478 1469 2491 1506 :
2522 1472 2549 1501 ‹‹
2585 1451 2717 1507 Peto
2764 1456 2827 1506 ut
2858 1468 2961 1522 pro
3007 1467 3095 1506 me
3127 1467 3291 1507 orare
3340 1452 3571 1520 debeas,
3604 1458 3893 1524 quatenus

2188 1540 2556 1612 omnipotens
2586 1540 2757 1606 Deus,
2793 1545 2850 1596 et
2872 1557 2906 1595 a
2937 1539 3107 1597 malis
3139 1557 3231 1595 me
3263 1540 3587 1611 spiritibus,
3619 1546 3674 1595 et
3705 1558 3738 1595 a
3772 1557 3896 1612 per-

2186 1631 2370 1687 versis
2420 1631 2761 1686 hominibus
2805 1630 3099 1686 custodire
3148 1631 3466 1702 dignetur:
3509 1632 3646 1701 quia
3694 1630 3749 1685 in
3786 1631 3892 1686 hac

2187 1721 2314 1775 vitae
2364 1736 2504 1775 meas
2557 1721 3017 1793 peregrinatione
3067 1720 3221 1774 mala
3264 1736 3356 1775 me
3406 1720 3579 1775 simul
3612 1728 3664 1775 et
3717 1721 3898 1776 multa

369 1804 604 1875 quidam
638 1806 1007 1862 marinarum
1040 1809 1294 1878 partium
1322 1807 1710 1864 chartularius
1741 1815 1906 1864 tanta
1938 1825 2077 1880 praa-
2109 1804 2154 1868 Β
2186 1806 2574 1875 circumdant,
2607 1809 2687 1864 ita
2720 1812 2784 1864 ut
2812 1825 2946 1864 cum
2976 1808 3441 1876 Psalmistajure
3462 1808 3652 1862 dicam
3689 1808 3786 1863 :In
3812 1822 3898 1862 me

360 1894 588 1964 judicia
619 1900 926 1965 tantasque
957 1898 1363 1967 Oppressiones
1395 1900 1621 1971 operari
1653 1900 1887 1965 dicitur,
1922 1898 2081 1954 inva-

315 1972 328 1981 ’
368 1984 554 2040 dendo
578 1985 704 2041 loca
726 1986 1116 2057 singulorum,
1143 1993 1313 2059 atque
1335 1990 1461 2045 sine
1489 1989 1742 2046 dictione
1760 2005 2072 2045 causarum

368 2089 469 2142 per
497 2075 895 2144 possessiones
940 2091 1006 2129 ac
1056 2076 1263 2132 domos
1316 2077 1518 2133 titulos
1568 2079 1857 2149 ponendo,
1913 2082 1979 2132 ut
2026 2078 2075 2133 si

370 2164 543 2217 velim
567 2170 695 2218 acta
714 2164 842 2234 ejus
866 2164 1097 2237 singula
1111 2183 1237 2238 qua:
1258 2168 1327 2222 ad
1351 2184 1440 2222 me
1465 2168 2080 2238 perveneruntdicere,

375 2276 586 2332 magno
618 2262 916 2319 volumine
948 2263 1069 2319 haec
1101 2264 1330 2336 explere
1367 2282 1481 2321 non
1514 2282 1767 2337 possem.
1790 2269 1923 2330 Qua
1955 2282 2079 2321 om-

374 2351 475 2407 nia
507 2352 883 2408 serenissima
913 2354 1150 2410 domina
1181 2355 1421 2411 solerter
1452 2357 1711 2427 aspiciat,
1756 2366 1809 2412 et
1839 2374 2082 2429 oppres-

370 2457 565 2496 sorum
598 2440 850 2513 gemitus
882 2451 1233 2516 compescat.
1270 2468 1298 2495 »
1342 2447 1408 2501 Et
1440 2451 1569 2517 post
1618 2463 1804 2517 pauca
1837 2463 1850 2501 :
1890 2466 1914 2497 α
1948 2448 2084 2512 Quia

372 2529 526 2586 enim
562 2540 808 2597 mentes,
841 2532 1037 2603 qualia
1066 2534 1291 2591 viscera
1322 2544 1626 2606 parentum
1658 2552 1791 2591 esse
1811 2539 2082 2607 possunt,

372 2619 734 2691 perpendite,
768 2622 998 2691 quando
1043 2621 1193 2679 ﬁlios
1242 2640 1378 2679 suos
1428 2625 1786 2690 distrahunt,
1842 2640 1913 2679 ne
1961 2632 2085 2679 tor-

372 2713 686 2779 queantur.
719 2710 976 2774 Qualiter
1006 2718 1202 2768 autem
1237 2714 1632 2769 miserendum
1665 2715 1742 2769 sit
1772 2713 1909 2770 ﬁliis
1939 2714 2087 2769 alio-

373 2814 530 2866 rum,
555 2798 662 2852 hoc
683 2800 830 2855 bene
852 2802 1044 2856 sciunt
1066 2802 1167 2873 qui
1194 2802 1413 2858 habent
1435 2804 1718 2874 proprios.
1742 2803 1905 2860 Unde
1935 2803 2083 2859 mihi

378 2886 632 2943 breviter
658 2880 776 2942 haec
807 2890 1167 2961 suggessisse
1199 2893 1472 2963 sufﬁciat,
1500 2910 1571 2947 ne
1594 2894 1643 2947 si
1669 2910 1734 2948 ea
1757 2911 1885 2965 quae
1909 2894 1966 2948 in
1990 2894 2084 2949 his

371 2975 633 3043 partibus
664 2986 937 3046 aguntur,
972 2979 1153 3048 pietas
1186 2984 1381 3035 vestra
1413 2997 1525 3036 non
1568 2988 1955 3053 cognosceret,
1993 2997 2084 3037 me

368 3070 521 3137 apud
546 3070 1143 3143 districtumjudicem
1166 3074 1688 3150 silentiimciculpa
1706 3077 2029 3134 mulctaret.
2055 3100 2082 3130 »

366 3159 603 3232 (Regisl.
630 3161 726 3217 lib.
760 3180 814 3226 v,
849 3180 935 3234 ep.
966 3166 1080 3235 41.)

446 3250 532 3304 49.
566 3250 711 3307 Hinc
742 3258 829 3308 est
856 3256 1008 3327 quod
1050 3255 1230 3327 hujus
1276 3257 1534 3331 Gregorii
1567 3264 1827 3331 tempore
1869 3263 1951 3316 tot
1984 3277 2082 3317 sa-

371 3340 637 3395 cerdotes
694 3346 749 3397 et
800 3342 930 3398 laici
983 3361 1082 3415 per
1137 3346 1397 3403 diversas
1453 3348 1718 3420 regiones
1785 3349 2082 3406 miraculis

314 3488 317 3489 ν
373 3444 734 3501 coruscasse,
790 3431 1033 3505 Dialogo
1084 3440 1252 3502 teste,
1309 3437 1650 3507 probantur,
1725 3444 1865 3510 quot
1928 3456 2081 3495 nun-

316 3600 319 3603 ,
376 3532 552 3589 quam
584 3520 694 3574 sub
727 3521 1148 3591 posterioribus
1187 3525 1563 3595 pontiﬁcibus
1593 3527 1853 3584 inveneri
1885 3536 2083 3599 postea

372 3611 712 3679 potuerunt.

440 3697 639 3753 Tantis
668 3697 850 3771 igitur
888 3700 1157 3758 Ecclesiae
1188 3703 1288 3760 Dei
1324 3705 1700 3763 felicitatibus
1732 3706 1916 3763 hostis
1966 3706 2084 3762 hu-

368 3786 528 3840 mani
548 3790 778 3858 generis
798 3789 1080 3857 invidens,
1098 3793 1414 3850 nonnullos
1430 3798 1772 3867 pontiﬁcum
1788 3796 2083 3868 simulque

368 3874 734 3934 saecularium
757 3878 1052 3949 judicum,
1082 3881 1155 3937 ad
1185 3884 1313 3953 ejus
1353 3884 1637 3940 invidiam
1679 3886 2076 3958 conflagravit.

372 3964 560 4035 Super
591 3984 843 4039 quorum
877 3970 1190 4028 afflictione
1216 3972 1427 4029 Joanni
1449 3974 1762 4032 Ravennati
1784 3979 2076 4047 episcopo,

368 4053 524 4110 inter
569 4062 775 4113 cetera
807 4061 1091 4130 queritur,
1147 4062 1345 4118 dicens
1381 4079 1393 4117 :
1428 4085 1456 4113 «
1489 4066 1747 4121 Peccatis
1786 4065 1928 4120 meis
1976 4065 2080 4120 hoc

371 4153 596 4216 reputo,
631 4147 771 4218 quia
801 4149 932 4212 iste,
976 4151 1073 4221 qui
1119 4166 1278 4208 nunc
1326 4152 1566 4208 interest
1608 4154 1783 4225 (haud
1834 4154 2077 4210 dubium

370 4235 511 4305 quin
548 4234 845 4293 Romanus
867 4239 1196 4311 exarchus),
1228 4246 1284 4295 et
1306 4258 1563 4312 pugnare
1585 4250 1789 4298 contra
1812 4242 2079 4299 inimicos

370 4330 598 4378 nostros
630 4324 986 4395 dissimulat,
1013 4333 1069 4383 et
1092 4346 1196 4384 nos
1220 4329 1404 4386 facere
1428 4347 1629 4402 pacem
1653 4337 1802 4388 vetat
1827 4348 1839 4388 :
1874 4350 2079 4403 quam-

366 4410 454 4465 vis
485 4411 601 4480 iam
628 4414 821 4481 modo,
856 4416 1086 4473 etiamsi
1117 4417 1273 4487 velit,
1310 4422 1497 4477 facere
1525 4422 1764 4478 omnino
1798 4438 1910 4478 non
1945 4440 2075 4495 pos-

368 4514 577 4555 sumus
607 4517 621 4557 :
656 4503 795 4573 quia
831 4504 1153 4575 Ariulphus
1189 4509 1505 4565 exercitum
1548 4511 1814 4566 Autarith
1849 4516 1906 4566 et
1932 4512 2077 4575 Nor-

367 4586 512 4643 dulﬁ
546 4588 788 4658 habens,
819 4608 1022 4649 eorum
1053 4595 1165 4650 sibi
1209 4598 1333 4653 dari
1366 4600 1625 4669 precaria
1664 4601 1979 4667 desiderat,
2014 4611 2077 4658 ut

364 4676 668 4735 vobiscum
701 4678 859 4752 loqui
907 4682 1124 4755 aliquid
1158 4687 1228 4743 de
1260 4704 1399 4759 pace
1450 4689 1743 4760 dignetur.
1777 4711 1805 4740 »
1846 4688 2069 4760 (Regist.

366 4764 461 4820 lib.
489 4781 550 4829 It,
581 4782 664 4838 ep.
698 4769 812 4841 46.)

434 4856 577 4913 Item
597 4859 961 4926 Sebastiano,
994 4863 1265 4936 episcopo
1298 4866 1631 4937 Sirmiensi,
1669 4872 1799 4940 post
1830 4867 2022 4939 aliqua
2057 4883 2068 4922 :

364 4967 391 4993 κ
424 4944 579 5014 Quae,
631 4949 999 5007 sanctissime
1051 4954 1245 5025 frater,
1296 4958 1367 5010 de
1417 4957 1588 5013 amici
1648 4957 1823 5016 vestri
1871 4956 2071 5013 domui

364 5032 610 5093 Romani
640 5055 887 5108 persona
919 5041 976 5095 in
1013 5042 1114 5099 hac
1145 5047 1299 5099 terra
1329 5045 1607 5117 patimur,
1642 5047 1802 5119 loqui
1833 5047 2073 5102 minime

364 5122 622 5181 valemus
658 5144 672 5183 :
714 5130 962 5186 breviter
993 5140 1190 5190 tamen
1213 5134 1341 5191 dico
1366 5136 1505 5207 quia
1534 5137 1661 5206 ejus
1695 5138 1751 5193 in
1777 5152 1879 5193 nos
1912 5134 2073 5191 mali.

363 5210 445 5299 tia
473 5214 697 5282 gladios
751 5220 1258 5292 Langobardorum
1298 5225 1453 5293 vicit,
1489 5225 1567 5281 ita
1596 5230 1661 5281 ut
1700 5226 2071 5299 benigniores

362 5298 668 5389 videantur
697 5304 915 5371 hostes,
949 5314 1049 5383 qui
1091 5331 1194 5369 nos
1239 5315 1605 5380 interimunt,
1648 5333 1822 5389 quam
1850 5298 2068 5389 ireipu-

361 5387 522 5443 blicaa
548 5392 799 5463 judices,
831 5400 929 5467 qui
965 5418 1071 5456 nos
1102 5405 1319 5460 malitia
1351 5422 1476 5474 sua,
1510 5387 1732 5478 rapinis
1764 5415 1934 5478 atque
1963 5387 2069 5461 fal-

361 5482 525 5539 laciis
556 5483 614 5538 in
645 5488 987 5556 cogitatione
1021 5506 1395 5553 consumunt.
1429 5499 1493 5554 Et
1528 5517 1642 5555 uno
1675 5505 1933 5573 tempore
1966 5514 2065 5554 cu-

360 5589 480 5628 ram
513 5576 939 5646 episc0porum,
972 5586 1145 5651 atque
1175 5586 1538 5657 clericorum,
1575 5592 2063 5648 monasteriorum

363 5677 619 5736 quoque,
652 5669 708 5721 et
756 5666 956 5738 populi
1003 5685 1220 5744 gerere,
1268 5682 1470 5734 contra
1512 5678 1770 5737 hostium
1821 5678 2065 5737 insidias

2189 1901 2527 1955 transierunt
2570 1902 2669 1955 ira
2719 1908 2851 1967 tum,
2923 1907 2973 1955 et
3016 1903 3250 1954 terrores
3301 1900 3385 1953 lui
3438 1899 3902 1955 conturbauerunt

2187 2005 2291 2044 me.
2329 1989 2811 2045 Circumdederunt
2839 2005 2924 2045 me
2952 1990 3091 2043 sicut
3125 2006 3269 2059 aqua
3301 1991 3410 2043 tota
3442 1988 3550 2056 die,
3587 1987 3895 2044 circumde—

2189 2079 2386 2135 derunt
2415 2095 2500 2135 me
2540 2080 2710 2135 simul
2743 2080 2908 2151 (Psal.
2963 2095 3205 2145 Lxxxvu,
3245 2078 3309 2132 17
3338 2085 3388 2133 et
3440 2076 3548 2149 18).
3584 2096 3609 2127 ιο
3661 2077 3891 2149 (Regist.

2191 2169 2289 2225 lib.
2322 2186 2401 2235 XI,
2435 2186 2517 2241 ep.
2551 2170 2633 2239 2.)

2261 2260 2349 2313 50.
2386 2259 2558 2315 Porro
2587 2258 2850 2315 Mauritio
2882 2263 3020 2314 tunc
3069 2257 3411 2314 avarissimo
3460 2257 3755 2327 simulque
3804 2273 3899 2312 ra-

2193 2350 2501 2420 pacissimo
2516 2347 3267 2420 principi,suggestionibus
3286 2345 3652 2403 inimicorum
3671 2362 3902 2402 suorum

2195 2441 2651 2496 funestissimam
2692 2441 2877 2511 legem
2925 2438 3149 2506 ferenti,
3191 2442 3255 2494 ut
3290 2437 3431 2493 nulli
3470 2438 3747 2507 militum,
3796 2438 3896 2508 qui

2194 2530 2460 2587 videlicet
2490 2531 2549 2585 in
2599 2545 2773 2587 manu
2810 2529 3073 2601 signatus
3111 2529 3337 2595 fuisset,
3377 2527 3573 2584 liceret
3612 2528 3893 2598 converti,

2194 2619 2345 2675 inter
2384 2624 2584 2675 caetera
2614 2619 2697 2673 sic
2729 2617 3029 2691 respondit
3063 2633 3074 2672 :
3110 2640 3138 2667 «
3172 2618 3254 2671 Ad
3291 2617 3397 2672 hoc
3430 2622 3688 2687 potestas
3718 2632 3897 2687 super

2195 2724 2393 2765 omnes
2419 2710 2683 2765 homines
2726 2708 2919 2780 pietati
2954 2708 3322 2763 dominorum
3369 2722 3631 2761 meorum
3678 2704 3902 2761 caelitus

2194 2800 2328 2854 data
2359 2803 2468 2867 est,
2500 2804 2564 2853 ut
2596 2801 2695 2870 qui
2738 2797 2885 2853 bona
2916 2801 3218 2868 appetunt,
3266 2795 3635 2867 adjuventur,
3675 2800 3740 2849 ut
3768 2811 3900 2850 cce-

2194 2889 2380 2944 lorum
2406 2889 2497 2943 via
2518 2888 2733 2958 largius
2761 2896 2969 2959 pateat,
3006 2896 3064 2942 ut
3086 2890 3361 2941 terrestre
3390 2901 3635 2956 regnum
3675 2884 3900 2940 cmlesti

2194 2996 2366 3052 regno
2401 2980 2736 3034 famulatur.
2790 2979 2856 3033 Et
2885 2992 3016 3034 ecce
3062 2982 3258 3047 aperta
3286 2991 3421 3030 voce
3462 2973 3695 3040 dicitur,
3730 2980 3793 3029 ut
3823 2974 3899 3041 ei,

2193 3072 2293 3143 qui
2325 3070 2499 3125 semel
2532 3071 2591 3125 in
2620 3074 2849 3126 terrena
2880 3068 3088 3123 militia
3120 3067 3389 3139 signatus
3422 3065 3612 3130 fuerit,
3647 3064 3763 3120 nisi
3794 3070 3899 3120 aut

2112 3178 2155 3245 ρ
2193 3161 2421 3234 expleta
2453 3160 2681 3225 militia,
2717 3165 2815 3216 aut
2847 3176 2948 3231 pro
2987 3158 3282 3214 debilitate
3313 3156 3573 3228 corporis
3605 3155 3905 3227 repulsus,

2197 3250 2437 3306 Domino
2472 3254 2668 3306 nostro
2710 3249 2848 3305 Jesu
2886 3247 3113 3303 Christo
3163 3246 3414 3302 militare
3443 3262 3558 3302 non
3594 3245 3787 3301 liceat.
3831 3246 3911 3301 At

2192 3344 2310 3396 haec
2341 3357 2473 3397 ecce
2505 3356 2603 3410 per
2626 3356 2734 3404 me,
2759 3355 2988 3395 servum
3014 3336 3288 3392 ultimum
3322 3352 3496 3391 suum
3528 3338 3584 3390 et
3613 3339 3901 3403 vestrum,

2192 3429 2563 3501 respondebit
2591 3428 2876 3497 Christus,
2910 3427 3109 3481 dicens
3144 3441 3157 3481 :
3190 3428 3305 3495 Ego
3339 3430 3392 3479 te
3422 3423 3493 3478 de
3540 3422 3765 3479 notario
3798 3437 3907 3478 co-

2192 3521 2393 3576 mitem
2413 3518 2838 3584 excubitorum,
2855 3517 2925 3572 de
2948 3516 3152 3573 comite
3176 3513 3571 3570 excubitorum
3599 3528 3901 3579 cresarem,

2192 3610 2261 3665 de
2292 3625 2497 3664 caesare
2546 3608 2980 3680 imperatorem,
3032 3620 3139 3661 nec
3172 3604 3358 3659 solum
3402 3603 3530 3670 hoc,
3583 3602 3682 3658 sed
3717 3601 3899 3657 etiam

2193 3707 2412 3771 patrem
2446 3700 2859 3770 imperatorum
2894 3695 3018 3752 feci.
3055 3694 3387 3749 Sacerdotes
3422 3707 3578 3747 meos
3618 3695 3733 3745 tua;
3767 3706 3893 3745 ma-

2191 3788 2291 3844 nui
2323 3786 2610 3854 commisi,
2642 3792 2698 3842 et
2728 3792 2789 3841 tu
2839 3802 2871 3841 a
2912 3800 3040 3840 meo
3072 3782 3301 3839 servitio
3334 3781 3547 3837 milites
3592 3784 3723 3835 tuos
3755 3779 3893 3834 sub-

2192 3878 2423 3935 trahis?
2452 3877 2780 3948 Responde,
2804 3891 2964 3948 rogo,
3000 3874 3256 3944 piissime
3287 3871 3541 3939 domine,
3569 3885 3735 3925 servo
3768 3873 3891 3936 tuo,

2191 3969 2328 4042 quid
2360 3966 2609 4023 venienti
2640 3970 2696 4022 et
2726 3966 2847 4021 hate
2879 3964 3091 4019 dicenti
3137 3976 3519 4033 responsurus
3550 3975 3611 4015 es
3645 3960 3703 4013 in
3726 3959 3895 4031 judi-

2189 4060 2276 4115 cio
2304 4057 2543 4112 Domino
2575 4055 2721 4112 tuo?
2747 4075 2775 4105 »
2809 4054 2878 4109 Et
2909 4060 3036 4125 post
3066 4068 3250 4123 pauca
3285 4068 3298 4108 :
3329 4073 3357 4099 «
3392 4048 3685 4120 Requirat,
3728 4064 3894 4121 rogo,

2189 4147 2473 4203 Dominus
2505 4162 2693 4213 meus,
2717 4143 2847 4216 quis
2870 4145 3028 4215 prior
3050 4142 3365 4213 imperator
3386 4139 3561 4196 talem
3590 4139 3771 4208 legem
3795 4139 3893 4195 de-

2190 4237 2358 4305 derit,
2392 4240 2447 4290 et
2469 4233 2746 4290 subtilius
2769 4232 3035 4303 aestimet,
3060 4230 3105 4287 si
3138 4230 3262 4286 dari
3284 4228 3571 4286 debuerit.
3608 4250 3628 4275 ι
3662 4227 3892 4299 (Regist.

2188 4327 2283 4383 lib.
2316 4344 2373 4393 n,
2420 4342 2502 4397 ep.
2534 4325 2649 4395 65.)

2262 4420 2404 4474 Item
2454 4416 2757 4472 Theodoro
2800 4414 3045 4481 medico,
3095 4420 3222 4484 post
3270 4410 3513 4483 aliqua:
3548 4428 3575 4462 ι
3609 4408 3896 4477 Peccatis,

2189 4509 2398 4582 inquit,
2432 4506 2578 4562 meis
2613 4505 2980 4571 facientibus,
3013 4519 3081 4559 ex
3112 4516 3361 4573 quorum
3395 4499 3764 4573 suggestione
3805 4497 3895 4553 vel

2186 4599 2428 4657 consilio
2462 4596 2650 4653 nescio
2698 4598 2991 4651 transacto
3035 4610 3210 4659 anno,
3260 4591 3434 4646 talem
3484 4590 3543 4645 in
3593 4588 3897 4659 republica

2187 4708 2293 4748 sua
2323 4689 2508 4761 legem
2541 4684 2780 4758 protulit
2801 4687 3134 4755 imperator,
3161 4686 3224 4736 ut
3253 4679 3452 4736 nullus
3478 4678 3577 4752 qui
3602 4678 3897 4736 actionem

2188 4779 2481 4853 publicam
2514 4776 2653 4849 egit,
2682 4773 2879 4829 nullus
2910 4771 3234 4844 qui_ofﬁcio
3265 4770 3351 4826 vel
3386 4784 3561 4825 manu
3593 4767 3896 4839 signatus,

2184 4871 2269 4927 vel
2307 4869 2455 4924 inter
2497 4867 2712 4921 milites
2743 4864 2983 4921 habitus
3013 4867 3121 4928 est,
3163 4862 3213 4917 ei
3247 4861 3308 4916 in
3357 4858 3711 4916 monasterio
3744 4873 3902 4914 con-

2183 4961 2324 5016 verti
2374 4958 2564 5023 liceat,
2612 4954 2727 5010 nisi
2777 4954 2918 5009 forte
2969 4950 3178 5006 militia
3227 4951 3355 5021 ejus
3406 4947 3577 5004 fuerit
3633 4945 3897 5018 expleta.

2182 5051 2365 5116 Quam
2411 5046 2593 5117 legem
2654 5044 2933 5114 primum,
2993 5042 3148 5097 sicut
3194 5039 3252 5094 hi
3302 5039 3521 5103 dicunt,
3575 5034 3673 5105 qui
3727 5034 3902 5105 leges

2181 5148 2399 5195 veteres
2430 5138 2735 5202 noverunt,
2783 5131 3055 5187 Julianus
3086 5126 3348 5201 protulit,
3380 5125 3451 5181 de
3500 5140 3614 5195 quo
3662 5124 3901 5179 scimus

2182 5244 2406 5291 omnes,
2476 5228 2760 5297 quantum
2820 5238 2852 5276 a
2907 5220 3023 5277 Deo
3081 5232 3318 5275 aversus
3375 5214 3564 5270 fuerit.
3624 5234 3651 5265 ι
3716 5210 3901 5284 (Ibid.

2183 5334 2266 5390 ep.
2302 5316 2419 5387 66.)

2250 5407 2339 5460 51.
2384 5403 2762 5459 Confortabat
2808 5400 3097 5457 insaniam
3143 5396 3436 5470 judicum,
3488 5392 3608 5451 sive
3658 5391 3899 5449 fovebat

2178 5499 2449 5565 Joannes,
2483 5499 2621 5550 tunc
2653 5510 2718 5549 ex
2749 5490 3035 5548 monacho
3067 5488 3236 5560 regiis
3277 5487 3441 5543 urbis
3486 5483 3752 5549 antistes,
3788 5482 3899 5553 qui

2178 5603 2243 5641 eo
2276 5590 2557 5656 tempore,
2593 5599 2708 5656 quo
2740 5581 3052 5653 Gregorius
3086 5596 3118 5634 a
3146 5576 3382 5649 Pelagio
3415 5573 3659 5648 praesule
3698 5572 3896 5627 desti-

2179 5680 2353 5733 natus
2386 5673 2790 5746 apocrisiarius
2820 5685 3000 5743 penes
3030 5663 3589 5736 Constantinopolim
3613 5661 3898 5720 moraba~
