4088 6172
202 187 306 250 161

715 189 778 247 S.
827 185 1191 246 GREGORII
1239 184 1464 245 PAP/E
1508 185 1715 254 VI'I‘A,
1764 182 2126 246 AUCTORE
2170 187 2470 252 JOANNE
2516 193 2876 256 DIACONO.
2924 198 3064 260 LIB.
3113 201 3214 262 III.

3603 211 3720 272 162

195 329 313 384 tur,
351 321 557 390 fugere
589 337 651 377 se
684 336 984 376 summum
1007 320 1394 376 sacerdotium
1420 318 1582 391 quasi
1612 319 1912 413 humiliter
1945 321 1995 386 Α
2029 320 2320 378 Dominum
2366 327 2684 397 (Prov.xx1,
2718 332 2828 403 30).
2864 333 2929 387 Et
2961 334 3194 404 quidem
3243 355 3394 410 saepe
3445 345 3721 413 praefatus

199 413 409 474 ﬁnxit;
445 412 551 466 sed
593 426 658 466 eo
711 420 1000 482 suscepto,
1036 428 1224 482 usque
1273 413 1416 467 adeo
1465 414 1524 466 in
1577 411 1912 482 superbiam

198 501 418 556 dolosae
470 502 685 556 mentis
745 503 1016 568 excrevit,
1051 509 1111 556 ut
1153 518 1331 556 causa
1388 501 1502 556 alia
1545 501 1911 556 occasionem

195 608 492 662 querens,
527 593 606 660 (α)
640 591 928 662 synodum
955 592 1185 656 faceret,
1222 591 1282 646 in
1306 607 1418 662 qua
1439 606 1500 645 se
1524 589 1912 645 universalem

195 680 500 751 appellare
533 686 776 735 conatus
805 685 913 735 est.
949 680 1111 743 Quod
1159 696 1292 735 mox
1339 697 1488 751 papa
1537 679 1804 750 Pelagius
1851 682 1914 732 ut

196 770 455 841 agnovit,
490 769 729 826 directis
759 769 1022 840 epistolis
1054 786 1121 825 ex
1171 771 1479 825 autoritate
1523 769 1708 825 sancti
1759 767 1913 823 Petri

196 860 472 931 apostoli,
519 859 786 930 ejusdem
837 860 1044 931 synodi
1092 867 1215 915 acta
1275 860 1542 915 cassavit.
1591 859 1911 914 Diaconum

196 967 350 1016 vero,
402 951 508 1022 qui
566 952 737 1021 juxta
789 966 1008 1007 morem
1060 963 1162 1022 pro
1211 950 1507 1022 responsis
1558 948 1914 1006 ecclesiastis

197 1039 963 1110 faciendisimperatoribus
987 1041 1335 1108 adhaerebat,
1354 1057 1483 1096 cum
1507 1057 1572 1096 eo
1599 1040 1914 1094 missarum

196 1131 489 1186 solemnia
523 1131 818 1186 celebrare
846 1131 1157 1200 prohibuit.
1194 1132 1373 1201 Cujus
1401 1130 1751 1186 sententiam
1785 1129 1918 1184 bea-

199 1229 285 1275 tus
319 1236 566 1291 quoque
607 1220 924 1290 Gregorius
955 1236 1231 1292 sequens,
1263 1221 1604 1292 praedictum
1625 1221 1915 1275 Joannem

198 1326 347 1380 saepe
409 1311 833 1366 commonitum
892 1311 1262 1380 acquiescere
1318 1310 1700 1377 diiTerentem,
1767 1309 1915 1364 “2

197 1399 495 1454 sententia
534 1399 658 1470 pari
693 1399 1091 1465 mulctaverat,
1121 1399 1512 1470 omnibusque
1544 1400 1918 1470 pontificibus

200 1487 817 1545 subinterminatione
863 1489 1075 1559 proprii
1126 1488 1364 1543 honoris
1413 1490 1810 1556 mandaverat,
1846 1505 1917 1544 ne

199 1594 470 1648 unquam
508 1577 853 1632 universalis
885 1579 1193 1648 profanum
1223 1578 1570 1633 vocabulum
1623 1585 1726 1633 aut
1776 1581 1917 1634 scri-

2023 413 2435 472 sanctissimus
2452 419 2624 473 frater
2637 423 3012 478 serenissima
3032 426 3267 482 domino
3285 429 3464 484 multa
3477 437 3723 492 suadere

2022 507 2416 569 conatur;sed
2444 508 2586 564 bene
2608 513 2736 564 novi
2757 512 2891 582 quia
2917 518 3084 568 tantas
3117 515 3227 570 illas
3257 522 3549 578 orationes
3591 527 3720 595 ejus

2023 594 2078 644 et
2122 590 2388 665 lacryma:
2443 597 2522 651 nil
2555 599 2604 652 ei
2638 617 2668 653 a
2701 617 2993 672 qUUquam
3030 611 3234 661 contra
3285 611 3590 681 rationem,
3619 590 3721 670 aut

2022 679 2278 736 animam
2304 701 2467 739 suam
2495 689 2716 759 subripi
2743 693 3103 758 permittunt.
3123 695 3315 751 Triste
3340 704 3532 754 tamen
3558 679 3721 760 valde

2024 774 2112 823 est
2137 776 2200 824 ut
2223 773 2507 842 patienter
2526 777 2758 847 feratur,
2785 791 3094 851 quatenus,
3114 785 3400 855 despectis
3424 793 3721 859 omnibus,

2025 863 2338 930 prmdictus
2374 866 2547 921 frater
2577 874 2633 922 et
2663 876 3040 941 coepiscopus
3084 891 3251 932 meus
3291 879 3451 934 solus
3483 896 3728 941 conetur

2025 952 2301 1044 appellari
2335 955 2661 1027 episcopus.
2696 959 2806 1014 Sed
2842 961 2898 1016 in
2933 961 3039 1017 hac
3074 967 3201 1033 ejus
3251 972 3545 1039 superbia,
3583 978 3723 1044 quid

2026 1039 2202 1108 aliud,
2239 1043 2349 1098 nisi
2382 1046 2713 1116 prepinqna
2743 1049 2857 1119 jam
2907 1052 3249 1109 Antichristi
3303 1063 3565 1129 tempora
3597 1039 3724 1121 esse

2027 1131 2448 1202 designantur?
2469 1137 2613 1199 Quia
2639 1136 2801 1192 illum
2827 1139 3096 1196 videlicet
3118 1142 3400 1210 imitatur,
3429 1152 3524 1218 qui
3562 1170 3723 1219 spre-

2027 1221 2101 1274 tis
2122 1219 2180 1274 in
2196 1221 2388 1276 sociali
2415 1225 2628 1294 gaudio
2651 1227 2992 1297 angelorum
3018 1231 3444 1302 legionibus,ad
3490 1239 3721 1297 culmen

2027 1315 2270 1364 conatus
2309 1317 2396 1366 est
2433 1314 2856 1383 singularitatis
2893 1334 3217 1390 erumpere,
3263 1325 3463 1381 dicens
3497 1345 3508 1381 :
3555 1330 3727 1400 Super

2027 1410 2174 1453 astra
2227 1402 2351 1455 cwli
2407 1404 2659 1458 multabo
2688 1407 2889 1460 solium
2949 1425 3152 1474 meum,
3184 1413 3372 1468 sedebo
3425 1419 3483 1470 in
3542 1427 3726 1477 monte

2031 1490 2358 1581 Testamenli
2402 1493 2459 1546 in
2501 1493 2770 1549 lateribus
2829 1499 3143 1568 Aquilonis.
3205 1504 3507 1561 Ascendam
3562 1526 3727 1581 super

2027 1579 2384 1635 altitudinem
2430 1584 2661 1637 nubium
2693 1605 2712 1639 :
2740 1588 2941 1640 similis
2984 1605 3074 1644 ero
3121 1592 3400 1650 Altissimo
3432 1597 3567 1667 (Isai
3607 1579 3721 1665 xiv,

203 1669 423 1734 herent,
476 1675 577 1722 aut
633 1668 914 1738 scriptum
967 1668 1354 1738 susciperent,
1402 1674 1504 1722 aut
1565 1668 1658 1722 ubi
1713 1669 1919 1725 fuisset
1953 1683 1997 1748 Β
2030 1670 2138 1734 13).
2201 1669 2360 1726 Unde
2409 1689 2506 1740 per
2561 1675 3017 1745 omnipotentem
3081 1680 3389 1738 Dominum
3453 1703 3605 1757 rogo,
3657 1708 3726 1746 ne

201 1761 517 1828 scriptum,
554 1757 1004 1813 subscriberent.
1029 1758 1390 1828 QuaprOpter
1417 1758 1674 1814 Joannes
1717 1761 1919 1814 multis

200 1847 447 1903 fallaciis
483 1847 561 1902 ad
591 1864 761 1902 suam
798 1848 1148 1919 bypocrisim
1193 1864 1548 1904 consensum
1590 1849 1921 1903 avarissimi

197 1939 579 2010 imperatoris
609 1939 928 2003 redimens,
959 1937 1216 1993 obtinuit
1257 1947 1316 1992 ut
1348 1938 1662 2008 imperator
1701 1938 1924 2008 Grego-

198 2029 278 2084 rio
324 2032 603 2094 sriberet,
632 2030 781 2099 quod
833 2027 940 2082 sibi
968 2028 1245 2098 paciﬁcus
1301 2031 1602 2084 extitisset.
1645 2028 1920 2101 Quapro-

197 2127 324 2190 pter
341 2121 471 2191 ipse
489 2119 852 2190 imperatrici
874 2119 1266 2174 Constantium
1288 2119 1438 2174 inter
1479 2120 1677 2191 aliqua
1699 2119 1919 2185 scribit,

200 2211 403 2265 dicens
461 2227 475 2265 :
541 2210 874 2276 Sabiniano,
939 2208 1184 2264 diacono
1231 2209 1552 2280 responsali
1599 2227 1743 2277 meo,
1780 2209 1922 2264 scri-

199 2303 398 2366 bente,
429 2299 703 2370 cognovi,
734 2299 793 2353 in
855 2300 1048 2354 causis
1113 2300 1267 2355 beati
1321 2299 1472 2354 Petri
1525 2302 1919 2370 apostolorum

201 2389 516 2459 principis,
573 2398 770 2442 contra
827 2389 1112 2458 quosdam
1165 2391 1415 2459 superbe
1460 2389 1733 2458 humiles,
1787 2393 1920 2449 ﬁcte

203 2479 482 2540 blandos,
500 2485 724 2548 quanta
745 2477 1049 2547 sejustitia
1071 2483 1261 2534 vestra
1284 2480 1566 2534 serenitas
1594 2480 1918 2552 impendat.

207 2567 372 2623 Unde
407 2568 606 2621 adhuc
635 2574 764 2637 peto
795 2572 858 2620 ut
889 2566 1110 2621 nullius
1142 2567 1454 2638 praevalere
1484 2578 1681 2625 contra
1713 2572 1921 2627 verita-

203 2667 321 2714 tem
359 2659 730 2730 hypocrisim
767 2659 1112 2729 permittatis
1147 2674 1160 2713 :
1195 2662 1333 2728 quia
1364 2665 1497 2714 sunt
1529 2662 1768 2730 quidam
1803 2664 1921 2732 qui,

197 2751 362 2818 juxta
397 2748 618 2820 egregii
655 2747 1048 2818 praedicatoris
1079 2764 1301 2816 vocem,
1337 2766 1436 2818 per
1468 2749 1668 2806 dulces
1700 2768 1924 2808 sermo-

207 2856 308 2894 nes
369 2845 431 2893 et
491 2838 926 2893 benedictiones
975 2839 1256 2892 seducunt
1303 2839 1476 2893 corda
1526 2839 1925 2897 innocentium

206 2929 394 2994 (Rom.
448 2929 741 2999 xvi);qui
803 2932 958 2982 veste
1013 2927 1250 2998 quidem
1310 2929 1570 2999 despecti
1632 2937 1789 2997 sunt,
1822 2933 1923 2988 sed

210 3020 384 3072 corde
424 3023 678 3085 tument,
712 3022 768 3071 et
799 3017 961 3087 quasi
999 3017 1056 3071 in
1085 3017 1191 3072 hoc
1226 3019 1443 3074 mundo
1474 3020 1702 3074 cuncita
1732 3021 1927 3092 despi-

212 3108 399 3174 ciunt,
435 3109 537 3162 sed
570 3113 765 3162 tamen
799 3125 864 3162 ea
896 3125 1020 3179 qua
1057 3109 1254 3162 mundi
1307 3117 1442 3163 sunt
1492 3116 1702 3164 cuncta
1746 3112 1923 3166 simul

214 3197 463 3267 adipisci
501 3205 796 3267 quaerunt;
832 3199 928 3268 qui
965 3199 1234 3266 indignos
1267 3215 1328 3253 se
1359 3199 1627 3253 omnibus
1672 3200 1926 3255 homini-

215 3291 319 3346 bus
355 3293 634 3357 fatentur,
669 3292 765 3345 sed
795 3291 1033 3360 privatis
1060 3290 1354 3345 vocabulis
1377 3293 1633 3346 contenti
1658 3309 1786 3347 esse
1814 3311 1925 3348 non

217 3387 491 3451 possunt,
523 3381 656 3450 quia
686 3380 827 3434 illud
866 3385 1173 3451 appetunt,
1210 3382 1364 3435 unde
1395 3382 1666 3436 omnibus
1707 3384 1930 3454 dignio-

215 3489 303 3526 res
334 3487 470 3527 esse
502 3471 827 3524 videantur.
863 3492 889 3517 η
922 3471 1147 3540 (Regist.
1183 3470 1279 3526 lib.
1310 3487 1363 3532 ν,
1413 3486 1499 3541 ep.
1533 3474 1644 3541 ‘21).
1682 3473 1752 3526 Et
1805 3479 1932 3543 post

225 3578 463 3634 pauca:

288 3655 380 3705 52.
406 3674 432 3698 ‹‹
464 3650 744 3704 Praeterea
772 3649 984 3717 indico,
1010 3649 1144 3721 quia
1177 3649 1430 3719 piissimi
1463 3651 1685 3705 domini
1715 3653 1934 3722 scripta

219 3740 478 3810 suscepi,
521 3747 579 3792 ut
610 3754 742 3794 cum
777 3739 950 3793 fratre
978 3745 1036 3794 et
1075 3740 1490 3795 consacerdote
1533 3757 1658 3796 meo
1708 3741 1930 3796 Joanne

221 3831 468 3884 debeam
506 3844 632 3883 esse
663 3818 962 3899 paciﬁCus.
997 3829 1067 3884 Et
1098 3829 1335 3899 quidem
1370 3829 1418 3884 si
1451 3830 1794 3901 religiosum
1820 3831 1928 3885 Do-

225 3921 456 3973 minum
493 3919 706 3984 decuit,
731 3923 795 3972 ut
816 3919 1098 3973 sacerdoti
1121 3919 1234 3973 ista
1258 3918 1613 3989 praeciperet.
1647 3919 1757 3975 Sed
1798 3936 1931 3974 cum

223 4025 280 4064 se
317 4025 468 4062 nova
504 4007 966 4078 praesumptione
998 4013 1171 4080 atque
1223 4009 1501 4079 superbia
1550 4009 1702 4064 idem
1762 4010 1939 4064 frater

223 4113 389 4152 meus
423 4096 813 4152 universalem
846 4096 1182 4168 episcopum
1217 4097 1486 4169 appellet,
1522 4099 1600 4153 ita
1632 4105 1696 4154 ut
1726 4104 1936 4154 sanctae

231 4188 538 4242 memoriae
565 4189 887 4241 decessoris
919 4186 1035 4242 mei
1077 4191 1338 4258 tempore
1381 4188 1636 4244 adscribi
1671 4206 1731 4245 se
1763 4191 1818 4244 in
1840 4207 1939 4260 sy—

226 4278 380 4331 nodo
408 4276 512 4331 tali
551 4277 660 4331 hoc
711 4276 956 4345 superbo
1006 4277 1288 4333 vocabulo
1339 4278 1551 4335 faceret
1603 4296 1615 4334 :
1669 4281 1938 4350 quamvis

229 4377 446 4423 cuncta
477 4365 637 4421 illius
679 4366 908 4438 synodi,
941 4368 1079 4423 sede
1118 4366 1440 4438 apostolica
1479 4370 1938 4438 contradicente,

228 4459 421 4512 soluta
454 4456 595 4524 sint,
629 4457 791 4511 triste
822 4455 964 4511 mihi
997 4455 1218 4528 aliquid
1240 4459 1645 4513 serenissimus
1668 4460 1938 4516 dominus
1970 4448 2016 4516 D
2049 4453 2230 4508 libera
2262 4454 2632 4516 οοηὶτᾶἀίοὶι,
2678 4461 2804 4522 POSt
2836 4455 3028 4524 aliqua
3059 4458 3319 4512 scribens

228 4548 441 4611 innuit,
467 4545 620 4615 quod
654 4561 769 4600 non
796 4561 926 4599 eum
962 4546 1242 4617 corripuit
1273 4547 1371 4617 qui
1405 4549 1689 4615 superbit,
1714 4550 1810 4604 sed
1848 4567 1942 4605 me

229 4636 420 4707 potius
454 4636 525 4688 ab
557 4634 881 4689 intentione
909 4649 1040 4688 mea
1069 4634 1361 4690 declinare
1392 4636 1595 4703 voluit,
1628 4637 1808 4707 quiin
1834 4637 1941 4694 hac

230 4739 406 4780 causa
433 4723 887 4795 Evangeliorum
920 4733 972 4780 et
1007 4739 1297 4779 canonum
1331 4729 1549 4780 statuta
1589 4726 1941 4782 humilitatis

233 4823 404 4886 atque
455 4813 822 4869 rectitudinis
873 4814 1120 4870 defendo
1168 4815 1492 4870 veritatem.
1525 4815 1648 4880 Qua
1695 4817 1755 4872 in
1805 4833 1864 4872 re
1909 4834 1940 4873 a

231 4906 506 4977 praedicto
546 4904 722 4959 fratre
752 4908 806 4958 et
854 4905 1268 4960 consacerdote
1318 4921 1446 4961 meo
1498 4909 1699 4962 contra
1748 4907 1940 4962 Evan-

231 4992 477 5063 gelicam
511 4993 889 5059 sententiam,
921 4997 1124 5048 contra
1153 4994 1392 5049 beatum
1427 5011 1662 5066 quoque
1707 4995 1940 5052 Petrum

232 5083 592 5154 apostolum,
625 5087 683 5138 et
713 5089 915 5138 contra
965 5099 1164 5139 omnes
1216 5085 1488 5140 ecclesias
1538 5102 1942 5158 canonumque

230 5178 451 5228 statuta
482 5171 690 5244 agitur.
726 5172 838 5228 Sed
878 5180 963 5229 est
1018 5173 1381 5244 omnipotens
1431 5175 1609 5241 Deus,
1657 5175 1713 5230 in
1769 5177 1940 5247 cuius

237 5281 413 5319 manu
447 5267 593 5317 sunt
659 5262 863 5328 omnia,
900 5263 971 5318 de
1021 5278 1135 5332 quo
1196 5265 1473 5334 scriptum
1535 5269 1668 5320 est:
1704 5267 1820 5322 Non
1863 5271 1939 5323 est

230 5356 529 5425 sapientia.
564 5367 672 5407 non
703 5356 780 5408 est
817 5352 1132 5424 prudentia,
1166 5369 1275 5410 non
1308 5360 1386 5410 est
1418 5356 1714 5412 consilium
1747 5362 1940 5414 contra

299 5597 381 5658 (α)
403 5587 690 5662 gHabitam
724 5587 874 5662 hanc
903 5590 1188 5661 synodum
1225 5607 1318 5646 an.
1354 5591 1456 5646 587
1489 5592 1838 5662 conjicimus
1869 5610 1936 5650 ex

228 5681 315 5736 ep.
352 5661 426 5716 ~13
471 5659 603 5716 libri
653 5675 705 5726 ν,
735 5659 1058 5728 ἱοᾱίοῑξ13,
1097 5663 1192 5719 ubi
1223 5680 1254 5717 a
1303 5659 1685 5721 celebratione
1736 5667 1932 5738 synodi

2030 1760 2265 1830 pietatis
2290 1767 2492 1817 vestras
2542 1769 2802 1836 tempora
2851 1769 3200 1838 permittatis
3256 1774 3427 1830 unius
3476 1776 3729 1836 hominis

2030 1850 2278 1905 elatione
2324 1852 2847 1926 maculari:neque
2898 1863 3014 1914 tam
3049 1862 3200 1916 ua
3247 1879 3513 1932 perverso
3563 1886 3729 1925 voca-

2033 1939 2165 2031 bule
2200 1941 2383 1996 ullum
2417 1959 2648 2014 quoquo
2674 1948 2845 2002 modo
2873 1949 3174 2016 praebeatis
3198 1969 3531 2024 assensum,
3559 1965 3732 2031 atque

2031 2028 2090 2083 in
2125 2029 2240 2084 haec
2273 2047 2444 2086 causa
2478 2049 2844 2106 nequaquam
2879 2055 2970 2092 me
3003 2040 3184 2107 pietas
3203 2049 3394 2098 vestra
3417 2028 3731 2118 despiciat;

2032 2118 2172 2189 quia
2203 2120 2327 2174 etsi
2365 2128 2594 2191 peccata
2621 2123 2877 2194 Gregorii
2920 2133 3078 2182 tanta
3127 2137 3266 2185 sunt
3318 2139 3381 2187 ut
3431 2137 3545 2204 pati
3596 2137 3735 2193 talia

2033 2209 2260 2277 debeat,
2287 2209 2434 2265 Petri
2484 2216 2679 2267 tamen
2734 2217 2977 2285 apostoli
3013 2228 3244 2288 peccata
3287 2223 3446 2278 nulla
3479 2231 3638 2292 sunt,
3672 2231 3731 2283 ut

2031 2299 2239 2353 vestris
2263 2302 2622 2371 temporibus
2648 2309 2762 2372 pati
2797 2305 2932 2360 talia
2965 2315 3272 2364 mereatur.
3309 2311 3470 2368 Unde
3520 2314 3730 2372 iterum

2033 2391 2204 2458 atque
2237 2391 2444 2446 iterum
2481 2409 2580 2462 per
2609 2397 3069 2466 omnipotentem
3119 2400 3435 2458 Dominum
3479 2421 3636 2477 rogo,
3671 2414 3735 2462 ut

2033 2478 2180 2532 sicut
2215 2481 2433 2549 priores
2467 2483 2759 2555 principes
2791 2490 2973 2542 sancti
3011 2490 3153 2544 Petri
3195 2495 3441 2563 apostoli
3484 2497 3733 2566 gratiam

2034 2568 2438 2639 quaesiverunt,
2463 2589 2559 2626 vos
2600 2590 2829 2644 quoque
2880 2576 3027 2632 hanc
3071 2581 3234 2635 vobis
3285 2587 3340 2635 et
3390 2601 3642 2652 quaerere
3681 2591 3736 2640 et

2033 2673 2374 2714 conservare
2404 2662 2638 2726 curetis,
2670 2672 2722 2716 et
2757 2672 2992 2735 propter
3022 2674 3261 2737 peccata
3297 2678 3512 2736 nostra,
3549 2675 3646 2744 qui
3680 2675 3733 2729 ei

2032 2747 2269 2818 indigne
2298 2749 2608 2816 servimus,
2642 2754 2768 2818 ejus
2823 2755 2972 2822 apud
3021 2772 3120 2810 vos
3171 2757 3356 2813 honor
3400 2762 3735 2818 nullatenus

2033 2838 2349 2902 minuatur,
2368 2839 2466 2909 qui
2489 2845 2544 2893 et
2575 2842 2746 2895 modo
2765 2843 2925 2898 vobis
2948 2847 3178 2912 adjutor
3199 2863 3326 2904 esse
3353 2851 3412 2902 in
3441 2852 3736 2918 omnibus,

2031 2934 2088 2982 et
2119 2928 2486 2995 postmodum
2533 2936 2722 2984 vestra
2766 2931 2949 2987 valeat
3001 2942 3234 3001 peccata
3284 2938 3599 2994 dimittere.
3643 2942 3736 2996 Vi-

1986 3073 1999 3097 .
2039 3018 2183 3090 ginti
2211 3024 2403 3072 autem
2432 3020 2553 3088 jam
2587 3025 2644 3074 et
2674 3031 2891 3092 septem
2925 3040 3109 3078 annos
3140 3026 3425 3093 ducimus,
3461 3032 3615 3100 quod
3678 3031 3735 3086 in

2041 3110 2145 3164 hac
2197 3109 2335 3163 urbe
2395 3109 2547 3165 inter
2593 3111 3107 3182 Langobardorum
3157 3116 3384 3186 gladios
3434 3121 3734 3176 vivimus:

2037 3201 2250 3269 quibus
2282 3216 2455 3269 quam
2488 3199 2670 3254 multa
2701 3203 2773 3254 ab
2820 3204 3073 3259 Ecclesia
3120 3207 3475 3276 quotidianis
3529 3210 3736 3266 diebus

2037 3294 2371 3360 erogantur,
2408 3293 2466 3342 ut
2503 3291 2651 3344 inter
2683 3307 2781 3346 eos
2814 3294 3002 3348 vivere
3035 3296 3343 3363 possimus,
3377 3302 3739 3367 suggerenda

2040 3393 2150 3431 non
2185 3382 2341 3431 sunt.
2377 3377 2486 3432 Sed
2515 3378 2762 3432 breviter
2795 3381 2983 3435 indico
3008 3385 3165 3452 quia,
3191 3389 3339 3438 sicut
3364 3385 3421 3439 in
3450 3386 3727 3441 Ravennae

2040 3467 2304 3538 partibus
2336 3468 2711 3523 Dominorum
2752 3471 2937 3525 Pietas
2969 3475 3119 3542 apud
3151 3477 3401 3543 primum
3427 3478 3741 3532 exercitum

2042 3557 2216 3611 Italia:
2257 3557 2662 3612 saccellarium
2692 3559 2886 3626 habet,
2908 3562 3027 3631 qui,
3053 3565 3245 3619 causis
3279 3568 3745 3636 supervenienti-

2039 3647 2172 3715 bus,
2205 3645 2583 3717 quotidianas
2614 3665 2900 3713 expensas
2935 3653 3139 3719 faciat;
3176 3655 3253 3708 ita
3287 3663 3338 3709 et
3369 3656 3428 3710 in
3463 3657 3569 3711 hac
3601 3659 3743 3711 urbe

2045 3736 2103 3790 in
2137 3738 2330 3790 causis
2362 3737 2579 3790 talibus
2611 3753 2811 3793 eorum
2845 3742 3220 3796 saccellarius
3254 3761 3359 3814 ego
3391 3761 3544 3800 sum.
3570 3747 3636 3800 Et
3668 3755 3746 3801 ta-

2049 3842 2178 3879 men
2213 3824 2333 3879 hzec
2365 3825 2628 3889 ecclesia,
2663 3845 2779 3897 qua
2813 3845 2926 3883 uno
2958 3833 3276 3900 eodemque
3310 3841 3564 3904 tempore
3591 3835 3753 3891 cleri~

2049 3917 2152 3982 cis,
2189 3916 2578 3981 monasteriis,
2616 3919 2990 3986 pauperibus,
3028 3921 3238 3991 populo
3293 3929 3465 3995 atque
3508 3928 3746 3994 insuper

2051 4005 2440 4075 Langobardis
2472 4010 2591 4060 tam
2629 4007 2810 4060 multa
2842 4009 3240 4064 indesinenter
3270 4014 3559 4080 expendit,
3615 4028 3745 4068 ecce

2048 4094 2239 4148 adhuc
2272 4112 2340 4150 ex
2371 4095 2638 4150 omnium
2671 4095 3048 4151 ecclesiarum
3073 4098 3388 4155 afﬂictione
3439 4102 3740 4170 premitur,

2046 4185 2182 4256 quia
2215 4186 2284 4240 de
2318 4185 2500 4240 unius
2533 4184 2786 4240 hominis
2817 4188 3093 4256 superbia
3128 4189 3298 4244 multi
3347 4195 3605 4260 gemunt,
3641 4191 3749 4246 etsi

2049 4273 2237 4330 dicere
2270 4275 2348 4329 nil
2384 4280 2760 4344 praesumunt.
2795 4295 2820 4326 η
2858 4276 3043 4347 (Ibid)

2118 4365 2205 4419 33.
2253 4365 2612 4419 Avarissimo
2655 4382 2886 4437 quoque
2937 4367 3185 4437 principi
3245 4368 3558 4439 Gregorius
3619 4389 3756 4429 voce

3355 4475 3364 4510 :
3402 4484 3425 4507 ‹‹
3456 4459 3599 4515 Ecce
3646 4461 3757 4516 cla-

2053 4559 2149 4598 ves
2180 4543 2343 4614 regui
2377 4541 2628 4598 ccelestis
2659 4542 2817 4597 haud
2842 4544 3084 4600 dubium
3117 4555 3200 4600 est
3239 4547 3381 4617 quin
3415 4553 3617 4604 Petrus
3659 4568 3755 4608 ac-

2054 4634 2223 4705 cepit,
2259 4638 2514 4704 potestas
2545 4635 2594 4687 ei
2653 4634 2873 4703 ligandi
2931 4642 3104 4707 atque
3154 4636 3413 4692 solvendi
3456 4641 3754 4709 tribuitUr,

2050 4739 2190 4781 cura
2219 4725 2270 4779 ei
2305 4724 2477 4779 totius
2510 4723 2778 4778 Ecclesiae
2800 4730 2855 4778 et
2880 4725 3240 4798 principatus
3263 4730 3668 4797 committitur,
3697 4736 3755 4786 et

2051 4817 2242 4868 tamen
2279 4812 2620 4867 universalis
2653 4813 2951 4884 apostolus
2984 4831 3096 4870 non
3133 4823 3404 4873 vocatur:
3436 4827 3488 4874 et
3520 4819 3754 4874 virsan-

2050 4903 2350 4958 ctissimus
2384 4904 2769 4958 consacerdos
2805 4921 2969 4960 meus
2999 4904 3253 4961 Joannes
3285 4911 3476 4961 vocari
3520 4908 3752 4962 univer-

2051 4993 2188 5048 salis
2246 4992 2555 5064 episcopus
2605 4998 2870 5049 conatur.
2928 4993 3257 5049 Exclamare
3306 4995 3639 5065 compellor,
3686 5014 3753 5052 ac

2050 5083 2240 5138 dicere
2273 5101 2284 5138 :
2320 5083 2362 5138 Ο
2396 5089 2679 5156 tempora,
2713 5100 2745 5139 ο
2781 5100 2988 5138 mores.
3012 5083 3153 5138 Ecce
3176 5088 3384 5139 cuncta
3419 5085 3476 5139 in
3512 5085 3750 5160 Europae

2051 5175 2316 5246 partibus
2375 5174 2753 5230 barbarorum
2794 5173 2907 5243 juri
2956 5177 3094 5228 sunt
3153 5173 3364 5229 tradita
3399 5190 3411 5230 :
3445 5177 3754 5236 destructas

2051 5266 2243 5332 urbes,
2276 5281 2474 5321 eversa
2522 5273 2729 5328 castra,
2763 5264 3120 5334 depopulatae
3171 5265 3500 5336 provincias,
3553 5269 3750 5326 nullus

2050 5359 2262 5412 terram
2296 5356 2482 5412 cultor
2504 5354 2816 5418 inhabitat;
2843 5353 3088 5409 saeviunt
3118 5363 3171 5410 et
3203 5357 3582 5414 dominantur
3613 5377 3750 5433 quo~

2049 5595 2227 5722 huijus
2260 5594 2442 5668 elapsi
2476 5595 2748 5650 dicuntur
2777 5597 2904 5652 octo
2937 5594 3095 5650 anni.
3125 5592 3445 5650 Laudatam
3487 5609 3578 5666 ep.
3615 5611 3749 5653 con-

2049 5684 2114 5722 su
2145 5682 2194 5722 e.

2048 5682 2194 5723 BUIO.
