4088 6172
335 195 451 254 163

889 190 953 251 8.
999 185 1373 249 GREGORII
1418 186 1647 247 PAPAE
1686 185 1895 257 VITA,
1942 181 2169 243 AUC'I‘.
2214 176 2521 243 JOANNE
2566 181 2930 244 DIACONO.
2981 182 3129 245 LIB.
3173 183 3280 245 III.

3732 183 3850 242 164

330 324 472 381 tidie
511 322 572 381 in
603 340 802 381 necem
836 321 1091 380 fidelium
1124 321 1375 377 cultores
1405 320 1693 378 idolorum
1719 339 1734 389 ;
1758 323 1815 375 et
1839 325 2031 376 tamen
2062 320 2117 387 Α
2146 318 2303 391 quia,
2338 334 2409 375 ne
2439 318 2510 374 ad
2540 318 2943 391 episcopatum
2972 318 3168 377 venire
3200 319 3512 391 potuisses,
3542 319 3755 390 fugisse
3786 326 3846 377 te

329 416 667 472 Sacerdotes
697 416 796 488 qui
829 415 886 469 in
922 414 1253 486 pavimento
1285 418 1342 469 et
1374 412 1566 468 cinere
1602 412 1805 467 ﬂentes
1842 411 2034 481 jacere

330 506 671 572 debuerunt,
706 503 975 559 vanitatis
1006 502 1116 558 sibi
1158 502 1391 558 nomina
1434 508 1736 571 expetunt,
1768 504 1825 555 et
1867 498 2031 554 novis

328 611 394 651 ac
428 595 686 665 profanis
716 592 1015 650 vocabulis
1064 591 1406 663 gloriantur.
1450 588 1729 659 Nunquid
1775 604 1881 661 ego
1920 587 2026 645 hac

328 685 385 739 in
420 701 501 751 re,
536 684 795 754 piissime
826 682 1091 748 Domine,
1127 679 1417 750 propriam
1450 694 1692 734 causam
1733 678 2025 733 defendo?

326 773 602 845 Nunquid
636 770 947 843 specialem
978 768 1254 839 iniuriam
1285 767 1536 835 vindico,
1570 771 1626 822 et
1667 783 1782 822 non
1834 766 2024 839 magis

329 878 565 918 causam
640 859 1061 932 omnipotentis
1118 857 1242 924 Dei,
1278 862 1334 913 et
1390 871 1622 913 causam
1681 855 2028 913 universalis

330 952 643 1007 Ecclesiae?
668 950 806 1016 Quis
836 954 926 1004 est
956 948 1085 1015 iste,
1120 949 1219 1020 qui
1259 958 1458 1003 contra
1507 951 1722 1002 statuta
1766 950 2031 1019 Evange—

328 1043 457 1109 lica,
502 1050 702 1096 contra
760 1055 1052 1095 canonum
1106 1039 1361 1107 decreta,
1392 1053 1607 1093 novum
1656 1036 1767 1093 sibi
1814 1051 2029 1092 nomen

328 1146 609 1201 usurpare
643 1128 991 1201 praesumit?
1025 1126 1259 1183 Utinam
1287 1126 1375 1183 vel
1408 1126 1531 1183 sine
1555 1125 1802 1181 aliorum
1835 1124 2031 1181 immi-

323 1221 563 1275 nutione
595 1235 748 1273 unus
779 1218 875 1284 sit,
907 1217 1009 1289 qui
1040 1215 1230 1272 vocari
1279 1216 1501 1288 appetit
1554 1214 1924 1270 universalis.
1958 1214 2027 1269 Et

328 1316 479 1365 certe
512 1308 719 1364 multos
750 1306 1401 1377 Constantinopolitanie
1434 1304 1699 1361 Ecclesiae
1734 1303 1794 1360 in
1846 1303 2029 1360 haere-

331 1417 461 1457 seos
492 1399 827 1471 voraginem
852 1398 1131 1455 cecidisse
1163 1397 1432 1452 novimus
1454 1395 1806 1455 sacerdotes.
1826 1399 1883 1451 et
1912 1411 2029 1451 non

328 1490 514 1547 solum
541 1490 861 1557 haereticos,
884 1489 981 1545 sed
1004 1489 1179 1544 etiam
1212 1486 1630 1543 haeresiarchas
1652 1490 1857 1542 tactos.
1893 1485 2033 1541 Inde

330 1583 543 1654 quippe
580 1582 905 1647 Nestorius,
933 1580 1033 1651 qui
1074 1579 1452 1634 mediatorem
1488 1578 1585 1634 Dei
1617 1586 1671 1634 et
1701 1578 2030 1643 hominum,

330 1671 617 1725 Christum
650 1671 876 1737 Jesum,
898 1670 1044 1724 duas
1066 1684 1195 1725 esse
1215 1684 1493 1739 personas
1515 1668 1875 1735 existimans,
1898 1666 2036 1739 quia
2068 1709 2115 1775 Β

330 1760 513 1816 Deum
552 1760 848 1815 hominem
883 1758 1005 1814 fieri
1039 1758 1299 1829 potuisse
1322 1775 1432 1813 non
1457 1757 1727 1821 credidit,
1753 1773 1941 1827 usque
1963 1757 2032 1812 ad

328 1849 627 1906 Judaicsm
663 1848 965 1920 perfidiam
998 1848 1213 1918 erupit.
1240 1848 1378 1902 Inde
1400 1848 1615 1919 quippe
1637 1846 2032 1909 Macedonius,

331 1940 428 2009 qui
460 1936 1021 1994 consubstantialem
1055 1936 1207 1992 Patri
1258 1943 1311 1991 et
1360 1936 1526 2003 Filio,
1567 1935 1849 2008 Spiritum
1894 1952 2033 1991 san-

324 2036 503 2095 ctum,
538 2034 710 2083 Deum
743 2043 873 2082 esse
903 2026 1229 2097 denegavit.
1261 2027 1321 2080 Si
1350 2026 1527 2097 igitur
1563 2025 1702 2080 illud
1738 2042 1951 2081 nomen
1975 2026 2031 2079 in

330 2134 397 2174 ea
427 2118 672 2174 ecclesia
702 2116 814 2171 sibi
858 2116 1175 2188 quisquam
1224 2115 1493 2187 arripuit,
1522 2116 1674 2170 unde
1724 2119 1810 2169 tot
1854 2114 2033 2169 haere-

325 2208 565 2263 siarchas
598 2205 881 2276 prodiisse
914 2210 1238 2261 noscuntur
1262 2222 1274 2259 :
1302 2204 1573 2259 universa
1594 2219 1731 2275 ergo
1753 2203 2032 2270 Ecclesia,

326 2299 481 2369 quod
510 2297 685 2360 absit,
716 2314 747 2349 a
778 2298 928 2350 statu
962 2311 1065 2350 suo
1098 2293 1338 2360 corruit,
1374 2294 1614 2365 quando
1641 2293 1692 2348 is
1717 2293 1817 2365 qui
1840 2291 2034 2365 appel-

333 2387 490 2442 latur
538 2384 905 2450 universalis,
939 2385 1117 2439 cadit.
1152 2383 1264 2439 Sed
1308 2383 1459 2439 absit
1490 2399 1521 2437 a
1568 2382 2032 2438 Christianorum

330 2478 484 2531 114
506 2475 777 2531 cordibus
800 2489 1011 2529 nomen
1046 2471 1190 2527 illud
1223 2471 1625 2543 blasphemiae,
1656 2472 1715 2527 in
1749 2487 1864 2542 quo
1914 2487 2034 2526 om-

330 2566 493 2622 nium
526 2564 889 2619 sacerdotum
923 2562 1105 2617 honor
1135 2561 1437 2629 adimitur,
1473 2563 1615 2615 dum
1647 2560 1718 2615 ab
1763 2577 1877 2616 uno
1921 2560 2033 2615 sibi

327 2657 624 2711 dementer
650 2657 975 2725 arrogatur.
1005 2652 1167 2706 Certe
1199 2667 1303 2722 pro
1346 2650 1496 2707 beati
1548 2651 1699 2706 Petri
1742 2650 2033 2722 apostolo-

328 2761 454 2800 rum
485 2742 766 2815 principis
802 2742 1036 2810 honore,
1072 2757 1171 2811 per
1188 2742 1577 2795 venerandum
1602 2739 2033 2796 Chalcedonen-

330 2851 452 2890 sem
504 2832 790 2904 synodum
847 2831 1109 2885 Romano
1171 2828 1426 2899 pontifici
1470 2829 1731 2883 oblatum
1769 2834 1893 2897 est;
1929 2830 2029 2884 sed

332 2922 531 2977 nullus
562 2936 765 2975 eorum
792 2934 1045 2989 unquam
1077 2917 1184 2972 hoc
1215 2918 1635 2989 singularitatis
1667 2919 1903 2974 nomine
1945 2920 2029 2974 uti

331 3010 646 3077 consensit,
680 3024 752 3063 ne
784 3009 923 3062 dum
954 3007 1225 3078 privatim
1259 3007 1483 3078 aliquid
1516 3008 1756 3063 daretur
1787 3008 2031 3075 uni,ho-

2141 407 2285 463 velle
2308 407 2551 463 memini
2578 424 2591 465 :
2618 424 2790 479 quem
2829 415 3017 464 tamen
3050 408 3322 479 adeptum
3353 410 3433 464 ita
3464 424 3732 465 exercere
3754 411 3851 466 de-

2144 496 2391 567 sideras,
2421 513 2487 553 ac
2516 498 2562 553 si
2594 498 2665 552 ad
2698 514 2831 552 eum
2862 497 3171 553 ambitioso
3202 497 3490 554 desiderio
3524 500 3857 556 concurris-

2144 604 2257 645 ses.
2290 589 2397 656 Qui
2430 588 2586 645 enim
2615 589 2921 661 indignum
2956 593 3011 644 te
3042 605 3165 645 esse
3188 589 3481 659 fatebaris,
3515 597 3578 646 ut
3620 592 3855 663 episco-

2142 696 2254 751 pus
2285 680 2395 735 dici
2429 680 2755 747 debuisses,
2788 680 2860 734 ad
2894 679 3002 735 hoc
3034 680 3383 751 quandoque
3419 682 3737 752 perductus
3770 697 3857 761 es,

2144 775 2229 836 ut,
2266 769 2555 841 despectis
2586 770 2883 833 fratribus,
2908 769 3218 840 episcopus
3260 774 3502 841 appetas
3546 771 3708 826 solus
3744 788 3853 843 ap-

2144 858 2371 929 pellari.
2419 880 2447 907 ››
2498 858 2567 915 Et
2622 856 2796 929 paulo
2842 861 3009 928 post:
3040 878 3064 908 α
3101 857 3249 914 Vere
3297 858 3453 914 enim
3498 859 3646 915 ﬂens
3694 860 3846 927 dico,

2143 953 2319 1020 atque
2350 964 2419 1003 ex
2446 947 2650 1004 intimo
2688 948 2975 1003 viscerum
3023 948 3219 1003 dolore
3272 949 3517 1020 peccatis
3567 949 3711 1006 meis
3763 967 3852 1007 re-

2142 1044 2306 1109 puto,
2335 1038 2489 1110 quod
2522 1038 2619 1093 ille
2650 1053 2815 1094 meus
2856 1038 3050 1097 frater.
3107 1054 3263 1093 nunc
3295 1054 3482 1110 usque
3524 1039 3719 1095 reduci
3774 1039 3849 1095 ad

2142 1128 2537 1184 humilitatem
2571 1145 2684 1183 non
2717 1126 2917 1197 valuit,
2949 1128 3050 1199 qui
3080 1128 3152 1183 ad
3201 1127 3311 1184 hoc
3358 1127 3415 1183 in
3468 1130 3849 1202 episcopatus

2139 1219 2318 1288 gradu
2343 1220 2697 1274 constitutus
2719 1221 2828 1285 est,
2848 1221 2910 1272 ut
2931 1216 3179 1273 aliorum
3204 1216 3429 1274 animas
3455 1220 3526 1274 ad
3551 1219 3853 1274 humilita-

2139 1312 2255 1363 tem
2285 1308 2524 1364 reducat
2563 1324 2575 1363 :
2612 1308 2766 1379 quod
2818 1306 2913 1363 ille
2963 1308 3063 1379 qui
3111 1307 3411 1364 veritatem
3464 1309 3633 1364 docet
3682 1308 3854 1374 alios,

2142 1397 2523 1469 semetipsum
2579 1396 2806 1460 docere,
2866 1412 2993 1465 nec,
3051 1411 3141 1451 me
3191 1412 3426 1468 quoque
3474 1398 3847 1467 deprecante,

2142 1487 2460 1543 consensit.
2494 1508 2523 1538 »
2559 1486 2702 1542 Item
2733 1493 2860 1556 post
2901 1486 3097 1558 aliqua
3131 1502 3144 1541 :
3181 1507 3210 1536 ιι
3242 1486 3406 1553 Quis,
3440 1503 3600 1558 rogo,
3632 1487 3692 1542 in
3740 1486 3851 1543 hoc

2144 1586 2261 1634 tam
2296 1594 2563 1650 perverso
2591 1576 2891 1645 vocabulo,
2925 1578 3037 1632 nisi
3069 1576 3164 1633 ille
3203 1579 3273 1632 ad
3312 1577 3668 1633 imitandum
3717 1595 3856 1650 pro-

2146 1669 2405 1740 ponitur,
2437 1667 2537 1739 qui
2561 1667 2848 1738 despectis
2878 1665 3216 1736 angelorum
3265 1666 3597 1739 legionibus
3645 1684 3853 1723 secum

2146 1758 2439 1814 socialiter
2468 1756 2818 1822 constitutis,
2854 1757 2923 1811 ad
2956 1756 3186 1812 culmen
3232 1762 3478 1812 conatus
3524 1761 3609 1813 est
3653 1758 3855 1831 singu-

2144 1847 2390 1903 laritatis
2420 1862 2742 1918 erumpere,
2778 1850 2841 1900 ut
2875 1850 2932 1901 et
2965 1846 3107 1900 nulli
3140 1846 3398 1907 subesse,
3431 1851 3486 1901 et
3513 1848 3670 1903 solue
3700 1865 3849 1917 prae-

2144 1952 2272 1992 esse
2303 1935 2580 1991 omnibus
2612 1932 2944 1989 videretur?
2979 1933 3086 1999 Qui
3117 1934 3290 1989 etiam
3325 1933 3477 1989 dixit
3510 1951 3522 1989 :
3563 1935 3631 1990 In
3662 1936 3860 1991 ca'lum

2144 2025 2527 2091 causcenJam,
2558 2040 2727 2095 super
2750 2031 2904 2079 astra
2928 2022 3051 2079 εοεΙί
3092 2024 3345 2079 exaltabo
3396 2025 3595 2079 solium
3644 2040 3848 2093 meum,

2144 2114 2334 2170 sedebo
2375 2117 2434 2169 in
2472 2122 2653 2169 monte
2711 2114 3048 2180 testamenti,
3092 2114 3149 2168 in
3200 2112 3473 2170 lateribus
3516 2114 3854 2186 Aquilonis;

2144 2204 2440 2261 ascendam
2472 2220 2637 2275 super
2659 2203 3014 2259 altitudinem
3051 2204 3301 2270 nubium,
3336 2205 3537 2260 similis
3559 2220 3648 2261 ero
3678 2205 3851 2260 Altis-

2143 2294 2283 2350 simo
2331 2296 2487 2365 (Iscii.
2536 2310 2648 2363 xvn,
2696 2294 2804 2361 13).
2842 2294 2990 2360 Quid
3039 2294 3196 2348 enim
3249 2294 3458 2349 fratres
3507 2293 3594 2349 tui
3644 2310 3848 2349 omnes

2146 2383 2411 2439 Ecclesia:
2446 2381 2793 2438 universalis
2837 2380 3113 2453 episcopi,
3148 2381 3263 2438 nisi
3308 2386 3462 2437 astra
3501 2381 3627 2438 cceli
3673 2390 3846 2450 sunt;

2147 2489 2395 2545 quorum
2429 2473 2539 2527 vita
2575 2471 2747 2527 simul
2778 2476 2835 2527 et
2855 2471 3054 2543 lingua
3076 2473 3228 2527 inter
3250 2476 3485 2543 peccata
3506 2489 3850 2545 erroresque

2144 2565 2449 2619 hominum
2483 2562 2650 2635 quasi
2686 2563 2834 2617 inter
2856 2563 3044 2619 noctis
3067 2562 3335 2620 tenebras
3358 2562 3598 2619 lucent?
3623 2564 3847 2628 Quibus

2145 2653 2287 2707 dum
2329 2652 2495 2723 cupis
2544 2650 2914 2722 temetipsum
2963 2650 3244 2707 vocabulo
3293 2650 3442 2707 elato
3488 2668 3846 2724 praeponere,

2144 2759 2463 2813 eorumque
2515 2758 2728 2797 nomen
2786 2742 2871 2796 tui
2931 2742 3365 2812 comparatione
3413 2741 3657 2813 calcare,
3701 2744 3847 2815 quid

2144 2832 2305 2887 aliud
2340 2831 2506 2898 dicis,
2538 2831 2648 2886 nisi
2685 2847 2697 2885 :
2731 2832 2791 2886 In
2838 2831 3036 2887 cretum
3080 2831 3455 2898 conscendam,
3488 2848 3649 2905 super
3695 2843 3847 2889 astra

2138 2923 2263 2977 caeli
2291 2922 2541 2977 exaltabo
2571 2921 2772 2977 solium
2805 2938 2984 2977 meum
3004 2924 3259 2977 ?Annon
3296 2922 3552 2978 universi
3585 2922 3845 2994 episcopi

2143 3012 2325 3069 nubes
2352 3018 2511 3079 sunt,
2546 3012 2644 3085 qui
2677 3013 2829 3068 115
2853 3018 2908 3068 et
2939 3013 3131 3069 verbis
3155 3011 3363 3083 pluunt
3386 3012 3845 3084 praedicationis,

329 3116 467 3156 nore
506 3098 699 3153 debito
750 3098 1078 3153 sacerdotes
1130 3098 1496 3166 privarentur
1554 3098 1831 3153 universi.
1882 3098 2025 3162 Quid
2061 3083 2102 3148 (ἶ
2142 3107 2198 3157 et
2227 3103 2511 3157 bonorum
2535 3083 2920 3171 o'perumluce
2941 3083 3472 3168 coruscant?Quos
3489 3103 3628 3157 dum
3651 3107 3845 3158 vestra

323 3196 412 3247 est
441 3207 576 3261 ergo
612 3189 764 3260 quod
799 3204 905 3244 nos
937 3188 1114 3257 hujus
1155 3187 1421 3242 vocabuli
1472 3188 1735 3259 gloriam,
1768 3193 1823 3243 et
1870 3190 2026 3245 obla-

321 3285 463 3345 tam,
492 3297 604 3335 non
629 3279 966 3350 quaerimus,
998 3281 1054 3331 et
1084 3275 1230 3331 alter
1260 3276 1370 3332 sibi
1402 3276 1551 3332 hanc
1584 3279 1833 3349 arripere
1850 3280 2020 3335 etiam

320 3386 435 3425 non
468 3369 720 3425 oblatam
759 3366 1059 3438 praesumit
1080 3366 1107 3420 ?
1128 3364 1228 3421 Ille
1250 3381 1385 3437 ergo
1411 3366 1596 3437 magis
1618 3372 1709 3423 est
1730 3368 2023 3438 piissimo-

317 3476 441 3518 rum
474 3461 847 3515 dominorum
883 3457 1267 3529 praeceptione
1302 3457 1646 3523 ﬂectendus,
1681 3459 1778 3529 qui
1810 3476 2019 3531 praece-

314 3551 431 3623 ptis
463 3549 758 3605 canonicis
788 3546 1177 3603 obedientiam
1230 3548 1486 3617 przebere
1538 3549 1885 3604 contemnit.
1916 3549 2017 3606 Ille

314 3638 671 3694 coercendus
703 3642 813 3703 est,
846 3637 941 3707 qui
976 3640 1190 3691 sancta:
1217 3636 1528 3691 universali
1563 3636 1829 3693 Ecclesiae
1867 3638 2021 3709 inju-

315 3730 459 3784 riam
496 3728 651 3795 facit,
691 3725 791 3797 qui
822 3725 993 3781 corde
1025 3727 1235 3792 tumet,
1270 3725 1368 3795 qui
1402 3726 1654 3796 gaudere
1686 3726 1757 3781 de
1789 3727 2021 3783 nomine

312 3816 729 3890 singularitatis
759 3816 1001 3886 appetit,
1036 3813 1136 3885 qui
1168 3814 1375 3870 honori
1417 3831 1651 3885 quoque
1681 3817 1853 3871 vestri
1906 3820 2018 3873 im-

315 3910 459 3980 perii
492 3924 555 3963 se
587 3924 686 3978 per
735 3907 1024 3978 privatum
1078 3905 1426 3961 vocabulum
1478 3910 1843 3977 superponit.
1876 3909 2020 3964 Ecce

310 4014 516 4053 omnes
548 3996 655 4051 hac
686 3996 756 4051 de
788 4010 846 4049 re
878 3994 1222 4051 scandalum
1249 3996 1524 4065 patimur.
1552 3996 1636 4050 Ad
1669 3996 1820 4051 viam
1844 3997 2020 4068 igitur

310 4091 523 4142 rectam
560 4088 883 4138 revertatur
925 4089 1126 4138 auctor
1168 4082 1448 4149 scandali,
1482 4087 1539 4138 et
1585 4083 1781 4139 omnia
1824 4102 2018 4141 sacer-

313 4176 515 4229 dotum
545 4174 735 4243 jurgia
766 4172 1099 4228 cessabunt.
1134 4172 1250 4243 Ego
1282 4172 1437 4226 enim
1460 4179 1797 4228 cunctorum
1823 4190 2019 4231 sacer-

317 4264 517 4317 dotum
570 4278 770 4316 servus
818 4278 974 4327 sum,
1024 4260 1370 4331 inquantum
1418 4260 1532 4331 ipsi
1581 4262 2019 4319 sacerdotaliter

310 4352 529 4406 vivunt.
564 4350 703 4405 Nam
754 4351 852 4420 qui
915 4354 1117 4405 contra
1164 4350 1620 4421 omnipotentem
1678 4350 1863 4407 Deum
1917 4369 2019 4423 per

2134 3192 2463 3247 fraternitas
2494 3192 2819 3262 despiciens
2850 3192 2961 3247 sub
2993 3208 3055 3248 se
3098 3208 3359 3264 premere
3397 3197 3662 3259 conatur,
3695 3193 3839 3266 quid

2132 3282 2287 3337 aliud
2323 3281 2483 3348 dicit,
2517 3282 2630 3336 nisi
2668 3281 2771 3337 hoc
2800 3282 2953 3352 quod
2986 3282 3058 3337 ab
3094 3281 3335 3353 antiquo
3370 3280 3537 3338 hoste
3576 3282 3790 3337 dicitur
3827 3299 3841 3337 :

2132 3371 2429 3428 Ascendam
2454 3386 2617 3442 super
2645 3371 3002 3427 altitudinem
3031 3372 3259 3428 nubium
3284 3376 3309 3425 .9
3336 3372 3469 3436 Quae
3502 3378 3710 3428 cuncta
3732 3389 3841 3446 ego

2130 3478 2264 3517 cum
2298 3462 2443 3517 flens
2474 3461 2793 3533 conspicio,
2824 3469 2876 3517 et
2907 3462 3132 3517 occulta
3166 3462 3264 3517 Dei
3300 3462 3643 3533 pertimesco
3668 3463 3839 3533 judi-

2130 3554 2239 3620 cia,
2273 3556 2561 3624 augentur
2594 3554 2883 3624 lncrymaz,
2916 3557 2972 3608 et
3000 3554 3254 3625 gemitus
3287 3570 3347 3608 se
3382 3553 3440 3609 in
3492 3570 3621 3609 meo
3666 3554 3847 3610 corde

2134 3660 2247 3699 non
2280 3644 2556 3716 capiunt:
2588 3659 2696 3714 quo
2722 3644 2816 3699 ille
2848 3645 2936 3699 vir
2958 3644 3370 3699 sanctissimus
3393 3644 3643 3699 domnus
3663 3643 3845 3700 Joan-

2130 3750 2255 3802 nes,
2277 3738 2451 3789 tantaz
2474 3734 2833 3789 abstinentia:
2856 3738 3031 3806 atque
3058 3734 3434 3801 humilitatis,
3460 3734 3844 3790 familiarium

2129 3826 2465 3882 seductione
2495 3825 2827 3897 linguarum
2860 3825 2931 3879 ad
2976 3828 3197 3880 tantam
3249 3824 3581 3896 superbiam
3622 3825 3844 3895 erupit,

2133 3920 2193 3969 ut
2230 3915 2284 3969 in
2319 3914 2580 3986 appetitu
2616 3914 2868 3984 perversi
2898 3913 3173 3982 nominis,
3211 3912 3293 3968 illi
3322 3929 3451 3970 esse
3483 3918 3725 3969 conetur
3756 3913 3843 3968 si-

2130 4004 2307 4068 milis,
2347 4004 2448 4074 qui
2468 4004 2606 4058 dum
2630 4005 2880 4073 superbe
2903 4019 3031 4059 esse
3066 4003 3176 4057 Deo
3201 4003 3414 4058 similis
3433 4003 3642 4068 voluit,
3660 4002 3843 4059 etiam

2125 4096 2354 4149 donatas
2385 4093 2795 4149 similitudinis
2828 4094 3077 4166 gratiam
3112 4095 3331 4161 amisit,
3363 4098 3421 4150 et
3465 4094 3595 4150 ideo
3637 4110 3842 4149 veram

2128 4182 2544 4238 beatitudinem
2573 4185 2849 4255 perdidit,
2876 4184 3015 4256 quia
3046 4183 3249 4239 falsam
3274 4182 3517 4256 gloriam
3542 4183 3839 4255 quaesivit.

2127 4272 2289 4327 Certe
2322 4274 2549 4338 Petrus,
2585 4273 2858 4345 princeps
2889 4273 3306 4343 apostolorum,
3344 4274 3668 4328 membrum
3702 4289 3844 4329 san-

2127 4364 2229 4415 ctas
2278 4365 2334 4416 et
2384 4360 2733 4417 universalis
2785 4361 3051 4417 Ecclesiae
3098 4366 3225 4429 est;
3260 4361 3497 4429 Paulus,
3551 4362 3837 4431 Andreas,

308 4441 503 4496 inanis
534 4441 731 4511 glorize
758 4446 1064 4505 tumorem,
1092 4443 1263 4510 atque
1285 4444 1486 4495 contra
1512 4443 1733 4495 statuta
1758 4445 2011 4513 Patrum,
2045 4452 2090 4516 Ι)
2120 4449 2400 4516 Joannes,
2436 4449 2577 4522 quid
2612 4449 2794 4519 aliud,
2819 4467 2996 4522 quam
3018 4452 3384 4522 singularum
3410 4457 3545 4506 sunt
3568 4449 3834 4522 plebium

305 4545 474 4586 suam
507 4529 785 4584 cervicem
818 4527 1004 4597 erigit,
1038 4527 1096 4582 in
1128 4528 1528 4599 omnipotente
1578 4529 1827 4586 Domino
1875 4547 2015 4587 con-

309 4623 445 4687 fido,
480 4618 619 4694 quia
650 4635 834 4675 meam
863 4619 998 4687 sibi,
1032 4633 1138 4675 nec
1168 4636 1300 4675 cum
1341 4618 1572 4689 gladiis,
1616 4621 1831 4677 ﬂectet.
1866 4623 2013 4688 Quid

304 4713 501 4765 autem
538 4722 719 4776 nuper
749 4706 806 4760 in
843 4706 949 4760 hac
982 4706 1124 4761 urbe
1153 4723 1220 4762 ex
1253 4706 1428 4778 hujus
1479 4707 1744 4764 vocabuli
1811 4709 2013 4766 auditu

304 4804 537 4872 gestum
560 4798 660 4865 sit,
684 4796 999 4854 Sabiniano
1024 4796 1264 4853 diacono
1287 4813 1353 4853 ac
1375 4798 1697 4869 responsali
1722 4815 1848 4857 meo
1880 4801 2015 4857 sub-

298 4889 461 4945 tilius
494 4888 763 4943 iudicavi.
800 4908 827 4935 ι)
862 4886 1085 4959 (Regist.
1119 4886 1216 4941 lib.
1250 4904 1302 4955 v,
1335 4903 1422 4957 ep.
1454 4889 1578 4957 20.)

378 4979 466 5033 sli.
500 4977 645 5032 Item
702 4975 933 5041 Joanni,
994 4976 1263 5047 episcopo
1314 4978 2007 5051 Constantinopolitano:

304 5090 332 5116 «
365 5067 444 5122 Eo
474 5072 734 5138 tempore
766 5083 881 5140 quo
914 5066 1247 5122 fraternitas
1271 5072 1460 5123 vestra
1492 5068 1551 5122 in
1582 5070 2008 5127 sacerdotalem

301 5154 578 5212 honorem
613 5168 872 5224 provecta
907 5160 1014 5219 est.
1047 5162 1329 5230 quantam
1372 5159 1753 5215 ecclesiarum
1807 5177 2007 5233 pacem

306 5250 480 5313 atque
510 5246 879 5302 concordiam
911 5246 1219 5319 invenerit,
1278 5247 1479 5304 recolit
1511 5266 1524 5304 :
1561 5250 1661 5305 sed
1694 5266 1807 5322 quo
1840 5268 2006 5319 ausu,

308 5349 491 5406 quove
521 5338 766 5400 tumore,
801 5336 1019 5401 nescio,
1052 5354 1267 5393 novum
1301 5337 1411 5395 sibi
1442 5344 1650 5395 conata
1679 5347 1765 5397 est
1796 5357 2005 5398 nomen

306 5425 578 5495 arripere,
614 5423 767 5477 unde
797 5425 1056 5480 omnium
1092 5428 1337 5483 fratrum
1372 5430 1546 5485 corda
1579 5430 1901 5502 potuissent
1933 5433 2005 5487 ad

300 5512 637 5570 scandalum
673 5512 989 5582 pervenire.
1011 5515 1129 5579 Qua
1155 5516 1211 5571 in
1246 5533 1305 5571 re
1330 5519 1703 5578 vehementer
1725 5522 2002 5590 admiror,

2127 4539 2318 4610 capita
2340 4542 2367 4593 Ῥ
2398 4540 2464 4595 Et
2494 4544 2691 4595 tamen
2737 4542 2844 4596 sub
2898 4556 3014 4596 uno
3073 4541 3263 4612 capite
3310 4556 3516 4596 omnes
3569 4540 3839 4597 membra

2124 4634 2266 4684 sunt
2299 4628 2585 4685 Ecclesize.
2614 4631 2815 4700 Atque,
2839 4637 2897 4685 ut
2928 4634 3144 4685 cuncta
3177 4629 3332 4685 brevi
3383 4628 3619 4701 cingulo
3663 4628 3835 4685 locu-

2122 4718 2299 4773 tionis
2332 4719 2709 4789 adstringam,
2733 4720 2915 4774 sancti
2937 4723 3070 4775 ante
3100 4718 3311 4790 legem,
3335 4720 3522 4774 sancti
3544 4718 3655 4774 sub
3676 4717 3834 4790 lege,

2122 4808 2307 4863 sancti
2341 4810 2446 4864 sub
2478 4809 2687 4880 gratia,
2714 4825 2915 4864 omnes
2952 4809 3009 4863 hi
3062 4808 3429 4879 perficientes
3477 4823 3686 4880 corpus
3718 4812 3836 4865 Do-

2123 4898 2284 4965 mini,
2318 4898 2378 4953 in
2412 4899 2692 4954 membris
2722 4904 2861 4963 sunt
2888 4898 3157 4955 Ecclesiae
3198 4899 3521 4966 constituti,
3556 4903 3613 4954 et
3651 4914 3834 4956 nemo

2121 5004 2181 5043 se
2216 5003 2472 5059 unquam
2518 4988 2902 5045 universalem
2954 4988 3147 5044 vocari
3193 4988 3395 5045 voluit.
3434 4991 3637 5044 Vestra
3685 5004 3830 5062 ergo

2119 5078 2402 5135 sanctitas
2433 5085 2726 5150 agnoscat,
2764 5082 3051 5150 quantum
3083 5078 3237 5151 apud
3299 5094 3362 5135 se
3416 5082 3663 5145 tumeat,
3694 5096 3830 5151 qua

2119 5167 2216 5224 illo
2251 5168 2487 5223 nomine
2517 5168 2703 5225 vocari
2757 5167 2998 5239 appetit,
3029 5185 3140 5239 quo
3192 5168 3382 5224 vocari
3425 5167 3625 5224 nullus
3677 5184 3829 5240 prm-

2117 5256 2394 5327 sumpsit,
2457 5258 2556 5328 qui
2616 5257 2892 5319 veraciter
2944 5262 3175 5313 sanctus
3232 5256 3358 5313 fuit.
3412 5279 3439 5307 ››
3500 5259 3639 5313 Item
3696 5260 3833 5327 post

2117 5360 2305 5418 pauca
2338 5360 2351 5399 :
2387 5368 2413 5395 ‹‹
2448 5348 2612 5401 Certe
2652 5344 2791 5401 olim
2840 5346 3129 5402 clamatur
3172 5362 3271 5416 per
3316 5344 3644 5417 apostolum
3683 5361 3695 5397 :
3729 5346 3831 5400 Fi-

2120 5433 2268 5501 lioIi,
2323 5436 2623 5491 novissima
2680 5434 2814 5491 hora
2872 5441 2949 5492 est
3004 5437 3050 5504 (1
3081 5438 3239 5493 Joan.
3311 5452 3373 5504 ii,
3438 5435 3546 5505 18).
3606 5434 3669 5489 Et
3727 5450 3821 5490 se-

2114 5525 2376 5581 cundum
2411 5527 2559 5597 quod
2593 5525 2816 5582 Veritas
2835 5526 3124 5598 praedixit,
3155 5525 3486 5598 pestilentia
3509 5530 3563 5581 et
3585 5523 3824 5597 gladius
