4088 6172
112 96 325 149 --ι-

136 206 251 267 165

710 207 770 266 S.
820 203 1191 268 GBEGOBII
1238 204 1461 264 ΡΑΡλΕ
1506 204 1711 271 VlTA,
1760 204 1986 266 AUCT.
2035 202 2341 263 .YOANNE
2388 201 2751 264 DIACONO.
2797 203 2943 263 LIB.
2990 205 3093 267 III.

3545 213 3659 273 166

126 363 218 417 per
252 345 552 401 mundum
574 344 733 400 saevit
755 364 768 412 ;
793 347 989 415 gentes
1014 342 1647 414 insurguntgentibus;
1682 345 1851 399 terras
1882 344 1933 410 Α
1966 344 2169 397 contra
2198 340 2520 407 veritatem,
2545 356 2650 412 pro
2671 340 2916 398 veritate
2937 342 3252 412 despiciat;
3287 351 3345 402 et
3378 348 3435 403 in
3467 353 3656 407 omni-

129 436 468 490 concutitur
499 436 678 500 orbis,
712 451 844 489 cum
882 432 1303 488 habitatoribus
1333 433 1458 489 suis
1490 443 1642 487 terra
1678 433 1850 489 dehi-

128 532 321 583 scente
358 526 630 583 sorbetur
653 524 1025 596 ;omniaquae
1058 525 1329 595 praedicta
1350 528 1508 590 sunt,
1537 524 1847 596 ﬁunt(Luc.

132 628 266 686 xxx.)
293 622 416 675 Rex
452 619 739 690 superbia:
766 634 939 689 prope
970 621 1079 685 est,
1105 622 1163 672 et
1192 618 1371 688 (quod
1406 616 1517 672 dici
1555 618 1715 673 nefas
1748 621 1853 688 est)

126 708 507 765 sacerdotum
565 709 617 764 ei
666 717 1023 779 praeparatur
1079 707 1563 779 exercituszquia
1642 708 1852 765 cervici

129 796 706 865 militantelationis,
737 797 836 868 qui
860 797 929 851 ad
960 796 1069 852 hoc
1101 797 1270 865 positi
1295 797 1544 862 fuerant,
1579 802 1642 852 ut
1671 800 1850 853 duca-

129 894 252 943 tum
288 887 628 958 praeberent
669 885 1036 945 humilitatis.
1088 886 1197 940 Sed
1240 885 1435 940 hacin
1496 903 1575 947 re,
1624 886 1852 942 etiamsi

132 982 332 1031 nostra
365 976 571 1045 lingua
596 974 836 1029 minime
867 973 1246 1038 contradicat,
1272 974 1430 1029 illius
1450 977 1633 1030 virtus
1651 981 1853 1030 contra

134 1064 455 1120 elationem
476 1062 743 1133 erigitur,
765 1062 864 1133 qui
884 1062 1171 1134 superbiae
1184 1062 1321 1118 vitio
1354 1079 1451 1135 per
1469 1065 1851 1135 semetipsum

130 1152 464 1224 specialiter
513 1153 939 1207 adversatur.»
996 1152 1066 1206 Et
1119 1152 1267 1208 infra
1325 1170 1337 1208 :
1399 1176 1427 1202 «
1474 1153 1853 1210 Considerare

133 1261 230 1301 vos
258 1244 565 1309 convenit,
592 1258 663 1297 ne
694 1259 809 1314 qua
832 1241 999 1297 radix
1020 1242 1434 1298 amaritudinis
1458 1260 1693 1299 sursum
1724 1259 1853 1315 ger-

134 1335 375 1389 minans
407 1332 716 1404 impediat,
750 1338 807 1387 et
837 1348 935 1403 per
966 1330 1127 1387 illam
1160 1333 1611 1405 coinquinentur
1634 1335 1803 1390 multi
1839 1353 1851 1391 :

135 1424 286 1497 quod
327 1427 536 1477 tamen
572 1420 619 1476 si
670 1437 779 1476 nos
812 1421 1181 1477 considerare
1231 1422 1601 1495 negligimus,
1635 1432 1854 1492 contra,

130 1518 309 1571 tanta:
341 1512 622 1567 elationis
646 1510 1171 1581 tumoremjudicia
1193 1514 1798 1585 supernavigilabunt.
1829 1538 1856 1564 ››

133 1603 355 1673 (Regia.
394 1600 473 1656 lib
531 1617 583 1655 ν.
615 1617 699 1673 ep.
736 1604 850 1671 19.)

1964 431 2220 503 potentis
2250 431 2349 486 Dei
2385 431 2574 503 gratia
2607 436 2783 503 atque
2810 433 2959 487 beati
2995 433 3147 489 Petri
3201 438 3492 507 adjutorio
3523 459 3660 499 con-

1962 520 2124 578 fidat.
2157 520 2368 576 Vocem
2414 520 2688 574 Veritatis
2739 521 2975 590 recolat,
3026 524 3276 581 dicentis
3312 528 3521 596 :Maior
3561 540 3663 601 est,

1962 612 2061 681 qui
2088 611 2149 665 in
2182 611 2331 665 vobis
2362 615 2457 677 est,
2481 626 2642 681 quam
2666 612 2763 682 qui
2791 610 2851 665 in
2882 611 3199 670 hocmundo
3221 616 3267 686 (1
3284 621 3448 674 Joan.
3484 637 3559 689 1v,
3583 624 3664 691 4).

1961 701 2027 755 Et
2058 700 2117 755 in
2153 700 2258 757 hac
2290 716 2486 767 causa,
2509 699 2799 771 quidquid
2832 702 3124 771 agendum
3149 710 3240 759 est
3263 722 3396 762 cum
3432 726 3667 769 summa

1963 792 2310 846 auctoritate
2341 794 2491 861 agat.
2526 792 2838 861 Postquam
2874 792 3031 848 enim
3080 794 3315 851 defendi
3351 800 3422 853 ab
3456 800 3668 857 inimi—

1963 898 2161 937 corum
2195 880 2404 953 gladiis
2436 881 2596 936 nullo
2649 882 2820 937 modo
2848 899 3183 953 possumus,
3219 894 3524 960 postquam
3564 910 3669 965 pro

1963 986 2161 1025 amore
2211 970 2552 1041 reipublicae
2597 974 2928 1037 argentum,
2970 988 3200 1041 aurum,
3235 977 3550 1050 mancipia,
3575 998 3670 1037 ve.

1962 1064 2198 1130 stesque
2249 1059 2626 1131 perdidimus,
2664 1059 2837 1114 nimis
2859 1060 3317 1132 ignominiosum
3358 1072 3443 1122 est
3484 1077 3543 1123 ut
3574 1087 3672 1141 per

1963 1164 2059 1204 eos
2089 1149 2262 1205 etiam
2298 1149 2471 1203 fidem
2508 1150 2843 1220 perdamus.
2880 1152 2943 1206 In
2970 1152 3081 1207 isto
3106 1154 3263 1210 enim
3289 1157 3537 1213 scelesto
3569 1177 3666 1216 vo-

1964 1239 2169 1297 cabulo
2202 1240 2555 1306 consentire,
2589 1239 2740 1293 nihil
2773 1243 2862 1295 est
2903 1240 3061 1296 aliud
3095 1260 3272 1314 quam
3305 1246 3479 1303 fidem
3534 1266 3665 1320 per-

1964 1330 2117 1386 dere.
2154 1328 2316 1384 Unde
2349 1330 2499 1383 sicut
2521 1328 2627 1383 tibi
2651 1329 2776 1399 jam
2818 1332 3123 1387 transactis
3146 1334 3406 1403 epistolis
3438 1339 3665 1410 scripsi,

1962 1436 2280 1493 numquam
2325 1435 2458 1475 cum
2517 1435 2582 1474 eo
2645 1422 2949 1489 procedere
3006 1439 3349 1493 praesumas.
3412 1428 3554 1495 (Lib.
3613 1447 3670 1496 ν,

1962 1530 2046 1585 ep.
2084 1512 2193 1581 19.)

2034 1602 2123 1656 56.
2152 1603 2222 1655 At
2254 1615 2385 1655 vero
2415 1601 2682 1668 Joannes,
2709 1617 2866 1655 novae
2894 1605 3360 1673 praesumptionis
3388 1607 3674 1678 inventor,

202 1692 352 1747 Item
386 1691 585 1746 eidem
645 1690 703 1746 in
765 1690 879 1747 alia
924 1691 1171 1763 epistola
1234 1696 1366 1763 post
1422 1694 1649 1750 multa:
1685 1718 1711 1744 ‹‹
1746 1696 1855 1751 Sed
1898 1728 1941 1791 Β
1969 1691 2068 1745 ubi
2118 1690 2466 1791 Mauricium
2505 1692 2638 1791 .Deo
2665 1691 3031 1791 "adversum,
3079 1696 3348 1765 Gregorio
3389 1716 3525 1755 cum
3548 1700 3673 1756 suis

134 1781 309 1838 etiam
378 1798 543 1836 nunc
603 1781 777 1836 dico:
814 1785 915 1836 aut
953 1783 1184 1837 easdem
1245 1800 1523 1854 personas
1570 1783 1861 1853 (videlicet

130 1872 427 1927 Joannem
493 1869 1025 1927 Chalcedonensem
1068 1877 1123 1928 et
1155 1872 1564 1942 Athanasium,
1626 1873 1858 1930 Isauria:

133 1960 613 2033 presbyterusﬁn
644 1961 769 2017 suis
785 1960 1093 2017 ordinibus
1116 1964 1365 2033 suscipe,
1390 1963 1592 2035 eisque
1607 1965 1860 2035 quietem

136 2054 324 2123 prabe
362 2068 379 2118 ;
415 2056 522 2105 aut
553 2054 603 2107 si
634 2051 742 2107 hoc
773 2052 1016 2108 fortasse
1076 2053 1352 2118 nolueris,
1402 2055 1558 2110 omni
1616 2055 1861 2113 alterca-

138 2142 290 2195 tione
326 2140 683 2212 postposita,
717 2141 789 2196 de
820 2157 1020 2197 eorum
1071 2160 1263 2210 causa,
1324 2149 1540 2199 statuta
1572 2147 1861 2215 majorum

145 2238 243 2287 aut
275 2248 586 2288 canonum
622 2232 904 2288 terminos
955 2236 1196 2290 custodi.
1234 2235 1290 2289 Si
1323 2252 1454 2291 vero
1490 2246 1759 2293 neutrum
1791 2240 1867 2293 fe-

142 2323 312 2388 ceris,
354 2338 468 2377 nos
503 2323 736 2394 quidem
772 2322 953 2378 rixam
976 2324 1187 2381 inferre
1211 2326 1502 2394 nolumus,
1538 2329 1634 2383 sed
1671 2334 1867 2384 tamen

146 2412 483 2466 venientem
523 2428 554 2465 a
585 2411 746 2467 vobis
792 2428 905 2467 non
956 2413 1298 2470 devitamus.
1361 2415 1509 2479 Quid
1543 2422 1738 2473 autem
1799 2419 1871 2475 de

143 2499 466 2571 cpisc0pis,
530 2499 629 2570 qui
678 2500 1016 2556 verberibus
1082 2502 1276 2558 timeri
1342 2504 1566 2573 volunt,
1616 2523 1869 2563 canones

146 2589 369 2657 dicant,
425 2590 575 2644 bene
650 2589 979 2645 fraternitas
1065 2597 1256 2647 vestra
1342 2596 1520 2649 novit.
1610 2596 1874 2663 Pastores

142 2678 366 2733 etenim
405 2678 543 2731 facti
586 2695 795 2734 sumus
854 2696 967 2734 non
1028 2696 1424 2751 percussores.
1477 2685 1546 2739 Et
1602 2687 1873 2757 egregius

148 2767 505 2835 pradicator
532 2766 675 2821 dicit
708 2785 719 2821 :
752 2773 961 2836 Argue,
1019 2770 1260 2837 obsecra,
1293 2773 1514 2843 increpa
1570 2790 1691 2829 cum
1720 2777 1876 2830 omni

148 2858 430 2926 patientia
480 2864 533 2911 et
587 2858 860 2912 doctrina.
911 2864 1065 2915 Nova
1150 2876 1281 2916 vero
1358 2868 1532 2933 atque
1613 2865 1875 2921 inaudita

153 2954 239 3001 est
271 2946 375 3001 illa
435 2948 796 3017 praedicatio,
856 2966 979 3019 quae
1039 2951 1377 3007 verberibus
1407 2954 1581 3025 exigit
1614 2956 1809 3013 ﬁdem.
1845 2978 1871 3005 »

152 3037 293 3097 :‘Lib.
324 3052 419 3099 ιιι,
455 3052 541 3105 ep.
572 3037 691 3108 53.)

1972 1780 2353 1852 complicibus
2412 1780 2545 1835 fecit
2593 1780 2911 1847 infensum,
2948 1798 3189 1839 cernens
3232 1786 3675 1845 Constantinam

1970 1871 2395 1940 imperatricem
2429 1873 2567 1926 totis
2600 1872 2909 1927 conatibus
2950 1876 3224 1930 Romanis
3259 1878 3524 1933 Ecclesiae
3557 1896 3679 1935 ser-

1971 1962 2159 2015 vanda
2190 1960 2493 2031 privilegia
2531 1962 2799 2025 suadere,
2825 1962 3065 2032 quantis
3097 1965 3280 2020 valuit
3311 1968 3557 2036 artibus,
3594 1969 3682 2025 in-

1974 2052 2177 2108 citavit
2208 2056 2271 2105 ut
2304 2055 2675 2122 propteream
2696 2068 2867 2120 quam
2902 2052 2959 2107 in
2982 2052 3259 2111 honorem
3293 2060 3483 2114 sancti
3514 2059 3678 2115 Pauli

1976 2141 2223 2213 apostoli
2264 2140 2322 2194 in
2357 2140 2573 2211 palatio
2614 2141 2939 2197 aaditlcabat
2968 2144 3297 2212 ecclesiam,
3330 2164 3361 2201 a
3406 2147 3681 2220 Gregorio

1977 2234 2152 2301 caput
2181 2231 2439 2301 ejusdem
2477 2231 2722 2301 apostoli
2752 2236 2852 2286 aut
2881 2232 3038 2287 aliud
3072 2233 3214 2304 quid
3245 2235 3315 2290 de
3338 2236 3522 2308 ipsius
3552 2254 3682 2294 cor-

1981 2336 2116 2391 pore
2146 2320 2258 2375 sibi
2282 2319 2454 2392 dirigi
2487 2320 2819 2390 postularet.
2854 2324 3037 2387 Quam
3063 2324 3440 2381 calliditatem
3474 2328 3683 2385 beatis-

1980 2411 2157 2465 simus
2212 2427 2359 2481 papa
2389 2426 2768 2481 cognoscens,
2828 2411 3216 2482 imperatricis
3265 2417 3462 2472 animo
3494 2418 3686 2473 taliter

1981 2500 2267 2555 satisfecit
2291 2516 2304 2555 :
2330 2522 2357 2548 ‹‹
2389 2498 2647 2554 Dumilla
2680 2500 2822 2554 mihi
2852 2500 3240 2557 desiderarem
3285 2504 3580 2575 imperari,
3616 2508 3686 2561 de

1980 2588 2194 2661 quibus
2252 2587 2585 2642 facillimam
2649 2588 3043 2645 obedientiam
3090 2592 3388 2660 exhibens,
3422 2600 3683 2650 vestram

1983 2694 2120 2749 erga
2147 2680 2494 2747 megratiam
2524 2679 2839 2748 potuissem
2866 2680 3120 2750 amplius
3144 2699 3474 2752 provocare,
3501 2686 3687 2754 major

1984 2784 2078 2824 me
2116 2768 2393 2823 mmstitia
2432 2768 2622 2823 tenuit
2648 2769 2797 2839 quod
2833 2768 2933 2823 illa
2964 2770 3278 2842 prmeipitis
3320 2788 3449 2843 quae
3504 2775 3687 2831 facere

1986 2873 2090 2914 nec
2140 2873 2375 2928 possum
2445 2874 2548 2913 nec
2607 2858 2812 2913 audeo.
2855 2860 2995 2913 Nam
3056 2875 3293 2929 corpora
3344 2869 3679 2919 sanctorum

1985 2948 2131 3003 Petri
2182 2951 2241 3002 et
2299 2947 2462 3002 Pauli
2515 2945 2906 3017 apostolorum
2968 2951 3143 3004 tantis
3171 2949 3230 3004 in
3253 2950 3511 3007 ecclesiis
3561 2954 3683 3010 suis

1984 3046 2291 3094 coruscant
2340 3037 2640 3093 miraculis
2688 3044 2864 3108 atque
2913 3038 3242 3105 terroribus,
3302 3045 3364 3095 ut
3395 3058 3582 3113 neque
3614 3044 3686 3098 ad

218 3128 309 3180 55.
354 3103 503 3180 Item
538 3103 876 3196 Sabiniano,
909 3129 1150 3185 diacono
1184 3132 1822 3205 Constantinopolitano
1859 3154 1872 3193 ;
1906 3103 1948 3169 Ο
1988 3130 2271 3185 orandum
2305 3129 2432 3183 sine
2456 3144 2665 3198 magno
2698 3126 2835 3181 illuc
2874 3128 3079 3182 timore
3120 3130 3298 3199 possit
3330 3132 3544 3186 accedi.
3580 3133 3689 3188 De-

160 3240 181 3263 :-
220 3219 292 3269 De
327 3232 514 3271 causa
548 3217 742 3271 fratris
778 3218 959 3273 nostri
992 3218 1095 3274 viri
1130 3223 1878 3288 reverendissimiJoannis,

160 3305 420 3376 episcopi
482 3305 1130 3377 ConstantinOpolitani,
1166 3311 1312 3367 duas
1360 3312 1638 3383 epistolas
1697 3316 1883 3373 facere

166 3396 351 3449 noluit
398 3395 505 3450 sed
557 3412 672 3451 una
722 3396 971 3453 breviter
1018 3398 1167 3455 facta
1227 3409 1331 3463 est,
1384 3419 1511 3474 quas
1566 3410 1882 3477 utrumque

166 3484 382 3539 habere
414 3484 645 3539 videtur
673 3486 1021 3557 admixtum,
1061 3489 1115 3544 id
1157 3494 1242 3545 est
1295 3495 1352 3546 et
1376 3493 1777 3550 rectitudinem
1828 3500 1887 3552 et

168 3572 661 3630 blandimentum.
693 3575 819 3631 Tua
867 3576 1061 3649 itaque
1114 3578 1343 3634 dilectio
1371 3597 1499 3636 eam
1550 3584 1883 3653 epistolam,

170 3680 349 3734 quam
378 3680 539 3718 nunc
570 3664 777 3732 direxi,
814 3673 1045 3738 propter
1074 3669 1227 3723 “8
1252 3668 1607 3728 voluntatem
1635 3674 1886 3745 impera-

172 3754 335 3813 toris,
363 3753 415 3807 ei
479 3754 618 3808 dare
666 3755 916 3811 studeat.
958 3757 1103 3813 Nam
1148 3760 1216 3813 de
1246 3759 1577 3833 insequenti
1612 3762 1743 3818 talis
1775 3765 1889 3821 alia

174 3842 638 3912 transmittatur,
668 3847 737 3901 de
768 3862 881 3918 qua
912 3848 1035 3916 ejus
1084 3850 1359 3919 superbia
1392 3868 1504 3906 non
1528 3852 1771 3909 laetetur.
1804 3855 1889 3909 Ad

172 3931 279 3987 hoc
339 3932 507 3987 enim
560 3949 742 4004 usque
773 3936 1056 4007 pervenit,
1090 3943 1152 3993 ut
1184 3940 1292 3993 sub
1326 3942 1624 3997 occasione
1653 3945 1888 4017 presby-

181 4024 283 4077 teri
334 4022 589 4078 Joannis
620 4033 784 4095 gesta
824 4025 938 4083 huc
969 4030 1411 4097 transmitteret,
1447 4031 1503 4086 in
1563 4033 1776 4104 quibus
1833 4052 1894 4091 se

181 4128 325 4183 pene
360 4129 462 4181 per
512 4130 744 4170 omnem
784 4134 1015 4174 versum
1048 4121 1473 4176 oecumenicum
1508 4124 1892 4193 patriarcham

184 4202 537 4257 nominaret.
574 4204 685 4260 Sed
717 4222 887 4277 spero
919 4208 976 4263 in
1019 4209 1478 4281 omnipotentem
1522 4212 1728 4283 Deum,
1761 4217 1898 4286 quia

180 4291 544 4363 hypocrisim
577 4294 737 4351 illius
791 4314 1041 4369 superna
1074 4302 1347 4371 majestas
1386 4301 1677 4360 dissolvet.
1726 4306 1899 4364 Miror

183 4388 373 4439 autem
406 4384 565 4456 quod
599 4384 966 4443 dilectionem
999 4392 1160 4445 tuam
1192 4389 1390 4447 fallere
1421 4394 1629 4463 potuit,
1666 4399 1729 4449 ut
1769 4412 1894 4465 per-

1990 3222 2167 3292 nique
2198 3220 2338 3275 dum
2372 3220 2551 3273 beatae
2592 3217 3005 3271 recordationis
3036 3218 3303 3274 decessor
3336 3236 3519 3289 meus,
3555 3224 3691 3293 quia

1993 3320 2320 3383 argentum,
2356 3308 2511 3380 quod
2541 3324 2717 3378 supra
2764 3308 3226 3363 sacratissimum
3277 3327 3489 3381 corpus
3536 3312 3687 3368 beati

1993 3402 2144 3459 Petri
2193 3398 2438 3471 apostoli
2487 3403 2630 3461 erat,
2673 3398 2844 3468 longe
2892 3402 3089 3453 tamen
3126 3398 3197 3453 ab
3229 3400 3427 3456 eodem
3460 3418 3696 3473 corpore

1997 3495 2112 3550 fere
2134 3490 2466 3563 quindecim
2491 3488 2701 3559 pedum
2736 3488 2949 3556 spacio,
2978 3492 3202 3543 mutare
3231 3488 3432 3557 voluit,
3459 3491 3695 3561 signum

1996 3583 2045 3639 ei
2088 3598 2202 3637 non
2232 3580 2393 3652 parvi
2442 3578 2683 3633 terroris
2744 3575 3041 3647 apparuit.
3077 3578 3183 3632 Sed
3235 3583 3291 3634 et
3323 3595 3427 3651 ego
3477 3580 3699 3651 aliquid

1997 3670 2267 3727 similiter
2288 3668 2359 3723 ad
2388 3664 2771 3721 sacratissimi
2796 3680 3009 3735 corpus
3043 3666 3229 3721 sancti
3262 3666 3419 3721 Pauli
3451 3668 3701 3738 apostoli

2001 3760 2307 3816 meliorare
2338 3756 2511 3825 volui,
2545 3763 2601 3811 et
2632 3754 2769 3825 quia
2802 3770 3038 3810 necesse
3068 3762 3193 3810 erat
3225 3761 3286 3810 ut
3310 3758 3476 3827 juxta
3506 3761 3704 3828 sepul-

2001 3867 2162 3909 crum
2204 3846 2489 3917 ejusmodi
2536 3844 2706 3900 elI'odi
2758 3843 2933 3898 altius
2993 3845 3313 3911 debuisset,
3361 3850 3703 3917 praepositus

2001 3943 2111 4001 loci
2142 3940 2296 3997 illius
2343 3954 2477 3993 ossa
2535 3935 2727 4007 aliqua
2759 3936 2895 4005 (non
2938 3935 3170 4003 quidem
3221 3936 3407 3990 eidem
3440 3939 3703 4005 sepulcro

2004 4028 2335 4099 conjuncta)
2369 4025 2603 4097 reperit,
2629 4041 2755 4095 quas
2787 4022 3055 4093 quoniam
3089 4023 3280 4079 levare
3312 4028 3705 4096 praesumpsit,

2005 4123 2175 4186 atque
2207 4115 2265 4168 in
2316 4113 2497 4168 alium
2530 4110 2724 4164 locum
2755 4114 3155 4179 transponere,
3180 4111 3324 4163 117
3361 4112 3704 4179 apparenti-

2004 4210 2115 4263 bus
2147 4204 2502 4277 quibusdam
2538 4201 2800 4257 tristibus
2832 4200 3041 4271 signis,
3074 4201 3269 4255 subita
3294 4207 3479 4257 morte
3511 4202 3711 4256 defun-

2007 4303 2135 4353 ctus
2168 4301 2277 4351 est.
2297 4297 2512 4349 Praeter
2529 4292 2651 4347 haec
2665 4295 2855 4346 autem
2878 4296 3093 4345 sanctas
3120 4290 3412 4345 memorias
3441 4291 3713 4347 decessor

2010 4404 2173 4444 meus
2202 4386 2376 4454 idem,
2405 4385 2471 4438 ad
2505 4398 2717 4451 corpus
2736 4382 2920 4435 sancti
2957 4380 3241 4435 Laurentii
3265 4380 3531 4451 martyris
3556 4397 3715 4451 quas-

186 4471 454 4528 mitteres
489 4474 703 4530 domno
736 4476 1065 4547 imperatori
1108 4482 1466 4551 persuaderi,
1502 4488 1792 4554 quatenus
1826 4487 1892 4541 ad
1931 4479 1976 4543 D
2007 4478 2138 4533 dam
2172 4475 2475 4530 meliorare
2507 4471 2870 4535 desiderans,
2899 4470 3033 4524 dum
3068 4471 3324 4524 nescitur
3370 4470 3469 4524 ubi
3500 4487 3713 4541 corpus

189 4576 277 4616 me
300 4562 371 4618 de
402 4562 511 4617 hac
542 4580 719 4619 causa
758 4582 862 4620 sua
892 4568 1106 4638 scripta
1154 4571 1571 4626 transmitteret
1603 4573 1659 4627 in
1694 4574 1905 4646 quibus
2014 4581 2141 4623 6888
2171 4562 2499 4621 venerabile
2529 4560 2900 4626 οοῑιοοᾶίυτῐι»
2934 4559 3201 4615 eumn"?
3247 4559 3626 4630 GXQUil‘endO,
3662 4566 3716 4614 ει

199 4651 541 4706 admoneret
572 4658 635 4708 ut
660 4671 789 4709 cum
819 4672 884 4712 eo
915 4673 1116 4727 pacem
1150 4658 1361 4715 habere
1408 4661 1740 4718 debuissem
1782 4666 1904 4735 (qui
2013 4657 2204 4714 ευδίῐο
2236 4654 2571 4725 εθριιιοτυω
2611 4651 3459 4746 ipsi“?ignofﬁnteﬂapérmm
3491 4655 3629 4746 33f}
3660 4654 3717 4746 εξ

194 4740 242 4796 si
292 4741 594 4811 justitiam
648 4749 842 4801 tenere
896 4747 1039 4815 vult,
1100 4749 1264 4805 illum
1302 4752 1507 4807 debuit
1564 4753 1897 4823 admouere,
2012 4746 2071 4803 hi
2094 4744 2195 4817 qui
2229 4750 2539 4815 praesentes
2572 4745 2739 4796 erant
2769 4744 2942 4810 atque
2966 4738 3307 4793 laborabant
3339 4738 3629 4801 monachi,
3660 4740 3723 4791 et

195 4834 254 4883 ut
282 4846 341 4887 se
373 4849 403 4885 a
427 4834 681 4902 superbo
734 4836 1014 4894 vocabulo
1061 4842 1495 4911 compesceret),
1532 4850 1588 4897 et;
1636 4844 1903 4913 protinus
2014 4833 2415 4894 mansionarii,
2449 4832 2547 4903 qui
2580 4846 2791 4901 corpus
2835 4827 3098 4899 ejusdem
3136 4828 3404 4896 martyris
3436 4826 3718 4892 viderunt,

202 4917 346 4974 inter
378 4937 484 4976 nos
510 4938 621 4993 pax
653 4923 831 4979 ﬁeret.
853 4926 1070 4982 Tamen
1088 4945 1203 4999 qua
1221 4929 1535 4986 calliditate
1562 4950 1594 4986 a
1625 4934 1903 5004 prmdicto
2014 4925 2168 4999 quod
2190 4924 2420 4996 quidem
2448 4921 2689 5015 minime
2710 4924 2943 5015 tangere
2966 4920 3719 5015 praepsumpser‘untpomnes

201 5005 366 5064 fratre
390 5016 589 5066 nostro
619 5011 846 5069 Joanne
877 5016 1096 5073 factum
1122 5019 1215 5083 sit,
1247 5024 1309 5073 ut
1339 5022 1627 5092 suspicor,
1662 5022 1906 5079 minime
2016 5018 2171 5073 intra
2200 5018 2393 5072 decem
2426 5013 2547 5068 dies
2580 5009 2838 5067 defuncti
2863 5012 3020 5072 sunt,
3052 5008 3211 5106 itaut
3244 5004 3437 5061 nullus
3460 5004 3718 5106 vitae-Isn-

209 5099 470 5165 pensasti.
508 5101 726 5158 Idcirco
754 5106 909 5160 enim
943 5105 1049 5161 hoc
1082 5106 1178 5162 ille
1209 5107 1361 5176 fecit,
1397 5114 1578 5166 utaut
1607 5112 1909 5168 audiretur
2018 5125 2249 5186 peresse
2272 5106 2577 5180 potuisset,
2602 5097 3299 5175 quisanctumetjustum
3326 5110 3538 5165 corpus
3562 5095 3719 5150 illius

213 5185 449 5243 domnus
474 5190 810 5261 imperator,
848 5199 903 5249 et
934 5194 1030 5250 ille
1070 5195 1127 5251 in
1183 5214 1286 5252 sua
1317 5199 1567 5256 vanitate
1594 5201 1910 5260 conﬁrma-
2018 5185 2265 5262 viderat.
3145 5276 3155 5286 .
3313 5276 3325 5289 .
3438 5275 3450 5288 .
3672 5275 3683 5289 .

216 5282 301 5331 tus
346 5294 470 5335 esse
504 5280 794 5339 videretur
825 5302 840 5353 ;
870 5290 972 5341 aut
1002 5303 1115 5343 non
1140 5304 1173 5343 a
1203 5305 1295 5344 me
1344 5291 1667 5360 audiretur,
1700 5296 1756 5348 et
1784 5296 1911 5365 ejus
2099 5313 2120 5342 ι
2152 5289 2477 5363 Cognoscat
2533 5290 2725 5340 autem
2770 5276 3260 5365 tranquillissima
3294 5276 3533 5332 domina
3589 5276 3727 5349 quia

220 5364 439 5423 animus
499 5374 699 5425 contra
732 5388 824 5429 me
848 5374 1195 5431 irritaretur.
1232 5378 1341 5433 Sed
1371 5395 1475 5434 nos
1519 5384 1735 5436 rectam
1758 5364 1909 5439 viam
2023 5380 2301 5440 Romanis
2332 5372 2694 5433 consuetudo
2727 5384 2840 5424 non
2864 5370 2972 5434 est,
3005 5364 3237 5435 quando
3268 5368 3601 5421 sanctorum
3642 5380 3727 5420 re-

2023 5471 2233 5543 liquias
2255 5469 2417 5534 dant,
2454 5460 2848 5533 utquidquam
2878 5464 3113 5527 tangere
3131 5456 3576 5526 praesumantde
3602 5472 3721 5512 cor-

2025 5576 2182 5635 pore,
2214 5557 2314 5614 sed
2335 5552 2743 5612 tantummodo
2768 5547 2828 5605 in
2861 5545 3070 5621 pyxide
3101 5545 3420 5602 brandeum
3449 5545 3727 5615 mittitur,

2028 5656 2197 5725 atque
2246 5648 2315 5708 ad
2350 5641 2748 5705 sacratissima
2780 5642 3116 5699 sanctorum
3166 5652 3409 5711 corpora
3448 5635 3723 5709 ponitur:

222 5456 555 5529 tenebimus,
582 5461 661 5516 nil
690 5462 747 5518 in
771 5464 879 5521 hac
910 5468 1284 5534 causaaliud,
1312 5469 1423 5524 nisi
1455 5471 1911 5543 omnipotentem

217 5544 541 5620 Dominum,
583 5560 919 5614 metuentes.
988 5558 1146 5617 Unde
1197 5566 1293 5617 tua
1350 5560 1582 5620 dilectio
1633 5564 1692 5621 in
1752 5565 1914 5623 nullo

216 5638 468 5711 trepidet.
518 5642 721 5703 Omnia
751 5664 880 5719 quas
929 5650 987 5731 in
1034 5650 1142 5708 hoc
1175 5651 1384 5711 saculo
1432 5654 1587 5711 videt
1636 5654 1754 5713 alta
1785 5672 1915 5715 esse
