4088 6172
379 220 495 284 167

937 212 1004 275 S.
1046 208 1419 273 GBEGOBII
1468 205 1693 267 PAP/E
1735 202 1942 276 VITA,
1989 198 2220 263 AUCT.
2264 200 2569 262 JOANNE
2615 200 2976 265 DlACONO.
3024 200 3173 263 LIB;
3216 200 3320 263 IlI.

3772 204 3895 267 168

377 358 533 433 quod
561 356 816 413 levatum
855 354 913 410 in
944 350 1187 408 ecclesia
1233 364 1357 421 quae
1388 350 1477 404 est
1506 343 1847 410 dedicanda,
1882 340 2078 397 debita
2106 339 2160 406 Α
2190 338 2441 433 ctionem
2474 342 2697 433 petunt,
2722 345 2786 397 ut
2830 358 3038 433 parum
3089 339 3231 433 quid
3262 355 3329 397 ex
3382 340 3657 433 limatum
3715 341 3905 415 perci-

378 467 511 506 cum
563 445 931 503 veneratione
979 442 1343 507 reconditur;
1376 444 1433 495 et
1463 442 1637 493 tantae
1692 452 1792 508 per
1825 438 1928 490 boc
1960 433 2079 489 ibi-

381 542 512 597 dem
544 539 787 593 virtutes
818 535 968 590 ﬁunt
992 549 1058 588 ac
1107 532 1155 587 si
1184 531 1305 587 illic
1347 528 1671 599 specialiter
1700 543 1902 583 eorum
1961 541 2080 580 eor-

380 647 521 705 pora
560 629 911 684 deferantur.
944 624 1107 680 Unde
1154 621 1391 691 contigit
1421 626 1484 674 ut
1516 618 1701 673 beatas
1732 616 2078 673 recordatio-

381 723 474 778 nis
506 718 714 775 Leonis
734 732 881 788 papae
903 720 1183 786 tempore,
1216 710 1371 766 sicut
1399 726 1431 764 a
1462 710 1789 778 majoribus
1811 706 2077 774 traditur,

381 812 523 867 dum
556 809 791 880 quidam
823 804 1003 861 Graeci
1034 803 1105 858 de
1161 799 1378 856 talibus
1431 798 1691 869 reliquiis
1718 797 2077 856 dubitarent.

380 901 692 974 praedictus
724 893 975 966 pontifex
998 892 1106 947 hoc
1129 891 1324 961 ipsum
1352 889 1677 944 brandeum
1703 888 1894 942 allatis
1929 886 2081 942 forﬁ-

381 992 548 1048 cibus
570 986 794 1052 incidit,
826 992 877 1039 et
908 999 977 1038 ex
1006 982 1136 1053 ipsa
1164 980 1447 1036 incisione
1464 978 1704 1051 sanguis
1731 977 1974 1034 efﬂuxit.
2017 977 2081 1032 In

382 1076 660 1137 Romanis
691 1088 943 1145 namque
973 1070 1062 1127 vel
1091 1071 1268 1126 totius
1289 1069 1622 1125 Occidentis
1653 1069 1919 1139 partibus
1957 1082 2082 1123 om-

380 1170 517 1227 nino
548 1163 912 1222 intolerabile
960 1165 1045 1217 est
1076 1169 1249 1232 atque
1280 1159 1654 1231 sacrilegum,
1681 1159 1729 1213 si
1746 1162 2081 1214 sanctorum

382 1273 625 1329 corpora
654 1262 889 1325 tangere
920 1252 1229 1322 quisquam
1264 1250 1508 1305 fortasse
1539 1247 1807 1305 voluerit.
1843 1248 2004 1313 Quod
2037 1247 2085 1303 si

382 1345 836 1421 praesumpserit,
858 1348 1082 1400 eertum
1115 1347 1204 1397 est
1235 1340 1372 1411 quia
1403 1340 1524 1395 haec
1547 1338 1845 1395 temeritas
1885 1338 2088 1409 impu-

386 1439 507 1497 nita
537 1436 695 1494 nullo
754 1435 924 1490 modo
984 1431 1323 1488 remanebit.
1362 1430 1465 1486 Pro
1493 1446 1608 1502 qua
1638 1445 1698 1484 re
1727 1430 1800 1484 de
1855 1429 2087 1485 Graeco-

384 1543 515 1584 rum
534 1522 976 1588 consuetudine,
998 1520 1096 1593 qui
1126 1536 1259 1577 ossa
1278 1519 1465 1575 levare
1488 1524 1823 1573 sanctorum
1847 1532 1906 1573 se
1935 1534 2091 1573 asse-

388 1624 545 1687 runt,
602 1615 975 1669 vehementer
1024 1613 1333 1673 miramur,
1365 1612 1422 1664 et
1451 1608 1542 1662 vix
1586 1608 1899 1663 credimus.
1942 1607 2087 1661 Nam

2184 429 2364 501 piant,
2397 432 2623 488 assistit
2642 432 2915 488 sacerdos
2943 449 3075 487 cum
3107 432 3270 500 lima,
3288 437 3343 487 et
3365 431 3661 504 aliquibus
3694 436 3904 503 peten-

2185 521 2348 576 tibus
2380 522 2459 577 ita
2490 522 2712 577 concite
2737 522 2960 594 aliquid
2995 524 3064 578 de
3084 521 3300 577 catenis
3328 521 3456 592 ejus
3488 522 3802 588 excutitur,
3837 530 3906 577 ut

2184 630 2348 670 mora
2378 613 2540 669 nulla
2570 615 2647 669 sit
2678 634 2692 683 ;
2727 614 3079 686 quibusdam
3111 629 3242 670 vero
3275 612 3627 684 petentibus,
3663 614 3762 668 diu
3796 629 3906 685 per

2184 712 2417 759 catenas
2446 704 2605 775 ipsas
2636 702 2775 760 lima
2805 704 3057 772 ducitur,
3073 708 3131 758 et
3161 708 3357 759 tamen
3376 707 3437 757 ut
3458 701 3673 775 aliquid
3691 703 3907 760 exinde

2183 798 2349 849 exeat
2379 809 2496 851 non
2517 792 2831 850 obtinetur.
2865 796 3007 867 (Lib.
3041 810 3116 855 ιν,
3148 810 3233 865 ep.
3264 792 3382 864 30.)

2257 885 2345 938 57.
2372 885 2433 940 1n
2467 885 2684 957 quibus
2708 885 2969 957 Gregorii
3003 885 3306 943 veracibus
3337 882 3541 955 utique
3570 882 3763 939 verbis
3794 899 3905 955 ap-

2185 978 2367 1043 paret,
2404 974 2541 1044 quia
2573 990 2759 1044 usque
2790 974 2973 1030 adilla
3001 979 3267 1045 tempora
3298 990 3401 1046 pro
3433 971 3699 1044 reliquiis
3732 973 3910 1028 bran-

2187 1062 2361 1119 deum
2394 1064 2693 1119 Romanus
2733 1064 2991 1137 pontifex
3023 1064 3373 1121 conferebat.
3405 1078 3539 1120 cum
3584 1061 3899 1134 posteriori

2187 1157 2444 1224 tempore
2475 1156 2546 1209 de
2576 1154 2829 1210 vestibus
2854 1171 2979 1226 quas
3007 1155 3115 1211 sub
3148 1154 3317 1210 altari
3343 1154 3527 1210 sancti
3556 1152 3805 1209 Joannis
3838 1152 3908 1207 in

2188 1244 2430 1299 basilica
2457 1243 2935 1300 Constantiniana
2957 1248 3277 1311 servantur,
3297 1242 3594 1315 particulae
3627 1241 3916 1315 coeperint

2191 1350 2293 1404 pro
2326 1333 2509 1389 sacris
2542 1332 2809 1404 reliquiis
2843 1334 3174 1404 petentibus
3204 1332 3350 1388 dari.

2258 1425 2347 1479 58.
2385 1446 2412 1475 «
2434 1424 2566 1488 Quae
2598 1424 2832 1495 quidem
2858 1428 3040 1480 vestes
3072 1440 3261 1495 usque
3283 1425 3563 1480 hactenus
3596 1424 3782 1481 tantis
3802 1424 3916 1479 mi-

2193 1514 2409 1571 raculis
2464 1530 2768 1571 coruscare
2825 1515 3168 1586 probantur,
3202 1519 3267 1571 ut
3324 1515 3606 1571 siccitatis
3640 1520 3905 1587 tempore

2195 1606 2348 1661 foras
2380 1620 2637 1660 excussae
2671 1604 2923 1675 pluviam
2956 1606 3274 1674 conferant,
3306 1604 3714 1661 inundationis
3769 1622 3910 1662 vero

388 1706 627 1778 quidam
661 1699 1130 1758 Gracimonaehi
1161 1698 1275 1753 huc
1298 1701 1430 1752 ante
1450 1696 1751 1752 biennium
1772 1696 2092 1763 venientes,
2125 1702 2171 1768 Β
2202 1695 2570 1752 serenitatem
2608 1696 2902 1752 reducant.
2937 1696 3076 1751 Nam
3110 1711 3285 1767 super
3316 1696 3458 1759 haec,
3490 1712 3623 1768 quae
3654 1712 3757 1767 per
3789 1696 3912 1752 sin-

389 1801 671 1854 nocturno
697 1792 924 1847 silentio
943 1792 1110 1861 juxta
1130 1789 1436 1845 ecclesiam
1463 1787 1648 1843 sancti
1668 1786 1828 1842 Pauli
1851 1803 2092 1858 corpora

390 1896 749 1945 mortuorum
784 1883 840 1938 in
874 1881 1344 1952 campojacentia
1381 1877 1949 1949 eﬁodiebant,atque
1997 1894 2095 1933 eo-

390 1993 523 2034 rum
556 1992 689 2031 ossa
746 1972 1155 2038 recondebant,
1206 1973 1499 2025 servantes
1526 1968 1659 2038 sibi,
1693 1968 1830 2023 dum
1865 1969 2093 2022 recede-

391 2072 540 2125 rent.
602 2065 708 2131 Qui
741 2080 870 2119 eum
906 2062 1070 2129 tenti,
1103 2070 1155 2116 et
1185 2076 1291 2117 cur
1338 2059 1447 2115 hoc
1479 2060 1729 2114 facerent
1789 2057 2097 2129 diligenter

394 2159 645 2215 fuissent
666 2154 935 2220 discussi,
969 2151 1217 2209 confessi
1243 2155 1381 2206 sunt
1411 2149 1821 2223 quodillaossa
1841 2151 1914 2204 ad
1946 2149 2097 2204 Grae-

391 2250 541 2304 ciam
571 2249 765 2302 essent
795 2249 1075 2313 tanquam
1110 2246 1442 2296 sanctorum
1477 2239 1751 2309 reliquias
1783 2238 2093 2309 portaturi.

394 2337 472 2394 Ex
499 2350 747 2408 quorum
771 2333 1052 2403 exemplo,
1088 2331 1243 2386 sicut
1266 2329 1603 2398 prmdictum
1636 2333 1743 2397 est,
1777 2329 1965 2397 major
1994 2343 2096 2382 no-

393 2428 484 2482 bis
515 2423 781 2497 dubietas
814 2424 945 2476 nata
976 2424 1065 2475 est
1095 2425 1293 2473 utrum
1344 2434 1545 2472 verum
1595 2417 1673 2472 sit
1712 2416 1865 2487 quod
1918 2414 2097 2471 levari

394 2515 671 2571 veraciter
700 2529 833 2567 ossa
891 2514 1228 2565 sanctorum
1281 2509 1576 2563 dicuntur.
1625 2506 1705 2561 De
1761 2506 2099 2578 corporibus

394 2622 529 2663 vero
560 2605 860 2660 beatorum
894 2599 1289 2671 apostolorum
1323 2597 1464 2669 quid
1496 2613 1602 2668 ego
1633 2597 1899 2652 dicturus
1922 2612 2053 2651 sum
2074 2596 2102 2651 ‘?

395 2696 548 2751 Dum
607 2696 836 2748 constet
903 2689 1041 2760 quia
1082 2704 1149 2744 eo
1209 2693 1463 2757 tempore
1508 2702 1619 2758 quo
1652 2686 1807 2759 passi
1839 2689 1997 2752 sunt,
2030 2701 2098 2740 ex

397 2785 628 2842 Oriente
674 2780 872 2836 ﬁdeles
916 2782 1219 2844 venerunt,
1269 2775 1370 2848 qui
1425 2791 1626 2830 eorum
1658 2791 1917 2845 corpora,
1952 2774 2105 2829 sicut

398 2873 613 2929 civium
646 2884 884 2923 suorum
904 2869 1251 2937 repeterent,
1268 2880 1392 2935 quae
1407 2864 1580 2918 ducta
1603 2880 1789 2935 usque
1803 2864 1872 2918 ad
1889 2878 2100 2918 secun-

402 2962 542 3017 dum
575 2957 732 3013 urbis
765 2954 1191 3023 milliarium,in
1214 2953 1338 3008 loco
1353 2953 1453 3023 qui
1468 2952 1681 3007 dicitur
1698 2952 2101 3021 Catacumbas,

2208 1785 2375 1858 gulae
2397 1784 2667 1840 ecclesias
2700 1784 2936 1851 faciunt,
2966 1802 3092 1857 quas
3128 1784 3187 1840 in
3246 1784 3497 1840 oratorio
3529 1786 3736 1840 domus
3768 1801 3913 1841 mea;

2202 1877 2262 1932 in
2299 1876 2559 1932 Suburra
2592 1875 2789 1945 posita:
2825 1893 2923 1947 per
2950 1893 3045 1931 eas
3090 1876 3246 1932 Deus
3286 1875 3654 1947 omnipotens
3686 1876 3907 1932 fecerit.

2204 1982 2318 2021 non
2351 1966 2781 2038 celabo.Nuper
2813 1965 3083 2021 Hadriani
3105 1965 3399 2037 pontificis
3422 1969 3684 2037 tempore
3714 1966 3912 2021 visum

2206 2056 2351 2113 mihi
2373 2061 2480 2124 est,
2515 2060 2579 2111 ut
2609 2055 2789 2111 altare
2820 2061 3030 2112 sanctaa
3053 2056 3150 2112 Dei
3176 2055 3485 2112 Genitricis
3510 2055 3724 2122 Mariae,
3756 2056 3913 2127 quod

2205 2150 2368 2201 extra
2397 2144 2713 2200 oratorium
2745 2147 2937 2206 sancti.
2959 2145 3204 2201 Joannis
3236 2145 3295 2200 in
3336 2144 3709 2216 apertissimo
3759 2142 3913 2199 atrio

2205 2234 2480 2306 positum,
2514 2233 2790 2306 congruis
2812 2233 3203 2291 luminaribus
3233 2233 3505 2290 honorari
3528 2250 3642 2289 non
3667 2237 3915 2303 poterat,

2206 2324 2360 2381 intra
2415 2323 2731 2379 oratorium
2786 2323 2967 2380 locari
3028 2323 3339 2379 debuisset.
3400 2322 3734 2379 Accersitus
3781 2338 3918 2379 vero

2206 2413 2560 2470 Gaudericus
2590 2412 2953 2479 Velitrensis,
2986 2412 3083 2485 qui
3107 2414 3296 2469 adhuc
3328 2428 3633 2485 superesse
3666 2411 3921 2477 videtur,

2208 2503 2538 2574 episcopus,
2573 2519 2705 2558 cum
2739 2502 2973 2575 hymnis
3004 2508 3059 2558 et
3115 2503 3363 2559 canticis
3402 2503 3471 2558 ab
3506 2502 3677 2558 altari
3733 2502 3917 2558 veteri

2210 2592 2519 2664 pyxidulas
2547 2593 2692 2648 duas
2723 2592 3000 2663 sigillatas
3046 2594 3322 2651 excussit.
3356 2595 3608 2660 Quarum
3646 2591 3915 2658 alteram,

2210 2698 2302 2737 me
2329 2682 2698 2754 deprecante,
2742 2681 2990 2737 nimium
3025 2682 3332 2739 timoratus
3380 2683 3664 2753 aperiens,
3696 2681 3765 2736 de
3799 2680 3925 2736 illis

2212 2772 2443 2839 tunicis,
2477 2778 2844 2843 quantumex
2867 2772 3254 2828 similitudine
3297 2772 3541 2829 curiosis
3591 2770 3776 2827 oculis
3812 2788 3889 2844 po
3913 2820 3929 2830 .

2211 2860 2326 2916 tuit
2357 2861 2733 2931 deprehendi,
2767 2862 3087 2934 particulas
3130 2863 3359 2935 reperit,
3403 2876 3548 2933 quas
3580 2860 3931 2917 solemniter

2215 2951 2325 3006 sub
2360 2967 2501 3007 novo
2533 2950 2700 3007 altari
2749 2952 3037 3024 deposuit.
3074 2952 3179 3009 Ubi
3239 2970 3307 3008 ex
3367 2961 3525 3020 tunc,
3556 2952 3703 3007 sicut
3745 2950 3924 3005 multi

401 3048 683 3107 collocata
705 3054 859 3102 sunt.
893 3045 1003 3099 Sed
1037 3046 1176 3099 dum
1219 3060 1286 3099 ea
1316 3044 1522 3098 exinde
1558 3044 1747 3098 levare
1790 3044 1983 3099 omnis
2014 3060 2105 3099 eo-
2136 3076 2178 3142 Ο
2218 3044 2451 3109 norunt,
2484 3040 2584 3110 qui
2633 3040 2825 3096 adhuc
2855 3041 3192 3111 superstites
3221 3057 3348 3097 esse
3390 3043 3729 3113 probantur,
3762 3039 3922 3095 divi-

404 3151 535 3191 rum
570 3132 885 3188 multitudo
918 3129 1266 3185 conveniens
1298 3129 1603 3195 niteretur,
1633 3129 1713 3183 ita
1738 3145 1836 3185 eos
1856 3128 2105 3184 vistoni-

404 3227 519 3283 trui
551 3230 723 3296 atque
757 3221 999 3292 fulguris
1030 3222 1231 3276 terruit
1257 3236 1321 3275 ac
1345 3221 1640 3290 dispersit,
1673 3220 1888 3276 uttalia
1919 3220 2106 3275 denuo

408 3316 745 3373 nullatenus
776 3318 999 3368 tentare
1030 3314 1466 3382 praesumerent.
1499 3309 1660 3364 Tunc
1692 3314 1969 3366 exeuntes
2003 3309 2104 3365 Ro-

410 3406 590 3473 mani,
622 3420 819 3461 eorum
844 3419 1104 3472 corpora,
1129 3400 1226 3472 qui
1261 3400 1369 3456 hoc
1399 3416 1465 3455 ex
1492 3401 1716 3456 Domini
1750 3401 1959 3471 pietate
1990 3415 2108 3455 me-

407 3498 673 3561 ruerunt,
728 3494 1082 3556 levaverunt,
1137 3495 1194 3545 et
1224 3489 1283 3544 in
1333 3488 1473 3545 locis
1506 3490 1721 3561 quibus
1774 3506 1930 3546 nunc
1970 3492 2109 3544 sunt

409 3584 639 3643 condita
690 3583 1029 3653 posuerunt.
1065 3577 1205 3644 Quis
1255 3593 1412 3649 ergo,
1444 3578 1824 3633 serenissima
1853 3577 2106 3644 domina,

408 3681 528 3732 tam
560 3672 904 3730 temerarius
928 3668 1399 3740 possitexistere,
1433 3672 1497 3722 ut
1528 3668 1644 3723 haec
1674 3668 2105 3735 sciens,eorum

407 3779 653 3835 corpora
685 3776 799 3816 non
832 3759 1231 3830 dieotangere,
1264 3759 1361 3813 sed
1385 3757 1469 3812 vel
1502 3756 1867 3827 aiiquatenus
1899 3774 2110 3830 praesu-

409 3861 529 3911 mat
590 3850 875 3922 inspicere
904 3850 931 3903 ?
960 3848 1110 3904 Dum
1146 3848 1320 3918 igitur
1350 3846 1485 3902 talia
1516 3847 1659 3902 mihi
1690 3865 1724 3904 a
1768 3848 1926 3904 vobis
1958 3865 2107 3920 prae-

407 3948 571 4015 cepta
603 3946 745 3997 sunt
775 3941 844 3995 de
875 3940 1091 4010 quibus
1141 3954 1339 4008 parere
1389 3937 1725 3994 nullatenus
1764 3940 2107 4011 potuissem,

407 4037 691 4104 quantum
748 4030 999 4097 invenio,
1031 4046 1147 4084 non
1177 4033 1431 4084 vestrum
1458 4033 1569 4095 est,
1604 4030 1703 4084 sed
1731 4028 1971 4099 quidam
2005 4030 2109 4085 bo-

408 4121 598 4178 mines
647 4128 847 4175 contra
895 4134 986 4173 me
1019 4117 1288 4187 pietatem
1347 4122 1597 4173 vestram
1632 4116 1881 4173 excitare
1913 4117 2108 4173 volue-

407 4216 563 4278 runt,
607 4214 668 4265 ut
700 4208 863 4274 mihi,
899 4208 1051 4279 quod
1085 4207 1253 4275 absit,
1287 4206 1599 4261 voluntatis
1630 4210 1830 4262 vestras
1862 4208 2107 4277 gratiam

408 4300 838 4365 subtraherent,
862 4302 913 4352 et
948 4300 1250 4367 propterea
1287 4294 1638 4364 quaesierunt
1672 4296 1991 4366 capitulum
2040 4298 2111 4353 de

412 4405 528 4460 quo
558 4386 722 4441 vobis
753 4385 921 4455 quasi
955 4384 1292 4439 inobediens
1322 4384 1631 4440 invenirer.
1665 4385 1774 4441 Sed
1808 4385 1867 4440 in
1917 4386 2109 4442 omni-

2217 3130 2375 3186 nitus
2405 3146 2657 3186 accensae
2679 3130 2973 3203 lampades
3006 3132 3366 3204 frequentius
3389 3131 3559 3189 solito
3584 3134 3925 3203 patuerunt.

2215 3219 2359 3275 Nam
2390 3219 2500 3274 ista
2530 3224 2730 3276 octava
2759 3220 3150 3276 indictioncin
3178 3220 3548 3277 hebdomade
3565 3224 3699 3276 ante
3728 3219 3923 3275 Domi-

2218 3309 2332 3365 nici
2365 3309 2584 3365 Natalis
2617 3310 2790 3375 diem,
2824 3327 2957 3366 eum
2991 3328 3095 3382 ego
3129 3328 3304 3383 super
3334 3310 3675 3382 hujusmodi
3708 3326 3922 3382 parum

2218 3400 2360 3470 quid
2411 3399 2762 3467 dubitarem,
2793 3400 3103 3472 completis
3170 3400 3613 3457 matutinalibus
3664 3399 3929 3472 hymnis,

2218 3488 2651 3545 mansionarius
2683 3490 2983 3546 candelam
3014 3491 3310 3547 exstinxit.
3346 3490 3529 3555 Quam
3565 3494 3694 3562 post
3726 3506 3929 3561 vespe-

2218 3596 2344 3636 rum
2375 3581 2723 3635 succendere
2754 3580 3012 3650 cupiens,
3055 3597 3357 3637 accensam
3391 3582 3599 3653 reperit
3633 3596 3646 3646 ;
3678 3596 3927 3651 eamque

2218 3687 2279 3726 se
2313 3668 2672 3741 negligenter
2690 3669 3035 3726 exstinxisse
3051 3672 3436 3741 perpendens,
3456 3673 3545 3724 die
3562 3670 3742 3725 altera
3768 3668 3932 3724 solli-

2217 3759 2388 3814 citius
2436 3774 2671 3830 prorsus
2691 3759 2965 3815 exstinxit
2999 3777 3012 3826 ;
3046 3764 3102 3815 et
3125 3760 3407 3816 obseratis
3457 3759 3679 3830 januis,
3713 3759 3785 3814 ad
3818 3775 3926 3813 ve-

2218 3865 2453 3920 sperum
2489 3864 2875 3904 succensurus
2907 3848 3233 3920 lampadem
3277 3850 3575 3904 remeavit.
3611 3847 3795 3911 Quam
3824 3848 3923 3901 ubi

2220 3939 2603 3996 nihilominus
2636 3956 2936 3996 accensam
2974 3942 3207 4011 reperit,
3239 3957 3306 3996 ex
3346 3940 3701 3996 conscientia
3730 3954 3929 3993 serva-

2219 4035 2288 4085 tae
2317 4048 2350 4085 a
2381 4047 2442 4085 se
2466 4030 2661 4099 clavis,
2684 4035 2739 4086 et
2769 4030 3049 4085 miraculo
3075 4048 3189 4085 non
3213 4030 3487 4086 diminuti
3513 4029 3644 4092 olei,
3671 4028 3930 4100 profecto

2220 4119 2492 4191 cognovit
2523 4119 2661 4190 quia
2719 4119 3043 4190 lampadem
3079 4119 3177 4175 ille
3231 4118 3633 4184 succenderat,
3696 4116 3820 4189 qui,
3857 4132 3932 4172 ne

2219 4208 2410 4265 oleum
2446 4209 2501 4263 in
2535 4226 2601 4264 ea
2632 4210 2841 4264 diurna
2889 4209 3267 4265 succensione
3299 4207 3484 4264 minui
3510 4207 3811 4279 potuisset,
3835 4205 3931 4261 di-

2218 4299 2435 4355 vinitus
2467 4299 2795 4369 ampliarat.
2827 4322 2852 4348 »

2288 4390 2378 4444 59.
2414 4388 2627 4443 Harum
2667 4389 2904 4459 quidem
2946 4389 3216 4455 vestium,
3251 4388 3401 4444 sicut
3451 4388 3675 4460 opinor,
3723 4384 3933 4455 altera,

409 4480 641 4547 potente
670 4475 786 4530 Deo
810 4474 1036 4529 conﬁdo
1088 4474 1225 4545 quia
1254 4473 1414 4529 nullo
1464 4474 1637 4530 modo
1674 4474 2109 4547 benignissima
2141 4452 2186 4517 D
2222 4497 2349 4550 quas
2399 4480 2783 4535 strictioribus
2838 4479 3084 4535 manicis
3116 4452 3364 4545 constat,
3416 4452 3698 4534 veraciter
3738 4452 3929 4532 sancti

408 4566 563 4623 118
598 4572 791 4620 vestras
822 4562 1097 4618 voluntati
1130 4563 1464 4633 surripitur,
1501 4568 1558 4620 et
1604 4570 1940 4621 sanctorum
1974 4583 2114 4637 apo-

410 4655 689 4713 stolorum
721 4654 1018 4723 virtutem,
1052 4669 1200 4722 quos
1256 4658 1378 4708 toto
1436 4654 1610 4710 corde
1658 4659 1715 4710 et
1744 4658 1936 4711 mente
1979 4655 2110 4711 dili-

409 4746 566 4821 gitis,
601 4760 712 4801 non
746 4759 813 4799 ex
835 4742 1117 4814 corporali
1146 4743 1470 4812 praesentia,
1505 4745 1603 4800 sed
1632 4761 1699 4800 ex
1731 4745 2105 4816 profectione.

410 4850 646 4908 semper
704 4832 1010 4889 habebitis.
1061 4832 1371 4888 Sudarium
1416 4849 1570 4900 vero,
1630 4835 1782 4904 quod
1840 4834 2112 4890 similiter

406 4923 732 4984 transmitti
754 4921 1033 4994 jussislis,
1065 4937 1195 4976 cum
1228 4937 1463 4993 corpore
1492 4923 1617 4993 ejus
1654 4927 1743 4978 est
1775 4940 1787 4978 :
1818 4926 1971 4995 quod
2031 4925 2112 4980 ita

412 5016 576 5087 tangi
610 5030 723 5070 non
750 5016 957 5085 potest,
984 5010 1138 5067 sicut
1168 5026 1273 5067 nec
1325 5010 1399 5066 ad
1428 5027 1638 5082 corpus
1668 5012 1826 5068 illius
1890 5014 2107 5070 accedi-

412 5104 523 5158 Sed
555 5104 692 5174 quia
721 5101 1107 5159 serenissima
1130 5101 1378 5157 dominas
1398 5106 1513 5157 tam
1529 5100 1866 5173 religiosum
1881 5102 2107 5159 deside-

414 5190 562 5245 rium
598 5207 725 5245 esse
756 5208 1000 5247 vacuum
1037 5206 1151 5247 non
1204 5189 1393 5255 debet,
1428 5190 1499 5246 de
1540 5190 1761 5245 catenis
1792 5208 1937 5263 quas
1987 5191 2113 5262 ipse

414 5284 645 5334 sanctus
668 5278 877 5336 Paulus
908 5279 1207 5351 apostolus
1236 5279 1296 5335 in
1324 5279 1592 5336 manibus
1613 5278 1827 5336 etcollo
1845 5282 2112 5352 gestavit,

411 5384 481 5425 ex
513 5368 725 5438 quibus
748 5370 928 5425 multa
951 5371 1233 5428 miracula
1275 5371 1335 5426 in
1358 5371 1570 5444 populo
1618 5372 2113 5441 demonstrantur,

414 5462 639 5531 partem
669 5457 833 5514 vobis
863 5458 1118 5529 aliquam
1166 5462 1560 5519 transmittere
1607 5462 1917 5531 festinabo,
1950 5462 2000 5519 si
2026 5466 2113 5519 ta-

414 5565 549 5607 men
580 5548 730 5609 hauc
762 5547 958 5604 tollere
988 5550 1247 5606 limando
1292 5550 1525 5609 valuere
1562 5570 1574 5609 :
1605 5553 1763 5625 quia,
1806 5553 1948 5609 dum
2009 5554 2116 5610 fre-

405 5642 652 5711 quenter
681 5652 747 5715 ex
780 5636 999 5695 catenis
1043 5636 1262 5694 eisdem
1299 5639 1463 5696 multi
1489 5643 1755 5709 veniunt,
1788 5646 1842 5700 et
1874 5643 2134 5701 benedim

2221 4570 2467 4626 Joannis
2497 4573 2585 4625 est
2618 4569 2838 4634 tunica,
2868 4586 3043 4641 quam
3079 4569 3284 4624 beatus
3317 4568 3620 4642 Gregorius
3650 4582 3757 4623 suo
3793 4570 3933 4621 tem-

2221 4677 2375 4732 pore,
2433 4660 2684 4731 quodam
2745 4660 3013 4730 episcopo
3065 4659 3382 4727 deferente,
3443 4660 3724 4729 suscepit.
3768 4655 3935 4713 Unde

2216 4750 2426 4805 Joanni
2472 4748 2662 4803 abbati
2705 4748 2858 4803 inter
2897 4756 3099 4802 caetera
3147 4748 3367 4815 scribit,
3402 4748 3599 4803 dicens
3631 4764 3643 4801 :
3679 4769 3705 4795 «
3738 4747 3812 4802 De
3845 4750 3937 4801 tu-

2220 4840 2351 4894 nica
2380 4838 2565 4893 sancti
2595 4838 2837 4893 Joannis
2889 4838 3127 4893 omnino
3159 4846 3312 4907 grate
3358 4837 3615 4909 suscepi,
3641 4836 3782 4907 quia
3814 4832 3933 4891 sol-

2219 4928 2417 4983 licitus
2476 4927 2632 4982 fuisti
2667 4926 2808 4981 mihi
2846 4927 3126 4982 indicare.
3170 4927 3279 4981 Sed
3315 4928 3545 4982 studeat
3578 4924 3810 4982 dilectio
3838 4929 3941 4979 tua

2222 5017 2365 5073 mibi
2418 5016 2607 5089 ipsam
2668 5016 2944 5084 tunicam,
2998 5016 3301 5085 aut,119
3354 5017 3505 5088 quod
3556 5020 3645 5071 est
3698 5013 3940 5082 melius,

2220 5108 2487 5164 eumdem
2522 5106 2850 5177 episcopum
2884 5106 2985 5177 qui
3008 5121 3126 5160 eam
3161 5105 3353 5173 habet,
3386 5122 3517 5161 eum
3551 5104 3775 5162 clericis
3807 5105 3938 5159 suis

2222 5202 2275 5254 et
2309 5214 2441 5251 eum
2475 5197 2620 5267 ipsa,
2648 5196 2717 5250 ad
2753 5212 2844 5251 me
2879 5196 3309 5251 transmittere:
3347 5202 3631 5267 quatenus
3658 5201 3715 5251 et
3750 5196 3936 5250 bene-

2222 5286 2473 5341 dictione
2503 5284 2706 5340 tunicae
2730 5285 3116 5356 perfruamur,
3143 5291 3199 5340 et
3229 5286 3298 5341 de
3327 5286 3528 5341 eodem
3560 5286 3834 5357 episeopo
3850 5292 3940 5347 vel

2222 5374 2445 5431 clericis
2479 5375 2805 5430 mercedem
2840 5374 3054 5430 habere
3087 5373 3405 5431 valeamus.
3436 5396 3461 5424 ››
3494 5376 3848 5450 (Lib.1u,ep.
3881 5384 3940 5451 3,

2222 5464 2417 5520 Altera
2442 5480 2572 5520 vero
2603 5467 2753 5535 (quae
2774 5463 3123 5536 largioribus
3155 5464 3423 5533 manicis,
3450 5480 3564 5521 non
3588 5467 3809 5535 tunica,
3831 5472 3940 5527 sed

2223 5554 2395 5628 plane
2426 5555 2653 5611 videtur
2678 5571 2806 5612 esse
2845 5554 3202 5626 dalmatica),
3246 5553 3358 5610 nisi
3392 5554 3577 5623 fallor,
3611 5558 3799 5615 sancti
3823 5559 3942 5617 Pa-

2222 5644 2437 5703 schasii
2481 5645 2815 5719 apostolicae
2876 5645 3035 5703 sedis
3093 5643 3320 5703 diaconi
3352 5650 3602 5718 constat,
3634 5647 3942 5721 quijuxta
