4114 6178
186 313 300 376 ns
329 393 334 396 _

737 306 799 366 S.
849 301 1228 366 GREGORII
1274 297 1527 362 MAGNI
1573 298 1782 375 Vl'l‘A,
1827 295 2063 360 AUCT.
2111 298 2412 360 JOANNE
2457 299 2823 365 DIACONO.
2873 305 3018 369 LlB.
3067 309 3167 371 IV.

3595 315 3710 382 174
3742 383 3747 389 ,

185 448 429 506 omnino
490 445 746 506 sollicita
815 458 887 498 ne
938 440 1070 504 hoc.
1113 438 1263 531 quod
1324 437 1769 531 praesumptioni
1813 437 1898 531 in—
1929 439 1980 505 Α
2013 438 2434 531 duplicicorde
2465 441 2689 514 scribit,
2712 446 2767 499 et
2797 445 2910 502 alia
2931 446 3412 512 blandimentain
3445 458 3711 531 epistolis

187 539 426 595 choanti
461 537 650 593 adhuc
680 533 928 598 ceditur,
961 531 1018 586 in
1053 529 1389 602 proﬁciente
1421 528 1676 583 deterius
1713 527 1897 584 vindi-

187 634 370 685 cetur.
401 648 428 675 υ
450 626 519 682 Et
542 627 672 698 post
695 639 881 694 pauca
906 637 919 676 :
944 643 971 670 ‹‹
997 619 1140 674 Illud
1166 632 1359 673 autem
1385 619 1539 690 quod
1584 633 1686 688 pro
1732 621 1898 672 uten-

188 717 276 774 dis
309 733 343 772 a
373 717 532 772 clero
562 717 753 769 vestro
784 708 1079 780 mappulis
1110 706 1448 779 scripsistis,
1483 723 1515 760 a
1563 706 1783 760 nostris
1813 709 1902 760 est

188 805 420 864 clericis
435 801 991 860 fortiterobviatum,
1008 796 1341 853 dicentibus
1358 794 1500 850 nulli
1521 794 1626 850 hoc
1641 811 1900 866 unquam

189 898 311 954 aliae
345 895 587 952 cuilibet
618 907 958 949 concessum
992 887 1248 946 ecclesiae
1290 887 1506 953 fuisse;
1540 902 1644 941 nec
1685 885 1898 941 Raven~

189 991 351 1060 nates
384 985 649 1051 clericos,
683 981 770 1036 vel
805 979 946 1047 illic,
977 978 1066 1034 vel
1111 977 1170 1032 in
1221 976 1484 1032 Romana
1522 974 1755 1031 civitate
1786 975 1900 1032 tale

184 1075 410 1149 aliquid
457 1090 590 1129 cum
642 1088 752 1128 sua
790 1067 1150 1126 conscientia
1183 1063 1647 1139 praesurnpsisse.
1682 1065 1813 1132 Nec,
1847 1063 1898 1119 si

184 1170 474 1224 tentatum
509 1165 685 1227 esset,
717 1176 785 1218 ex
815 1159 1027 1215 furtiva
1061 1155 1442 1228 usurpatione
1473 1154 1584 1209 sibi
1619 1155 1899 1226 prejudi-

182 1257 338 1312 cium
373 1253 662 1327 generari,
695 1251 793 1306 sed
826 1247 1056 1305 etiamsi
1094 1247 1155 1302 in
1190 1245 1451 1318 qualibet
1498 1243 1743 1299 ecclesia
1791 1243 1900 1300 hoc

179 1347 612 1417 praesumptum
628 1339 820 1406 fuerit,
837 1340 1104 1393 asserunt
1124 1333 1552 1391 emendandum
1577 1333 1758 1404 ;quod
1782 1348 1896 1386 non

178 1433 563 1492 concessione
594 1430 745 1488 125
783 1426 1026 1484 Romani
1058 1423 1372 1496 pontificis,
1407 1423 1508 1478 sed
1555 1423 1670 1476 sola
1705 1437 1896 1476 surre-

179 1525 378 1597 ptione
415 1519 814 1594 praesumitur.
845 1517 952 1573 Sed
989 1531 1095 1570 nos
1127 1515 1423 1570 servantes
1475 1510 1753 1566 honorem
1788 1510 1900 1565 fra-

178 1613 446 1672 ternitati
478 1617 616 1677 tua,
649 1610 786 1666 licet
813 1611 1020 1665 contra
1049 1604 1404 1661 voluntatem
1435 1601 1710 1658 antedicti
1761 1599 1898 1656 cleri

180 1704 393 1770 nostri,
438 1709 634 1758 tamen
686 1698 889 1771 primis
938 1695 1199 1752 dissonis
1246 1693 1479 1760 vestris,
1531 1708 1679 1763 quos
1730 1689 1900 1745 nobis

179 1794 426 1886 quidam
458 1788 756 1886 testificati
788 1789 927 1844 sunt
957 1785 1134 1841 etiam
1167 1786 1302 1886 ante
1331 1782 1586 1886 eisusos
1609 1779 1807 1880 fuisse,
1836 1778 1896 1833 in
1928 1821 1973 1886 Β

179 1883 468 1955 obsequio
522 1882 802 1936 duntaxat
850 1885 969 1944 tuo,
1008 1872 1302 1946 mappulis
1352 1871 1435 1928 uti
1479 1868 1891 1940 permittimus.

177 1973 306 2029 Alio
359 1975 566 2026 autem
612 1973 893 2040 tempore,
924 1963 1016 2020 vel
1047 1962 1191 2017 alias
1242 1976 1520 2034 personas
1569 1957 1679 2013 hoc
1727 1973 1896 2029 agere

173 2059 702 2122 vehementissime
728 2055 1128 2130 prohibemus.
1164 2074 1191 2104 »
1229 2050 1371 2121 (Lib.
1405 2065 1492 2118 ιιι,
1524 2065 1608 2121 ep.
1639 2049 1753 2120 56.)

244 2153 299 2208 3.
325 2151 520 2215 Quam
554 2145 905 2206 sententiam
937 2144 1025 2198 vir
1054 2158 1211 2197 vanas
1235 2139 1426 2210 glorias
1453 2138 1895 2210 cupidissimus,

177 2240 600 2299 molestissime
633 2239 839 2304 ferens,
875 2251 976 2308 per
1007 2248 1388 2305 quoscunque
1438 2233 1686 2302 poterat,
1721 2243 1896 2282 usum

176 2332 346 2405 pallii
382 2328 502 2386 sibi
546 2328 770 2384 restitui
815 2340 1169 2396 magnopere
1203 2321 1520 2392 ﬂagitabat.
1545 2317 1646 2373 Cui
1675 2317 1892 2389 Grego-

173 2425 296 2477 rius
321 2420 410 2475 ita
431 2417 670 2488 scripsit
695 2433 706 2470 :
732 2438 760 2465 ‹‹
786 2413 1231 2470 Fraternitatem
1262 2415 1517 2466 vestram
1542 2406 1706 2462 valde
1739 2405 1900 2460 inve-

180 2513 276 2566 nio
309 2507 746 2573 contristatam,
775 2520 875 2577 pro
905 2519 972 2558 eo
995 2502 1147 2574 quod
1180 2500 1238 2555 in
1275 2499 1494 2554 litaniis
1516 2497 1754 2552 induere
1789 2495 1905 2563 pal-

179 2601 328 2656 lium
358 2595 614 2654 rationis
634 2610 885 2651 censura
909 2590 1269 2662 probibetur,
1291 2589 1392 2644 sed
1418 2603 1517 2659 per
1538 2583 1907 2640 excellentis-

181 2691 415 2746 simum
450 2687 782 2741 Romanum
808 2679 1142 2754 patricium,
1165 2683 1218 2733 et
1239 2693 1339 2749 per
1369 2672 1904 2730 eminentissimum

183 2778 560 2851 praefectum,
593 2778 764 2844 atque
795 2787 894 2842 per
921 2769 1066 2824 alios
1096 2766 1346 2823 civitatis
1380 2780 1495 2818 suae
1547 2761 1772 2818 nobiles
1824 2759 1904 2814 vi-

185 2850 281 2926 ros
311 2868 661 2940 importune
693 2863 928 2935 expetit,
982 2864 1045 2916 ut
1097 2858 1201 2915 hoc
1248 2857 1450 2913 debeat
1499 2853 1758 2910 concedi.
1791 2850 1908 2906 Nos

183 2964 388 3017 autem
441 2955 689 3012 sollicite
734 2952 1095 3025 requirentes
1145 2947 1216 3003 ab
1266 2945 1576 3006 Adeodato,
1611 2941 1904 3015 quondam

176 3049 435 3104 diacono
461 3043 840 3100 fraternitatis
871 3045 1003 3107 tum,
1023 3036 1405 3104 cognovimus
1428 3034 1567 3106 quia
1597 3046 1902 3100 nunquam

183 3135 566 3194 consuetudo
617 3133 790 3188 fuerit
837 3125 1241 3186 decessoribus
1292 3125 1431 3184 tuis,
1466 3126 1529 3176 ut
1578 3121 1636 3176 in
1689 3120 1908 3175 litaniis

2006 529 2132 583 suis
2164 529 2414 596 exhibet,
2449 531 2560 586 alia
2589 531 2648 587 in
2682 533 2881 606 lingua
2912 553 3015 592 sua
3049 542 3402 601 smeulariter
3432 529 3707 606 ostendit.

2005 617 2224 708 Deinde
2254 635 2426 690 grave
2460 620 2601 675 mihi
2633 631 2740 693 est,
2766 625 2900 697 quia
2924 627 3221 686 irrisiones
3253 632 3403 702 illas,
3429 652 3577 708 quas
3608 637 3711 693 ha-

2006 707 2141 762 bere
2173 709 2380 762 notarii
2417 709 2606 766 adhuc
2637 714 2801 783 pueri
2839 714 3051 785 solent,
3085 734 3267 791 usque
3318 722 3487 781 hodie
3537 725 3713 783 frater

2006 813 2172 852 meus
2202 796 2454 853 Joannes
2486 799 2544 855 in
2593 801 2790 874 lingua
2822 820 2929 860 sua
2980 808 3203 876 retinet,
3236 812 3590 869 mordaciter
3628 815 3710 871 lo-

2006 887 2224 976 quitur,
2262 893 2318 943 et
2349 891 2518 960 quasi
2550 893 2619 947 de
2649 893 2748 948 tali
2783 894 2992 950 astutia
3019 896 3266 955 laetatur.
3313 903 3527 960 Amicis
3568 922 3713 976 prae-

2006 975 2268 1033 sentibus
2302 978 2623 1049 blanditur,
2658 984 2728 1037 de
2758 983 3100 1043 absentibus
3132 989 3486 1062 obloquitur.
3519 975 3712 1051 Tertio

2005 1082 2177 1138 grave
2202 1068 2345 1122 mihi
2369 1075 2425 1123 et
2447 1071 2685 1127 omnino
2713 1075 3031 1131 execrabile
3061 1081 3168 1144 est,
3194 1081 3327 1152 quia
3358 1083 3541 1138 servis
3565 1085 3710 1152 suis,

2005 1173 2119 1227 qua
2141 1158 2284 1213 hora
2317 1160 2475 1228 furit,
2501 1162 2690 1233 turpia
2712 1163 2959 1221 crimina
2984 1167 3252 1238 imponit,
3278 1179 3338 1224 ut
3373 1172 3713 1239 effeminati,

2005 1248 2061 1301 et
2097 1247 2285 1301 adhuc
2324 1249 2570 1319 graviter
2618 1250 2727 1307 hoc
2785 1255 3045 1324 apertius
3092 1262 3391 1314 vocentur.
3427 1261 3561 1318 Post
3591 1260 3712 1317 haec

2004 1336 2249 1390 accessit
2280 1338 2435 1407 quod
2470 1340 2778 1410 disciplina
2810 1345 2878 1398 ad
2911 1345 3087 1401 vitam
3121 1345 3468 1404 clericorum
3517 1354 3712 1407 custo-

2004 1424 2276 1481 diendam
2313 1427 2473 1483 nulla
2504 1435 2612 1490 est,
2648 1433 2741 1486 sed
2778 1436 3184 1492 tantummodo
3218 1453 3280 1493 se
3310 1437 3539 1494 clericis
3590 1440 3714 1496 suis

2005 1513 2303 1570 dominum
2332 1517 2584 1573 exhibet.
2611 1520 2690 1591 (a)
2723 1520 3004 1578 Ultimum
3037 1541 3168 1580 vero
3201 1531 3305 1593 est,
3332 1528 3485 1599 quod
3517 1533 3714 1585 tamen

2006 1605 2260 1674 pondere
2292 1605 2564 1663 elationis
2595 1609 2860 1680 primum,
2893 1613 3033 1683 quia
3065 1615 3134 1669 de
3187 1633 3291 1671 usu
3343 1616 3501 1688 pallii
3551 1623 3714 1674 extra

2005 1692 2334 1761 ecclesiam,
2366 1697 2514 1764 quod
2544 1701 2906 1770 temporibus
2935 1703 3309 1759 decessorum
3342 1721 3606 1762 meorum
3640 1709 3716 1762 fa-

2006 1798 2134 1838 cere
2199 1801 2501 1856 nunquam
2555 1789 2869 1861 quisquam
2922 1795 3312 1865 prwsumpsit,
3349 1811 3718 1867 nunquama

2005 1871 2408 1929 decessoribus
2440 1876 2567 1946 ejus
2591 1885 3006 1952 praesumptum
3041 1887 3150 1948 est,
3173 1882 3326 1937 sicut
3348 1885 3719 1956 responsales

2006 1963 2188 2018 nostri
2222 1967 2526 2032 testantur,
2561 1971 2795 2038 excepto
2828 1969 2942 2025 nisi
2986 1971 3243 2043 reliquias
3285 1973 3714 2031 conderentur:

2006 2052 2158 2122 quod
2214 2057 2407 2107 tamen
2467 2055 2622 2111 126
2672 2058 2742 2112 de
2791 2057 3055 2131 reliquiis
3105 2075 3256 2116 unus
3306 2063 3718 2119 tantummodo

2009 2141 2198 2213 potuit
2227 2141 2469 2197 inveniri
2498 2145 2596 2215 qui
2630 2146 2866 2215 diceret,
2894 2149 3040 2204 meis
3071 2149 3279 2206 diebus
3300 2149 3359 2205 in
3379 2151 3716 2223 despectum

2012 2248 2232 2297 meum,
2257 2249 2389 2287 cum
2416 2250 2646 2290 summa
2667 2237 2913 2293 audacia
2936 2255 3048 2294 non
3091 2239 3283 2295 solum
3321 2241 3587 2310 faciebat,
3617 2244 3716 2298 sed

2010 2322 2186 2377 etiam
2225 2324 2644 2392 frequentabat.
2677 2327 2752 2381 Ex
2783 2329 3001 2399 quibus
3025 2329 3299 2385 omnibus
3332 2333 3563 2388 invenio
3586 2333 3722 2404 quia

2012 2409 2196 2466 honor
2244 2412 2614 2483 episcopatus
2661 2417 2834 2472 vestri
2879 2422 3037 2474 totus
3086 2419 3236 2475 foras
3288 2419 3346 2474 in
3389 2421 3722 2478 ostensione

2014 2507 2120 2587 est,
2156 2515 2268 2555 non
2303 2500 2362 2556 in
2398 2507 2608 2558 mente.
2645 2504 2711 2559 Et
2742 2505 2974 2577 quidem
3007 2523 3114 2580 ago
3167 2507 3556 2580 omnipotenti
3607 2515 3720 2567 Deo

2015 2589 2252 2659 gratias,
2288 2589 2418 2660 quia
2478 2607 2541 2646 eo
2587 2597 2864 2665 tempore,
2901 2611 3016 2666 quo
3058 2597 3128 2651 ad
3161 2612 3254 2652 me
3287 2596 3392 2653 hoc
3439 2599 3717 2669 pervenit,

2018 2675 2173 2745 quod
2206 2677 2271 2731 ad
2297 2693 2470 2733 aures
2501 2680 2872 2736 decessorum
2898 2699 3158 2738 meorum
3193 2701 3493 2757 nunquam
3528 2702 3723 2757 perve-

2019 2771 2205 2830 nerat,
2230 2765 2592 2837 Langobardi
2615 2768 2764 2823 inter
2796 2785 2884 2824 me
2915 2775 2971 2826 et
3000 2773 3393 2829 Ravennatem
3426 2775 3718 2831 civitatem

2019 2852 2189 2925 positi
2209 2854 2459 2911 fuerant.
2485 2855 2629 2912 Nam
2656 2859 2960 2916 ostendere
2983 2860 3223 2916 forsitan
3249 2861 3588 2920 hominibus
3610 2864 3716 2920 ha~

2018 2944 2141 3012 bui,
2174 2956 2452 3018 quantum
2488 2948 2602 3002 scio
2635 2964 2760 3003 esse
2792 2949 3112 3007 districtus.
3144 2951 3226 3007 Ne
3249 2955 3446 3008 autem
3493 2954 3717 3022 credas,

2020 3034 2158 3107 quia
2187 3050 2293 3106 ego
2323 3034 2628 3091 ecclesiam
2656 3039 2816 3091 tuam
2841 3037 2897 3090 in
2931 3037 3126 3110 aliquo
3148 3040 3378 3110 gravari
3398 3046 3499 3095 aut
3531 3041 3715 3097 minui

2019 3125 2167 3191 volo,
2218 3125 2519 3180 recnrdare
2550 3125 2606 3178 in
2644 3127 2958 3182 missarum
3021 3128 3413 3185 Romanarum
3445 3129 3718 3186 solemni-

184 3226 391 3300 ρι1ιὶο,
425 3223 542 3280 nisi
593 3222 649 3277 in
701 3219 1066 3277 solemnitate
1112 3213 1264 3272 beati
1309 3213 1558 3269 Joannis
1612 3211 1899 3300 Baptista,
1933 3196 1984 3262 Ο
2016 3216 2142 3282 bus,
2179 3213 2276 3268 ubi
2328 3214 2629 3270 Ravennae
2679 3216 2956 3272 diaconus
3009 3221 3224 3288 stabat,
3255 3224 3315 3273 et
3345 3217 3576 3290 require
3617 3219 3716 3276 ubi

181 3299 345 3372 beati
392 3313 549 3371 Petri
605 3308 850 3383 apostoli
901 3313 957 3365 et
1005 3306 1157 3363 beati
1205 3302 1481 3375 martyris
1529 3299 1907 3370 Apollinaris,

181 3410 521 3463 uterentur.
564 3401 668 3457 Cui
717 3399 954 3472 quidem
1005 3410 1374 3469 nequaquam
1423 3393 1652 3448 credere
1703 3389 1905 3444 debui-

181 3513 349 3564 mus,
381 3493 521 3566 quia
565 3490 736 3548 multi
771 3489 922 3560 apud
958 3487 1244 3544 civitatem
1281 3481 1654 3539 fraternitatis
1707 3490 1906 3535 vestrae

183 3583 571 3657 rssponsalss
602 3581 816 3652 saepius
846 3580 1100 3644 fuerunt,
1134 3575 1232 3648 qui
1275 3589 1338 3630 se
1369 3574 1620 3628 fatentur
1667 3569 1777 3626 tale
1808 3567 1909 3624 ali-

182 3676 332 3749 quid
373 3687 676 3744 nunquam
701 3669 960 3737 vidisse;
991 3671 1048 3722 et
1079 3665 1186 3721 hac
1231 3663 1301 3719 de
1349 3679 1429 3730 re,
1462 3659 1664 3716 multis
1714 3659 1908 3731 potius

183 3745 557 3820 credendum
603 3763 713 3828 est,
744 3774 922 3830 quam
971 3754 1073 3812 uni
1121 3771 1224 3827 pro
1265 3769 1373 3809 sua
1403 3749 1652 3807 ecclesia
1683 3745 1905 3820 aliquid

180 3851 518 3912 attestanti.
549 3850 658 3908 Sed
709 3849 849 3921 quia
897 3863 1004 3904 nos
1036 3844 1458 3901 fraternitatem
1489 3843 1742 3895 vestram
1775 3853 1908 3892 con-

179 3942 424 4002 tristari
457 3940 758 4007 nolumus,
791 3943 848 3994 et
898 3936 1232 4010 petitionem
1284 3932 1537 3987 filiorum
1572 3940 1908 3985 nostrorum

183 4034 356 4108 apud
389 4047 500 4088 nos
544 4029 777 4086 minime
814 4025 1110 4091 frustrari,
1143 4039 1315 4080 usum
1347 4020 1526 4092 pallii,
1558 4020 1741 4074 donec
1772 4017 1910 4072 sub-

180 4107 361 4180 tilius
391 4120 709 4191 veriusque
740 4115 956 4188 aliquid
990 4127 1438 4186 cognoscamus,
1473 4110 1530 4164 in
1565 4107 1783 4163 litaniis
1814 4123 1907 4162 so-

178 4213 518 4278 lemnibus,
543 4211 602 4264 id
633 4213 723 4266 est
745 4209 838 4262 die
870 4204 1131 4262 natalitio
1164 4201 1318 4258 beati
1349 4198 1590 4256 Joannis
1614 4198 1908 4269 Baptistae,

178 4313 237 4360 et
273 4301 436 4358 beati
481 4300 632 4356 Petri
665 4296 935 4371 apostoli,
967 4300 1023 4352 et
1051 4292 1207 4349 beati
1241 4289 1589 4362 Apollinaris
1620 4287 1911 4360 martyris,

181 4399 374 4466 atque
424 4389 487 4445 in
541 4385 930 4444 ordinationis
977 4387 1176 4438 vestra:
1225 4379 1606 4436 celebratione
1636 4373 1910 4431 concedi-

183 4464 351 4540 mus.
377 4480 445 4537 In
478 4476 790 4535 secretario
814 4490 948 4529 vero
975 4471 1300 4529 secundum
1328 4482 1546 4524 morem
1573 4464 1908 4536 pristinum,

2016 3305 2186 3360 hodie
2217 3309 2365 3360 stat:
2391 3311 2446 3360 et
2476 3320 2792 3376 cognosces
2826 3307 2960 3378 quia
2985 3308 3376 3364 Ravennatem
3410 3307 3718 3366 ecclesiam

2018 3394 2302 3450 honorare
2331 3396 2621 3452 desidero.
2654 3397 2763 3452 Sed
2800 3403 2863 3452 ut
2898 3399 3256 3471 quicumque
3306 3399 3607 3472 quodlibet
3654 3417 3723 3457 ex

2017 3485 2292 3555 superbia
2325 3485 2587 3557 arripiat,
2623 3485 2730 3541 hoc
2761 3502 2865 3558 ego
2896 3487 3142 3543 tolerare
3175 3504 3289 3544 non
3321 3505 3597 3561 possum:
3632 3494 3725 3545 ta-

2019 3590 2152 3629 men
2177 3575 2284 3632 bac
2315 3576 2382 3630 de
2425 3592 2484 3631 re
2508 3578 2629 3648 jam
2654 3577 2894 3633 diacono
2928 3583 3122 3635 nostro
3153 3580 3724 3653 Constantinopolim

2018 3663 2240 3734 scripsi,
2274 3673 2334 3720 ut
2394 3682 2494 3736 per
2550 3683 2755 3722 omnes
2788 3667 2887 3739 qui
2920 3668 3027 3723 sub
3067 3685 3130 3725 se
3159 3670 3330 3724 etiam
3384 3670 3638 3726 tricenos
3669 3673 3726 3726 et

2019 3753 2428 3825 quadragenos
2488 3755 2796 3827 episcopos
2848 3755 3084 3824 habent,
3138 3757 3430 3829 requirere
3494 3757 3720 3815 debeat.

2021 3847 2087 3898 Et
2126 3843 2312 3898 sicubi
2339 3845 2444 3899 iste
2477 3861 2619 3899 usus
2650 3849 2758 3911 est,
2785 3849 2849 3899 ut
2876 3845 2933 3900 in
2967 3845 3180 3902 litaniis
3213 3864 3345 3902 cum
3380 3848 3573 3919 palliis
3602 3864 3724 3902 am-

2021 3931 2243 3997 bulent,
2278 3931 2431 3988 absit
2472 3936 2534 3986 ut
2567 3950 2668 4002 per
2713 3950 2805 3988 me
2852 3934 3036 3989 honor
3067 3937 3411 3990 Ravennatis
3465 3935 3725 3991 ecclesias

2021 4022 2080 4076 in
2112 4021 2310 4093 aliquo
2359 4021 2625 4077 imminui
2676 4022 2962 4077 videatur.
2987 4021 3116 4077 Hac
3164 4039 3300 4093 ergo
3348 4023 3561 4087 omnia,
3596 4039 3726 4096 quas

2023 4111 2296 4182 superius
2325 4111 2466 4178 dixi,
2499 4111 2672 4166 frater
2712 4111 3075 4179 charissime,
3101 4112 3389 4180 recogita;
3424 4111 3577 4167 diem
3612 4116 3724 4168 tum

2018 4201 2342 4257 vocationis
2373 4200 2605 4256 attende
2631 4226 2646 4269 ς
2681 4216 2824 4273 quas
2857 4203 3112 4258 rationes
3143 4203 3211 4257 de
3242 4201 3472 4258 sarcina
3509 4202 3729 4274 episcoc

2020 4295 2190 4360 patus
2221 4289 2547 4346 redditurus
2578 4306 2661 4358 es,
2695 4289 3019 4346 considera.
3055 4289 3312 4347 Emenda
3350 4290 3482 4347 illos
3533 4307 3726 4348 more

2021 4379 2234 4434 notarii
2265 4397 2280 4447 ;
2311 4379 2441 4434 vide
2461 4379 2602 4451 quid
2638 4379 2695 4434 in
2729 4379 2948 4450 lingua,
2970 4380 3109 4452 quid
3143 4383 3200 4435 in
3226 4385 3353 4436 actu
3387 4380 3728 4452 episcopum

2022 4470 2242 4524 deceat.
2269 4468 2406 4523 Esto
2438 4473 2594 4522 totus
2624 4483 2808 4538 purus
2840 4467 3112 4523 fratribus
3144 4468 3282 4524 tuis.
3305 4468 3428 4523 Non
3452 4468 3607 4524 aliud
3643 4468 3731 4526 lo-

185 4570 493 4644 susceptia
522 4585 588 4624 ac
634 4565 896 4623 dimissis
927 4561 1186 4619 Ecclesia
1236 4559 1398 4624 filiis,
1429 4556 1670 4612 induere
1720 4559 1914 4609 vestra
1946 4550 1990 4616 D
2025 4558 2245 4631 quaris,
2278 4557 2436 4613 aliud
2469 4557 2528 4612 in
2560 4558 2731 4613 corde
2762 4555 3019 4626 habeas;
3053 4575 3155 4614 nec
3180 4563 3421 4630 appetas
3453 4559 3600 4615 ultra
3649 4560 3728 4615 νί.

183 4660 538 4720 fraternitas
585 4655 830 4730 pallium
882 4655 1106 4718 debeat,
1141 4658 1314 4723 atque
1359 4647 1434 4702 ad
1475 4644 1788 4700 missarum
1824 4658 1914 4698 so-

182 4751 419 4808 lemnia
443 4750 520 4804 ita
544 4744 857 4820 proficisci,
880 4750 936 4800 et
967 4740 1109 4797 nihil
1142 4739 1250 4796 sibi
1280 4734 1531 4809 amplius
1554 4748 1700 4788 ausu
1727 4737 1916 4787 teme-

181 4842 364 4900 raria
400 4835 878 4911 presumptionis
909 4845 1218 4903 arrogare:
1254 4843 1324 4883 ne
1353 4827 1490 4882 dum
1544 4825 1604 4880 in
1645 4821 1912 4879 exteriori

179 4932 406 4988 habitu
460 4926 790 4984 inordinate
823 4922 1037 4995 aliquid
1070 4919 1368 4991 arripitur,
1404 4916 1669 4972 ordinate
1712 4913 1914 4980 etiam,

183 5038 322 5094 qua
356 5019 537 5074 licere
568 5017 856 5089 poterant,
891 5011 1256 5068 amittantur.
1291 5029 1318 5057 η
1351 5006 1490 5078 (Lib.
1522 5022 1578 5073 v,
1611 5019 1694 5076 ep.
1732 5002 1843 5073 ll.)

268 5114 322 5166 4.
361 5109 477 5163 Sed
533 5107 685 5163 idem
727 5104 985 5160 Joannes
1018 5100 1090 5156 ab
1124 5097 1318 5154 inanis
1342 5096 1540 5168 glorias
1573 5092 1914 5157 ambitione,

183 5203 364 5258 freno
420 5196 754 5270 apostolicis
801 5189 1214 5249 moderationis
1262 5185 1572 5250 coercitus,
1605 5184 1674 5239 ad
1716 5181 1919 5238 detra-

179 5291 458 5347 ctionem
504 5285 798 5359 pontiticis
853 5287 1012 5338 tctus
1062 5278 1436 5336 convertitur.
1471 5274 1634 5332 Unde
1667 5270 1918 5344 pruden-

183 5377 477 5434 tissimus
529 5373 788 5446 pontifex
835 5370 918 5427 sic
967 5384 1098 5426 eum
1129 5367 1424 5433 admonet,
1457 5363 1693 5418 dicens:
1729 5383 1756 5411 «
1792 5359 1917 5417 Pri-

177 5482 361 5524 mum
411 5479 507 5520 me
552 5462 660 5519 hoc
709 5460 1018 5519 contristat
1065 5457 1201 5528 quia
1247 5455 1391 5511 mihi
1442 5449 1776 5508 fraternitas
1820 5457 1920 5506 tua

2025 4646 2171 4714 deri,
2206 4660 2378 4716 quam
2414 4660 2495 4711 es,
2529 4649 2594 4699 ut
2623 4645 2810 4716 possis
2844 4644 2998 4700 ultra
3047 4661 3194 4717 esse,
3228 4662 3400 4719 quam
3430 4647 3664 4706 videris.
3698 4667 3725 4719 η

2024 4736 2164 4808 (Lib.
2196 4751 2248 4800 ν,
2281 4751 2364 4806 ep.
2410 4734 2518 4806 15.)
3245 4717 3259 4719 ⁷
3723 4717 3728 4721 ’

2093 4825 2146 4880 5.
2181 4827 2306 4878 Haec
2339 4824 2473 4896 quia
2503 4823 2761 4878 Joannes
2793 4825 3104 4879 emendare
3136 4824 3420 4896 superbia
3453 4825 3603 4880 fastu
3639 4823 3730 4879 de.

2025 4914 2232 4984 spexit,
2267 4915 2469 4968 eodem
2504 4929 2678 4980 anno,
2703 4913 2871 4983 juxta
2905 4913 3061 4984 quod
3092 4913 3398 4985 Gregorius
3436 4913 3487 4968 ei
3521 4911 3727 4982 pracdi-

2023 5012 2206 5072 xerat,
2238 5003 2391 5057 diem
2426 5018 2544 5055 suae
2567 5001 2908 5067 vocationis,
2935 5003 3070 5057 dum
3099 5018 3214 5058 non
3238 5000 3506 5066 attendit,
3530 4999 3729 5054 incur-

2028 5093 2141 5160 rit;
2176 5097 2233 5148 et
2258 5099 2390 5147 ante
2411 5090 2672 5147 tumidus
2703 5090 2947 5163 crepuit,
2970 5106 3144 5161 quam
3176 5087 3480 5146 meruisset
3512 5087 3730 5145 amictu

2025 5181 2183 5254 pallii
2217 5179 2487 5237 saturari.
2521 5179 2696 5252 Cujus
2729 5181 2806 5236 rei
2857 5180 3045 5253 gratia
3089 5177 3399 5250 Gregorius
3444 5176 3734 5234 visitatio-

2025 5287 2156 5327 nem
2194 5269 2542 5327 Ravennatis
2573 5268 2829 5326 ecclesia
2873 5274 3103 5336 Severo,
3136 5265 3396 5322 Ficulino
3438 5265 3731 5340 episcopo.

2024 5359 2350 5416 secundum
2387 5358 2866 5414 consuetudinem
2901 5355 3152 5428 priscam
3186 5355 3580 5426 committens,
3614 5361 3735 5413 Ma-

2025 5447 2347 5510 rinianum,
2380 5443 2750 5512 monachum,
2786 5442 3133 5500 familiarem
3161 5459 3334 5501 suum
3383 5443 3732 5501 Ravennati.

269 5653 346 5718 (a)
381 5646 600 5718 Locum
633 5645 788 5718 hunc
819 5643 1193 5716 depravatum
1226 5641 1284 5697 in
1337 5637 1589 5710 excusis,
1623 5634 2067 5695 emendavimus
2102 5649 2168 5688 ex
2201 5631 2340 5686 Mss.
2378 5637 2498 5686 tum
2522 5631 2692 5689 Joan.
2724 5632 2899 5698 diac.,
2934 5630 3481 5704 tumepistolarum,
3515 5638 3569 5690 et
3600 5650 3732 5690 sen-

187 5716 338 5780 sum
374 5716 764 5775 restituimus’.
