  <div class='ocr_page' id='page_1' title='image "/cluster/home/n/w/nwhite01/storage/ocr_20150623/75/hvd.32044054758800/093.png"; bbox 0 0 4088 6172; ppageno 0'>
   <div class='ocr_carea' id='block_1_1' title="bbox 364 314 476 377">
    <p class='ocr_par' dir='ltr' id='par_1_1' title="bbox 364 314 476 377">
     <span class='ocr_line' id='line_1_1' title="bbox 364 314 476 377; baseline 0.018 -2"><span class='ocrx_word' id='word_1_1' title='bbox 364 314 476 377; x_wconf 77' lang='grc'><strong>175</strong></span> 
     </span>
    </p>
   </div>
   <div class='ocr_carea' id='block_1_2' title="bbox 904 307 3336 387">
    <p class='ocr_par' dir='ltr' id='par_1_2' title="bbox 904 307 3336 387">
     <span class='ocr_line' id='line_1_2' title="bbox 904 307 3336 387; baseline -0.001 -15"><span class='ocrx_word' id='word_1_2' title='bbox 904 310 965 372; x_wconf 90' lang='lat' dir='ltr'><strong>S.</strong></span> <span class='ocrx_word' id='word_1_3' title='bbox 1013 307 1392 372; x_wconf 86' lang='lat' dir='ltr'><strong>GREGORII</strong></span> <span class='ocrx_word' id='word_1_4' title='bbox 1441 309 1687 372; x_wconf 81' lang='lat' dir='ltr'><strong>MAGNI</strong></span> <span class='ocrx_word' id='word_1_5' title='bbox 1734 310 1942 387; x_wconf 82' lang='lat' dir='ltr'><strong>VITA,</strong></span> <span class='ocrx_word' id='word_1_6' title='bbox 1993 309 2221 373; x_wconf 83' lang='lat' dir='ltr'><strong>AUCT.</strong></span> <span class='ocrx_word' id='word_1_7' title='bbox 2268 311 2577 373; x_wconf 76' lang='lat' dir='ltr'><strong>JOANNE</strong></span> <span class='ocrx_word' id='word_1_8' title='bbox 2623 309 2987 372; x_wconf 87' lang='lat' dir='ltr'><strong>DlACONO.</strong></span> <span class='ocrx_word' id='word_1_9' title='bbox 3035 307 3185 371; x_wconf 85' lang='lat' dir='ltr'><strong>LIB.</strong></span> <span class='ocrx_word' id='word_1_10' title='bbox 3234 309 3336 370; x_wconf 75' lang='grc' dir='ltr'><strong>ιν.</strong></span> 
     </span>
    </p>
   </div>
   <div class='ocr_carea' id='block_1_3' title="bbox 3766 311 3878 373">
    <p class='ocr_par' dir='ltr' id='par_1_3' title="bbox 3766 311 3878 373">
     <span class='ocr_line' id='line_1_3' title="bbox 3766 311 3878 373; baseline 0 0"><span class='ocrx_word' id='word_1_11' title='bbox 3766 311 3878 373; x_wconf 78' lang='grc' dir='ltr'><strong>1Ἰϐ</strong></span> 
     </span>
    </p>
   </div>
   <div class='ocr_carea' id='block_1_4' title="bbox 359 451 3876 530">
    <p class='ocr_par' dir='ltr' id='par_1_4' title="bbox 359 451 3876 530">
     <span class='ocr_line' id='line_1_4' title="bbox 359 451 3876 530; baseline -0.001 -15"><span class='ocrx_word' id='word_1_12' title='bbox 359 457 472 516; x_wconf 85' lang='lat' dir='ltr'><strong>bus</strong></span> <span class='ocrx_word' id='word_1_13' title='bbox 519 457 850 530; x_wconf 97' lang='lat' dir='ltr'><strong>episcopum</strong></span> <span class='ocrx_word' id='word_1_14' title='bbox 899 454 1291 521; x_wconf 81' lang='lat' dir='ltr'><strong>consecravit;</strong></span> <span class='ocrx_word' id='word_1_15' title='bbox 1344 453 1436 509; x_wconf 91' lang='lat' dir='ltr'><strong>cui</strong></span> <span class='ocrx_word' id='word_1_16' title='bbox 1469 456 1524 508; x_wconf 89' lang='lat' dir='ltr'><strong>et</strong></span> <span class='ocrx_word' id='word_1_17' title='bbox 1556 451 1806 507; x_wconf 90' lang='lat' dir='ltr'><strong>Pallium</strong></span> <span class='ocrx_word' id='word_1_18' title='bbox 1840 453 2058 525; x_wconf 85' lang='lat' dir='ltr'><strong>dirigit,</strong></span> <span class='ocrx_word' id='word_1_19' title='bbox 2092 456 2144 522; x_wconf 84' lang='grc' dir='ltr'><strong>Λ</strong></span> <span class='ocrx_word' id='word_1_20' title='bbox 2173 455 2364 509; x_wconf 79' lang='lat' dir='ltr'><strong>exitus</strong></span> <span class='ocrx_word' id='word_1_21' title='bbox 2395 453 2751 522; x_wconf 81' lang='lat' dir='ltr'><strong>manifestat,</strong></span> <span class='ocrx_word' id='word_1_22' title='bbox 2783 452 3188 508; x_wconf 80' lang='lat' dir='ltr'><strong>deﬁcientibus</strong></span> <span class='ocrx_word' id='word_1_23' title='bbox 3220 453 3574 511; x_wconf 88' lang='lat' dir='ltr'><strong>testimoniis</strong></span> <span class='ocrx_word' id='word_1_24' title='bbox 3619 470 3718 526; x_wconf 88' lang='lat' dir='ltr'><strong>per</strong></span> <span class='ocrx_word' id='word_1_25' title='bbox 3764 459 3876 513; x_wconf 86' lang='lat' dir='ltr'><strong>tres</strong></span> 
     </span>
    </p>
   </div>
   <div class='ocr_carea' id='block_1_5' title="bbox 360 542 2065 619">
    <p class='ocr_par' dir='ltr' id='par_1_5' title="bbox 360 542 2065 619">
     <span class='ocr_line' id='line_1_5' title="bbox 360 542 2065 619; baseline -0.004 -14"><span class='ocrx_word' id='word_1_26' title='bbox 360 549 620 606; x_wconf 82' lang='lat' dir='ltr'><strong>scribens</strong></span> <span class='ocrx_word' id='word_1_27' title='bbox 644 565 658 604; x_wconf 92' lang='lat'><strong>:</strong></span> <span class='ocrx_word' id='word_1_28' title='bbox 686 569 714 599; x_wconf 76' lang='grc' dir='ltr'><strong><em>α</em></strong></span> <span class='ocrx_word' id='word_1_29' title='bbox 742 546 1087 619; x_wconf 72' lang='grc' dir='ltr'><strong>Αροεῑοιίοω</strong></span> <span class='ocrx_word' id='word_1_30' title='bbox 1110 544 1269 600; x_wconf 88' lang='lat' dir='ltr'><strong>sedis</strong></span> <span class='ocrx_word' id='word_1_31' title='bbox 1293 542 1710 612; x_wconf 85' lang='lat' dir='ltr'><strong>benevolentia,</strong></span> <span class='ocrx_word' id='word_1_32' title='bbox 1732 547 1788 598; x_wconf 88' lang='lat' dir='ltr'><strong>et</strong></span> <span class='ocrx_word' id='word_1_33' title='bbox 1814 543 2065 614; x_wconf 76' lang='lat' dir='ltr'><strong>antiquae</strong></span> 
     </span>
    </p>
   </div>
   <div class='ocr_carea' id='block_1_6' title="bbox 357 633 2065 706">
    <p class='ocr_par' dir='ltr' id='par_1_6' title="bbox 357 633 2065 706">
     <span class='ocr_line' id='line_1_6' title="bbox 357 633 2065 706; baseline -0.005 -11"><span class='ocrx_word' id='word_1_34' title='bbox 357 637 800 696; x_wconf 80' lang='lat' dir='ltr'><strong>consuetudinis</strong></span> <span class='ocrx_word' id='word_1_35' title='bbox 818 636 1022 692; x_wconf 83' lang='lat' dir='ltr'><strong>ordine</strong></span> <span class='ocrx_word' id='word_1_36' title='bbox 1043 634 1355 706; x_wconf 75' lang='lat' dir='ltr'><strong>provocati,</strong></span> <span class='ocrx_word' id='word_1_37' title='bbox 1372 633 1718 688; x_wconf 83' lang='lat' dir='ltr'><strong>fraternitati</strong></span> <span class='ocrx_word' id='word_1_38' title='bbox 1743 636 1874 700; x_wconf 76' lang='lat' dir='ltr'><strong>tuae,</strong></span> <span class='ocrx_word' id='word_1_39' title='bbox 1892 649 2065 704; x_wconf 91' lang='lat' dir='ltr'><strong>quam</strong></span> 
     </span>
    </p>
   </div>
   <div class='ocr_carea' id='block_1_7' title="bbox 359 723 2066 794">
    <p class='ocr_par' dir='ltr' id='par_1_7' title="bbox 359 723 2066 794">
     <span class='ocr_line' id='line_1_7' title="bbox 359 723 2066 794; baseline -0.004 -10"><span class='ocrx_word' id='word_1_40' title='bbox 359 728 419 785; x_wconf 91' lang='lat' dir='ltr'><strong>in</strong></span> <span class='ocrx_word' id='word_1_41' title='bbox 439 728 754 785; x_wconf 81' lang='lat' dir='ltr'><strong>Ravennati</strong></span> <span class='ocrx_word' id='word_1_42' title='bbox 779 725 1015 782; x_wconf 86' lang='lat' dir='ltr'><strong>ecclesia</strong></span> <span class='ocrx_word' id='word_1_43' title='bbox 1039 723 1472 794; x_wconf 83' lang='lat' dir='ltr'><strong>gubernationis</strong></span> <span class='ocrx_word' id='word_1_44' title='bbox 1490 727 1715 778; x_wconf 85' lang='lat' dir='ltr'><strong>constat</strong></span> <span class='ocrx_word' id='word_1_45' title='bbox 1739 723 2066 794; x_wconf 79' lang='lat' dir='ltr'><strong>suscepise</strong></span> 
     </span>
    </p>
   </div>
   <div class='ocr_carea' id='block_1_8' title="bbox 360 811 2066 888">
    <p class='ocr_par' dir='ltr' id='par_1_8' title="bbox 360 811 2066 888">
     <span class='ocr_line' id='line_1_8' title="bbox 360 811 2066 888; baseline -0.004 -15"><span class='ocrx_word' id='word_1_46' title='bbox 360 816 640 884; x_wconf 77' lang='lat' dir='ltr'><strong>officium,</strong></span> <span class='ocrx_word' id='word_1_47' title='bbox 665 814 822 888; x_wconf 86' lang='lat' dir='ltr'><strong>pallii</strong></span> <span class='ocrx_word' id='word_1_48' title='bbox 855 831 1027 870; x_wconf 92' lang='lat' dir='ltr'><strong>usum</strong></span> <span class='ocrx_word' id='word_1_49' title='bbox 1065 811 1433 884; x_wconf 72' lang='lat' dir='ltr'><strong>praevidimus</strong></span> <span class='ocrx_word' id='word_1_50' title='bbox 1454 812 1885 867; x_wconf 89' lang='lat' dir='ltr'><strong>concedendum</strong></span> <span class='ocrx_word' id='word_1_51' title='bbox 1913 827 2066 883; x_wconf 91' lang='lat' dir='ltr'><strong>;quo</strong></span> 
     </span>
    </p>
   </div>
   <div class='ocr_carea' id='block_1_9' title="bbox 359 901 2066 972">
    <p class='ocr_par' dir='ltr' id='par_1_9' title="bbox 359 901 2066 972">
     <span class='ocr_line' id='line_1_9' title="bbox 359 901 2066 972; baseline -0.005 -8"><span class='ocrx_word' id='word_1_52' title='bbox 359 923 476 964; x_wconf 88' lang='lat' dir='ltr'><strong>non</strong></span> <span class='ocrx_word' id='word_1_53' title='bbox 507 905 676 962; x_wconf 85' lang='lat' dir='ltr'><strong>aliter</strong></span> <span class='ocrx_word' id='word_1_54' title='bbox 707 905 789 960; x_wconf 85' lang='lat' dir='ltr'><strong>uti</strong></span> <span class='ocrx_word' id='word_1_55' title='bbox 819 909 877 960; x_wconf 87' lang='lat' dir='ltr'><strong>te</strong></span> <span class='ocrx_word' id='word_1_56' title='bbox 907 903 1268 967; x_wconf 88' lang='lat' dir='ltr'><strong>memineris,</strong></span> <span class='ocrx_word' id='word_1_57' title='bbox 1294 902 1405 956; x_wconf 89' lang='lat' dir='ltr'><strong>nisi</strong></span> <span class='ocrx_word' id='word_1_58' title='bbox 1439 901 1495 956; x_wconf 90' lang='lat' dir='ltr'><strong>in</strong></span> <span class='ocrx_word' id='word_1_59' title='bbox 1529 903 1762 972; x_wconf 91' lang='lat' dir='ltr'><strong>propria</strong></span> <span class='ocrx_word' id='word_1_60' title='bbox 1797 910 1904 956; x_wconf 66' lang='lat' dir='ltr'><strong>tum</strong></span> <span class='ocrx_word' id='word_1_61' title='bbox 1936 901 2066 958; x_wconf 75' lang='lat' dir='ltr'><strong>civi-</strong></span> 
     </span>
    </p>
   </div>
   <div class='ocr_carea' id='block_1_10' title="bbox 359 989 2065 1062">
    <p class='ocr_par' dir='ltr' id='par_1_10' title="bbox 359 989 2065 1062">
     <span class='ocr_line' id='line_1_10' title="bbox 359 989 2065 1062; baseline -0.003 -11"><span class='ocrx_word' id='word_1_62' title='bbox 359 995 497 1052; x_wconf 82' lang='lat' dir='ltr'><strong>tatis</strong></span> <span class='ocrx_word' id='word_1_63' title='bbox 511 992 779 1059; x_wconf 90' lang='lat' dir='ltr'><strong>ecclesia,</strong></span> <span class='ocrx_word' id='word_1_64' title='bbox 798 991 1196 1062; x_wconf 87' lang='lat' dir='ltr'><strong>dimissisjam</strong></span> <span class='ocrx_word' id='word_1_65' title='bbox 1223 989 1359 1047; x_wconf 85' lang='lat' dir='ltr'><strong>filiis</strong></span> <span class='ocrx_word' id='word_1_66' title='bbox 1390 990 1710 1062; x_wconf 89' lang='lat' dir='ltr'><strong>procedens</strong></span> <span class='ocrx_word' id='word_1_67' title='bbox 1733 1007 1766 1046; x_wconf 90' lang='lat' dir='ltr'><strong>a</strong></span> <span class='ocrx_word' id='word_1_68' title='bbox 1788 989 2065 1046; x_wconf 86' lang='lat' dir='ltr'><strong>salutato-</strong></span> 
     </span>
    </p>
   </div>
   <div class='ocr_carea' id='block_1_11' title="bbox 360 1077 2068 1142">
    <p class='ocr_par' dir='ltr' id='par_1_11' title="bbox 360 1077 2068 1142">
     <span class='ocr_line' id='line_1_11' title="bbox 360 1077 2068 1142; baseline -0.005 0"><span class='ocrx_word' id='word_1_69' title='bbox 360 1083 443 1142; x_wconf 84' lang='lat' dir='ltr'><strong>rio</strong></span> <span class='ocrx_word' id='word_1_70' title='bbox 475 1083 543 1139; x_wconf 83' lang='lat' dir='ltr'><strong>ad</strong></span> <span class='ocrx_word' id='word_1_71' title='bbox 578 1098 740 1140; x_wconf 89' lang='lat' dir='ltr'><strong>sacra</strong></span> <span class='ocrx_word' id='word_1_72' title='bbox 772 1080 1078 1137; x_wconf 85' lang='lat' dir='ltr'><strong>missarum</strong></span> <span class='ocrx_word' id='word_1_73' title='bbox 1114 1079 1394 1135; x_wconf 89' lang='lat' dir='ltr'><strong>solemnia</strong></span> <span class='ocrx_word' id='word_1_74' title='bbox 1425 1077 1790 1136; x_wconf 90' lang='lat' dir='ltr'><strong>celebranda.</strong></span> <span class='ocrx_word' id='word_1_75' title='bbox 1817 1077 2068 1134; x_wconf 88' lang='lat' dir='ltr'><strong>Peractis</strong></span> 
     </span>
    </p>
   </div>
   <div class='ocr_carea' id='block_1_12' title="bbox 360 1167 2062 1241">
    <p class='ocr_par' dir='ltr' id='par_1_12' title="bbox 360 1167 2062 1241">
     <span class='ocr_line' id='line_1_12' title="bbox 360 1167 2062 1241; baseline -0.003 -12"><span class='ocrx_word' id='word_1_76' title='bbox 360 1189 491 1231; x_wconf 81' lang='lat' dir='ltr'><strong>vero</strong></span> <span class='ocrx_word' id='word_1_77' title='bbox 514 1172 734 1241; x_wconf 86' lang='lat' dir='ltr'><strong>missis,</strong></span> <span class='ocrx_word' id='word_1_78' title='bbox 751 1172 808 1228; x_wconf 90' lang='lat' dir='ltr'><strong>id</strong></span> <span class='ocrx_word' id='word_1_79' title='bbox 828 1172 885 1227; x_wconf 90' lang='lat' dir='ltr'><strong>in</strong></span> <span class='ocrx_word' id='word_1_80' title='bbox 904 1169 1241 1228; x_wconf 88' lang='lat' dir='ltr'><strong>salutatorio</strong></span> <span class='ocrx_word' id='word_1_81' title='bbox 1261 1183 1496 1223; x_wconf 87' lang='lat' dir='ltr'><strong>rursum</strong></span> <span class='ocrx_word' id='word_1_82' title='bbox 1512 1167 1742 1224; x_wconf 83' lang='lat' dir='ltr'><strong>curabis</strong></span> <span class='ocrx_word' id='word_1_83' title='bbox 1758 1168 2062 1240; x_wconf 89' lang='lat' dir='ltr'><strong>deponere.</strong></span> 
     </span>
    </p>
   </div>
   <div class='ocr_carea' id='block_1_13' title="bbox 360 1256 2064 1330">
    <p class='ocr_par' dir='ltr' id='par_1_13' title="bbox 360 1256 2064 1330">
     <span class='ocr_line' id='line_1_13' title="bbox 360 1256 2064 1330; baseline -0.004 -9"><span class='ocrx_word' id='word_1_84' title='bbox 360 1265 531 1321; x_wconf 81' lang='lat' dir='ltr'><strong>Extra</strong></span> <span class='ocrx_word' id='word_1_85' title='bbox 558 1261 862 1320; x_wconf 83' lang='lat' dir='ltr'><strong>ecclesiam</strong></span> <span class='ocrx_word' id='word_1_86' title='bbox 897 1275 1027 1319; x_wconf 84' lang='lat' dir='ltr'><strong>vero</strong></span> <span class='ocrx_word' id='word_1_87' title='bbox 1059 1275 1172 1315; x_wconf 91' lang='lat' dir='ltr'><strong>non</strong></span> <span class='ocrx_word' id='word_1_88' title='bbox 1207 1257 1462 1330; x_wconf 87' lang='lat' dir='ltr'><strong>amplius</strong></span> <span class='ocrx_word' id='word_1_89' title='bbox 1494 1256 1594 1312; x_wconf 93' lang='lat' dir='ltr'><strong>illo</strong></span> <span class='ocrx_word' id='word_1_90' title='bbox 1623 1256 1748 1318; x_wconf 86' lang='lat' dir='ltr'><strong>tibi.</strong></span> <span class='ocrx_word' id='word_1_91' title='bbox 1778 1257 1885 1312; x_wconf 91' lang='lat' dir='ltr'><strong>nisi</strong></span> <span class='ocrx_word' id='word_1_92' title='bbox 1920 1274 2064 1330; x_wconf 87' lang='lat' dir='ltr'><strong>qua-</strong></span> 
     </span>
    </p>
   </div>
   <div class='ocr_carea' id='block_1_14' title="bbox 361 1348 2065 1422">
    <p class='ocr_par' dir='ltr' id='par_1_14' title="bbox 361 1348 2065 1422">
     <span class='ocr_line' id='line_1_14' title="bbox 361 1348 2065 1422; baseline -0.004 -12"><span class='ocrx_word' id='word_1_93' title='bbox 361 1358 452 1410; x_wconf 87' lang='lat' dir='ltr'><strong>ter</strong></span> <span class='ocrx_word' id='word_1_94' title='bbox 480 1352 540 1410; x_wconf 90' lang='lat' dir='ltr'><strong>in</strong></span> <span class='ocrx_word' id='word_1_95' title='bbox 590 1369 742 1410; x_wconf 88' lang='lat' dir='ltr'><strong>anno</strong></span> <span class='ocrx_word' id='word_1_96' title='bbox 775 1353 833 1408; x_wconf 92' lang='lat' dir='ltr'><strong>in</strong></span> <span class='ocrx_word' id='word_1_97' title='bbox 881 1350 1126 1420; x_wconf 89' lang='lat' dir='ltr'><strong>litaniis,</strong></span> <span class='ocrx_word' id='word_1_98' title='bbox 1155 1365 1302 1422; x_wconf 89' lang='lat' dir='ltr'><strong>quas</strong></span> <span class='ocrx_word' id='word_1_99' title='bbox 1352 1348 1424 1404; x_wconf 90' lang='lat' dir='ltr'><strong>ad</strong></span> <span class='ocrx_word' id='word_1_100' title='bbox 1481 1348 1844 1403; x_wconf 87' lang='lat' dir='ltr'><strong>decessorem</strong></span> <span class='ocrx_word' id='word_1_101' title='bbox 1895 1351 2065 1403; x_wconf 91' lang='lat' dir='ltr'><strong>tuum</strong></span> 
     </span>
    </p>
   </div>
   <div class='ocr_carea' id='block_1_15' title="bbox 365 1436 2063 1513">
    <p class='ocr_par' dir='ltr' id='par_1_15' title="bbox 365 1436 2063 1513">
     <span class='ocr_line' id='line_1_15' title="bbox 365 1436 2063 1513; baseline -0.004 -14"><span class='ocrx_word' id='word_1_102' title='bbox 365 1441 652 1499; x_wconf 88' lang='lat' dir='ltr'><strong>Joannem</strong></span> <span class='ocrx_word' id='word_1_103' title='bbox 701 1440 1123 1513; x_wconf 85' lang='lat' dir='ltr'><strong>expressimus,</strong></span> <span class='ocrx_word' id='word_1_104' title='bbox 1148 1439 1230 1494; x_wconf 92' lang='lat' dir='ltr'><strong>uti</strong></span> <span class='ocrx_word' id='word_1_105' title='bbox 1264 1436 1682 1508; x_wconf 87' lang='lat' dir='ltr'><strong>permittimus.</strong></span> <span class='ocrx_word' id='word_1_106' title='bbox 1716 1437 1858 1508; x_wconf 84' lang='lat' dir='ltr'><strong>(Lib.</strong></span> <span class='ocrx_word' id='word_1_107' title='bbox 1892 1454 1948 1505; x_wconf 72' lang='grc' dir='ltr'><strong>ν,</strong></span> <span class='ocrx_word' id='word_1_108' title='bbox 1980 1453 2063 1508; x_wconf 55' lang='lat' dir='ltr'><strong>ep.</strong></span> 
     </span>
    </p>
   </div>
   <div class='ocr_carea' id='block_1_16' title="bbox 361 1531 961 1603">
    <p class='ocr_par' dir='ltr' id='par_1_16' title="bbox 361 1531 961 1603">
     <span class='ocr_line' id='line_1_16' title="bbox 361 1531 961 1603; baseline -0.003 -15"><span class='ocrx_word' id='word_1_109' title='bbox 361 1531 467 1600; x_wconf 66' lang='lat'><strong>{5;</strong></span> <span class='ocrx_word' id='word_1_110' title='bbox 501 1532 600 1588; x_wconf 71' lang='lat' dir='ltr'><strong>lib.</strong></span> <span class='ocrx_word' id='word_1_111' title='bbox 631 1550 688 1600; x_wconf 83' lang='grc' dir='ltr'><strong>ν,</strong></span> <span class='ocrx_word' id='word_1_112' title='bbox 720 1547 805 1603; x_wconf 80' lang='lat' dir='ltr'><strong>ep.</strong></span> <span class='ocrx_word' id='word_1_113' title='bbox 838 1531 961 1601; x_wconf 83' lang='lat'><strong>56.)</strong></span> 
     </span>
    </p>
   </div>
   <div class='ocr_carea' id='block_1_17' title="bbox 429 1615 2066 1688">
    <p class='ocr_par' dir='ltr' id='par_1_17' title="bbox 429 1615 2066 1688">
     <span class='ocr_line' id='line_1_17' title="bbox 429 1615 2066 1688; baseline -0.004 -12"><span class='ocrx_word' id='word_1_114' title='bbox 429 1621 483 1676; x_wconf 83' lang='grc'><strong>6.</strong></span> <span class='ocrx_word' id='word_1_115' title='bbox 519 1621 625 1676; x_wconf 90' lang='lat' dir='ltr'><strong>Sed</strong></span> <span class='ocrx_word' id='word_1_116' title='bbox 661 1619 1046 1687; x_wconf 86' lang='lat' dir='ltr'><strong>Marinianus,</strong></span> <span class='ocrx_word' id='word_1_117' title='bbox 1077 1617 1422 1673; x_wconf 90' lang='lat' dir='ltr'><strong>clericorum</strong></span> <span class='ocrx_word' id='word_1_118' title='bbox 1455 1631 1693 1671; x_wconf 90' lang='lat' dir='ltr'><strong>suorum</strong></span> <span class='ocrx_word' id='word_1_119' title='bbox 1736 1615 2066 1688; x_wconf 89' lang='lat' dir='ltr'><strong>suggestio-</strong></span> 
     </span>
    </p>
   </div>
   <div class='ocr_carea' id='block_1_18' title="bbox 360 1704 2065 1778">
    <p class='ocr_par' dir='ltr' id='par_1_18' title="bbox 360 1704 2065 1778">
     <span class='ocr_line' id='line_1_18' title="bbox 360 1704 2065 1778; baseline -0.005 -11"><span class='ocrx_word' id='word_1_120' title='bbox 360 1710 537 1767; x_wconf 89' lang='lat' dir='ltr'><strong>nibus</strong></span> <span class='ocrx_word' id='word_1_121' title='bbox 565 1708 864 1776; x_wconf 89' lang='lat' dir='ltr'><strong>delinitus,</strong></span> <span class='ocrx_word' id='word_1_122' title='bbox 898 1711 1020 1763; x_wconf 87' lang='lat' dir='ltr'><strong>tam</strong></span> <span class='ocrx_word' id='word_1_123' title='bbox 1064 1723 1166 1778; x_wconf 91' lang='lat' dir='ltr'><strong>per</strong></span> <span class='ocrx_word' id='word_1_124' title='bbox 1213 1705 1506 1760; x_wconf 84' lang='lat' dir='ltr'><strong>Andream</strong></span> <span class='ocrx_word' id='word_1_125' title='bbox 1555 1705 1745 1760; x_wconf 91' lang='lat' dir='ltr'><strong>virum</strong></span> <span class='ocrx_word' id='word_1_126' title='bbox 1799 1704 2065 1773; x_wconf 84' lang='lat' dir='ltr'><strong>magnifi-</strong></span> 
     </span>
    </p>
   </div>
   <div class='ocr_carea' id='block_1_19' title="bbox 360 1793 2064 1870">
    <p class='ocr_par' dir='ltr' id='par_1_19' title="bbox 360 1793 2064 1870">
     <span class='ocr_line' id='line_1_19' title="bbox 360 1793 2064 1870; baseline -0.006 -12"><span class='ocrx_word' id='word_1_127' title='bbox 360 1816 518 1864; x_wconf 89' lang='lat' dir='ltr'><strong>cum,</strong></span> <span class='ocrx_word' id='word_1_128' title='bbox 551 1814 726 1870; x_wconf 87' lang='lat' dir='ltr'><strong>quam</strong></span> <span class='ocrx_word' id='word_1_129' title='bbox 759 1812 861 1870; x_wconf 86' lang='lat' dir='ltr'><strong>per</strong></span> <span class='ocrx_word' id='word_1_130' title='bbox 905 1810 1309 1868; x_wconf 89' lang='lat' dir='ltr'><strong>quoscumque</strong></span> <span class='ocrx_word' id='word_1_131' title='bbox 1356 1798 1641 1866; x_wconf 87' lang='lat' dir='ltr'><strong>potuerat,</strong></span> <span class='ocrx_word' id='word_1_132' title='bbox 1671 1793 1896 1848; x_wconf 88' lang='lat' dir='ltr'><strong>restitui</strong></span> <span class='ocrx_word' id='word_1_133' title='bbox 1944 1809 2064 1848; x_wconf 68' lang='lat' dir='ltr'><strong>suae</strong></span> 
     </span>
    </p>
   </div>
   <div class='ocr_carea' id='block_1_20' title="bbox 359 1883 2066 1958">
    <p class='ocr_par' dir='ltr' id='par_1_20' title="bbox 359 1883 2066 1958">
     <span class='ocr_line' id='line_1_20' title="bbox 359 1883 2066 1958; baseline -0.005 -11"><span class='ocrx_word' id='word_1_134' title='bbox 359 1889 620 1947; x_wconf 65' lang='lat' dir='ltr'><strong>ecclesia</strong></span> <span class='ocrx_word' id='word_1_135' title='bbox 663 1903 835 1943; x_wconf 90' lang='lat' dir='ltr'><strong>usum</strong></span> <span class='ocrx_word' id='word_1_136' title='bbox 869 1886 1022 1958; x_wconf 85' lang='lat' dir='ltr'><strong>pallii</strong></span> <span class='ocrx_word' id='word_1_137' title='bbox 1072 1884 1390 1957; x_wconf 81' lang='lat' dir='ltr'><strong>flagitabat.</strong></span> <span class='ocrx_word' id='word_1_138' title='bbox 1425 1886 1788 1955; x_wconf 85' lang='lat' dir='ltr'><strong>Quapropter</strong></span> <span class='ocrx_word' id='word_1_139' title='bbox 1842 1883 2066 1954; x_wconf 89' lang='lat' dir='ltr'><strong>Grego-</strong></span> 
     </span>
    </p>
   </div>
   <div class='ocr_carea' id='block_1_21' title="bbox 360 1973 2067 2044">
    <p class='ocr_par' dir='ltr' id='par_1_21' title="bbox 360 1973 2067 2044">
     <span class='ocr_line' id='line_1_21' title="bbox 360 1973 2067 2044; baseline -0.005 -8"><span class='ocrx_word' id='word_1_140' title='bbox 360 1980 483 2036; x_wconf 87' lang='lat' dir='ltr'><strong>rius</strong></span> <span class='ocrx_word' id='word_1_141' title='bbox 513 1977 773 2034; x_wconf 89' lang='lat' dir='ltr'><strong>Castorio</strong></span> <span class='ocrx_word' id='word_1_142' title='bbox 795 1975 1151 2032; x_wconf 88' lang='lat' dir='ltr'><strong>cbartulario</strong></span> <span class='ocrx_word' id='word_1_143' title='bbox 1174 1973 1327 2029; x_wconf 89' lang='lat' dir='ltr'><strong>inter</strong></span> <span class='ocrx_word' id='word_1_144' title='bbox 1348 1981 1552 2028; x_wconf 67' lang='lat' dir='ltr'><strong>caetera</strong></span> <span class='ocrx_word' id='word_1_145' title='bbox 1579 1973 1802 2040; x_wconf 86' lang='lat' dir='ltr'><strong>scribit,</strong></span> <span class='ocrx_word' id='word_1_146' title='bbox 1827 1974 2027 2028; x_wconf 90' lang='lat' dir='ltr'><strong>dicens</strong></span> <span class='ocrx_word' id='word_1_147' title='bbox 2055 2006 2067 2044; x_wconf 67' lang='grc' dir='ltr'>ε</span> 
     </span>
    </p>
   </div>
   <div class='ocr_carea' id='block_1_22' title="bbox 360 2063 2072 2137">
    <p class='ocr_par' dir='ltr' id='par_1_22' title="bbox 360 2063 2072 2137">
     <span class='ocr_line' id='line_1_22' title="bbox 360 2063 2072 2137; baseline -0.002 -17"><span class='ocrx_word' id='word_1_148' title='bbox 360 2091 390 2120; x_wconf 74' lang='grc' dir='ltr'><strong><em>α</em></strong></span> <span class='ocrx_word' id='word_1_149' title='bbox 437 2069 564 2125; x_wconf 89' lang='lat' dir='ltr'><strong>Tua</strong></span> <span class='ocrx_word' id='word_1_150' title='bbox 596 2065 959 2137; x_wconf 81' lang='lat' dir='ltr'><strong>experientia</strong></span> <span class='ocrx_word' id='word_1_151' title='bbox 993 2063 1206 2119; x_wconf 88' lang='lat' dir='ltr'><strong>nullius</strong></span> <span class='ocrx_word' id='word_1_152' title='bbox 1257 2079 1590 2135; x_wconf 87' lang='lat' dir='ltr'><strong>personam,</strong></span> <span class='ocrx_word' id='word_1_153' title='bbox 1625 2063 1850 2117; x_wconf 92' lang='lat' dir='ltr'><strong>nullius</strong></span> <span class='ocrx_word' id='word_1_154' title='bbox 1898 2063 2072 2118; x_wconf 89' lang='lat' dir='ltr'><strong>verba</strong></span> 
     </span>
    </p>
   </div>
   <div class='ocr_carea' id='block_1_23' title="bbox 360 2151 2071 2213">
    <p class='ocr_par' dir='ltr' id='par_1_23' title="bbox 360 2151 2071 2213">
     <span class='ocr_line' id='line_1_23' title="bbox 360 2151 2071 2213; baseline -0.004 0"><span class='ocrx_word' id='word_1_155' title='bbox 360 2155 725 2213; x_wconf 87' lang='lat' dir='ltr'><strong>consideret:</strong></span> <span class='ocrx_word' id='word_1_156' title='bbox 760 2153 953 2210; x_wconf 91' lang='lat' dir='ltr'><strong>solum</strong></span> <span class='ocrx_word' id='word_1_157' title='bbox 979 2152 1078 2209; x_wconf 91' lang='lat' dir='ltr'><strong>Dei</strong></span> <span class='ocrx_word' id='word_1_158' title='bbox 1110 2152 1377 2208; x_wconf 91' lang='lat' dir='ltr'><strong>timorem</strong></span> <span class='ocrx_word' id='word_1_159' title='bbox 1410 2157 1467 2208; x_wconf 90' lang='lat' dir='ltr'><strong>et</strong></span> <span class='ocrx_word' id='word_1_160' title='bbox 1499 2151 1907 2206; x_wconf 90' lang='lat' dir='ltr'><strong>rectitudinem</strong></span> <span class='ocrx_word' id='word_1_161' title='bbox 1939 2155 2071 2206; x_wconf 85' lang='lat' dir='ltr'><strong>ante</strong></span> 
     </span>
    </p>
   </div>
   <div class='ocr_carea' id='block_1_24' title="bbox 361 2241 2066 2314">
    <p class='ocr_par' dir='ltr' id='par_1_24' title="bbox 361 2241 2066 2314">
     <span class='ocr_line' id='line_1_24' title="bbox 361 2241 2066 2314; baseline -0.004 -11"><span class='ocrx_word' id='word_1_162' title='bbox 361 2245 561 2303; x_wconf 86' lang='lat' dir='ltr'><strong>oculos</strong></span> <span class='ocrx_word' id='word_1_163' title='bbox 603 2244 850 2312; x_wconf 86' lang='lat' dir='ltr'><strong>habeat;</strong></span> <span class='ocrx_word' id='word_1_164' title='bbox 898 2246 953 2299; x_wconf 91' lang='lat' dir='ltr'><strong>et</strong></span> <span class='ocrx_word' id='word_1_165' title='bbox 1005 2242 1262 2298; x_wconf 89' lang='lat' dir='ltr'><strong>seniores</strong></span> <span class='ocrx_word' id='word_1_166' title='bbox 1325 2257 1627 2314; x_wconf 87' lang='lat' dir='ltr'><strong>personas,</strong></span> <span class='ocrx_word' id='word_1_167' title='bbox 1679 2246 1735 2296; x_wconf 91' lang='lat' dir='ltr'><strong>et</strong></span> <span class='ocrx_word' id='word_1_168' title='bbox 1802 2241 2066 2312; x_wconf 90' lang='lat' dir='ltr'><strong>ejusdem</strong></span> 
     </span>
    </p>
   </div>
   <div class='ocr_carea' id='block_1_25' title="bbox 361 2331 2066 2405">
    <p class='ocr_par' dir='ltr' id='par_1_25' title="bbox 361 2331 2066 2405">
     <span class='ocr_line' id='line_1_25' title="bbox 361 2331 2066 2405; baseline -0.005 -11"><span class='ocrx_word' id='word_1_169' title='bbox 361 2335 616 2394; x_wconf 70' lang='lat' dir='ltr'><strong>ecclesiae</strong></span> <span class='ocrx_word' id='word_1_170' title='bbox 647 2334 1145 2402; x_wconf 88' lang='lat' dir='ltr'><strong>archidiaconum,</strong></span> <span class='ocrx_word' id='word_1_171' title='bbox 1180 2350 1354 2405; x_wconf 89' lang='lat' dir='ltr'><strong>quem</strong></span> <span class='ocrx_word' id='word_1_172' title='bbox 1390 2349 1503 2388; x_wconf 92' lang='lat' dir='ltr'><strong>non</strong></span> <span class='ocrx_word' id='word_1_173' title='bbox 1537 2331 1799 2402; x_wconf 87' lang='lat' dir='ltr'><strong>suspicor</strong></span> <span class='ocrx_word' id='word_1_174' title='bbox 1847 2349 1949 2404; x_wconf 92' lang='lat' dir='ltr'><strong>pro</strong></span> <span class='ocrx_word' id='word_1_175' title='bbox 1981 2331 2066 2388; x_wconf 84' lang='lat' dir='ltr'><strong>al-</strong></span> 
     </span>
    </p>
   </div>
   <div class='ocr_carea' id='block_1_26' title="bbox 360 2422 2066 2496">
    <p class='ocr_par' dir='ltr' id='par_1_26' title="bbox 360 2422 2066 2496">
     <span class='ocr_line' id='line_1_26' title="bbox 360 2422 2066 2496; baseline -0.003 -14"><span class='ocrx_word' id='word_1_176' title='bbox 360 2426 545 2484; x_wconf 89' lang='lat' dir='ltr'><strong>terius</strong></span> <span class='ocrx_word' id='word_1_177' title='bbox 595 2425 814 2481; x_wconf 89' lang='lat' dir='ltr'><strong>honore</strong></span> <span class='ocrx_word' id='word_1_178' title='bbox 865 2426 1142 2496; x_wconf 88' lang='lat' dir='ltr'><strong>pejerare,</strong></span> <span class='ocrx_word' id='word_1_179' title='bbox 1174 2427 1231 2478; x_wconf 91' lang='lat' dir='ltr'><strong>et</strong></span> <span class='ocrx_word' id='word_1_180' title='bbox 1277 2422 1422 2478; x_wconf 88' lang='lat' dir='ltr'><strong>alios</strong></span> <span class='ocrx_word' id='word_1_181' title='bbox 1454 2422 1834 2491; x_wconf 89' lang='lat' dir='ltr'><strong>antiquiores,</strong></span> <span class='ocrx_word' id='word_1_182' title='bbox 1867 2422 1966 2493; x_wconf 88' lang='lat' dir='ltr'><strong>qui</strong></span> <span class='ocrx_word' id='word_1_183' title='bbox 2008 2422 2066 2477; x_wconf 93' lang='lat' dir='ltr'><strong>in</strong></span> 
     </span>
    </p>
   </div>
   <div class='ocr_carea' id='block_1_27' title="bbox 360 2512 2070 2585">
    <p class='ocr_par' dir='ltr' id='par_1_27' title="bbox 360 2512 2070 2585">
     <span class='ocr_line' id='line_1_27' title="bbox 360 2512 2070 2585; baseline -0.003 -12"><span class='ocrx_word' id='word_1_184' title='bbox 360 2514 546 2573; x_wconf 86' lang='lat' dir='ltr'><strong>sacris</strong></span> <span class='ocrx_word' id='word_1_185' title='bbox 579 2513 887 2570; x_wconf 90' lang='lat' dir='ltr'><strong>ordinibus</strong></span> <span class='ocrx_word' id='word_1_186' title='bbox 919 2517 1054 2569; x_wconf 89' lang='lat' dir='ltr'><strong>ante</strong></span> <span class='ocrx_word' id='word_1_187' title='bbox 1081 2512 1323 2568; x_wconf 88' lang='lat' dir='ltr'><strong>Joannis</strong></span> <span class='ocrx_word' id='word_1_188' title='bbox 1369 2512 1623 2584; x_wconf 87' lang='lat' dir='ltr'><strong>episcopi</strong></span> <span class='ocrx_word' id='word_1_189' title='bbox 1658 2515 1920 2585; x_wconf 89' lang='lat' dir='ltr'><strong>tempora</strong></span> <span class='ocrx_word' id='word_1_190' title='bbox 1954 2512 2070 2568; x_wconf 83' lang='lat' dir='ltr'><strong>fue-</strong></span> 
     </span>
    </p>
   </div>
   <div class='ocr_carea' id='block_1_28' title="bbox 360 2601 2065 2677">
    <p class='ocr_par' dir='ltr' id='par_1_28' title="bbox 360 2601 2065 2677">
     <span class='ocr_line' id='line_1_28' title="bbox 360 2601 2065 2677; baseline -0.002 -17"><span class='ocrx_word' id='word_1_191' title='bbox 360 2610 514 2672; x_wconf 87' lang='lat' dir='ltr'><strong>rant,</strong></span> <span class='ocrx_word' id='word_1_192' title='bbox 536 2603 814 2677; x_wconf 80' lang='lat' dir='ltr'><strong>requirat,</strong></span> <span class='ocrx_word' id='word_1_193' title='bbox 837 2602 922 2659; x_wconf 90' lang='lat' dir='ltr'><strong>vel</strong></span> <span class='ocrx_word' id='word_1_194' title='bbox 953 2601 999 2658; x_wconf 90' lang='lat' dir='ltr'><strong>si</strong></span> <span class='ocrx_word' id='word_1_195' title='bbox 1021 2601 1121 2674; x_wconf 90' lang='lat' dir='ltr'><strong>qui</strong></span> <span class='ocrx_word' id='word_1_196' title='bbox 1149 2603 1495 2657; x_wconf 88' lang='lat' dir='ltr'><strong>maturiores</strong></span> <span class='ocrx_word' id='word_1_197' title='bbox 1518 2605 1655 2657; x_wconf 90' lang='lat' dir='ltr'><strong>sunt</strong></span> <span class='ocrx_word' id='word_1_198' title='bbox 1685 2606 1844 2656; x_wconf 79' lang='lat' dir='ltr'><strong>extra</strong></span> <span class='ocrx_word' id='word_1_199' title='bbox 1867 2618 2065 2657; x_wconf 90' lang='lat' dir='ltr'><strong>sacros</strong></span> 
     </span>
    </p>
   </div>
   <div class='ocr_carea' id='block_1_29' title="bbox 361 2691 2069 2763">
    <p class='ocr_par' dir='ltr' id='par_1_29' title="bbox 361 2691 2069 2763">
     <span class='ocr_line' id='line_1_29' title="bbox 361 2691 2069 2763; baseline -0.003 -13"><span class='ocrx_word' id='word_1_200' title='bbox 361 2694 639 2763; x_wconf 86' lang='lat' dir='ltr'><strong>ordines;</strong></span> <span class='ocrx_word' id='word_1_201' title='bbox 673 2693 820 2749; x_wconf 74' lang='lat' dir='ltr'><strong>I21</strong></span> <span class='ocrx_word' id='word_1_202' title='bbox 856 2697 912 2747; x_wconf 91' lang='lat' dir='ltr'><strong>et</strong></span> <span class='ocrx_word' id='word_1_203' title='bbox 943 2691 1179 2747; x_wconf 88' lang='lat' dir='ltr'><strong>veniant</strong></span> <span class='ocrx_word' id='word_1_204' title='bbox 1210 2699 1342 2746; x_wconf 90' lang='lat' dir='ltr'><strong>ante</strong></span> <span class='ocrx_word' id='word_1_205' title='bbox 1372 2707 1582 2761; x_wconf 87' lang='lat' dir='ltr'><strong>corpus</strong></span> <span class='ocrx_word' id='word_1_206' title='bbox 1613 2693 1802 2746; x_wconf 90' lang='lat' dir='ltr'><strong>sancti</strong></span> <span class='ocrx_word' id='word_1_207' title='bbox 1841 2691 2069 2762; x_wconf 87' lang='lat' dir='ltr'><strong>Apolli-</strong></span> 
     </span>
    </p>
   </div>
   <div class='ocr_carea' id='block_1_30' title="bbox 361 2779 2066 2852">
    <p class='ocr_par' dir='ltr' id='par_1_30' title="bbox 361 2779 2066 2852">
     <span class='ocr_line' id='line_1_30' title="bbox 361 2779 2066 2852; baseline -0.001 -14"><span class='ocrx_word' id='word_1_208' title='bbox 361 2783 543 2852; x_wconf 90' lang='lat' dir='ltr'><strong>naris,</strong></span> <span class='ocrx_word' id='word_1_209' title='bbox 576 2793 634 2838; x_wconf 90' lang='lat' dir='ltr'><strong>et</strong></span> <span class='ocrx_word' id='word_1_210' title='bbox 665 2786 820 2836; x_wconf 88' lang='lat' dir='ltr'><strong>tacto</strong></span> <span class='ocrx_word' id='word_1_211' title='bbox 849 2784 976 2852; x_wconf 88' lang='lat' dir='ltr'><strong>ejus</strong></span> <span class='ocrx_word' id='word_1_212' title='bbox 999 2779 1268 2852; x_wconf 90' lang='lat' dir='ltr'><strong>sepulcro</strong></span> <span class='ocrx_word' id='word_1_213' title='bbox 1299 2780 1521 2850; x_wconf 85' lang='lat' dir='ltr'><strong>jurent,</strong></span> <span class='ocrx_word' id='word_1_214' title='bbox 1551 2796 1676 2849; x_wconf 71' lang='lat' dir='ltr'><strong>quis</strong></span> <span class='ocrx_word' id='word_1_215' title='bbox 1705 2782 2066 2837; x_wconf 89' lang='lat' dir='ltr'><strong>consuetudo</strong></span> 
     </span>
    </p>
   </div>
   <div class='ocr_carea' id='block_1_31' title="bbox 363 2868 2068 2940">
    <p class='ocr_par' dir='ltr' id='par_1_31' title="bbox 363 2868 2068 2940">
     <span class='ocr_line' id='line_1_31' title="bbox 363 2868 2068 2940; baseline -0.002 -13"><span class='ocrx_word' id='word_1_216' title='bbox 363 2874 498 2927; x_wconf 87' lang='lat' dir='ltr'><strong>ante</strong></span> <span class='ocrx_word' id='word_1_217' title='bbox 542 2869 790 2925; x_wconf 83' lang='lat' dir='ltr'><strong>Joannis</strong></span> <span class='ocrx_word' id='word_1_218' title='bbox 838 2868 1090 2938; x_wconf 89' lang='lat' dir='ltr'><strong>episcopi</strong></span> <span class='ocrx_word' id='word_1_219' title='bbox 1142 2871 1407 2937; x_wconf 91' lang='lat' dir='ltr'><strong>tempora</strong></span> <span class='ocrx_word' id='word_1_220' title='bbox 1456 2868 1674 2922; x_wconf 85' lang='lat' dir='ltr'><strong>fuerit:</strong></span> <span class='ocrx_word' id='word_1_221' title='bbox 1726 2869 1884 2940; x_wconf 88' lang='lat' dir='ltr'><strong>quia,</strong></span> <span class='ocrx_word' id='word_1_222' title='bbox 1918 2870 2068 2925; x_wconf 90' lang='lat' dir='ltr'><strong>sicut</strong></span> 
     </span>
    </p>
   </div>
   <div class='ocr_carea' id='block_1_32' title="bbox 362 2956 2069 3027">
    <p class='ocr_par' dir='ltr' id='par_1_32' title="bbox 362 2956 2069 3027">
     <span class='ocr_line' id='line_1_32' title="bbox 362 2956 2069 3027; baseline 0 -14"><span class='ocrx_word' id='word_1_223' title='bbox 362 2959 498 3026; x_wconf 86' lang='lat' dir='ltr'><strong>scis,</strong></span> <span class='ocrx_word' id='word_1_224' title='bbox 531 2957 687 3013; x_wconf 88' lang='lat' dir='ltr'><strong>idem</strong></span> <span class='ocrx_word' id='word_1_225' title='bbox 718 2957 805 3011; x_wconf 93' lang='lat' dir='ltr'><strong>vir</strong></span> <span class='ocrx_word' id='word_1_226' title='bbox 835 2956 1080 3011; x_wconf 87' lang='lat' dir='ltr'><strong>multum</strong></span> <span class='ocrx_word' id='word_1_227' title='bbox 1116 2960 1503 3027; x_wconf 70' lang='lat' dir='ltr'><strong>praesumptor</strong></span> <span class='ocrx_word' id='word_1_228' title='bbox 1533 2956 1764 3024; x_wconf 86' lang='lat' dir='ltr'><strong>exstitit,</strong></span> <span class='ocrx_word' id='word_1_229' title='bbox 1795 2963 1851 3012; x_wconf 91' lang='lat' dir='ltr'><strong>et</strong></span> <span class='ocrx_word' id='word_1_230' title='bbox 1884 2957 2069 3014; x_wconf 87' lang='lat' dir='ltr'><strong>multa</strong></span> 
     </span>
    </p>
   </div>
   <div class='ocr_carea' id='block_1_33' title="bbox 361 3045 2064 3118">
    <p class='ocr_par' dir='ltr' id='par_1_33' title="bbox 361 3045 2064 3118">
     <span class='ocr_line' id='line_1_33' title="bbox 361 3045 2064 3118; baseline -0.001 -15"><span class='ocrx_word' id='word_1_231' title='bbox 361 3048 468 3103; x_wconf 85' lang='lat' dir='ltr'><strong>sibi</strong></span> <span class='ocrx_word' id='word_1_232' title='bbox 505 3063 605 3117; x_wconf 89' lang='lat' dir='ltr'><strong>per</strong></span> <span class='ocrx_word' id='word_1_233' title='bbox 636 3045 968 3116; x_wconf 87' lang='lat' dir='ltr'><strong>superbiam</strong></span> <span class='ocrx_word' id='word_1_234' title='bbox 1001 3045 1324 3101; x_wconf 88' lang='lat' dir='ltr'><strong>conabatur</strong></span> <span class='ocrx_word' id='word_1_235' title='bbox 1354 3062 1662 3117; x_wconf 89' lang='lat' dir='ltr'><strong>arrogare;</strong></span> <span class='ocrx_word' id='word_1_236' title='bbox 1695 3051 1750 3101; x_wconf 89' lang='lat' dir='ltr'><strong>et</strong></span> <span class='ocrx_word' id='word_1_237' title='bbox 1781 3047 2064 3118; x_wconf 91' lang='lat' dir='ltr'><strong>quidquid</strong></span> 
     </span>
    </p>
   </div>
   <div class='ocr_carea' id='block_1_34' title="bbox 361 3134 2065 3206">
    <p class='ocr_par' dir='ltr' id='par_1_34' title="bbox 361 3134 2065 3206">
     <span class='ocr_line' id='line_1_34' title="bbox 361 3134 2065 3206; baseline 0 -14"><span class='ocrx_word' id='word_1_238' title='bbox 361 3155 392 3192; x_wconf 87' lang='lat' dir='ltr'><strong>a</strong></span> <span class='ocrx_word' id='word_1_239' title='bbox 426 3135 786 3192; x_wconf 82' lang='lat' dir='ltr'><strong>ﬁdelioribus</strong></span> <span class='ocrx_word' id='word_1_240' title='bbox 815 3134 955 3189; x_wconf 89' lang='lat' dir='ltr'><strong>viris</strong></span> <span class='ocrx_word' id='word_1_241' title='bbox 986 3142 1039 3190; x_wconf 88' lang='lat' dir='ltr'><strong>et</strong></span> <span class='ocrx_word' id='word_1_242' title='bbox 1070 3134 1719 3206; x_wconf 87' lang='lat' dir='ltr'><strong>gravioribusjuratum</strong></span> <span class='ocrx_word' id='word_1_243' title='bbox 1755 3136 1950 3205; x_wconf 88' lang='lat' dir='ltr'><strong>fuerit,</strong></span> <span class='ocrx_word' id='word_1_244' title='bbox 1979 3152 2065 3192; x_wconf 88' lang='lat' dir='ltr'><strong>se-</strong></span> 
     </span>
    </p>
   </div>
   <div class='ocr_carea' id='block_1_35' title="bbox 2173 541 3877 608">
    <p class='ocr_par' dir='ltr' id='par_1_35' title="bbox 2173 541 3877 608">
     <span class='ocr_line' id='line_1_35' title="bbox 2173 541 3877 608; baseline 0.001 -11"><span class='ocrx_word' id='word_1_245' title='bbox 2173 543 2486 598; x_wconf 89' lang='lat' dir='ltr'><strong>oontinuos</strong></span> <span class='ocrx_word' id='word_1_246' title='bbox 2514 558 2698 597; x_wconf 90' lang='lat' dir='ltr'><strong>annos</strong></span> <span class='ocrx_word' id='word_1_247' title='bbox 2729 541 3010 597; x_wconf 87' lang='lat' dir='ltr'><strong>infectum</strong></span> <span class='ocrx_word' id='word_1_248' title='bbox 3044 547 3427 608; x_wconf 87' lang='lat' dir='ltr'><strong>remanserat,</strong></span> <span class='ocrx_word' id='word_1_249' title='bbox 3461 543 3670 600; x_wconf 89' lang='lat' dir='ltr'><strong>iterum</strong></span> <span class='ocrx_word' id='word_1_250' title='bbox 3713 544 3877 601; x_wconf 86' lang='lat' dir='ltr'><strong>Mari-</strong></span> 
     </span>
    </p>
   </div>
   <div class='ocr_carea' id='block_1_36' title="bbox 2174 632 3875 704">
    <p class='ocr_par' dir='ltr' id='par_1_36' title="bbox 2174 632 3875 704">
     <span class='ocr_line' id='line_1_36' title="bbox 2174 632 3875 704; baseline 0 -16"><span class='ocrx_word' id='word_1_251' title='bbox 2174 634 2387 689; x_wconf 89' lang='lat' dir='ltr'><strong>nianus</strong></span> <span class='ocrx_word' id='word_1_252' title='bbox 2421 648 2660 688; x_wconf 90' lang='lat' dir='ltr'><strong>suorum</strong></span> <span class='ocrx_word' id='word_1_253' title='bbox 2695 632 3071 704; x_wconf 81' lang='lat' dir='ltr'><strong>suggestione</strong></span> <span class='ocrx_word' id='word_1_254' title='bbox 3100 632 3461 704; x_wconf 83' lang='lat' dir='ltr'><strong>compulsus,</strong></span> <span class='ocrx_word' id='word_1_255' title='bbox 3493 650 3663 690; x_wconf 87' lang='lat' dir='ltr'><strong>usum</strong></span> <span class='ocrx_word' id='word_1_256' title='bbox 3697 634 3875 704; x_wconf 83' lang='lat' dir='ltr'><strong>pallii,</strong></span> 
     </span>
    </p>
   </div>
   <div class='ocr_carea' id='block_1_37' title="bbox 2174 722 3878 794">
    <p class='ocr_par' dir='ltr' id='par_1_37' title="bbox 2174 722 3878 794">
     <span class='ocr_line' id='line_1_37' title="bbox 2174 722 3878 794; baseline 0.002 -16"><span class='ocrx_word' id='word_1_257' title='bbox 2174 739 2348 794; x_wconf 90' lang='lat' dir='ltr'><strong>quem</strong></span> <span class='ocrx_word' id='word_1_258' title='bbox 2394 739 2460 779; x_wconf 88' lang='lat' dir='ltr'><strong>ex</strong></span> <span class='ocrx_word' id='word_1_259' title='bbox 2508 722 2934 779; x_wconf 88' lang='lat' dir='ltr'><strong>consuetudine</strong></span> <span class='ocrx_word' id='word_1_260' title='bbox 2983 723 3136 778; x_wconf 89' lang='lat' dir='ltr'><strong>sicut</strong></span> <span class='ocrx_word' id='word_1_261' title='bbox 3184 727 3528 779; x_wconf 87' lang='lat' dir='ltr'><strong>convenerat</strong></span> <span class='ocrx_word' id='word_1_262' title='bbox 3573 723 3878 781; x_wconf 88' lang='lat' dir='ltr'><strong>vendicare</strong></span> 
     </span>
    </p>
   </div>
   <div class='ocr_carea' id='block_1_38' title="bbox 2176 811 3878 885">
    <p class='ocr_par' dir='ltr' id='par_1_38' title="bbox 2176 811 3878 885">
     <span class='ocr_line' id='line_1_38' title="bbox 2176 811 3878 885; baseline 0 -17"><span class='ocrx_word' id='word_1_263' title='bbox 2176 829 2289 868; x_wconf 87' lang='lat' dir='ltr'><strong>non</strong></span> <span class='ocrx_word' id='word_1_264' title='bbox 2323 818 2562 884; x_wconf 87' lang='lat' dir='ltr'><strong>poterat,</strong></span> <span class='ocrx_word' id='word_1_265' title='bbox 2593 811 3034 883; x_wconf 89' lang='lat' dir='ltr'><strong>importunitate</strong></span> <span class='ocrx_word' id='word_1_266' title='bbox 3065 827 3300 882; x_wconf 89' lang='lat' dir='ltr'><strong>precum</strong></span> <span class='ocrx_word' id='word_1_267' title='bbox 3334 828 3393 868; x_wconf 89' lang='lat' dir='ltr'><strong>se</strong></span> <span class='ocrx_word' id='word_1_268' title='bbox 3427 829 3598 883; x_wconf 89' lang='lat' dir='ltr'><strong>posse</strong></span> <span class='ocrx_word' id='word_1_269' title='bbox 3628 813 3878 885; x_wconf 87' lang='lat' dir='ltr'><strong>recipere</strong></span> 
     </span>
    </p>
   </div>
   <div class='ocr_carea' id='block_1_39' title="bbox 2173 901 3868 974">
    <p class='ocr_par' dir='ltr' id='par_1_39' title="bbox 2173 901 3868 974">
     <span class='ocr_line' id='line_1_39' title="bbox 2173 901 3868 974; baseline 0.001 -16"><span class='ocrx_word' id='word_1_270' title='bbox 2173 903 2521 959; x_wconf 76' lang='lat' dir='ltr'><strong>confidebat.</strong></span> <span class='ocrx_word' id='word_1_271' title='bbox 2549 903 2912 974; x_wconf 88' lang='lat' dir='ltr'><strong>Quapropter</strong></span> <span class='ocrx_word' id='word_1_272' title='bbox 2952 901 3264 972; x_wconf 87' lang='lat' dir='ltr'><strong>Gregorius</strong></span> <span class='ocrx_word' id='word_1_273' title='bbox 3286 901 3343 956; x_wconf 90' lang='lat' dir='ltr'><strong>in</strong></span> <span class='ocrx_word' id='word_1_274' title='bbox 3368 903 3567 958; x_wconf 88' lang='lat' dir='ltr'><strong>eadem</strong></span> <span class='ocrx_word' id='word_1_275' title='bbox 3585 904 3868 960; x_wconf 88' lang='lat' dir='ltr'><strong>sententia</strong></span> 
     </span>
    </p>
   </div>
   <div class='ocr_carea' id='block_1_40' title="bbox 2175 990 3879 1064">
    <p class='ocr_par' dir='ltr' id='par_1_40' title="bbox 2175 990 3879 1064">
     <span class='ocr_line' id='line_1_40' title="bbox 2175 990 3879 1064; baseline 0.001 -17"><span class='ocrx_word' id='word_1_276' title='bbox 2175 1007 2548 1064; x_wconf 89' lang='lat' dir='ltr'><strong>permanens,</strong></span> <span class='ocrx_word' id='word_1_277' title='bbox 2581 993 2765 1048; x_wconf 84' lang='lat' dir='ltr'><strong>eidem</strong></span> <span class='ocrx_word' id='word_1_278' title='bbox 2790 990 3136 1046; x_wconf 85' lang='lat' dir='ltr'><strong>chartulario</strong></span> <span class='ocrx_word' id='word_1_279' title='bbox 3165 991 3657 1062; x_wconf 90' lang='lat' dir='ltr'><strong>perindiotionem</strong></span> <span class='ocrx_word' id='word_1_280' title='bbox 3677 1008 3879 1048; x_wconf 90' lang='lat' dir='ltr'><strong>secun-</strong></span> 
     </span>
    </p>
   </div>
   <div class='ocr_carea' id='block_1_41' title="bbox 2174 1079 3880 1150">
    <p class='ocr_par' dir='ltr' id='par_1_41' title="bbox 2174 1079 3880 1150">
     <span class='ocr_line' id='line_1_41' title="bbox 2174 1079 3880 1150; baseline 0.001 -13"><span class='ocrx_word' id='word_1_281' title='bbox 2174 1081 2308 1137; x_wconf 91' lang='lat' dir='ltr'><strong>dam</strong></span> <span class='ocrx_word' id='word_1_282' title='bbox 2324 1080 2547 1150; x_wconf 90' lang='lat' dir='ltr'><strong>scribit,</strong></span> <span class='ocrx_word' id='word_1_283' title='bbox 2563 1079 2762 1136; x_wconf 90' lang='lat' dir='ltr'><strong>dicens</strong></span> <span class='ocrx_word' id='word_1_284' title='bbox 2785 1096 2798 1135; x_wconf 89' lang='lat'><strong>:</strong></span> <span class='ocrx_word' id='word_1_285' title='bbox 2822 1100 2848 1132; x_wconf 69' lang='grc' dir='ltr'><strong><em>ι</em></strong></span> <span class='ocrx_word' id='word_1_286' title='bbox 2877 1080 3025 1136; x_wconf 91' lang='lat' dir='ltr'><strong>Dum</strong></span> <span class='ocrx_word' id='word_1_287' title='bbox 3054 1079 3407 1148; x_wconf 79' lang='lat' dir='ltr'><strong>Florentius,</strong></span> <span class='ocrx_word' id='word_1_288' title='bbox 3429 1080 3778 1138; x_wconf 86' lang='lat' dir='ltr'><strong>Ravennatis</strong></span> <span class='ocrx_word' id='word_1_289' title='bbox 3798 1097 3880 1138; x_wconf 87' lang='lat' dir='ltr'><strong>ec-</strong></span> 
     </span>
    </p>
   </div>
   <div class='ocr_carea' id='block_1_42' title="bbox 2173 1170 3881 1243">
    <p class='ocr_par' dir='ltr' id='par_1_42' title="bbox 2173 1170 3881 1243">
     <span class='ocr_line' id='line_1_42' title="bbox 2173 1170 3881 1243; baseline 0.001 -16"><span class='ocrx_word' id='word_1_290' title='bbox 2173 1171 2361 1228; x_wconf 74' lang='lat' dir='ltr'><strong>clesiaa</strong></span> <span class='ocrx_word' id='word_1_291' title='bbox 2385 1171 2688 1238; x_wconf 90' lang='lat' dir='ltr'><strong>diaconus,</strong></span> <span class='ocrx_word' id='word_1_292' title='bbox 2705 1172 2856 1242; x_wconf 92' lang='lat' dir='ltr'><strong>apud</strong></span> <span class='ocrx_word' id='word_1_293' title='bbox 2879 1186 2985 1226; x_wconf 90' lang='lat' dir='ltr'><strong>nos</strong></span> <span class='ocrx_word' id='word_1_294' title='bbox 3008 1186 3108 1243; x_wconf 89' lang='lat' dir='ltr'><strong>pro</strong></span> <span class='ocrx_word' id='word_1_295' title='bbox 3129 1170 3608 1227; x_wconf 88' lang='lat' dir='ltr'><strong>reverendissimo</strong></span> <span class='ocrx_word' id='word_1_296' title='bbox 3629 1171 3805 1228; x_wconf 87' lang='lat' dir='ltr'><strong>fratre</strong></span> <span class='ocrx_word' id='word_1_297' title='bbox 3825 1177 3881 1228; x_wconf 91' lang='lat' dir='ltr'><strong>et</strong></span> 
     </span>
    </p>
   </div>
   <div class='ocr_carea' id='block_1_43' title="bbox 2174 1259 3876 1334">
    <p class='ocr_par' dir='ltr' id='par_1_43' title="bbox 2174 1259 3876 1334">
     <span class='ocr_line' id='line_1_43' title="bbox 2174 1259 3876 1334; baseline -0.001 -15"><span class='ocrx_word' id='word_1_298' title='bbox 2174 1260 2520 1333; x_wconf 89' lang='lat' dir='ltr'><strong>coepiscopo</strong></span> <span class='ocrx_word' id='word_1_299' title='bbox 2551 1265 2749 1317; x_wconf 90' lang='lat' dir='ltr'><strong>nostro</strong></span> <span class='ocrx_word' id='word_1_300' title='bbox 2791 1259 3136 1330; x_wconf 90' lang='lat' dir='ltr'><strong>Mariniano,</strong></span> <span class='ocrx_word' id='word_1_301' title='bbox 3170 1260 3240 1315; x_wconf 91' lang='lat' dir='ltr'><strong>de</strong></span> <span class='ocrx_word' id='word_1_302' title='bbox 3287 1277 3394 1316; x_wconf 88' lang='lat' dir='ltr'><strong>usu</strong></span> <span class='ocrx_word' id='word_1_303' title='bbox 3446 1259 3607 1332; x_wconf 87' lang='lat' dir='ltr'><strong>pallii</strong></span> <span class='ocrx_word' id='word_1_304' title='bbox 3663 1266 3876 1334; x_wconf 82' lang='lat' dir='ltr'><strong>ageret,</strong></span> 
     </span>
    </p>
   </div>
   <div class='ocr_carea' id='block_1_44' title="bbox 2177 1349 3881 1421">
    <p class='ocr_par' dir='ltr' id='par_1_44' title="bbox 2177 1349 3881 1421">
     <span class='ocr_line' id='line_1_44' title="bbox 2177 1349 3881 1421; baseline 0.001 -16"><span class='ocrx_word' id='word_1_305' title='bbox 2177 1349 2488 1421; x_wconf 79' lang='lat' dir='ltr'><strong>requisitos</strong></span> <span class='ocrx_word' id='word_1_306' title='bbox 2520 1367 2553 1404; x_wconf 92' lang='lat' dir='ltr'><strong>a</strong></span> <span class='ocrx_word' id='word_1_307' title='bbox 2586 1349 2752 1405; x_wconf 87' lang='lat' dir='ltr'><strong>nobis</strong></span> <span class='ocrx_word' id='word_1_308' title='bbox 2780 1366 2906 1421; x_wconf 74' lang='lat' dir='ltr'><strong>qum</strong></span> <span class='ocrx_word' id='word_1_309' title='bbox 2939 1353 3090 1405; x_wconf 87' lang='lat' dir='ltr'><strong>esset</strong></span> <span class='ocrx_word' id='word_1_310' title='bbox 3118 1350 3358 1420; x_wconf 89' lang='lat' dir='ltr'><strong>antiqua</strong></span> <span class='ocrx_word' id='word_1_311' title='bbox 3389 1351 3771 1418; x_wconf 89' lang='lat' dir='ltr'><strong>consuetudo,</strong></span> <span class='ocrx_word' id='word_1_312' title='bbox 3802 1367 3881 1406; x_wconf 80' lang='lat' dir='ltr'><strong>re-</strong></span> 
     </span>
    </p>
   </div>
   <div class='ocr_carea' id='block_1_45' title="bbox 2175 1436 3878 1512">
    <p class='ocr_par' dir='ltr' id='par_1_45' title="bbox 2175 1436 3878 1512">
     <span class='ocr_line' id='line_1_45' title="bbox 2175 1436 3878 1512; baseline 0 -18"><span class='ocrx_word' id='word_1_313' title='bbox 2175 1438 2448 1512; x_wconf 89' lang='lat' dir='ltr'><strong>spondit:</strong></span> <span class='ocrx_word' id='word_1_314' title='bbox 2482 1439 2635 1510; x_wconf 84' lang='lat' dir='ltr'><strong>quod</strong></span> <span class='ocrx_word' id='word_1_315' title='bbox 2669 1438 2728 1492; x_wconf 90' lang='lat' dir='ltr'><strong>in</strong></span> <span class='ocrx_word' id='word_1_316' title='bbox 2759 1437 3039 1494; x_wconf 90' lang='lat' dir='ltr'><strong>omnibus</strong></span> <span class='ocrx_word' id='word_1_317' title='bbox 3079 1436 3300 1493; x_wconf 90' lang='lat' dir='ltr'><strong>litaniis</strong></span> <span class='ocrx_word' id='word_1_318' title='bbox 3352 1436 3526 1506; x_wconf 87' lang='lat' dir='ltr'><strong>pallio</strong></span> <span class='ocrx_word' id='word_1_319' title='bbox 3577 1437 3878 1494; x_wconf 88' lang='lat' dir='ltr'><strong>Ravennas</strong></span> 
     </span>
    </p>
   </div>
   <div class='ocr_carea' id='block_1_46' title="bbox 2174 1527 3878 1600">
    <p class='ocr_par' dir='ltr' id='par_1_46' title="bbox 2174 1527 3878 1600">
     <span class='ocr_line' id='line_1_46' title="bbox 2174 1527 3878 1600; baseline 0 -14"><span class='ocrx_word' id='word_1_320' title='bbox 2174 1529 2484 1600; x_wconf 86' lang='lat' dir='ltr'><strong>cpiscopus</strong></span> <span class='ocrx_word' id='word_1_321' title='bbox 2538 1532 2815 1585; x_wconf 88' lang='lat' dir='ltr'><strong>uteretur.</strong></span> <span class='ocrx_word' id='word_1_322' title='bbox 2850 1527 3011 1592; x_wconf 87' lang='lat' dir='ltr'><strong>Quod</strong></span> <span class='ocrx_word' id='word_1_323' title='bbox 3061 1527 3142 1583; x_wconf 90' lang='lat' dir='ltr'><strong>ita</strong></span> <span class='ocrx_word' id='word_1_324' title='bbox 3195 1544 3311 1584; x_wconf 89' lang='lat' dir='ltr'><strong>non</strong></span> <span class='ocrx_word' id='word_1_325' title='bbox 3341 1542 3491 1591; x_wconf 87' lang='lat' dir='ltr'><strong>esse,</strong></span> <span class='ocrx_word' id='word_1_326' title='bbox 3526 1531 3583 1584; x_wconf 88' lang='lat' dir='ltr'><strong>et</strong></span> <span class='ocrx_word' id='word_1_327' title='bbox 3634 1528 3706 1584; x_wconf 87' lang='lat' dir='ltr'><strong>ab</strong></span> <span class='ocrx_word' id='word_1_328' title='bbox 3754 1529 3878 1586; x_wconf 87' lang='lat' dir='ltr'><strong>aliis</strong></span> 
     </span>
    </p>
   </div>
   <div class='ocr_carea' id='block_1_47' title="bbox 2175 1616 3875 1691">
    <p class='ocr_par' dir='ltr' id='par_1_47' title="bbox 2175 1616 3875 1691">
     <span class='ocr_line' id='line_1_47' title="bbox 2175 1616 3875 1691; baseline -0.001 -19"><span class='ocrx_word' id='word_1_329' title='bbox 2175 1617 2512 1684; x_wconf 90' lang='lat' dir='ltr'><strong>didicimus,</strong></span> <span class='ocrx_word' id='word_1_330' title='bbox 2535 1625 2587 1673; x_wconf 90' lang='lat' dir='ltr'><strong>et</strong></span> <span class='ocrx_word' id='word_1_331' title='bbox 2611 1634 2674 1673; x_wconf 87' lang='lat' dir='ltr'><strong>ex</strong></span> <span class='ocrx_word' id='word_1_332' title='bbox 2705 1616 2970 1688; x_wconf 87' lang='lat' dir='ltr'><strong>epistolis</strong></span> <span class='ocrx_word' id='word_1_333' title='bbox 2992 1617 3258 1685; x_wconf 85' lang='lat' dir='ltr'><strong>Joannis,</strong></span> <span class='ocrx_word' id='word_1_334' title='bbox 3279 1617 3572 1691; x_wconf 89' lang='lat' dir='ltr'><strong>quondam</strong></span> <span class='ocrx_word' id='word_1_335' title='bbox 3599 1618 3875 1690; x_wconf 87' lang='lat' dir='ltr'><strong>episcopi,</strong></span> 
     </span>
    </p>
   </div>
   <div class='ocr_carea' id='block_1_48' title="bbox 2175 1706 3878 1779">
    <p class='ocr_par' dir='ltr' id='par_1_48' title="bbox 2175 1706 3878 1779">
     <span class='ocr_line' id='line_1_48' title="bbox 2175 1706 3878 1779; baseline 0.002 -17"><span class='ocrx_word' id='word_1_336' title='bbox 2175 1723 2320 1779; x_wconf 86' lang='lat' dir='ltr'><strong>quas</strong></span> <span class='ocrx_word' id='word_1_337' title='bbox 2345 1708 2394 1764; x_wconf 90' lang='lat' dir='ltr'><strong>ei</strong></span> <span class='ocrx_word' id='word_1_338' title='bbox 2426 1708 2646 1763; x_wconf 90' lang='lat' dir='ltr'><strong>ostendi</strong></span> <span class='ocrx_word' id='word_1_339' title='bbox 2677 1706 2942 1773; x_wconf 83' lang='lat' dir='ltr'><strong>fecimus,</strong></span> <span class='ocrx_word' id='word_1_340' title='bbox 2974 1707 3267 1762; x_wconf 87' lang='lat' dir='ltr'><strong>evidenter</strong></span> <span class='ocrx_word' id='word_1_341' title='bbox 3297 1706 3604 1779; x_wconf 89' lang='lat' dir='ltr'><strong>apparuit;</strong></span> <span class='ocrx_word' id='word_1_342' title='bbox 3639 1709 3740 1764; x_wconf 88' lang='lat' dir='ltr'><strong>sed</strong></span> <span class='ocrx_word' id='word_1_343' title='bbox 3773 1707 3878 1765; x_wconf 88' lang='lat' dir='ltr'><strong>hoc</strong></span> 
     </span>
    </p>
   </div>
   <div class='ocr_carea' id='block_1_49' title="bbox 2175 1795 3879 1868">
    <p class='ocr_par' dir='ltr' id='par_1_49' title="bbox 2175 1795 3879 1868">
     <span class='ocr_line' id='line_1_49' title="bbox 2175 1795 3879 1868; baseline 0.001 -16"><span class='ocrx_word' id='word_1_344' title='bbox 2175 1798 2447 1864; x_wconf 88' lang='lat' dir='ltr'><strong>asseruit,</strong></span> <span class='ocrx_word' id='word_1_345' title='bbox 2481 1797 2637 1868; x_wconf 89' lang='lat' dir='ltr'><strong>quod</strong></span> <span class='ocrx_word' id='word_1_346' title='bbox 2656 1797 3073 1866; x_wconf 90' lang='lat' dir='ltr'><strong>dicerejussus</strong></span> <span class='ocrx_word' id='word_1_347' title='bbox 3105 1802 3214 1852; x_wconf 88' lang='lat' dir='ltr'><strong>est.</strong></span> <span class='ocrx_word' id='word_1_348' title='bbox 3239 1795 3386 1852; x_wconf 81' lang='lat' dir='ltr'><strong>Nam</strong></span> <span class='ocrx_word' id='word_1_349' title='bbox 3423 1804 3678 1868; x_wconf 89' lang='lat' dir='ltr'><strong>tempore</strong></span> <span class='ocrx_word' id='word_1_350' title='bbox 3711 1812 3879 1868; x_wconf 89' lang='lat' dir='ltr'><strong>quoa</strong></span> 
     </span>
    </p>
   </div>
   <div class='ocr_carea' id='block_1_50' title="bbox 2180 1885 3875 1957">
    <p class='ocr_par' dir='ltr' id='par_1_50' title="bbox 2180 1885 3875 1957">
     <span class='ocr_line' id='line_1_50' title="bbox 2180 1885 3875 1957; baseline -0.001 -16"><span class='ocrx_word' id='word_1_351' title='bbox 2180 1890 2235 1942; x_wconf 84' lang='lat' dir='ltr'><strong>te</strong></span> <span class='ocrx_word' id='word_1_352' title='bbox 2264 1885 2449 1941; x_wconf 89' lang='lat' dir='ltr'><strong>eidem</strong></span> <span class='ocrx_word' id='word_1_353' title='bbox 2482 1885 2752 1954; x_wconf 85' lang='lat' dir='ltr'><strong>Joannes,</strong></span> <span class='ocrx_word' id='word_1_354' title='bbox 2777 1885 3072 1956; x_wconf 89' lang='lat' dir='ltr'><strong>quondam</strong></span> <span class='ocrx_word' id='word_1_355' title='bbox 3101 1885 3432 1957; x_wconf 87' lang='lat' dir='ltr'><strong>episcopus.</strong></span> <span class='ocrx_word' id='word_1_356' title='bbox 3455 1893 3540 1941; x_wconf 90' lang='lat' dir='ltr'><strong>est</strong></span> <span class='ocrx_word' id='word_1_357' title='bbox 3570 1885 3875 1954; x_wconf 85' lang='lat' dir='ltr'><strong>inhibitus,</strong></span> 
     </span>
    </p>
   </div>
   <div class='ocr_carea' id='block_1_51' title="bbox 2182 1973 3880 2045">
    <p class='ocr_par' dir='ltr' id='par_1_51' title="bbox 2182 1973 3880 2045">
     <span class='ocr_line' id='line_1_51' title="bbox 2182 1973 3880 2045; baseline -0.001 -15"><span class='ocrx_word' id='word_1_358' title='bbox 2182 1990 2253 2030; x_wconf 89' lang='lat' dir='ltr'><strong>ne</strong></span> <span class='ocrx_word' id='word_1_359' title='bbox 2284 1974 2457 2045; x_wconf 90' lang='lat' dir='ltr'><strong>pallio</strong></span> <span class='ocrx_word' id='word_1_360' title='bbox 2487 1973 2817 2029; x_wconf 87' lang='lat' dir='ltr'><strong>inordinate</strong></span> <span class='ocrx_word' id='word_1_361' title='bbox 2847 1990 2913 2028; x_wconf 91' lang='lat' dir='ltr'><strong>ac</strong></span> <span class='ocrx_word' id='word_1_362' title='bbox 2945 1978 3161 2029; x_wconf 89' lang='lat' dir='ltr'><strong>temere</strong></span> <span class='ocrx_word' id='word_1_363' title='bbox 3193 1973 3275 2030; x_wconf 92' lang='lat' dir='ltr'><strong>uti</strong></span> <span class='ocrx_word' id='word_1_364' title='bbox 3308 1979 3706 2045; x_wconf 69' lang='lat' dir='ltr'><strong>praesumeret,</strong></span> <span class='ocrx_word' id='word_1_365' title='bbox 3738 1974 3880 2030; x_wconf 88' lang='lat' dir='ltr'><strong>scri-</strong></span> 
     </span>
    </p>
   </div>
   <div class='ocr_carea' id='block_1_52' title="bbox 2181 2063 3878 2136">
    <p class='ocr_par' dir='ltr' id='par_1_52' title="bbox 2181 2063 3878 2136">
     <span class='ocr_line' id='line_1_52' title="bbox 2181 2063 3878 2136; baseline -0.001 -16"><span class='ocrx_word' id='word_1_366' title='bbox 2181 2064 2297 2136; x_wconf 89' lang='lat' dir='ltr'><strong>psit</strong></span> <span class='ocrx_word' id='word_1_367' title='bbox 2327 2065 2488 2120; x_wconf 86' lang='lat' dir='ltr'><strong>nobis</strong></span> <span class='ocrx_word' id='word_1_368' title='bbox 2517 2066 2668 2120; x_wconf 89' lang='lat' dir='ltr'><strong>hanc</strong></span> <span class='ocrx_word' id='word_1_369' title='bbox 2701 2065 2880 2121; x_wconf 89' lang='lat' dir='ltr'><strong>fuisse</strong></span> <span class='ocrx_word' id='word_1_370' title='bbox 2913 2065 3164 2136; x_wconf 87' lang='lat' dir='ltr'><strong>priscam</strong></span> <span class='ocrx_word' id='word_1_371' title='bbox 3193 2065 3699 2132; x_wconf 89' lang='lat' dir='ltr'><strong>consuetudinem,</strong></span> <span class='ocrx_word' id='word_1_372' title='bbox 3720 2073 3780 2119; x_wconf 88' lang='lat' dir='ltr'><strong>ut</strong></span> <span class='ocrx_word' id='word_1_373' title='bbox 3800 2063 3878 2118; x_wconf 70' lang='lat' dir='ltr'><strong>cio</strong></span> 
     </span>
    </p>
   </div>
   <div class='ocr_carea' id='block_1_53' title="bbox 2181 2153 3878 2226">
    <p class='ocr_par' dir='ltr' id='par_1_53' title="bbox 2181 2153 3878 2226">
     <span class='ocr_line' id='line_1_53' title="bbox 2181 2153 3878 2226; baseline 0.002 -20"><span class='ocrx_word' id='word_1_374' title='bbox 2181 2153 2378 2210; x_wconf 89' lang='lat' dir='ltr'><strong>vitatis</strong></span> <span class='ocrx_word' id='word_1_375' title='bbox 2409 2153 2592 2225; x_wconf 90' lang='lat' dir='ltr'><strong>ipsius</strong></span> <span class='ocrx_word' id='word_1_376' title='bbox 2620 2155 2929 2226; x_wconf 89' lang='lat' dir='ltr'><strong>episcopus</strong></span> <span class='ocrx_word' id='word_1_377' title='bbox 2965 2153 3140 2225; x_wconf 88' lang='lat' dir='ltr'><strong>pallio</strong></span> <span class='ocrx_word' id='word_1_378' title='bbox 3171 2153 3230 2208; x_wconf 91' lang='lat' dir='ltr'><strong>in</strong></span> <span class='ocrx_word' id='word_1_379' title='bbox 3261 2153 3483 2210; x_wconf 91' lang='lat' dir='ltr'><strong>litaniis</strong></span> <span class='ocrx_word' id='word_1_380' title='bbox 3515 2153 3878 2211; x_wconf 88' lang='lat' dir='ltr'><strong>solemnibus</strong></span> 
     </span>
    </p>
   </div>
   <div class='ocr_carea' id='block_1_54' title="bbox 2179 2243 3878 2316">
    <p class='ocr_par' dir='ltr' id='par_1_54' title="bbox 2179 2243 3878 2316">
     <span class='ocr_line' id='line_1_54' title="bbox 2179 2243 3878 2316; baseline 0 -18"><span class='ocrx_word' id='word_1_381' title='bbox 2179 2248 2473 2300; x_wconf 88' lang='lat' dir='ltr'><strong>uteretur:</strong></span> <span class='ocrx_word' id='word_1_382' title='bbox 2500 2260 2748 2316; x_wconf 88' lang='lat' dir='ltr'><strong>quarum</strong></span> <span class='ocrx_word' id='word_1_383' title='bbox 2773 2243 2877 2297; x_wconf 88' lang='lat' dir='ltr'><strong>tibi</strong></span> <span class='ocrx_word' id='word_1_384' title='bbox 2909 2243 3236 2298; x_wconf 88' lang='lat' dir='ltr'><strong>litterarum</strong></span> <span class='ocrx_word' id='word_1_385' title='bbox 3267 2243 3622 2315; x_wconf 85' lang='lat' dir='ltr'><strong>exemplaria</strong></span> <span class='ocrx_word' id='word_1_386' title='bbox 3644 2260 3746 2315; x_wconf 89' lang='lat' dir='ltr'><strong>pro</strong></span> <span class='ocrx_word' id='word_1_387' title='bbox 3779 2248 3878 2299; x_wconf 92' lang='lat' dir='ltr'><strong>tua</strong></span> 
     </span>
    </p>
   </div>
   <div class='ocr_carea' id='block_1_55' title="bbox 2179 2331 3880 2404">
    <p class='ocr_par' dir='ltr' id='par_1_55' title="bbox 2179 2331 3880 2404">
     <span class='ocr_line' id='line_1_55' title="bbox 2179 2331 3880 2404; baseline 0.001 -18"><span class='ocrx_word' id='word_1_388' title='bbox 2179 2331 2583 2388; x_wconf 82' lang='lat' dir='ltr'><strong>informatione</strong></span> <span class='ocrx_word' id='word_1_389' title='bbox 2603 2332 3403 2388; x_wconf 81' lang='lat' dir='ltr'><strong>transmisimus.Adeodatus</strong></span> <span class='ocrx_word' id='word_1_390' title='bbox 3418 2349 3572 2399; x_wconf 91' lang='lat' dir='ltr'><strong>vero,</strong></span> <span class='ocrx_word' id='word_1_391' title='bbox 3593 2332 3880 2404; x_wconf 64' lang='lat' dir='ltr'><strong>prmdictm</strong></span> 
     </span>
    </p>
   </div>
   <div class='ocr_carea' id='block_1_56' title="bbox 2177 2421 3879 2493">
    <p class='ocr_par' dir='ltr' id='par_1_56' title="bbox 2177 2421 3879 2493">
     <span class='ocr_line' id='line_1_56' title="bbox 2177 2421 3879 2493; baseline -0.001 -16"><span class='ocrx_word' id='word_1_392' title='bbox 2177 2421 2433 2478; x_wconf 68' lang='lat' dir='ltr'><strong>ecclesiae</strong></span> <span class='ocrx_word' id='word_1_393' title='bbox 2463 2423 2763 2490; x_wconf 88' lang='lat' dir='ltr'><strong>diaconus,</strong></span> <span class='ocrx_word' id='word_1_394' title='bbox 2796 2423 2935 2477; x_wconf 90' lang='lat' dir='ltr'><strong>dum</strong></span> <span class='ocrx_word' id='word_1_395' title='bbox 2973 2423 3125 2493; x_wconf 90' lang='lat' dir='ltr'><strong>apud</strong></span> <span class='ocrx_word' id='word_1_396' title='bbox 3179 2439 3285 2477; x_wconf 89' lang='lat' dir='ltr'><strong>nos</strong></span> <span class='ocrx_word' id='word_1_397' title='bbox 3345 2427 3602 2493; x_wconf 90' lang='lat' dir='ltr'><strong>tempore</strong></span> <span class='ocrx_word' id='word_1_398' title='bbox 3642 2438 3752 2492; x_wconf 93' lang='lat' dir='ltr'><strong>quo</strong></span> <span class='ocrx_word' id='word_1_399' title='bbox 3784 2421 3879 2477; x_wconf 89' lang='lat' dir='ltr'><strong>hic</strong></span> 
     </span>
    </p>
   </div>
   <div class='ocr_carea' id='block_1_57' title="bbox 2178 2510 3879 2583">
    <p class='ocr_par' dir='ltr' id='par_1_57' title="bbox 2178 2510 3879 2583">
     <span class='ocr_line' id='line_1_57' title="bbox 2178 2510 3879 2583; baseline 0.001 -18"><span class='ocrx_word' id='word_1_400' title='bbox 2178 2510 2310 2574; x_wconf 82' lang='lat' dir='ltr'><strong>fuit,</strong></span> <span class='ocrx_word' id='word_1_401' title='bbox 2343 2511 2618 2566; x_wconf 90' lang='lat' dir='ltr'><strong>similiter</strong></span> <span class='ocrx_word' id='word_1_402' title='bbox 2666 2512 2736 2566; x_wconf 91' lang='lat' dir='ltr'><strong>de</strong></span> <span class='ocrx_word' id='word_1_403' title='bbox 2766 2511 3030 2580; x_wconf 89' lang='lat' dir='ltr'><strong>ejusdem</strong></span> <span class='ocrx_word' id='word_1_404' title='bbox 3066 2528 3173 2566; x_wconf 93' lang='lat' dir='ltr'><strong>usu</strong></span> <span class='ocrx_word' id='word_1_405' title='bbox 3234 2511 3393 2582; x_wconf 84' lang='lat' dir='ltr'><strong>pallii</strong></span> <span class='ocrx_word' id='word_1_406' title='bbox 3442 2527 3610 2583; x_wconf 84' lang='lat' dir='ltr'><strong>agere</strong></span> <span class='ocrx_word' id='word_1_407' title='bbox 3651 2511 3879 2566; x_wconf 89' lang='lat' dir='ltr'><strong>enixius</strong></span> 
     </span>
    </p>
   </div>
   <div class='ocr_carea' id='block_1_58' title="bbox 2180 2599 3879 2672">
    <p class='ocr_par' dir='ltr' id='par_1_58' title="bbox 2180 2599 3879 2672">
     <span class='ocr_line' id='line_1_58' title="bbox 2180 2599 3879 2672; baseline -0.001 -17"><span class='ocrx_word' id='word_1_408' title='bbox 2180 2601 2456 2662; x_wconf 89' lang='lat' dir='ltr'><strong>studeret,</strong></span> <span class='ocrx_word' id='word_1_409' title='bbox 2488 2599 2746 2656; x_wconf 86' lang='lat' dir='ltr'><strong>volentes</strong></span> <span class='ocrx_word' id='word_1_410' title='bbox 2777 2616 3121 2672; x_wconf 82' lang='lat' dir='ltr'><strong>cognoscere</strong></span> <span class='ocrx_word' id='word_1_411' title='bbox 3149 2599 3473 2666; x_wconf 87' lang='lat' dir='ltr'><strong>veritatem,</strong></span> <span class='ocrx_word' id='word_1_412' title='bbox 3507 2616 3637 2655; x_wconf 90' lang='lat' dir='ltr'><strong>eum</strong></span> <span class='ocrx_word' id='word_1_413' title='bbox 3670 2599 3879 2656; x_wconf 89' lang='lat' dir='ltr'><strong>simili-</strong></span> 
     </span>
    </p>
   </div>
   <div class='ocr_carea' id='block_1_59' title="bbox 2178 2688 3879 2760">
    <p class='ocr_par' dir='ltr' id='par_1_59' title="bbox 2178 2688 3879 2760">
     <span class='ocr_line' id='line_1_59' title="bbox 2178 2688 3879 2760; baseline 0.001 -16"><span class='ocrx_word' id='word_1_414' title='bbox 2178 2693 2285 2757; x_wconf 88' lang='lat' dir='ltr'><strong>ter,</strong></span> <span class='ocrx_word' id='word_1_415' title='bbox 2319 2707 2443 2760; x_wconf 75' lang='lat' dir='ltr'><strong>quas</strong></span> <span class='ocrx_word' id='word_1_416' title='bbox 2475 2697 2626 2745; x_wconf 89' lang='lat' dir='ltr'><strong>esset</strong></span> <span class='ocrx_word' id='word_1_417' title='bbox 2659 2690 3015 2745; x_wconf 88' lang='lat' dir='ltr'><strong>consuetudo</strong></span> <span class='ocrx_word' id='word_1_418' title='bbox 3066 2690 3399 2745; x_wconf 91' lang='lat' dir='ltr'><strong>curavimus</strong></span> <span class='ocrx_word' id='word_1_419' title='bbox 3448 2688 3879 2759; x_wconf 88' lang='lat' dir='ltr'><strong>requirendum.</strong></span> 
     </span>
    </p>
   </div>
   <div class='ocr_carea' id='block_1_60' title="bbox 2177 2777 3880 2850">
    <p class='ocr_par' dir='ltr' id='par_1_60' title="bbox 2177 2777 3880 2850">
     <span class='ocr_line' id='line_1_60' title="bbox 2177 2777 3880 2850; baseline -0.001 -17"><span class='ocrx_word' id='word_1_420' title='bbox 2177 2780 2283 2845; x_wconf 89' lang='lat' dir='ltr'><strong>Qui</strong></span> <span class='ocrx_word' id='word_1_421' title='bbox 2319 2780 2399 2833; x_wconf 91' lang='lat' dir='ltr'><strong>uti</strong></span> <span class='ocrx_word' id='word_1_422' title='bbox 2425 2779 2579 2833; x_wconf 91' lang='lat' dir='ltr'><strong>credi</strong></span> <span class='ocrx_word' id='word_1_423' title='bbox 2609 2778 2844 2834; x_wconf 88' lang='lat' dir='ltr'><strong>sibimet</strong></span> <span class='ocrx_word' id='word_1_424' title='bbox 2873 2779 3162 2845; x_wconf 87' lang='lat' dir='ltr'><strong>suaderet,</strong></span> <span class='ocrx_word' id='word_1_425' title='bbox 3184 2782 3360 2850; x_wconf 86' lang='lat' dir='ltr'><strong>atque</strong></span> <span class='ocrx_word' id='word_1_426' title='bbox 3390 2796 3424 2834; x_wconf 90' lang='lat' dir='ltr'><strong>a</strong></span> <span class='ocrx_word' id='word_1_427' title='bbox 3451 2777 3617 2834; x_wconf 88' lang='lat' dir='ltr'><strong>nobis</strong></span> <span class='ocrx_word' id='word_1_428' title='bbox 3648 2778 3880 2844; x_wconf 85' lang='lat' dir='ltr'><strong>valeret,</strong></span> 
     </span>
    </p>
   </div>
   <div class='ocr_carea' id='block_1_61' title="bbox 2177 2867 3880 2941">
    <p class='ocr_par' dir='ltr' id='par_1_61' title="bbox 2177 2867 3880 2941">
     <span class='ocr_line' id='line_1_61' title="bbox 2177 2867 3880 2941; baseline 0.001 -18"><span class='ocrx_word' id='word_1_429' title='bbox 2177 2868 2335 2941; x_wconf 93' lang='lat' dir='ltr'><strong>quod</strong></span> <span class='ocrx_word' id='word_1_430' title='bbox 2366 2867 2613 2939; x_wconf 87' lang='lat' dir='ltr'><strong>petebat,</strong></span> <span class='ocrx_word' id='word_1_431' title='bbox 2645 2867 2891 2939; x_wconf 87' lang='lat' dir='ltr'><strong>exigere,</strong></span> <span class='ocrx_word' id='word_1_432' title='bbox 2926 2868 3032 2922; x_wconf 85' lang='lat' dir='ltr'><strong>sub</strong></span> <span class='ocrx_word' id='word_1_433' title='bbox 3061 2867 3448 2937; x_wconf 85' lang='lat' dir='ltr'><strong>jurejurando</strong></span> <span class='ocrx_word' id='word_1_434' title='bbox 3490 2873 3736 2924; x_wconf 83' lang='lat' dir='ltr'><strong>testatus</strong></span> <span class='ocrx_word' id='word_1_435' title='bbox 3769 2873 3880 2934; x_wconf 86' lang='lat' dir='ltr'><strong>est,</strong></span> 
     </span>
    </p>
   </div>
   <div class='ocr_carea' id='block_1_62' title="bbox 2174 2957 3886 3029">
    <p class='ocr_par' dir='ltr' id='par_1_62' title="bbox 2174 2957 3886 3029">
     <span class='ocr_line' id='line_1_62' title="bbox 2174 2957 3886 3029; baseline 0.001 -17"><span class='ocrx_word' id='word_1_436' title='bbox 2174 2957 2477 3029; x_wconf 91' lang='lat' dir='ltr'><strong>antiquam</strong></span> <span class='ocrx_word' id='word_1_437' title='bbox 2510 2957 2993 3013; x_wconf 89' lang='lat' dir='ltr'><strong>consuetudinem</strong></span> <span class='ocrx_word' id='word_1_438' title='bbox 3044 2957 3244 3024; x_wconf 86' lang='lat' dir='ltr'><strong>fuisse,</strong></span> <span class='ocrx_word' id='word_1_439' title='bbox 3277 2962 3340 3012; x_wconf 92' lang='lat' dir='ltr'><strong>ut</strong></span> <span class='ocrx_word' id='word_1_440' title='bbox 3371 2957 3429 3014; x_wconf 93' lang='lat' dir='ltr'><strong>in</strong></span> <span class='ocrx_word' id='word_1_441' title='bbox 3481 2967 3732 3029; x_wconf 90' lang='lat' dir='ltr'><strong>quatuor</strong></span> <span class='ocrx_word' id='word_1_442' title='bbox 3781 2963 3886 3013; x_wconf 89' lang='lat' dir='ltr'><strong>aut</strong></span> 
     </span>
    </p>
   </div>
   <div class='ocr_carea' id='block_1_63' title="bbox 2178 3045 3884 3119">
    <p class='ocr_par' dir='ltr' id='par_1_63' title="bbox 2178 3045 3884 3119">
     <span class='ocr_line' id='line_1_63' title="bbox 2178 3045 3884 3119; baseline 0.001 -18"><span class='ocrx_word' id='word_1_443' title='bbox 2178 3048 2434 3119; x_wconf 89' lang='lat' dir='ltr'><strong>quinque</strong></span> <span class='ocrx_word' id='word_1_444' title='bbox 2463 3046 2824 3102; x_wconf 88' lang='lat' dir='ltr'><strong>solemnibus</strong></span> <span class='ocrx_word' id='word_1_445' title='bbox 2856 3045 3076 3102; x_wconf 86' lang='lat' dir='ltr'><strong>litaniis</strong></span> <span class='ocrx_word' id='word_1_446' title='bbox 3105 3046 3278 3116; x_wconf 91' lang='lat' dir='ltr'><strong>pallio</strong></span> <span class='ocrx_word' id='word_1_447' title='bbox 3309 3046 3556 3102; x_wconf 83' lang='lat' dir='ltr'><strong>civitatis</strong></span> <span class='ocrx_word' id='word_1_448' title='bbox 3585 3063 3703 3101; x_wconf 73' lang='lat' dir='ltr'><strong>suis</strong></span> <span class='ocrx_word' id='word_1_449' title='bbox 3755 3046 3884 3117; x_wconf 86' lang='lat' dir='ltr'><strong>epi-</strong></span> 
     </span>
    </p>
   </div>
   <div class='ocr_carea' id='block_1_64' title="bbox 2178 3133 3885 3208">
    <p class='ocr_par' dir='ltr' id='par_1_64' title="bbox 2178 3133 3885 3208">
     <span class='ocr_line' id='line_1_64' title="bbox 2178 3133 3885 3208; baseline -0.001 -15"><span class='ocrx_word' id='word_1_450' title='bbox 2178 3151 2390 3205; x_wconf 86' lang='lat' dir='ltr'><strong>scOpus</strong></span> <span class='ocrx_word' id='word_1_451' title='bbox 2439 3139 2715 3192; x_wconf 87' lang='lat' dir='ltr'><strong>uteretur.</strong></span> <span class='ocrx_word' id='word_1_452' title='bbox 2742 3135 3105 3206; x_wconf 87' lang='lat' dir='ltr'><strong>Experientia</strong></span> <span class='ocrx_word' id='word_1_453' title='bbox 3154 3133 3314 3191; x_wconf 63' lang='lat'><strong>128</strong></span> <span class='ocrx_word' id='word_1_454' title='bbox 3349 3151 3484 3208; x_wconf 88' lang='lat' dir='ltr'><strong>ergo</strong></span> <span class='ocrx_word' id='word_1_455' title='bbox 3516 3140 3608 3191; x_wconf 88' lang='lat' dir='ltr'><strong>tua</strong></span> <span class='ocrx_word' id='word_1_456' title='bbox 3638 3135 3885 3207; x_wconf 74' lang='lat' dir='ltr'><strong>diligen-</strong></span> 
     </span>
    </p>
   </div>
   <div class='ocr_carea' id='block_1_65' title="bbox 362 3211 3881 3295">
    <p class='ocr_par' dir='ltr' id='par_1_65' title="bbox 362 3211 3881 3295">
     <span class='ocr_line' id='line_1_65' title="bbox 362 3211 3881 3295; baseline -0.001 -12"><span class='ocrx_word' id='word_1_457' title='bbox 362 3227 623 3283; x_wconf 90' lang='lat' dir='ltr'><strong>cundum</strong></span> <span class='ocrx_word' id='word_1_458' title='bbox 647 3223 975 3280; x_wconf 91' lang='lat' dir='ltr'><strong>indiculum</strong></span> <span class='ocrx_word' id='word_1_459' title='bbox 1000 3225 1097 3295; x_wconf 92' lang='lat' dir='ltr'><strong>qui</strong></span> <span class='ocrx_word' id='word_1_460' title='bbox 1123 3225 1323 3279; x_wconf 90' lang='lat' dir='ltr'><strong>subter</strong></span> <span class='ocrx_word' id='word_1_461' title='bbox 1345 3241 1607 3280; x_wconf 87' lang='lat' dir='ltr'><strong>annexus</strong></span> <span class='ocrx_word' id='word_1_462' title='bbox 1639 3229 1750 3292; x_wconf 81' lang='lat' dir='ltr'><strong>est,</strong></span> <span class='ocrx_word' id='word_1_463' title='bbox 1773 3224 1881 3281; x_wconf 86' lang='lat' dir='ltr'><strong>hoc</strong></span> <span class='ocrx_word' id='word_1_464' title='bbox 1905 3226 2067 3282; x_wconf 90' lang='lat' dir='ltr'><strong>volu-</strong></span> <span class='ocrx_word' id='word_1_465' title='bbox 2098 3211 2140 3278; x_wconf 89' lang='lat' dir='ltr'>C</span> <span class='ocrx_word' id='word_1_466' title='bbox 2175 3230 2265 3281; x_wconf 91' lang='lat' dir='ltr'><strong>ter</strong></span> <span class='ocrx_word' id='word_1_467' title='bbox 2296 3223 2574 3294; x_wconf 82' lang='lat' dir='ltr'><strong>invigilet,</strong></span> <span class='ocrx_word' id='word_1_468' title='bbox 2609 3229 2664 3280; x_wconf 90' lang='lat' dir='ltr'><strong>et</strong></span> <span class='ocrx_word' id='word_1_469' title='bbox 2695 3240 2822 3281; x_wconf 90' lang='lat' dir='ltr'><strong>cum</strong></span> <span class='ocrx_word' id='word_1_470' title='bbox 2856 3225 3014 3280; x_wconf 92' lang='lat' dir='ltr'><strong>omni</strong></span> <span class='ocrx_word' id='word_1_471' title='bbox 3047 3224 3459 3292; x_wconf 89' lang='lat' dir='ltr'><strong>sollicitudine,</strong></span> <span class='ocrx_word' id='word_1_472' title='bbox 3486 3227 3628 3295; x_wconf 89' lang='lat' dir='ltr'><strong>quot</strong></span> <span class='ocrx_word' id='word_1_473' title='bbox 3660 3223 3881 3280; x_wconf 72' lang='lat' dir='ltr'><strong>litaniis</strong></span> 
     </span>
    </p>
   </div>
   <div class='ocr_carea' id='block_1_66' title="bbox 363 3312 3883 3385">
    <p class='ocr_par' dir='ltr' id='par_1_66' title="bbox 363 3312 3883 3385">
     <span class='ocr_line' id='line_1_66' title="bbox 363 3312 3883 3385; baseline -0 -14"><span class='ocrx_word' id='word_1_474' title='bbox 363 3333 498 3371; x_wconf 89' lang='lat' dir='ltr'><strong>mus</strong></span> <span class='ocrx_word' id='word_1_475' title='bbox 531 3315 590 3370; x_wconf 88' lang='lat' dir='ltr'><strong>in</strong></span> <span class='ocrx_word' id='word_1_476' title='bbox 621 3315 823 3369; x_wconf 88' lang='lat' dir='ltr'><strong>eadem</strong></span> <span class='ocrx_word' id='word_1_477' title='bbox 856 3312 1099 3369; x_wconf 85' lang='lat' dir='ltr'><strong>ecclesia</strong></span> <span class='ocrx_word' id='word_1_478' title='bbox 1152 3313 1498 3369; x_wconf 88' lang='lat' dir='ltr'><strong>conservari.</strong></span> <span class='ocrx_word' id='word_1_479' title='bbox 1533 3314 1642 3369; x_wconf 90' lang='lat' dir='ltr'><strong>Sed</strong></span> <span class='ocrx_word' id='word_1_480' title='bbox 1696 3315 1828 3370; x_wconf 91' lang='lat' dir='ltr'><strong>vide</strong></span> <span class='ocrx_word' id='word_1_481' title='bbox 1869 3331 1941 3371; x_wconf 91' lang='lat' dir='ltr'><strong>ne</strong></span> <span class='ocrx_word' id='word_1_482' title='bbox 1973 3332 2066 3371; x_wconf 60' lang='lat' dir='ltr'><strong>ne-</strong></span> <span class='ocrx_word' id='word_1_483' title='bbox 2172 3314 2466 3370; x_wconf 90' lang='lat' dir='ltr'><strong>solemnes</strong></span> <span class='ocrx_word' id='word_1_484' title='bbox 2515 3315 2586 3368; x_wconf 91' lang='lat' dir='ltr'><strong>ab</strong></span> <span class='ocrx_word' id='word_1_485' title='bbox 2639 3314 2987 3385; x_wconf 89' lang='lat' dir='ltr'><strong>antiquitate</strong></span> <span class='ocrx_word' id='word_1_486' title='bbox 3039 3314 3270 3382; x_wconf 86' lang='lat' dir='ltr'><strong>fuerint,</strong></span> <span class='ocrx_word' id='word_1_487' title='bbox 3306 3314 3594 3385; x_wconf 85' lang='lat' dir='ltr'><strong>requirat;</strong></span> <span class='ocrx_word' id='word_1_488' title='bbox 3645 3330 3749 3370; x_wconf 89' lang='lat' dir='ltr'><strong>nec</strong></span> <span class='ocrx_word' id='word_1_489' title='bbox 3781 3330 3883 3370; x_wconf 86' lang='lat' dir='ltr'><strong>eas</strong></span> 
     </span>
    </p>
   </div>
   <div class='ocr_carea' id='block_1_67' title="bbox 369 3401 3879 3480">
    <p class='ocr_par' dir='ltr' id='par_1_67' title="bbox 369 3401 3879 3480">
     <span class='ocr_line' id='line_1_67' title="bbox 369 3401 3879 3480; baseline 0 -22"><span class='ocrx_word' id='word_1_490' title='bbox 369 3402 655 3480; x_wconf 87' lang='lat' dir='ltr'><strong>gligenter</strong></span> <span class='ocrx_word' id='word_1_491' title='bbox 687 3419 844 3474; x_wconf 87' lang='lat' dir='ltr'><strong>agas,</strong></span> <span class='ocrx_word' id='word_1_492' title='bbox 879 3418 950 3458; x_wconf 88' lang='lat' dir='ltr'><strong>ne</strong></span> <span class='ocrx_word' id='word_1_493' title='bbox 980 3402 1112 3473; x_wconf 91' lang='lat' dir='ltr'><strong>quis</strong></span> <span class='ocrx_word' id='word_1_494' title='bbox 1145 3401 1315 3458; x_wconf 88' lang='lat' dir='ltr'><strong>ﬁdem</strong></span> <span class='ocrx_word' id='word_1_495' title='bbox 1365 3408 1464 3458; x_wconf 90' lang='lat' dir='ltr'><strong>aut</strong></span> <span class='ocrx_word' id='word_1_496' title='bbox 1499 3403 1858 3459; x_wconf 83' lang='lat' dir='ltr'><strong>devotionem</strong></span> <span class='ocrx_word' id='word_1_497' title='bbox 1908 3408 2066 3461; x_wconf 89' lang='lat' dir='ltr'><strong>tuam</strong></span> <span class='ocrx_word' id='word_1_498' title='bbox 2173 3405 2464 3461; x_wconf 89' lang='lat' dir='ltr'><strong>solemnes</strong></span> <span class='ocrx_word' id='word_1_499' title='bbox 2489 3404 2841 3460; x_wconf 92' lang='lat' dir='ltr'><strong>nominando</strong></span> <span class='ocrx_word' id='word_1_500' title='bbox 2862 3403 3156 3475; x_wconf 90' lang='lat' dir='ltr'><strong>requirere</strong></span> <span class='ocrx_word' id='word_1_501' title='bbox 3179 3403 3434 3469; x_wconf 84' lang='lat' dir='ltr'><strong>studeat,</strong></span> <span class='ocrx_word' id='word_1_502' title='bbox 3459 3403 3558 3459; x_wconf 90' lang='lat' dir='ltr'><strong>sed</strong></span> <span class='ocrx_word' id='word_1_503' title='bbox 3584 3403 3840 3474; x_wconf 84' lang='lat' dir='ltr'><strong>majores</strong></span> <span class='ocrx_word' id='word_1_504' title='bbox 3867 3421 3879 3457; x_wconf 91' lang='lat'><strong>:</strong></span> 
     </span>
    </p>
   </div>
   <div class='ocr_carea' id='block_1_68' title="bbox 362 3491 3885 3567">
    <p class='ocr_par' dir='ltr' id='par_1_68' title="bbox 362 3491 3885 3567">
     <span class='ocr_line' id='line_1_68' title="bbox 362 3491 3885 3567; baseline 0 -19"><span class='ocrx_word' id='word_1_505' title='bbox 362 3494 422 3550; x_wconf 89' lang='lat' dir='ltr'><strong>in</strong></span> <span class='ocrx_word' id='word_1_506' title='bbox 455 3492 563 3549; x_wconf 83' lang='lat' dir='ltr'><strong>bac</strong></span> <span class='ocrx_word' id='word_1_507' title='bbox 593 3509 771 3549; x_wconf 90' lang='lat' dir='ltr'><strong>causa</strong></span> <span class='ocrx_word' id='word_1_508' title='bbox 801 3496 1155 3564; x_wconf 87' lang='lat' dir='ltr'><strong>corrumpat.</strong></span> <span class='ocrx_word' id='word_1_509' title='bbox 1175 3491 1376 3547; x_wconf 90' lang='lat' dir='ltr'><strong>Zelum</strong></span> <span class='ocrx_word' id='word_1_510' title='bbox 1408 3492 1561 3547; x_wconf 90' lang='lat' dir='ltr'><strong>enim</strong></span> <span class='ocrx_word' id='word_1_511' title='bbox 1588 3496 1750 3547; x_wconf 90' lang='lat' dir='ltr'><strong>tuum</strong></span> <span class='ocrx_word' id='word_1_512' title='bbox 1784 3492 1921 3548; x_wconf 90' lang='lat' dir='ltr'><strong>scio.</strong></span> <span class='ocrx_word' id='word_1_513' title='bbox 1951 3495 2069 3564; x_wconf 86' lang='lat' dir='ltr'><strong>Age</strong></span> <span class='ocrx_word' id='word_1_514' title='bbox 2177 3500 2239 3551; x_wconf 92' lang='lat' dir='ltr'><strong>ut</strong></span> <span class='ocrx_word' id='word_1_515' title='bbox 2269 3512 2369 3567; x_wconf 94' lang='lat' dir='ltr'><strong>per</strong></span> <span class='ocrx_word' id='word_1_516' title='bbox 2398 3495 2530 3562; x_wconf 85' lang='lat' dir='ltr'><strong>hoc,</strong></span> <span class='ocrx_word' id='word_1_517' title='bbox 2563 3495 2714 3566; x_wconf 90' lang='lat' dir='ltr'><strong>quod</strong></span> <span class='ocrx_word' id='word_1_518' title='bbox 2759 3494 2926 3550; x_wconf 89' lang='lat' dir='ltr'><strong>nobis</strong></span> <span class='ocrx_word' id='word_1_519' title='bbox 2978 3495 3251 3563; x_wconf 66' lang='lat' dir='ltr'><strong>praefatus</strong></span> <span class='ocrx_word' id='word_1_520' title='bbox 3301 3492 3656 3561; x_wconf 87' lang='lat' dir='ltr'><strong>Adeodatus,</strong></span> <span class='ocrx_word' id='word_1_521' title='bbox 3689 3493 3885 3548; x_wconf 85' lang='lat' dir='ltr'><strong>diaco-</strong></span> 
     </span>
    </p>
   </div>
   <div class='ocr_carea' id='block_1_69' title="bbox 364 3579 3885 3654">
    <p class='ocr_par' dir='ltr' id='par_1_69' title="bbox 364 3579 3885 3654">
     <span class='ocr_line' id='line_1_69' title="bbox 364 3579 3885 3654; baseline -0 -16"><span class='ocrx_word' id='word_1_522' title='bbox 364 3581 635 3647; x_wconf 87' lang='lat' dir='ltr'><strong>sollicite,</strong></span> <span class='ocrx_word' id='word_1_523' title='bbox 667 3582 750 3637; x_wconf 90' lang='lat' dir='ltr'><strong>ita</strong></span> <span class='ocrx_word' id='word_1_524' title='bbox 779 3585 974 3636; x_wconf 90' lang='lat' dir='ltr'><strong>tamen</strong></span> <span class='ocrx_word' id='word_1_525' title='bbox 1009 3585 1070 3635; x_wconf 91' lang='lat' dir='ltr'><strong>ut</strong></span> <span class='ocrx_word' id='word_1_526' title='bbox 1100 3579 1377 3653; x_wconf 68' lang='lat' dir='ltr'><strong>praedicta</strong></span> <span class='ocrx_word' id='word_1_527' title='bbox 1403 3580 1646 3636; x_wconf 89' lang='lat' dir='ltr'><strong>ecclesia</strong></span> <span class='ocrx_word' id='word_1_528' title='bbox 1676 3586 1877 3636; x_wconf 92' lang='lat' dir='ltr'><strong>contra</strong></span> <span class='ocrx_word' id='word_1_529' title='bbox 1898 3583 2072 3652; x_wconf 88' lang='lat' dir='ltr'><strong>justi-</strong></span> <span class='ocrx_word' id='word_1_530' title='bbox 2175 3601 2304 3651; x_wconf 90' lang='lat' dir='ltr'><strong>nus,</strong></span> <span class='ocrx_word' id='word_1_531' title='bbox 2330 3588 2574 3640; x_wconf 89' lang='lat' dir='ltr'><strong>testatus</strong></span> <span class='ocrx_word' id='word_1_532' title='bbox 2605 3589 2714 3653; x_wconf 89' lang='lat' dir='ltr'><strong>est,</strong></span> <span class='ocrx_word' id='word_1_533' title='bbox 2739 3588 2794 3638; x_wconf 90' lang='lat' dir='ltr'><strong>et</strong></span> <span class='ocrx_word' id='word_1_534' title='bbox 2818 3582 3075 3654; x_wconf 65' lang='lat' dir='ltr'><strong>praedicti</strong></span> <span class='ocrx_word' id='word_1_535' title='bbox 3103 3583 3346 3638; x_wconf 88' lang='lat' dir='ltr'><strong>Joannis</strong></span> <span class='ocrx_word' id='word_1_536' title='bbox 3369 3581 3627 3653; x_wconf 90' lang='lat' dir='ltr'><strong>episcopi</strong></span> <span class='ocrx_word' id='word_1_537' title='bbox 3664 3582 3885 3637; x_wconf 83' lang='lat' dir='ltr'><strong>fatetur</strong></span> 
     </span>
    </p>
   </div>
   <div class='ocr_carea' id='block_1_70' title="bbox 363 3669 3885 3745">
    <p class='ocr_par' dir='ltr' id='par_1_70' title="bbox 363 3669 3885 3745">
     <span class='ocr_line' id='line_1_70' title="bbox 363 3669 3885 3745; baseline 0 -19"><span class='ocrx_word' id='word_1_538' title='bbox 363 3672 508 3728; x_wconf 89' lang='lat' dir='ltr'><strong>tiam</strong></span> <span class='ocrx_word' id='word_1_539' title='bbox 542 3687 654 3725; x_wconf 93' lang='lat' dir='ltr'><strong>non</strong></span> <span class='ocrx_word' id='word_1_540' title='bbox 686 3674 992 3741; x_wconf 85' lang='lat' dir='ltr'><strong>gravetur;</strong></span> <span class='ocrx_word' id='word_1_541' title='bbox 1026 3671 1123 3725; x_wconf 89' lang='lat' dir='ltr'><strong>sed</strong></span> <span class='ocrx_word' id='word_1_542' title='bbox 1163 3686 1327 3735; x_wconf 86' lang='lat' dir='ltr'><strong>usus,</strong></span> <span class='ocrx_word' id='word_1_543' title='bbox 1361 3669 1460 3742; x_wconf 90' lang='lat' dir='ltr'><strong>qui</strong></span> <span class='ocrx_word' id='word_1_544' title='bbox 1503 3675 1636 3726; x_wconf 91' lang='lat' dir='ltr'><strong>ante</strong></span> <span class='ocrx_word' id='word_1_545' title='bbox 1672 3669 1914 3726; x_wconf 87' lang='lat' dir='ltr'><strong>Joannis</strong></span> <span class='ocrx_word' id='word_1_546' title='bbox 1953 3673 2072 3743; x_wconf 80' lang='lat' dir='ltr'><strong>epi-</strong></span> <span class='ocrx_word' id='word_1_547' title='bbox 2172 3673 2435 3745; x_wconf 86' lang='lat' dir='ltr'><strong>epistola,</strong></span> <span class='ocrx_word' id='word_1_548' title='bbox 2469 3674 2608 3728; x_wconf 90' lang='lat' dir='ltr'><strong>dum</strong></span> <span class='ocrx_word' id='word_1_549' title='bbox 2659 3673 3004 3739; x_wconf 86' lang='lat' dir='ltr'><strong>constiterit,</strong></span> <span class='ocrx_word' id='word_1_550' title='bbox 3035 3679 3264 3742; x_wconf 70' lang='lat' dir='ltr'><strong>quantae</strong></span> <span class='ocrx_word' id='word_1_551' title='bbox 3315 3672 3526 3728; x_wconf 71' lang='lat' dir='ltr'><strong>litanias</strong></span> <span class='ocrx_word' id='word_1_552' title='bbox 3584 3670 3885 3727; x_wconf 88' lang='lat' dir='ltr'><strong>solemnes</strong></span> 
     </span>
    </p>
   </div>
   <div class='ocr_carea' id='block_1_71' title="bbox 363 3757 3882 3832">
    <p class='ocr_par' dir='ltr' id='par_1_71' title="bbox 363 3757 3882 3832">
     <span class='ocr_line' id='line_1_71' title="bbox 363 3757 3882 3832; baseline -0 -17"><span class='ocrx_word' id='word_1_553' title='bbox 363 3759 522 3831; x_wconf 86' lang='lat' dir='ltr'><strong>scopi</strong></span> <span class='ocrx_word' id='word_1_554' title='bbox 556 3764 814 3829; x_wconf 86' lang='lat' dir='ltr'><strong>tempora</strong></span> <span class='ocrx_word' id='word_1_555' title='bbox 844 3757 1086 3824; x_wconf 82' lang='lat' dir='ltr'><strong>exstitit,</strong></span> <span class='ocrx_word' id='word_1_556' title='bbox 1115 3759 1167 3814; x_wconf 90' lang='lat' dir='ltr'><strong>ei</strong></span> <span class='ocrx_word' id='word_1_557' title='bbox 1218 3764 1610 3814; x_wconf 85' lang='lat' dir='ltr'><strong>conservetur.</strong></span> <span class='ocrx_word' id='word_1_558' title='bbox 1651 3761 1935 3815; x_wconf 83' lang='lat' dir='ltr'><strong>Personas</strong></span> <span class='ocrx_word' id='word_1_559' title='bbox 1966 3777 2070 3814; x_wconf 90' lang='lat' dir='ltr'><strong>au-</strong></span> <span class='ocrx_word' id='word_1_560' title='bbox 2176 3762 2402 3828; x_wconf 80' lang='lat' dir='ltr'><strong>fuerint,</strong></span> <span class='ocrx_word' id='word_1_561' title='bbox 2427 3761 2653 3832; x_wconf 87' lang='lat' dir='ltr'><strong>quoties</strong></span> <span class='ocrx_word' id='word_1_562' title='bbox 2674 3760 2837 3815; x_wconf 90' lang='lat' dir='ltr'><strong>indui</strong></span> <span class='ocrx_word' id='word_1_563' title='bbox 2861 3760 3082 3816; x_wconf 91' lang='lat' dir='ltr'><strong>solebat</strong></span> <span class='ocrx_word' id='word_1_564' title='bbox 3106 3760 3400 3816; x_wconf 89' lang='lat' dir='ltr'><strong>inlitaniis</strong></span> <span class='ocrx_word' id='word_1_565' title='bbox 3416 3759 3652 3829; x_wconf 90' lang='lat' dir='ltr'><strong>pallium</strong></span> <span class='ocrx_word' id='word_1_566' title='bbox 3669 3774 3882 3830; x_wconf 82' lang='lat' dir='ltr'><strong>cogno-</strong></span> 
     </span>
    </p>
   </div>
   <div class='ocr_carea' id='block_1_72' title="bbox 363 3847 3886 3919">
    <p class='ocr_par' dir='ltr' id='par_1_72' title="bbox 363 3847 3886 3919">
     <span class='ocr_line' id='line_1_72' title="bbox 363 3847 3886 3919; baseline 0 -17"><span class='ocrx_word' id='word_1_567' title='bbox 363 3852 482 3904; x_wconf 88' lang='lat' dir='ltr'><strong>tem</strong></span> <span class='ocrx_word' id='word_1_568' title='bbox 515 3864 628 3904; x_wconf 89' lang='lat' dir='ltr'><strong>non</strong></span> <span class='ocrx_word' id='word_1_569' title='bbox 678 3847 841 3918; x_wconf 83' lang='lat' dir='ltr'><strong>duas,</strong></span> <span class='ocrx_word' id='word_1_570' title='bbox 873 3848 957 3904; x_wconf 89' lang='lat' dir='ltr'><strong>vel</strong></span> <span class='ocrx_word' id='word_1_571' title='bbox 1006 3853 1125 3903; x_wconf 89' lang='lat' dir='ltr'><strong>tres</strong></span> <span class='ocrx_word' id='word_1_572' title='bbox 1176 3848 1246 3902; x_wconf 88' lang='lat' dir='ltr'><strong>ad</strong></span> <span class='ocrx_word' id='word_1_573' title='bbox 1297 3848 1777 3903; x_wconf 84' lang='lat' dir='ltr'><strong>satisfaciendum</strong></span> <span class='ocrx_word' id='word_1_574' title='bbox 1811 3848 1935 3917; x_wconf 89' lang='lat' dir='ltr'><strong>tibi,</strong></span> <span class='ocrx_word' id='word_1_575' title='bbox 1968 3850 2069 3904; x_wconf 89' lang='lat' dir='ltr'><strong>sed</strong></span> <span class='ocrx_word' id='word_1_576' title='bbox 2173 3856 2418 3919; x_wconf 85' lang='lat' dir='ltr'><strong>scentes,</strong></span> <span class='ocrx_word' id='word_1_577' title='bbox 2451 3849 2833 3905; x_wconf 87' lang='lat' dir='ltr'><strong>libentissime</strong></span> <span class='ocrx_word' id='word_1_578' title='bbox 2879 3852 3309 3916; x_wconf 86' lang='lat' dir='ltr'><strong>concedamus;</strong></span> <span class='ocrx_word' id='word_1_579' title='bbox 3359 3850 3458 3903; x_wconf 91' lang='lat' dir='ltr'><strong>sed</strong></span> <span class='ocrx_word' id='word_1_580' title='bbox 3504 3849 3612 3903; x_wconf 83' lang='lat' dir='ltr'><strong>hoc</strong></span> <span class='ocrx_word' id='word_1_581' title='bbox 3654 3865 3771 3903; x_wconf 93' lang='lat' dir='ltr'><strong>non</strong></span> <span class='ocrx_word' id='word_1_582' title='bbox 3811 3850 3886 3903; x_wconf 89' lang='lat' dir='ltr'><strong>ab</strong></span> 
     </span>
    </p>
   </div>
   <div class='ocr_carea' id='block_1_73' title="bbox 362 3937 3888 4012">
    <p class='ocr_par' dir='ltr' id='par_1_73' title="bbox 362 3937 3888 4012">
     <span class='ocr_line' id='line_1_73' title="bbox 362 3937 3888 4012; baseline -0 -19"><span class='ocrx_word' id='word_1_583' title='bbox 362 3948 608 4012; x_wconf 87' lang='lat' dir='ltr'><strong>quantas</strong></span> <span class='ocrx_word' id='word_1_584' title='bbox 638 3937 997 4008; x_wconf 88' lang='lat' dir='ltr'><strong>antiquiores</strong></span> <span class='ocrx_word' id='word_1_585' title='bbox 1027 3943 1084 3993; x_wconf 89' lang='lat' dir='ltr'><strong>et</strong></span> <span class='ocrx_word' id='word_1_586' title='bbox 1123 3939 1418 4009; x_wconf 88' lang='lat' dir='ltr'><strong>graviores</strong></span> <span class='ocrx_word' id='word_1_587' title='bbox 1456 3939 1771 4004; x_wconf 88' lang='lat' dir='ltr'><strong>inveneris,</strong></span> <span class='ocrx_word' id='word_1_588' title='bbox 1804 3941 2027 4010; x_wconf 86' lang='lat' dir='ltr'><strong>require</strong></span> <span class='ocrx_word' id='word_1_589' title='bbox 2051 3957 2069 3992; x_wconf 93' lang='lat'><strong>:</strong></span> <span class='ocrx_word' id='word_1_590' title='bbox 2177 3939 2292 3995; x_wconf 91' lang='lat' dir='ltr'><strong>illis</strong></span> <span class='ocrx_word' id='word_1_591' title='bbox 2326 3941 2638 4010; x_wconf 86' lang='lat' dir='ltr'><strong>pcrquirat,</strong></span> <span class='ocrx_word' id='word_1_592' title='bbox 2671 3939 2765 4008; x_wconf 90' lang='lat' dir='ltr'><strong>qui</strong></span> <span class='ocrx_word' id='word_1_593' title='bbox 2810 3940 2882 3993; x_wconf 92' lang='lat' dir='ltr'><strong>ab</strong></span> <span class='ocrx_word' id='word_1_594' title='bbox 2930 3937 3342 3993; x_wconf 83' lang='lat' dir='ltr'><strong>ecclesiasticis</strong></span> <span class='ocrx_word' id='word_1_595' title='bbox 3381 3937 3749 4005; x_wconf 87' lang='lat' dir='ltr'><strong>exhibentur,</strong></span> <span class='ocrx_word' id='word_1_596' title='bbox 3784 3938 3888 3993; x_wconf 88' lang='lat' dir='ltr'><strong>sed</strong></span> 
     </span>
    </p>
   </div>
   <div class='ocr_carea' id='block_1_74' title="bbox 363 4027 3896 4100">
    <p class='ocr_par' dir='ltr' id='par_1_74' title="bbox 363 4027 3896 4100">
     <span class='ocr_line' id='line_1_74' title="bbox 363 4027 3896 4100; baseline -0.001 -17"><span class='ocrx_word' id='word_1_597' title='bbox 363 4035 425 4083; x_wconf 88' lang='lat' dir='ltr'><strong>ut</strong></span> <span class='ocrx_word' id='word_1_598' title='bbox 453 4044 641 4099; x_wconf 84' lang='lat' dir='ltr'><strong>neque</strong></span> <span class='ocrx_word' id='word_1_599' title='bbox 671 4029 823 4100; x_wconf 89' lang='lat' dir='ltr'><strong>quod</strong></span> <span class='ocrx_word' id='word_1_600' title='bbox 859 4045 1001 4084; x_wconf 89' lang='lat' dir='ltr'><strong>usus</strong></span> <span class='ocrx_word' id='word_1_601' title='bbox 1035 4028 1145 4083; x_wconf 83' lang='lat' dir='ltr'><strong>iuit</strong></span> <span class='ocrx_word' id='word_1_602' title='bbox 1173 4028 1471 4098; x_wconf 84' lang='lat' dir='ltr'><strong>antiquior</strong></span> <span class='ocrx_word' id='word_1_603' title='bbox 1501 4029 1765 4098; x_wconf 87' lang='lat' dir='ltr'><strong>ejusdem</strong></span> <span class='ocrx_word' id='word_1_604' title='bbox 1808 4029 2066 4085; x_wconf 67' lang='lat' dir='ltr'><strong>ecclesia</strong></span> <span class='ocrx_word' id='word_1_605' title='bbox 2176 4029 2245 4083; x_wconf 88' lang='lat' dir='ltr'><strong>ab</strong></span> <span class='ocrx_word' id='word_1_606' title='bbox 2279 4028 2410 4083; x_wconf 92' lang='lat' dir='ltr'><strong>aliis</strong></span> <span class='ocrx_word' id='word_1_607' title='bbox 2444 4045 2589 4099; x_wconf 89' lang='lat' dir='ltr'><strong>quos</strong></span> <span class='ocrx_word' id='word_1_608' title='bbox 2623 4028 2747 4082; x_wconf 87' lang='lat' dir='ltr'><strong>sine</strong></span> <span class='ocrx_word' id='word_1_609' title='bbox 2781 4028 2970 4082; x_wconf 80' lang='lat' dir='ltr'><strong>favore</strong></span> <span class='ocrx_word' id='word_1_610' title='bbox 3001 4027 3183 4097; x_wconf 90' lang='lat' dir='ltr'><strong>partis</strong></span> <span class='ocrx_word' id='word_1_611' title='bbox 3234 4042 3358 4082; x_wconf 88' lang='lat' dir='ltr'><strong>esse</strong></span> <span class='ocrx_word' id='word_1_612' title='bbox 3403 4027 3734 4098; x_wconf 87' lang='lat' dir='ltr'><strong>cognoverit</strong></span> <span class='ocrx_word' id='word_1_613' title='bbox 3762 4043 3775 4094; x_wconf 87' lang='lat'><strong>;</strong></span> <span class='ocrx_word' id='word_1_614' title='bbox 3834 4031 3896 4081; x_wconf 91' lang='lat' dir='ltr'><strong>et</strong></span> 
     </span>
    </p>
   </div>
   <div class='ocr_carea' id='block_1_75' title="bbox 362 4116 2070 4189">
    <p class='ocr_par' dir='ltr' id='par_1_75' title="bbox 362 4116 2070 4189">
     <span class='ocr_line' id='line_1_75' title="bbox 362 4116 2070 4189; baseline 0 -17"><span class='ocrx_word' id='word_1_615' title='bbox 362 4117 734 4187; x_wconf 80' lang='lat' dir='ltr'><strong>denegamus,</strong></span> <span class='ocrx_word' id='word_1_616' title='bbox 770 4133 956 4189; x_wconf 89' lang='lat' dir='ltr'><strong>neque</strong></span> <span class='ocrx_word' id='word_1_617' title='bbox 999 4116 1154 4188; x_wconf 93' lang='lat' dir='ltr'><strong>quod</strong></span> <span class='ocrx_word' id='word_1_618' title='bbox 1209 4134 1351 4172; x_wconf 78' lang='lat' dir='ltr'><strong>novo</strong></span> <span class='ocrx_word' id='word_1_619' title='bbox 1403 4134 1548 4171; x_wconf 89' lang='lat' dir='ltr'><strong>ausu</strong></span> <span class='ocrx_word' id='word_1_620' title='bbox 1595 4119 1914 4188; x_wconf 88' lang='lat' dir='ltr'><strong>appetitum</strong></span> <span class='ocrx_word' id='word_1_621' title='bbox 1962 4121 2070 4184; x_wconf 92' lang='lat' dir='ltr'><strong>est,</strong></span> 
     </span>
    </p>
   </div>
   <div class='ocr_carea' id='block_1_76' title="bbox 363 4205 2075 4275">
    <p class='ocr_par' dir='ltr' id='par_1_76' title="bbox 363 4205 2075 4275">
     <span class='ocr_line' id='line_1_76' title="bbox 363 4205 2075 4275; baseline 0.001 -16"><span class='ocrx_word' id='word_1_622' title='bbox 363 4206 775 4260; x_wconf 89' lang='lat' dir='ltr'><strong>concedamus.</strong></span> <span class='ocrx_word' id='word_1_623' title='bbox 801 4207 913 4262; x_wconf 81' lang='lat' dir='ltr'><strong>Sed</strong></span> <span class='ocrx_word' id='word_1_624' title='bbox 942 4206 1140 4261; x_wconf 90' lang='lat' dir='ltr'><strong>omnia</strong></span> <span class='ocrx_word' id='word_1_625' title='bbox 1161 4221 1264 4275; x_wconf 82' lang='lat' dir='ltr'><strong>age</strong></span> <span class='ocrx_word' id='word_1_626' title='bbox 1310 4205 1515 4259; x_wconf 89' lang='lat' dir='ltr'><strong>blande</strong></span> <span class='ocrx_word' id='word_1_627' title='bbox 1546 4211 1603 4259; x_wconf 92' lang='lat' dir='ltr'><strong>et</strong></span> <span class='ocrx_word' id='word_1_628' title='bbox 1634 4205 1899 4271; x_wconf 89' lang='lat' dir='ltr'><strong>dulciter,</strong></span> <span class='ocrx_word' id='word_1_629' title='bbox 1927 4211 1988 4259; x_wconf 88' lang='lat' dir='ltr'><strong>ut</strong></span> <span class='ocrx_word' id='word_1_630' title='bbox 2017 4211 2075 4260; x_wconf 91' lang='lat' dir='ltr'><strong>et</strong></span> 
     </span>
    </p>
   </div>
   <div class='ocr_carea' id='block_1_77' title="bbox 364 4293 1640 4364">
    <p class='ocr_par' dir='ltr' id='par_1_77' title="bbox 364 4293 1640 4364">
     <span class='ocr_line' id='line_1_77' title="bbox 364 4293 1640 4364; baseline -0.002 -16"><span class='ocrx_word' id='word_1_631' title='bbox 364 4293 516 4348; x_wconf 91' lang='lat' dir='ltr'><strong>actio</strong></span> <span class='ocrx_word' id='word_1_632' title='bbox 547 4297 647 4348; x_wconf 90' lang='lat' dir='ltr'><strong>tua</strong></span> <span class='ocrx_word' id='word_1_633' title='bbox 675 4293 937 4350; x_wconf 88' lang='lat' dir='ltr'><strong>districta</strong></span> <span class='ocrx_word' id='word_1_634' title='bbox 967 4294 1060 4360; x_wconf 90' lang='lat' dir='ltr'><strong>sit,</strong></span> <span class='ocrx_word' id='word_1_635' title='bbox 1088 4297 1144 4348; x_wconf 90' lang='lat' dir='ltr'><strong>et</strong></span> <span class='ocrx_word' id='word_1_636' title='bbox 1172 4293 1374 4364; x_wconf 88' lang='lat' dir='ltr'><strong>lingua</strong></span> <span class='ocrx_word' id='word_1_637' title='bbox 1409 4293 1580 4348; x_wconf 89' lang='lat' dir='ltr'><strong>mitis.</strong></span> <span class='ocrx_word' id='word_1_638' title='bbox 1614 4313 1640 4346; x_wconf 77' lang='grc' dir='ltr'>ι</span> 
     </span>
    </p>
   </div>
   <div class='ocr_carea' id='block_1_78' title="bbox 438 4382 2071 4453">
    <p class='ocr_par' dir='ltr' id='par_1_78' title="bbox 438 4382 2071 4453">
     <span class='ocr_line' id='line_1_78' title="bbox 438 4382 2071 4453; baseline 0.005 -22"><span class='ocrx_word' id='word_1_639' title='bbox 438 4401 466 4431; x_wconf 76' lang='grc' dir='ltr'><strong>α</strong></span> <span class='ocrx_word' id='word_1_640' title='bbox 496 4384 634 4438; x_wconf 89' lang='lat' dir='ltr'><strong>Juro</strong></span> <span class='ocrx_word' id='word_1_641' title='bbox 668 4398 804 4453; x_wconf 88' lang='lat' dir='ltr'><strong>ergo</strong></span> <span class='ocrx_word' id='word_1_642' title='bbox 835 4382 900 4437; x_wconf 89' lang='lat' dir='ltr'><strong>N.</strong></span> <span class='ocrx_word' id='word_1_643' title='bbox 937 4399 1034 4453; x_wconf 90' lang='lat' dir='ltr'><strong>per</strong></span> <span class='ocrx_word' id='word_1_644' title='bbox 1067 4383 1314 4449; x_wconf 88' lang='lat' dir='ltr'><strong>Patrem,</strong></span> <span class='ocrx_word' id='word_1_645' title='bbox 1349 4389 1404 4438; x_wconf 91' lang='lat' dir='ltr'><strong>et</strong></span> <span class='ocrx_word' id='word_1_646' title='bbox 1443 4383 1675 4448; x_wconf 82' lang='lat' dir='ltr'><strong>Filium,</strong></span> <span class='ocrx_word' id='word_1_647' title='bbox 1708 4387 1764 4437; x_wconf 92' lang='lat' dir='ltr'><strong>et</strong></span> <span class='ocrx_word' id='word_1_648' title='bbox 1794 4384 2071 4453; x_wconf 86' lang='lat' dir='ltr'><strong>Spiritum</strong></span> 
     </span>
    </p>
   </div>
   <div class='ocr_carea' id='block_1_79' title="bbox 366 4470 2071 4541">
    <p class='ocr_par' dir='ltr' id='par_1_79' title="bbox 366 4470 2071 4541">
     <span class='ocr_line' id='line_1_79' title="bbox 366 4470 2071 4541; baseline 0.001 -16"><span class='ocrx_word' id='word_1_649' title='bbox 366 4474 659 4538; x_wconf 86' lang='lat' dir='ltr'><strong>sanctum,</strong></span> <span class='ocrx_word' id='word_1_650' title='bbox 693 4470 1102 4541; x_wconf 82' lang='lat' dir='ltr'><strong>inseparabilis</strong></span> <span class='ocrx_word' id='word_1_651' title='bbox 1144 4471 1346 4525; x_wconf 70' lang='lat' dir='ltr'><strong>divinae</strong></span> <span class='ocrx_word' id='word_1_652' title='bbox 1389 4472 1652 4541; x_wconf 66' lang='lat' dir='ltr'><strong>potentiae</strong></span> <span class='ocrx_word' id='word_1_653' title='bbox 1703 4472 2071 4538; x_wconf 86' lang='lat' dir='ltr'><strong>Trinitatem,</strong></span> 
     </span>
    </p>
   </div>
   <div class='ocr_carea' id='block_1_80' title="bbox 2178 4114 3902 4190">
    <p class='ocr_par' dir='ltr' id='par_1_80' title="bbox 2178 4114 3902 4190">
     <span class='ocr_line' id='line_1_80' title="bbox 2178 4114 3902 4190; baseline -0.001 -18"><span class='ocrx_word' id='word_1_654' title='bbox 2178 4133 2304 4190; x_wconf 69' lang='lat' dir='ltr'><strong>quae</strong></span> <span class='ocrx_word' id='word_1_655' title='bbox 2349 4117 2596 4172; x_wconf 88' lang='lat' dir='ltr'><strong>sollicita</strong></span> <span class='ocrx_word' id='word_1_656' title='bbox 2627 4117 2998 4189; x_wconf 85' lang='lat' dir='ltr'><strong>indagatione</strong></span> <span class='ocrx_word' id='word_1_657' title='bbox 3042 4115 3336 4188; x_wconf 89' lang='lat' dir='ltr'><strong>repererit,</strong></span> <span class='ocrx_word' id='word_1_658' title='bbox 3381 4115 3548 4171; x_wconf 91' lang='lat' dir='ltr'><strong>nobis</strong></span> <span class='ocrx_word' id='word_1_659' title='bbox 3594 4114 3902 4171; x_wconf 87' lang='lat' dir='ltr'><strong>subtiliter</strong></span> 
     </span>
    </p>
   </div>
   <div class='ocr_carea' id='block_1_81' title="bbox 2179 4205 3899 4274">
    <p class='ocr_par' dir='ltr' id='par_1_81' title="bbox 2179 4205 3899 4274">
     <span class='ocr_line' id='line_1_81' title="bbox 2179 4205 3899 4274; baseline -0.001 -13"><span class='ocrx_word' id='word_1_660' title='bbox 2179 4205 2393 4262; x_wconf 86' lang='lat' dir='ltr'><strong>indicet</strong></span> <span class='ocrx_word' id='word_1_661' title='bbox 2419 4223 2431 4259; x_wconf 89' lang='lat'><strong>:</strong></span> <span class='ocrx_word' id='word_1_662' title='bbox 2467 4211 2529 4260; x_wconf 90' lang='lat' dir='ltr'><strong>ut</strong></span> <span class='ocrx_word' id='word_1_663' title='bbox 2551 4206 2814 4271; x_wconf 81' lang='lat' dir='ltr'><strong>veritate,</strong></span> <span class='ocrx_word' id='word_1_664' title='bbox 2838 4209 2991 4260; x_wconf 90' lang='lat' dir='ltr'><strong>sicut</strong></span> <span class='ocrx_word' id='word_1_665' title='bbox 3021 4205 3298 4273; x_wconf 86' lang='lat' dir='ltr'><strong>diximus,</strong></span> <span class='ocrx_word' id='word_1_666' title='bbox 3326 4206 3575 4274; x_wconf 76' lang='lat' dir='ltr'><strong>cognita,</strong></span> <span class='ocrx_word' id='word_1_667' title='bbox 3601 4205 3797 4259; x_wconf 82' lang='lat' dir='ltr'><strong>fratris</strong></span> <span class='ocrx_word' id='word_1_668' title='bbox 3840 4210 3899 4260; x_wconf 89' lang='lat' dir='ltr'><strong>et</strong></span> 
     </span>
    </p>
   </div>
   <div class='ocr_carea' id='block_1_82' title="bbox 2179 4291 3904 4364">
    <p class='ocr_par' dir='ltr' id='par_1_82' title="bbox 2179 4291 3904 4364">
     <span class='ocr_line' id='line_1_82' title="bbox 2179 4291 3904 4364; baseline 0 -16"><span class='ocrx_word' id='word_1_669' title='bbox 2179 4294 2503 4364; x_wconf 84' lang='lat' dir='ltr'><strong>coepiscOpi</strong></span> <span class='ocrx_word' id='word_1_670' title='bbox 2557 4291 2741 4348; x_wconf 87' lang='lat' dir='ltr'><strong>nostri</strong></span> <span class='ocrx_word' id='word_1_671' title='bbox 2803 4292 3274 4347; x_wconf 89' lang='lat' dir='ltr'><strong>reverendissimi</strong></span> <span class='ocrx_word' id='word_1_672' title='bbox 3317 4291 3626 4348; x_wconf 88' lang='lat' dir='ltr'><strong>Mariniani</strong></span> <span class='ocrx_word' id='word_1_673' title='bbox 3658 4292 3904 4348; x_wconf 87' lang='lat' dir='ltr'><strong>animos</strong></span> 
     </span>
    </p>
   </div>
   <div class='ocr_carea' id='block_1_83' title="bbox 2179 4380 3906 4450">
    <p class='ocr_par' dir='ltr' id='par_1_83' title="bbox 2179 4380 3906 4450">
     <span class='ocr_line' id='line_1_83' title="bbox 2179 4380 3906 4450; baseline 0 -16"><span class='ocrx_word' id='word_1_674' title='bbox 2179 4381 2582 4435; x_wconf 82' lang='lat' dir='ltr'><strong>relevemus.»</strong></span> <span class='ocrx_word' id='word_1_675' title='bbox 2635 4381 2773 4450; x_wconf 82' lang='lat' dir='ltr'><strong>(Lib.</strong></span> <span class='ocrx_word' id='word_1_676' title='bbox 2807 4397 2883 4446; x_wconf 80' lang='lat' dir='ltr'><strong>x1,</strong></span> <span class='ocrx_word' id='word_1_677' title='bbox 2935 4397 3014 4449; x_wconf 81' lang='lat' dir='ltr'><strong>ep.</strong></span> <span class='ocrx_word' id='word_1_678' title='bbox 3063 4380 3155 4447; x_wconf 84' lang='lat'><strong>77,</strong></span> <span class='ocrx_word' id='word_1_679' title='bbox 3189 4396 3336 4434; x_wconf 84' lang='lat' dir='ltr'><strong>nunc</strong></span> <span class='ocrx_word' id='word_1_680' title='bbox 3385 4380 3481 4434; x_wconf 78' lang='lat' dir='ltr'><strong>lib.</strong></span> <span class='ocrx_word' id='word_1_681' title='bbox 3534 4396 3608 4444; x_wconf 74' lang='lat' dir='ltr'><strong>vr,</strong></span> <span class='ocrx_word' id='word_1_682' title='bbox 3648 4395 3736 4448; x_wconf 79' lang='lat' dir='ltr'><strong>ep.</strong></span> <span class='ocrx_word' id='word_1_683' title='bbox 3778 4381 3906 4449; x_wconf 45' lang='lat'><strong>3:5.)</strong></span> 
     </span>
    </p>
   </div>
   <div class='ocr_carea' id='block_1_84' title="bbox 2177 4468 3900 4540">
    <p class='ocr_par' dir='ltr' id='par_1_84' title="bbox 2177 4468 3900 4540">
     <span class='ocr_line' id='line_1_84' title="bbox 2177 4468 3900 4540; baseline -0.001 -15"><span class='ocrx_word' id='word_1_684' title='bbox 2177 4471 2244 4525; x_wconf 83' lang='lat' dir='ltr'><strong>At</strong></span> <span class='ocrx_word' id='word_1_685' title='bbox 2274 4470 2408 4540; x_wconf 81' lang='lat' dir='ltr'><strong>quia</strong></span> <span class='ocrx_word' id='word_1_686' title='bbox 2437 4470 2623 4538; x_wconf 85' lang='lat' dir='ltr'><strong>prisca</strong></span> <span class='ocrx_word' id='word_1_687' title='bbox 2650 4469 3006 4524; x_wconf 87' lang='lat' dir='ltr'><strong>consuetudo</strong></span> <span class='ocrx_word' id='word_1_688' title='bbox 3037 4485 3069 4523; x_wconf 92' lang='lat' dir='ltr'><strong>a</strong></span> <span class='ocrx_word' id='word_1_689' title='bbox 3091 4468 3447 4524; x_wconf 84' lang='lat' dir='ltr'><strong>nostratibus</strong></span> <span class='ocrx_word' id='word_1_690' title='bbox 3480 4468 3775 4523; x_wconf 82' lang='lat' dir='ltr'><strong>subtiliter</strong></span> <span class='ocrx_word' id='word_1_691' title='bbox 3807 4469 3900 4524; x_wconf 82' lang='lat' dir='ltr'><strong>in-</strong></span> 
     </span>
    </p>
   </div>
   <div class='ocr_carea' id='block_1_85' title="bbox 366 4555 3903 4647">
    <p class='ocr_par' dir='ltr' id='par_1_85' title="bbox 366 4555 3903 4647">
     <span class='ocr_line' id='line_1_85' title="bbox 366 4555 3903 4647; baseline 0 -34"><span class='ocrx_word' id='word_1_692' title='bbox 366 4561 424 4613; x_wconf 85' lang='lat' dir='ltr'><strong>et</strong></span> <span class='ocrx_word' id='word_1_693' title='bbox 478 4555 587 4612; x_wconf 86' lang='lat' dir='ltr'><strong>hoc</strong></span> <span class='ocrx_word' id='word_1_694' title='bbox 652 4572 865 4629; x_wconf 88' lang='lat' dir='ltr'><strong>corpus</strong></span> <span class='ocrx_word' id='word_1_695' title='bbox 915 4557 1070 4612; x_wconf 83' lang='lat' dir='ltr'><strong>beati</strong></span> <span class='ocrx_word' id='word_1_696' title='bbox 1113 4559 1465 4630; x_wconf 85' lang='lat' dir='ltr'><strong>Apollinaris</strong></span> <span class='ocrx_word' id='word_1_697' title='bbox 1498 4561 1791 4631; x_wconf 84' lang='lat' dir='ltr'><strong>martyris,</strong></span> <span class='ocrx_word' id='word_1_698' title='bbox 1825 4577 1918 4616; x_wconf 88' lang='lat' dir='ltr'><strong>me</strong></span> <span class='ocrx_word' id='word_1_699' title='bbox 1970 4580 2070 4633; x_wconf 89' lang='lat' dir='ltr'><strong>pro</strong></span> <span class='ocrx_word' id='word_1_700' title='bbox 2105 4583 2146 4647; x_wconf 68' lang='grc' dir='ltr'><strong>ι)</strong></span> <span class='ocrx_word' id='word_1_701' title='bbox 2180 4560 2417 4631; x_wconf 86' lang='lat' dir='ltr'><strong>quisita,</strong></span> <span class='ocrx_word' id='word_1_702' title='bbox 2453 4577 2485 4613; x_wconf 88' lang='lat' dir='ltr'><strong>a</strong></span> <span class='ocrx_word' id='word_1_703' title='bbox 2519 4559 2951 4614; x_wconf 85' lang='lat' dir='ltr'><strong>Ravennatibus</strong></span> <span class='ocrx_word' id='word_1_704' title='bbox 2985 4557 3213 4627; x_wconf 85' lang='lat' dir='ltr'><strong>probari</strong></span> <span class='ocrx_word' id='word_1_705' title='bbox 3262 4556 3421 4612; x_wconf 87' lang='lat' dir='ltr'><strong>nullo</strong></span> <span class='ocrx_word' id='word_1_706' title='bbox 3473 4558 3646 4612; x_wconf 87' lang='lat' dir='ltr'><strong>modo</strong></span> <span class='ocrx_word' id='word_1_707' title='bbox 3676 4560 3903 4628; x_wconf 88' lang='lat' dir='ltr'><strong>potuit,</strong></span> 
     </span>
    </p>
   </div>
   <div class='ocr_carea' id='block_1_86' title="bbox 364 4644 2070 4719">
    <p class='ocr_par' dir='ltr' id='par_1_86' title="bbox 364 4644 2070 4719">
     <span class='ocr_line' id='line_1_86' title="bbox 364 4644 2070 4719; baseline 0.001 -18"><span class='ocrx_word' id='word_1_708' title='bbox 364 4644 586 4701; x_wconf 84' lang='lat' dir='ltr'><strong>nullius</strong></span> <span class='ocrx_word' id='word_1_709' title='bbox 619 4644 812 4702; x_wconf 84' lang='lat' dir='ltr'><strong>favore</strong></span> <span class='ocrx_word' id='word_1_710' title='bbox 844 4663 1125 4716; x_wconf 65' lang='lat' dir='ltr'><strong>personae,</strong></span> <span class='ocrx_word' id='word_1_711' title='bbox 1164 4664 1346 4718; x_wconf 88' lang='lat' dir='ltr'><strong>neque</strong></span> <span class='ocrx_word' id='word_1_712' title='bbox 1378 4649 1682 4704; x_wconf 90' lang='lat' dir='ltr'><strong>commodo</strong></span> <span class='ocrx_word' id='word_1_713' title='bbox 1739 4649 1937 4719; x_wconf 90' lang='lat' dir='ltr'><strong>aliquo</strong></span> <span class='ocrx_word' id='word_1_714' title='bbox 1979 4651 2070 4703; x_wconf 87' lang='lat' dir='ltr'><strong>in-</strong></span> 
     </span>
    </p>
   </div>
   <div class='ocr_carea' id='block_1_87' title="bbox 362 4734 2072 4810">
    <p class='ocr_par' dir='ltr' id='par_1_87' title="bbox 362 4734 2072 4810">
     <span class='ocr_line' id='line_1_87' title="bbox 362 4734 2072 4810; baseline 0.003 -20"><span class='ocrx_word' id='word_1_715' title='bbox 362 4734 746 4804; x_wconf 87' lang='lat' dir='ltr'><strong>terveniente,</strong></span> <span class='ocrx_word' id='word_1_716' title='bbox 773 4736 1013 4804; x_wconf 88' lang='lat' dir='ltr'><strong>testari;</strong></span> <span class='ocrx_word' id='word_1_717' title='bbox 1065 4738 1161 4792; x_wconf 89' lang='lat' dir='ltr'><strong>sed</strong></span> <span class='ocrx_word' id='word_1_718' title='bbox 1223 4737 1340 4794; x_wconf 67' lang='lat' dir='ltr'><strong>hac</strong></span> <span class='ocrx_word' id='word_1_719' title='bbox 1397 4738 1537 4805; x_wconf 90' lang='lat' dir='ltr'><strong>scio,</strong></span> <span class='ocrx_word' id='word_1_720' title='bbox 1582 4743 1638 4793; x_wconf 92' lang='lat' dir='ltr'><strong>et</strong></span> <span class='ocrx_word' id='word_1_721' title='bbox 1686 4755 1786 4810; x_wconf 92' lang='lat' dir='ltr'><strong>per</strong></span> <span class='ocrx_word' id='word_1_722' title='bbox 1833 4744 2072 4795; x_wconf 82' lang='lat' dir='ltr'><strong>memet-</strong></span> 
     </span>
    </p>
   </div>
   <div class='ocr_carea' id='block_1_88' title="bbox 362 4824 2070 4899">
    <p class='ocr_par' dir='ltr' id='par_1_88' title="bbox 362 4824 2070 4899">
     <span class='ocr_line' id='line_1_88' title="bbox 362 4824 2070 4899; baseline 0 -17"><span class='ocrx_word' id='word_1_723' title='bbox 362 4825 558 4898; x_wconf 89' lang='lat' dir='ltr'><strong>ipsum</strong></span> <span class='ocrx_word' id='word_1_724' title='bbox 594 4824 858 4896; x_wconf 87' lang='lat' dir='ltr'><strong>cognovi,</strong></span> <span class='ocrx_word' id='word_1_725' title='bbox 879 4824 1014 4895; x_wconf 89' lang='lat' dir='ltr'><strong>quia</strong></span> <span class='ocrx_word' id='word_1_726' title='bbox 1045 4830 1178 4881; x_wconf 91' lang='lat' dir='ltr'><strong>ante</strong></span> <span class='ocrx_word' id='word_1_727' title='bbox 1210 4832 1474 4897; x_wconf 85' lang='lat' dir='ltr'><strong>tempora</strong></span> <span class='ocrx_word' id='word_1_728' title='bbox 1501 4827 1746 4884; x_wconf 91' lang='lat' dir='ltr'><strong>Joannis</strong></span> <span class='ocrx_word' id='word_1_729' title='bbox 1778 4830 2070 4899; x_wconf 88' lang='lat' dir='ltr'><strong>quondam</strong></span> 
     </span>
    </p>
   </div>
   <div class='ocr_carea' id='block_1_89' title="bbox 361 4913 2074 4989">
    <p class='ocr_par' dir='ltr' id='par_1_89' title="bbox 361 4913 2074 4989">
     <span class='ocr_line' id='line_1_89' title="bbox 361 4913 2074 4989; baseline 0.002 -18"><span class='ocrx_word' id='word_1_730' title='bbox 361 4913 643 4987; x_wconf 85' lang='lat' dir='ltr'><strong>episcopi,</strong></span> <span class='ocrx_word' id='word_1_731' title='bbox 677 4914 983 4972; x_wconf 71' lang='lat' dir='ltr'><strong>Ravennae</strong></span> <span class='ocrx_word' id='word_1_732' title='bbox 1028 4915 1334 4985; x_wconf 88' lang='lat' dir='ltr'><strong>episcopus</strong></span> <span class='ocrx_word' id='word_1_733' title='bbox 1386 4922 1667 4987; x_wconf 65' lang='lat' dir='ltr'><strong>praesente</strong></span> <span class='ocrx_word' id='word_1_734' title='bbox 1699 4918 2074 4989; x_wconf 84' lang='lat' dir='ltr'><strong>apocrisiario</strong></span> 
     </span>
    </p>
   </div>
   <div class='ocr_carea' id='block_1_90' title="bbox 364 5001 2074 5076">
    <p class='ocr_par' dir='ltr' id='par_1_90' title="bbox 364 5001 2074 5076">
     <span class='ocr_line' id='line_1_90' title="bbox 364 5001 2074 5076; baseline 0.001 -17"><span class='ocrx_word' id='word_1_735' title='bbox 364 5003 522 5059; x_wconf 87' lang='lat' dir='ltr'><strong>sedis</strong></span> <span class='ocrx_word' id='word_1_736' title='bbox 555 5005 890 5076; x_wconf 76' lang='lat' dir='ltr'><strong>apostolicae</strong></span> <span class='ocrx_word' id='word_1_737' title='bbox 925 5001 1022 5060; x_wconf 93' lang='lat' dir='ltr'><strong>illo</strong></span> <span class='ocrx_word' id='word_1_738' title='bbox 1073 5012 1246 5076; x_wconf 87' lang='lat' dir='ltr'><strong>atque</strong></span> <span class='ocrx_word' id='word_1_739' title='bbox 1279 5003 1399 5071; x_wconf 92' lang='lat' dir='ltr'><strong>illo,</strong></span> <span class='ocrx_word' id='word_1_740' title='bbox 1435 5003 1549 5060; x_wconf 89' lang='lat' dir='ltr'><strong>illis</strong></span> <span class='ocrx_word' id='word_1_741' title='bbox 1600 5013 1653 5060; x_wconf 91' lang='lat' dir='ltr'><strong>et</strong></span> <span class='ocrx_word' id='word_1_742' title='bbox 1702 5006 1817 5061; x_wconf 88' lang='lat' dir='ltr'><strong>illis</strong></span> <span class='ocrx_word' id='word_1_743' title='bbox 1868 5006 2074 5062; x_wconf 90' lang='lat' dir='ltr'><strong>diebus</strong></span> 
     </span>
    </p>
   </div>
   <div class='ocr_carea' id='block_1_91' title="bbox 364 5092 2069 5167">
    <p class='ocr_par' dir='ltr' id='par_1_91' title="bbox 364 5092 2069 5167">
     <span class='ocr_line' id='line_1_91' title="bbox 364 5092 2069 5167; baseline 0.001 -21"><span class='ocrx_word' id='word_1_744' title='bbox 364 5094 851 5150; x_wconf 88' lang='lat' dir='ltr'><strong>consuetudinem</strong></span> <span class='ocrx_word' id='word_1_745' title='bbox 887 5094 1090 5150; x_wconf 86' lang='lat' dir='ltr'><strong>utendi</strong></span> <span class='ocrx_word' id='word_1_746' title='bbox 1123 5093 1300 5166; x_wconf 90' lang='lat' dir='ltr'><strong>pallio</strong></span> <span class='ocrx_word' id='word_1_747' title='bbox 1351 5092 1591 5149; x_wconf 86' lang='lat' dir='ltr'><strong>habuit:</strong></span> <span class='ocrx_word' id='word_1_748' title='bbox 1646 5111 1757 5150; x_wconf 86' lang='lat' dir='ltr'><strong>non</strong></span> <span class='ocrx_word' id='word_1_749' title='bbox 1808 5097 2069 5167; x_wconf 87' lang='lat' dir='ltr'><strong>cognovi,</strong></span> 
     </span>
    </p>
   </div>
   <div class='ocr_carea' id='block_1_92' title="bbox 364 5180 2068 5256">
    <p class='ocr_par' dir='ltr' id='par_1_92' title="bbox 364 5180 2068 5256">
     <span class='ocr_line' id='line_1_92' title="bbox 364 5180 2068 5256; baseline 0.004 -22"><span class='ocrx_word' id='word_1_750' title='bbox 364 5180 504 5252; x_wconf 87' lang='lat' dir='ltr'><strong>quia</strong></span> <span class='ocrx_word' id='word_1_751' title='bbox 534 5180 642 5235; x_wconf 90' lang='lat' dir='ltr'><strong>hoc</strong></span> <span class='ocrx_word' id='word_1_752' title='bbox 693 5182 940 5240; x_wconf 90' lang='lat' dir='ltr'><strong>latenter</strong></span> <span class='ocrx_word' id='word_1_753' title='bbox 984 5182 1070 5239; x_wconf 88' lang='lat' dir='ltr'><strong>vel</strong></span> <span class='ocrx_word' id='word_1_754' title='bbox 1124 5184 1347 5256; x_wconf 90' lang='lat' dir='ltr'><strong>absque</strong></span> <span class='ocrx_word' id='word_1_755' title='bbox 1379 5181 1751 5254; x_wconf 87' lang='lat' dir='ltr'><strong>apocrisiario</strong></span> <span class='ocrx_word' id='word_1_756' title='bbox 1794 5199 2068 5256; x_wconf 84' lang='lat' dir='ltr'><strong>usurpas-</strong></span> 
     </span>
    </p>
   </div>
   <div class='ocr_carea' id='block_1_93' title="bbox 365 5271 1076 5344">
    <p class='ocr_par' dir='ltr' id='par_1_93' title="bbox 365 5271 1076 5344">
     <span class='ocr_line' id='line_1_93' title="bbox 365 5271 1076 5344; baseline 0.006 -20"><span class='ocrx_word' id='word_1_757' title='bbox 365 5273 472 5325; x_wconf 86' lang='lat' dir='ltr'><strong>set.</strong></span> <span class='ocrx_word' id='word_1_758' title='bbox 502 5291 531 5320; x_wconf 83' lang='lat'>»</span> <span class='ocrx_word' id='word_1_759' title='bbox 565 5271 705 5339; x_wconf 83' lang='lat' dir='ltr'><strong>(Lib.</strong></span> <span class='ocrx_word' id='word_1_760' title='bbox 739 5289 812 5341; x_wconf 74' lang='lat' dir='ltr'><strong>vr,</strong></span> <span class='ocrx_word' id='word_1_761' title='bbox 842 5291 926 5344; x_wconf 81' lang='lat' dir='ltr'><strong>cp.</strong></span> <span class='ocrx_word' id='word_1_762' title='bbox 959 5275 1076 5344; x_wconf 85' lang='lat'><strong>61.)</strong></span> 
     </span>
    </p>
   </div>
   <div class='ocr_carea' id='block_1_94' title="bbox 373 5358 2071 5436">
    <p class='ocr_par' dir='ltr' id='par_1_94' title="bbox 373 5358 2071 5436">
     <span class='ocr_line' id='line_1_94' title="bbox 373 5358 2071 5436; baseline 0.004 -22"><span class='ocrx_word' id='word_1_763' title='bbox 373 5429 376 5432; x_wconf 22' lang='lat'>.</span> <span class='ocrx_word' id='word_1_764' title='bbox 434 5360 489 5414; x_wconf 91' lang='grc'><strong>7.</strong></span> <span class='ocrx_word' id='word_1_765' title='bbox 523 5358 640 5417; x_wconf 84' lang='lat' dir='ltr'><strong>Hoc</strong></span> <span class='ocrx_word' id='word_1_766' title='bbox 672 5361 983 5431; x_wconf 88' lang='lat' dir='ltr'><strong>Gregorius</strong></span> <span class='ocrx_word' id='word_1_767' title='bbox 1038 5381 1134 5434; x_wconf 92' lang='lat' dir='ltr'><strong>per</strong></span> <span class='ocrx_word' id='word_1_768' title='bbox 1180 5364 1554 5421; x_wconf 89' lang='lat' dir='ltr'><strong>indictionem</strong></span> <span class='ocrx_word' id='word_1_769' title='bbox 1598 5369 1863 5436; x_wconf 89' lang='lat' dir='ltr'><strong>quartam</strong></span> <span class='ocrx_word' id='word_1_770' title='bbox 1916 5363 2071 5420; x_wconf 82' lang='lat' dir='ltr'><strong>deci-</strong></span> 
     </span>
    </p>
   </div>
   <div class='ocr_carea' id='block_1_95' title="bbox 366 5448 2073 5526">
    <p class='ocr_par' dir='ltr' id='par_1_95' title="bbox 366 5448 2073 5526">
     <span class='ocr_line' id='line_1_95' title="bbox 366 5448 2073 5526; baseline 0.002 -22"><span class='ocrx_word' id='word_1_771' title='bbox 366 5464 521 5505; x_wconf 88' lang='lat' dir='ltr'><strong>mam</strong></span> <span class='ocrx_word' id='word_1_772' title='bbox 567 5448 989 5518; x_wconf 88' lang='lat' dir='ltr'><strong>jusjurandum</strong></span> <span class='ocrx_word' id='word_1_773' title='bbox 1024 5461 1391 5526; x_wconf 71' lang='lat' dir='ltr'><strong>prieceperat.</strong></span> <span class='ocrx_word' id='word_1_774' title='bbox 1426 5456 1587 5522; x_wconf 89' lang='lat' dir='ltr'><strong>Quod</strong></span> <span class='ocrx_word' id='word_1_775' title='bbox 1622 5455 1778 5525; x_wconf 89' lang='lat' dir='ltr'><strong>quia,</strong></span> <span class='ocrx_word' id='word_1_776' title='bbox 1810 5453 1965 5510; x_wconf 89' lang='lat' dir='ltr'><strong>sicut</strong></span> <span class='ocrx_word' id='word_1_777' title='bbox 1995 5454 2073 5510; x_wconf 91' lang='lat' dir='ltr'><strong>rei</strong></span> 
     </span>
    </p>
   </div>
   <div class='ocr_carea' id='block_1_96' title="bbox 2181 4646 3906 4718">
    <p class='ocr_par' dir='ltr' id='par_1_96' title="bbox 2181 4646 3906 4718">
     <span class='ocr_line' id='line_1_96' title="bbox 2181 4646 3906 4718; baseline -0.001 -15"><span class='ocrx_word' id='word_1_778' title='bbox 2181 4649 2523 4718; x_wconf 80' lang='lat' dir='ltr'><strong>Gregorium</strong></span> <span class='ocrx_word' id='word_1_779' title='bbox 2553 4648 2608 4700; x_wconf 91' lang='lat' dir='ltr'><strong>in</strong></span> <span class='ocrx_word' id='word_1_780' title='bbox 2633 4664 2740 4702; x_wconf 90' lang='lat' dir='ltr'><strong>sua</strong></span> <span class='ocrx_word' id='word_1_781' title='bbox 2772 4646 3056 4701; x_wconf 83' lang='lat' dir='ltr'><strong>sententia</strong></span> <span class='ocrx_word' id='word_1_782' title='bbox 3079 4646 3469 4717; x_wconf 89' lang='lat' dir='ltr'><strong>permansisse</strong></span> <span class='ocrx_word' id='word_1_783' title='bbox 3486 4646 3687 4716; x_wconf 91' lang='lat' dir='ltr'><strong>procul</strong></span> <span class='ocrx_word' id='word_1_784' title='bbox 3711 4647 3906 4704; x_wconf 91' lang='lat' dir='ltr'><strong>dubio</strong></span> 
     </span>
    </p>
   </div>
   <div class='ocr_carea' id='block_1_97' title="bbox 2183 4735 3910 4807">
    <p class='ocr_par' dir='ltr' id='par_1_97' title="bbox 2183 4735 3910 4807">
     <span class='ocr_line' id='line_1_97' title="bbox 2183 4735 3910 4807; baseline -0.001 -14"><span class='ocrx_word' id='word_1_785' title='bbox 2183 4738 2324 4794; x_wconf 90' lang='lat' dir='ltr'><strong>illud</strong></span> <span class='ocrx_word' id='word_1_786' title='bbox 2361 4739 2635 4803; x_wconf 81' lang='lat' dir='ltr'><strong>ostendit,</strong></span> <span class='ocrx_word' id='word_1_787' title='bbox 2669 4736 2823 4806; x_wconf 91' lang='lat' dir='ltr'><strong>quod</strong></span> <span class='ocrx_word' id='word_1_788' title='bbox 2857 4751 3044 4806; x_wconf 87' lang='lat' dir='ltr'><strong>neque</strong></span> <span class='ocrx_word' id='word_1_789' title='bbox 3075 4735 3148 4790; x_wconf 92' lang='lat' dir='ltr'><strong>ob</strong></span> <span class='ocrx_word' id='word_1_790' title='bbox 3179 4735 3309 4801; x_wconf 87' lang='lat' dir='ltr'><strong>hoc,</strong></span> <span class='ocrx_word' id='word_1_791' title='bbox 3344 4743 3632 4807; x_wconf 87' lang='lat' dir='ltr'><strong>quantum</strong></span> <span class='ocrx_word' id='word_1_792' title='bbox 3665 4750 3736 4791; x_wconf 79' lang='lat' dir='ltr'><strong>ex</strong></span> <span class='ocrx_word' id='word_1_793' title='bbox 3767 4737 3910 4807; x_wconf 80' lang='lat' dir='ltr'><strong>api-</strong></span> 
     </span>
    </p>
   </div>
   <div class='ocr_carea' id='block_1_98' title="bbox 2183 4823 3914 4898">
    <p class='ocr_par' dir='ltr' id='par_1_98' title="bbox 2183 4823 3914 4898">
     <span class='ocr_line' id='line_1_98' title="bbox 2183 4823 3914 4898; baseline -0.001 -15"><span class='ocrx_word' id='word_1_794' title='bbox 2183 4828 2350 4883; x_wconf 92' lang='lat' dir='ltr'><strong>cibus</strong></span> <span class='ocrx_word' id='word_1_795' title='bbox 2380 4828 2507 4896; x_wconf 90' lang='lat' dir='ltr'><strong>ejus</strong></span> <span class='ocrx_word' id='word_1_796' title='bbox 2530 4825 2914 4898; x_wconf 86' lang='lat' dir='ltr'><strong>dignoscitur,</strong></span> <span class='ocrx_word' id='word_1_797' title='bbox 2947 4842 2980 4878; x_wconf 91' lang='lat' dir='ltr'><strong>a</strong></span> <span class='ocrx_word' id='word_1_798' title='bbox 3009 4840 3300 4895; x_wconf 89' lang='lat' dir='ltr'><strong>quoquam</strong></span> <span class='ocrx_word' id='word_1_799' title='bbox 3336 4823 3680 4880; x_wconf 88' lang='lat' dir='ltr'><strong>sollicitatus</strong></span> <span class='ocrx_word' id='word_1_800' title='bbox 3722 4824 3914 4881; x_wconf 85' lang='lat' dir='ltr'><strong>exsti-</strong></span> 
     </span>
    </p>
   </div>
   <div class='ocr_carea' id='block_1_99' title="bbox 2182 4912 3912 4987">
    <p class='ocr_par' dir='ltr' id='par_1_99' title="bbox 2182 4912 3912 4987">
     <span class='ocr_line' id='line_1_99' title="bbox 2182 4912 3912 4987; baseline 0 -16"><span class='ocrx_word' id='word_1_801' title='bbox 2182 4919 2272 4986; x_wconf 89' lang='lat' dir='ltr'><strong>tit,</strong></span> <span class='ocrx_word' id='word_1_802' title='bbox 2306 4932 2494 4987; x_wconf 89' lang='lat' dir='ltr'><strong>neque</strong></span> <span class='ocrx_word' id='word_1_803' title='bbox 2542 4933 2574 4969; x_wconf 90' lang='lat' dir='ltr'><strong>a</strong></span> <span class='ocrx_word' id='word_1_804' title='bbox 2623 4914 2933 4984; x_wconf 86' lang='lat' dir='ltr'><strong>semetipso</strong></span> <span class='ocrx_word' id='word_1_805' title='bbox 2991 4917 3321 4969; x_wconf 91' lang='lat' dir='ltr'><strong>commotus</strong></span> <span class='ocrx_word' id='word_1_806' title='bbox 3354 4912 3595 4968; x_wconf 89' lang='lat' dir='ltr'><strong>ulterius</strong></span> <span class='ocrx_word' id='word_1_807' title='bbox 3654 4913 3912 4972; x_wconf 89' lang='lat' dir='ltr'><strong>omnino</strong></span> 
     </span>
    </p>
   </div>
   <div class='ocr_carea' id='block_1_100' title="bbox 2184 5005 2502 5076">
    <p class='ocr_par' dir='ltr' id='par_1_100' title="bbox 2184 5005 2502 5076">
     <span class='ocr_line' id='line_1_100' title="bbox 2184 5005 2502 5076; baseline -0.009 -16"><span class='ocrx_word' id='word_1_808' title='bbox 2184 5005 2502 5076; x_wconf 88' lang='lat' dir='ltr'><strong>rescripsit.</strong></span> 
     </span>
    </p>
   </div>
   <div class='ocr_carea' id='block_1_101' title="bbox 2251 5091 3920 5164">
    <p class='ocr_par' dir='ltr' id='par_1_101' title="bbox 2251 5091 3920 5164">
     <span class='ocr_line' id='line_1_101' title="bbox 2251 5091 3920 5164; baseline 0 -13"><span class='ocrx_word' id='word_1_809' title='bbox 2251 5094 2308 5151; x_wconf 88' lang='lat'><strong>8.</strong></span> <span class='ocrx_word' id='word_1_810' title='bbox 2339 5095 2463 5150; x_wconf 85' lang='lat' dir='ltr'><strong>Non</strong></span> <span class='ocrx_word' id='word_1_811' title='bbox 2493 5093 2685 5149; x_wconf 89' lang='lat' dir='ltr'><strong>solum</strong></span> <span class='ocrx_word' id='word_1_812' title='bbox 2716 5093 2773 5147; x_wconf 91' lang='lat' dir='ltr'><strong>in</strong></span> <span class='ocrx_word' id='word_1_813' title='bbox 2801 5091 3034 5164; x_wconf 90' lang='lat' dir='ltr'><strong>magnis</strong></span> <span class='ocrx_word' id='word_1_814' title='bbox 3057 5092 3233 5148; x_wconf 90' lang='lat' dir='ltr'><strong>rebus</strong></span> <span class='ocrx_word' id='word_1_815' title='bbox 3255 5091 3572 5164; x_wconf 85' lang='lat' dir='ltr'><strong>Gregorius</strong></span> <span class='ocrx_word' id='word_1_816' title='bbox 3603 5092 3920 5151; x_wconf 81' lang='lat' dir='ltr'><strong>sollicitu-</strong></span> 
     </span>
    </p>
   </div>
   <div class='ocr_carea' id='block_1_102' title="bbox 2184 5182 3920 5255">
    <p class='ocr_par' dir='ltr' id='par_1_102' title="bbox 2184 5182 3920 5255">
     <span class='ocr_line' id='line_1_102' title="bbox 2184 5182 3920 5255; baseline 0.001 -16"><span class='ocrx_word' id='word_1_817' title='bbox 2184 5185 2337 5240; x_wconf 89' lang='lat' dir='ltr'><strong>dinis</strong></span> <span class='ocrx_word' id='word_1_818' title='bbox 2370 5202 2484 5239; x_wconf 86' lang='lat' dir='ltr'><strong>suae</strong></span> <span class='ocrx_word' id='word_1_819' title='bbox 2517 5182 2715 5238; x_wconf 89' lang='lat' dir='ltr'><strong>oculos</strong></span> <span class='ocrx_word' id='word_1_820' title='bbox 2747 5183 3138 5250; x_wconf 86' lang='lat' dir='ltr'><strong>convertebat,</strong></span> <span class='ocrx_word' id='word_1_821' title='bbox 3165 5198 3364 5238; x_wconf 85' lang='lat' dir='ltr'><strong>verum</strong></span> <span class='ocrx_word' id='word_1_822' title='bbox 3390 5184 3560 5238; x_wconf 90' lang='lat' dir='ltr'><strong>etiam</strong></span> <span class='ocrx_word' id='word_1_823' title='bbox 3595 5197 3667 5237; x_wconf 86' lang='lat' dir='ltr'><strong>ne</strong></span> <span class='ocrx_word' id='word_1_824' title='bbox 3697 5183 3920 5255; x_wconf 83' lang='lat' dir='ltr'><strong>impu-</strong></span> 
     </span>
    </p>
   </div>
   <div class='ocr_carea' id='block_1_103' title="bbox 2184 5270 3926 5344">
    <p class='ocr_par' dir='ltr' id='par_1_103' title="bbox 2184 5270 3926 5344">
     <span class='ocr_line' id='line_1_103' title="bbox 2184 5270 3926 5344; baseline 0.002 -16"><span class='ocrx_word' id='word_1_825' title='bbox 2184 5290 2254 5329; x_wconf 92' lang='lat' dir='ltr'><strong>ne</strong></span> <span class='ocrx_word' id='word_1_826' title='bbox 2286 5278 2772 5343; x_wconf 70' lang='lat' dir='ltr'><strong>praasumcrentur</strong></span> <span class='ocrx_word' id='word_1_827' title='bbox 2805 5272 3159 5344; x_wconf 90' lang='lat' dir='ltr'><strong>quandoque</strong></span> <span class='ocrx_word' id='word_1_828' title='bbox 3190 5272 3436 5341; x_wconf 88' lang='lat' dir='ltr'><strong>majora,</strong></span> <span class='ocrx_word' id='word_1_829' title='bbox 3471 5271 3578 5326; x_wconf 85' lang='lat' dir='ltr'><strong>hoc</strong></span> <span class='ocrx_word' id='word_1_830' title='bbox 3627 5270 3686 5324; x_wconf 91' lang='lat' dir='ltr'><strong>in</strong></span> <span class='ocrx_word' id='word_1_831' title='bbox 3721 5272 3926 5331; x_wconf 86' lang='lat' dir='ltr'><strong>rebus</strong></span> 
     </span>
    </p>
   </div>
   <div class='ocr_carea' id='block_1_104' title="bbox 2182 5356 3930 5435">
    <p class='ocr_par' dir='ltr' id='par_1_104' title="bbox 2182 5356 3930 5435">
     <span class='ocr_line' id='line_1_104' title="bbox 2182 5356 3930 5435; baseline -0.001 -17"><span class='ocrx_word' id='word_1_832' title='bbox 2182 5361 2445 5418; x_wconf 88' lang='lat' dir='ltr'><strong>minimis</strong></span> <span class='ocrx_word' id='word_1_833' title='bbox 2475 5360 2871 5418; x_wconf 86' lang='lat' dir='ltr'><strong>curiosissime</strong></span> <span class='ocrx_word' id='word_1_834' title='bbox 2903 5359 3282 5432; x_wconf 85' lang='lat' dir='ltr'><strong>praecavebat.</strong></span> <span class='ocrx_word' id='word_1_835' title='bbox 3314 5356 3478 5416; x_wconf 90' lang='lat' dir='ltr'><strong>Unde</strong></span> <span class='ocrx_word' id='word_1_836' title='bbox 3507 5358 3752 5428; x_wconf 88' lang='lat' dir='ltr'><strong>Joanni,</strong></span> <span class='ocrx_word' id='word_1_837' title='bbox 3789 5361 3930 5435; x_wconf 80' lang='lat' dir='ltr'><strong>Sy-</strong></span> 
     </span>
    </p>
   </div>
   <div class='ocr_carea' id='block_1_105' title="bbox 2183 5447 3934 5523">
    <p class='ocr_par' dir='ltr' id='par_1_105' title="bbox 2183 5447 3934 5523">
     <span class='ocr_line' id='line_1_105' title="bbox 2183 5447 3934 5523; baseline 0.001 -16"><span class='ocrx_word' id='word_1_838' title='bbox 2183 5467 2467 5508; x_wconf 88' lang='lat' dir='ltr'><strong>racusano</strong></span> <span class='ocrx_word' id='word_1_839' title='bbox 2497 5451 2791 5523; x_wconf 84' lang='lat' dir='ltr'><strong>episcOpo,</strong></span> <span class='ocrx_word' id='word_1_840' title='bbox 2820 5450 3045 5516; x_wconf 91' lang='lat' dir='ltr'><strong>scribit,</strong></span> <span class='ocrx_word' id='word_1_841' title='bbox 3073 5450 3273 5505; x_wconf 89' lang='lat' dir='ltr'><strong>dicens</strong></span> <span class='ocrx_word' id='word_1_842' title='bbox 3297 5465 3310 5503; x_wconf 93' lang='lat'><strong>:</strong></span> <span class='ocrx_word' id='word_1_843' title='bbox 3333 5471 3362 5498; x_wconf 84' lang='lat'><strong><em>«</em></strong></span> <span class='ocrx_word' id='word_1_844' title='bbox 3399 5447 3810 5506; x_wconf 85' lang='lat' dir='ltr'><strong>Ecclesiastici</strong></span> <span class='ocrx_word' id='word_1_845' title='bbox 3836 5453 3934 5508; x_wconf 84' lang='lat' dir='ltr'><strong>vi-</strong></span> 
     </span>
    </p>
   </div>
   <div class='ocr_carea' id='block_1_106' title="bbox 438 5630 3936 5718">
    <p class='ocr_par' dir='ltr' id='par_1_106' title="bbox 438 5630 3936 5718">
     <span class='ocr_line' id='line_1_106' title="bbox 438 5630 3936 5718; baseline 0 -28"><span class='ocrx_word' id='word_1_846' title='bbox 438 5635 514 5706; x_wconf 84' lang='lat' dir='ltr'><strong>(a)</strong></span> <span class='ocrx_word' id='word_1_847' title='bbox 544 5635 652 5692; x_wconf 89' lang='lat' dir='ltr'><strong>Cur</strong></span> <span class='ocrx_word' id='word_1_848' title='bbox 683 5631 987 5718; x_wconf 72' lang='lat' dir='ltr'><strong>epistolam</strong></span> <span class='ocrx_word' id='word_1_849' title='bbox 1021 5634 1173 5691; x_wconf 89' lang='lat' dir='ltr'><strong>hanc</strong></span> <span class='ocrx_word' id='word_1_850' title='bbox 1204 5636 1276 5690; x_wconf 90' lang='lat' dir='ltr'><strong>ab</strong></span> <span class='ocrx_word' id='word_1_851' title='bbox 1307 5636 1626 5694; x_wconf 90' lang='lat' dir='ltr'><strong>indictione</strong></span> <span class='ocrx_word' id='word_1_852' title='bbox 1657 5638 1913 5695; x_wconf 91' lang='lat' dir='ltr'><strong>secunda</strong></span> <span class='ocrx_word' id='word_1_853' title='bbox 1943 5636 2383 5702; x_wconf 86' lang='lat' dir='ltr'><strong>removerimus,</strong></span> <span class='ocrx_word' id='word_1_854' title='bbox 2419 5634 2754 5708; x_wconf 87' lang='lat' dir='ltr'><strong>aperuimus</strong></span> <span class='ocrx_word' id='word_1_855' title='bbox 2789 5633 2843 5689; x_wconf 89' lang='lat' dir='ltr'><strong>in</strong></span> <span class='ocrx_word' id='word_1_856' title='bbox 2883 5631 3298 5690; x_wconf 88' lang='lat' dir='ltr'><strong>dissertatione</strong></span> <span class='ocrx_word' id='word_1_857' title='bbox 3329 5632 3400 5688; x_wconf 89' lang='lat' dir='ltr'><strong>de</strong></span> <span class='ocrx_word' id='word_1_858' title='bbox 3433 5630 3637 5689; x_wconf 85' lang='lat' dir='ltr'><strong>ordine</strong></span> <span class='ocrx_word' id='word_1_859' title='bbox 3677 5631 3936 5704; x_wconf 78' lang='lat' dir='ltr'><strong>episto-</strong></span> 
     </span>
    </p>
   </div>
   <div class='ocr_carea' id='block_1_107' title="bbox 366 5704 880 5764">
    <p class='ocr_par' dir='ltr' id='par_1_107' title="bbox 366 5704 880 5764">
     <span class='ocr_line' id='line_1_107' title="bbox 366 5704 880 5764; baseline -0.01 -1"><span class='ocrx_word' id='word_1_860' title='bbox 366 5704 558 5764; x_wconf 77' lang='lat' dir='ltr'><strong>larum</strong></span> <span class='ocrx_word' id='word_1_861' title='bbox 593 5704 880 5764; x_wconf 86' lang='lat' dir='ltr'><strong>restituto.</strong></span> 
     </span>
    </p>
   </div>
  </div>
