4088 6172
277 183 390 242 177

833 195 899 254 S.
947 192 1310 261 GREGORII
1358 199 1594 262 MAGNI
1645 200 1846 279 VITA,
1896 204 2128 270 AUCT.
2176 209 2482 271 JOANNE
2528 207 2896 272 DIAGONO.
2949 210 3092 272 LIB.
3141 213 3245 275 IV.

3679 213 3797 275 178

263 323 428 391 goris
454 327 596 383 ordo
627 329 1028 399 confunditur,
1062 334 1112 388 si
1143 339 1244 391 aut
1281 340 1500 395 temere
1531 338 1732 397 illicita
1763 359 1979 412 praesu-
2012 349 2060 416 Α
2094 363 2280 419 usque
2309 347 2520 404 missas
2554 349 2737 406 facere
2769 348 3091 420 praesumit,
3136 358 3309 424 atque
3339 351 3410 407 ad
3457 366 3550 407 me
3595 351 3793 410 venire

265 419 536 480 mantur,
567 431 668 472 aut
697 418 940 490 impune
973 438 1087 478 non
1119 439 1394 482 concessa
1425 432 1738 486 tentantur.
1775 433 1977 489 Perve-

260 501 350 554 nit
379 502 580 574 itaque
611 507 682 561 ad
720 525 847 575 nos,
881 509 1154 567 diaconos
1186 515 1441 570 ecclesiae
1492 517 1829 576 Catanensis
1860 522 1976 576 cal-

259 600 460 649 ceatus
493 599 572 667 (α)
603 601 908 671 campagis
953 605 1263 674 procedere
1310 609 1775 680 presumpsisse.
1811 615 1972 678 Quod

256 681 406 738 nulli
440 684 732 742 hactenus
765 705 866 760 per
894 695 1071 746 totam
1106 693 1363 749 Siciliam
1398 695 1655 768 licuisse,
1690 699 1799 754 nisi
1833 701 1974 756 solis

257 778 674 832 tantummodo
691 778 1037 837 diaconibus
1051 783 1309 839 ecclesiae
1329 785 1742 858 Messanensis,
1764 791 1973 858 quibus

257 861 394 917 olim
429 881 464 919 a
498 867 1024 936 predecessoribus
1075 875 1289 929 nostris
1338 891 1452 931 non
1504 877 1807 934 dubitatur
1846 897 1974 937 esse

253 968 628 1017 concessum.
662 957 808 1013 bene
839 959 1114 1017 recolitis.
1148 961 1294 1026 Quia
1325 979 1462 1036 ergo
1485 971 1661 1023 tanta:
1688 971 1974 1028 temerita-

252 1041 325 1096 tis
358 1057 544 1099 ausus
575 1061 690 1101 non
717 1051 808 1102 est
835 1047 1038 1105 leviter
1068 1054 1480 1122 attendendus,
1512 1071 1640 1111 cum
1673 1059 1830 1113 omni
1862 1058 1971 1116 hoc

250 1131 591 1189 fraternitas
623 1141 817 1191 vestra
846 1139 1166 1196 subtilitate
1198 1143 1528 1215 perquirat:
1562 1151 1620 1201 et
1650 1147 1695 1201 si
1725 1147 1824 1215 ita,
1857 1149 1968 1204 sic-

250 1225 312 1274 ut
341 1221 418 1275 ad
455 1239 566 1277 nos
603 1227 885 1293 pervenit,
929 1230 1233 1299 invenerit,
1263 1241 1460 1288 utrum
1495 1250 1527 1289 a
1553 1251 1636 1300 se,
1667 1236 1752 1291 vel
1783 1236 1966 1291 alicu.

240 1309 343 1379 jus
375 1314 734 1369 auctoritate
765 1315 874 1371 boc
920 1322 1420 1391 presumpserint,
1473 1325 1642 1379 nobis
1674 1326 1970 1382 subtiliter

245 1399 606 1471 innotescat,
645 1411 705 1459 ut
735 1407 970 1478 cognita
1001 1411 1256 1479 veritate,
1291 1412 1430 1483 quid
1463 1413 1585 1468 fieri
1617 1415 1846 1488 debeat,
1879 1419 1962 1473 di-

245 1503 601 1560 sponamus.
635 1492 779 1550 Nam
814 1497 864 1551 si
911 1499 1273 1570 negligenter
1319 1518 1388 1557 ea
1435 1518 1565 1574 qua:
1613 1507 1763 1562 male
1795 1524 1967 1562 usur-

245 1586 466 1649 pantur
499 1582 854 1655 omittimus,
885 1603 1158 1644 excessus
1190 1591 1343 1646 viam
1399 1593 1532 1649 aliis
1580 1596 1895 1666 aperimus.
1935 1621 1962 1647 »

242 1668 382 1735 (Lib.
416 1687 546 1738 vm,
579 1688 666 1743 ep.
698 1675 817 1746 27.)

313 1760 372 1814 9.
410 1761 659 1832 interea,
691 1763 881 1820 Natali
920 1768 1193 1840 episcopo
1238 1772 1531 1841 defuncto,
1560 1791 1692 1831 cum
1725 1777 1959 1833 Dalma-

241 1847 510 1904 tinorum
530 1851 882 1922 generalitas
904 1855 1254 1914 Honoratum
1273 1860 1769 1932 archidiaconum,
1784 1883 1958 1937 quem

240 1935 372 2006 ipse
417 1953 488 1993 ex
539 1943 878 2013 presbytero
931 1944 991 1999 in
1043 1945 1350 2004 diaconum
1404 1935 1959 2020 converteram—sibi

243 2025 689 2096 prmﬁciendum
724 2035 1088 2092 concorditer
1131 2039 1463 2110 elegissent,
1509 2057 1826 2116 eorumque
1856 2047 1957 2101 de-

243 2121 472 2172 cretum
510 2120 769 2188 pontifex
799 2125 1203 2194 approbasset,
1239 2130 1488 2186 factione
1510 2132 1720 2188 Malcbi
1742 2136 1958 2205 episco-

243 2204 322 2276 pi,
357 2208 605 2265 rectoris
637 2213 940 2281 apostolici
971 2218 1334 2287 patrimonii,
1377 2235 1678 2293 manuque
1715 2204 1955 2282 militari

243 2294 534 2351 Maximus
565 2299 767 2356 multis
798 2300 1148 2360 criminibus
1197 2305 1508 2376 involutus,
1556 2312 1952 2385 episcopatum

241 2381 598 2441 Salonitanaa
631 2387 880 2445 civitatis
903 2390 1138 2451 invasit.
1164 2397 1324 2459 Quod
1351 2381 1660 2471 Gregorius
1685 2381 1952 2474 audiens,

242 2471 596 2532 Dalmatinis
627 2483 684 2532 et
711 2477 1030 2539 Jadertinis
1061 2484 1346 2556 episcopis
1381 2504 1452 2543 ne
1484 2490 1567 2545 illi
1601 2507 1810 2549 manus
1840 2471 1949 2550 im;

238 2571 552 2634 ponerent,
585 2566 691 2623 sub
741 2585 950 2638 magna
1004 2571 1481 2634 interminatione
1530 2582 1846 2652 prohibuit.
1882 2586 1951 2639 At

237 2668 380 2709 vero
419 2653 734 2726 Maximus,
777 2659 878 2729 qui
921 2661 1286 2734 episcopatus
1318 2669 1513 2724 sedem
1547 2677 1748 2728 contra
1777 2689 1948 2731 cano-

235 2757 342 2796 nes
378 2742 696 2812 invaserat,
727 2750 902 2803 etiam
943 2752 1329 2810 sacerdotium
1377 2764 1581 2816 contra
1629 2761 1812 2818 Deum
1850 2779 1950 2834 per

233 2830 626 2888 simoniacam
662 2835 928 2893 heresim
953 2840 1025 2894 ab
1066 2842 1356 2916 episcopis
1404 2848 1687 2906 duntaxat
1715 2830 1946 2909 exeo—m-

239 2923 592 2991 municatis,
625 2926 809 2995 pretio
836 2931 1144 3002 corruptis,
1177 2951 1289 2990 non
1340 2937 1541 2994 timuit
1589 2947 1945 3012 promereri:

233 3010 470 3068 favente
502 3013 616 3068 sibi
647 3015 950 3074 occasione
979 3023 1260 3092 temporis
1307 3041 1375 3080 ex
1417 3010 1737 3099 cupiditate
1767 3033 1944 3090 simul

2087 439 2759 509 secundumjussionem
2793 440 3165 496 dominorum
3198 441 3408 498 noluit.
3440 441 3560 513 Ego
3591 448 3788 500 autem

2090 529 2460 598 praeceptioni
2495 529 2720 598 pietatis
2751 546 2948 585 eorum
2978 531 3278 598 obediens,
3300 531 3487 589 eidem
3511 531 3787 602 Maximo,

2087 619 2210 688 qui,
2245 634 2335 673 me
2360 621 2675 688 nesciente,
2700 621 3008 676 ordinatus
3030 626 3142 691 est,
3168 622 3275 678 hoc
3298 624 3453 696 quod
3479 623 3535 678 in
3559 623 3790 680 ordina-

2085 708 2239 763 tione
2261 726 2365 763 sua
2388 724 2500 777 me,
2522 709 2609 764 vel
2637 711 3030 779 responsalem
3056 714 3498 783 praetermittere
3522 728 3791 785 praesum-

2085 796 2217 864 psit,
2244 797 2323 850 ita
2345 812 2410 850 ex
2434 798 2606 852 corde
2629 797 2836 862 laxavi,
2861 815 2927 853 ac
2959 799 3010 853 si
3043 814 3135 854 me
3161 805 3400 856 auctore
3433 800 3608 857 fuerit
3638 800 3790 857 ordi-

2083 893 2276 940 natus.
2310 884 2437 940 Alia
2466 902 2596 942 vero
2629 901 2901 957 perversa
2934 887 3113 958 illius,
3147 888 3367 946 scilicet
3398 889 3554 946 mala
3583 906 3787 962 corpo-

2083 973 2246 1039 ralia,
2280 990 2403 1044 quae
2435 975 2699 1047 cognovi,
2722 975 2806 1031 vel
2833 976 2973 1047 quia
2993 992 3124 1032 cum
3147 978 3413 1049 pecuniis
3435 983 3525 1035 est
3543 978 3785 1048 electus,

2079 1063 2166 1119 vel
2199 1063 2337 1134 quia
2366 1066 2898 1120 excommunicatus
2931 1066 3142 1122 missas
3173 1066 3362 1123 facere
3393 1069 3783 1154 prmumpsit’

2081 1157 2316 1226 propter
2336 1153 2520 1208 Deum
2543 1155 2874 1225 irrequisita
2904 1154 3195 1225 praeterire
3227 1173 3339 1212 non
3376 1173 3614 1228 possum
3639 1175 3654 1227 ;
3678 1153 3782 1214 sed

2080 1250 2294 1314 Opto,et
2312 1244 2624 1300 Dominum
2641 1247 3235 1316 deprecor,quatenus
3254 1247 3397 1302 nihil
3413 1247 3482 1303 de
3499 1263 3588 1313 eo,
3605 1249 3674 1304 de
3692 1247 3783 1303 his

2078 1350 2205 1404 quas
2229 1335 2385 1389 dicta
2407 1339 2547 1390 sunt
2567 1334 2772 1401 valeat,
2795 1335 3065 1404 inveniri,
3083 1341 3138 1391 et
3155 1337 3282 1392 sine
3299 1337 3556 1408 periculo
3571 1339 3778 1394 anima

2080 1440 2218 1478 mete
2241 1439 2414 1479 causa
2435 1423 2621 1495 ipsius
2643 1425 2988 1480 terminetur
3009 1441 3022 1479 :
3046 1426 3207 1495 prius
3232 1431 3426 1483 tamen
3454 1443 3632 1500 quam
3657 1428 3779 1484 hac

2074 1520 2520 1585 cognoscantur,
2544 1515 2954 1569 serenissimus
2976 1516 3251 1572 dominus
3274 1517 3778 1589 discurrentejus-

2074 1604 2236 1660 ione
2269 1603 2538 1675 praecepit
2568 1609 2632 1658 ut
2660 1619 2792 1659 eum
2823 1606 3150 1660 venientem
3183 1621 3315 1660 cum
3349 1606 3566 1662 honore
3595 1608 3777 1665 susci-

2074 1696 2248 1768 piam.
2282 1695 2349 1750 Et
2371 1697 2536 1751 valde
2567 1711 2740 1768 grave
2769 1701 2857 1752 est
2887 1701 2952 1752 ut
2981 1697 3087 1764 vir,
3120 1697 3190 1752 de
3224 1713 3340 1769 quo
3370 1703 3531 1756 tanta
3559 1705 3617 1756 et
3638 1702 3778 1756 talia

2071 1787 2435 1852 nuntiantur,
2465 1803 2600 1844 cum
2624 1791 2756 1842 ante
2790 1786 3002 1856 requiri
3026 1792 3081 1842 et
3101 1786 3313 1843 discuti
3335 1788 3560 1858 debeat,
3594 1791 3774 1846 hono-

2068 1881 2248 1931 retur.
2285 1876 2351 1931 Et
2383 1876 2431 1931 si
2464 1877 2867 1948 episcoporum
2912 1891 3098 1931 caussa
3143 1876 3282 1931 mihi
3327 1877 3775 1936 commissorum

2066 1967 2215 2036 apud
2236 1965 2532 2037 piissimos
2550 1964 2819 2021 dominos
2840 1963 3085 2020 aliorum
3111 1965 3430 2036 patrocinio
3452 1967 3777 2040 disponun-

2067 2059 2183 2124 tur,
2223 2055 2424 2112 infelix
2454 2071 2557 2128 ego
2591 2055 2648 2110 in
2698 2054 2940 2111 ecclesia
2988 2054 3100 2110 ista
3149 2055 3287 2126 quid
3337 2056 3530 2112 facio?
3572 2059 3678 2114 Sed
3712 2063 3776 2114 ut

2065 2145 2323 2217 episcopi
2359 2147 2469 2201 mei
2504 2161 2592 2200 me
2624 2144 2970 2217 despiciant,
3003 2148 3058 2200 et
3096 2149 3296 2201 contra
3344 2161 3436 2202 me
3483 2147 3771 2218 refugium

2065 2237 2133 2291 ad
2161 2237 2465 2292 saeculare
2486 2235 2713 2307 judices
2736 2235 3012 2303 habeant,
3030 2236 3408 2306 omnipotenti
3426 2237 3535 2294 Deo
3552 2238 3771 2309 gratias

2064 2341 2192 2398 ago,
2224 2326 2476 2398 peccatis
2499 2325 2639 2382 meis
2660 2326 2897 2398 deputo.
2923 2325 3040 2381 Hoc
3064 2331 3258 2381 tamen
3283 2326 3533 2383 breviter
3554 2343 3770 2401 sugge-

2063 2433 2146 2485 ro,
2173 2417 2311 2488 quia
2329 2415 2760 2489 aliquantulum
2794 2419 3033 2486 expecto
3059 2432 3074 2482 ;
3095 2415 3218 2470 eti
3242 2416 3314 2471 ad
3340 2432 3433 2474 me
3453 2418 3647 2475 venire
3667 2418 3768 2475 diu

2062 2506 2377 2571 distulerit,
2413 2522 2678 2561 exercere
2728 2505 2790 2560 in
2835 2521 2901 2561 eo
2951 2504 3377 2562 districtionem
3427 2507 3767 2566 canonicam

2061 2595 2220 2651 nullo
2273 2600 2441 2650 modo
2490 2596 2753 2651 cessabo.
2813 2593 2874 2648 In
2935 2594 3338 2663 omnipotente
3396 2599 3588 2652 autem
3651 2597 3765 2654 Deo

2059 2686 2312 2753 confido,
2347 2685 2484 2757 quia
2515 2684 2689 2757 longa
2721 2683 3004 2756 piissimis
3025 2682 3278 2740 dominis
3311 2685 3424 2741 vita
3452 2685 3761 2755 tribuetur,

2058 2782 2112 2833 et
2143 2794 2248 2833 nos
2281 2778 2393 2833 sub
2427 2793 2604 2832 manu
2641 2781 2832 2831 vestra
2877 2790 2993 2829 non
3025 2776 3348 2831 secundum
3382 2787 3613 2848 peccata
3643 2793 3758 2833 no-

2059 2872 2200 2928 stra.
2254 2867 2353 2921 sed
2405 2865 2725 2920 secundum
2775 2862 2978 2935 gratim
3024 2878 3143 2919 sua
3185 2862 3339 2920 dona
3383 2865 3676 2937 disponat.
3728 2887 3758 2918 ι)

2055 2958 2193 3026 (Lib.
2221 2972 2274 3024 ν,
2306 2972 2389 3027 ep.
2429 2955 2552 3025 21.)

2128 3049 2214 3102 11.
2247 3045 2374 3101 Haec
2411 3043 2726 3115 Gregorius
2772 3041 3213 3098 dissintulatrici
3260 3044 3554 3115 Augustas.
3587 3044 3759 3104 Caete-

231 3099 668 3174 insolentiaque
698 3106 974 3177 Augusti,
1007 3124 1181 3180 quem
1215 3113 1605 3188 dispergendo
1636 3122 1934 3181 facultates

2089 3153 2186 3192 um
2221 3136 2423 3191 eodem
2456 3099 2709 3189 Maximo
2754 3133 2812 3187 in
2845 3149 2950 3187 sua
2981 3131 3434 3204 praesumptione
3467 3143 3759 3206 manente,

233 3190 452 3248 invasa:
486 3193 742 3250 ecclesiis
775 3199 917 3252 adeo
955 3198 1318 3260 defensorem
1371 3207 1651 3265 scelerum
1703 3228 1940 3272 suorum

231 3280 444 3348 effecit,
484 3287 551 3338 ut
581 3299 612 3340 a
642 3283 916 3357 Gregorio
947 3303 1059 3345 non
1096 3290 1285 3348 solum
1319 3295 1650 3367 frequenter
1678 3304 1937 3373 postula-

230 3379 333 3436 ret,
372 3379 668 3443 quatenus
699 3374 1059 3436 indicussam
1102 3381 1335 3441 Maximi
1382 3393 1802 3460 promotionem
1840 3412 1941 3454 rs-

229 3461 552 3534 linqueret,
605 3481 800 3522 verum
847 3469 1022 3526 etiam
1055 3471 1298 3530 Romam
1345 3479 1787 3541 satisfacturum
1836 3504 1938 3558 pro

229 3550 558 3608 simoniaca
589 3551 794 3612 heresi
827 3557 979 3614 129
1020 3560 1266 3635 aliisque
1303 3568 1667 3640 criminibus,
1699 3550 1934 3632 venien-

227 3643 342 3696 tem
376 3657 517 3696 cum
559 3642 778 3701 honore
809 3651 1153 3721 susciperet.

300 3730 386 3786 10.
418 3735 733 3803 Gregorius
762 3753 896 3794 vero
923 3740 1125 3798 faciem
1155 3744 1372 3803 nullius
1404 3754 1606 3808 contra
1636 3755 1934 3813 veritatem

226 3823 590 3890 custodiens,
606 3823 798 3896 lpum
820 3827 1135 3888 Maximum
1155 3835 1383 3906 primoa
1399 3840 1715 3899 missarum
1731 3846 1936 3902 solem-

226 3911 358 3976 niis,
392 3918 529 3984 post
559 3930 594 3970 a
614 3919 1023 3977 communione
1043 3926 1301 3995 corporis
1323 3936 1377 3983 et
1410 3931 1710 4003 sanguinis
1742 3935 1932 3992 Domi-

224 4000 278 4055 ni
309 4003 499 4058 nostri
529 4002 668 4060 Jesu
707 4005 944 4077 Christi,
995 4028 1302 4088 quousque
1350 4000 1542 4076 suam:
1565 4026 1927 4095 presentiam

221 4090 546 4184 exhiberet,
572 4095 835 4165 privavit.
858 4097 1144 4159 Maximus
1172 4111 1365 4163 autem
1392 4090 1794 4184 imperialibus
1818 4118 1928 4173 mi-

221 4177 359 4235 litiis
381 4180 594 4249 fultus,
613 4195 742 4255 post
764 4193 1446 4266 excommunicationem,
1472 4177 1527 4256 et
1550 4204 1760 4261 missas
1778 4207 1924 4263 ceci-

221 4270 324 4337 nit,
357 4278 414 4326 et
445 4286 814 4332 sacramenta
833 4279 977 4336 satis
995 4281 1276 4355 indignus
1298 4290 1538 4361 accepit.
1563 4292 1926 4369 Quapropter

219 4356 615 4450 constantius:
645 4365 917 4436 Augustae
941 4374 1070 4440 post
1092 4374 1279 4430 multa
1303 4375 1418 4434 alia
1437 4356 1658 4450 scribit,
1683 4356 1882 4442 dicens
1909 4404 1922 4442 :

2053 3231 2510 3289 consecratores,
2543 3228 2719 3294 atque
2748 3237 2951 3277 omnes
2971 3220 3334 3278 Dalmatinoe
3353 3227 3410 3278 et
3426 3222 3757 3282 Jadertinos

2047 3317 2350 3388 episcopos
2381 3316 2453 3370 ab
2490 3316 2617 3385 ejus
2666 3312 3073 3368 communione
3121 3312 3228 3367 sub
3277 3314 3757 3372 excommunica-

2047 3407 2207 3463 tione
2229 3406 2520 3477 disjunxit
2539 3422 2552 3460 :
2573 3405 2715 3460 adeo
2735 3410 2798 3459 ut
2817 3418 2889 3459 ne
2913 3418 3123 3459 nomen
3148 3401 3384 3474 quidem
3410 3402 3644 3462 Maximi
3669 3404 3756 3462 ln-

2046 3500 2134 3552 ter
2155 3513 2320 3552 sacra
2345 3495 2656 3550 missarum
2681 3492 2964 3549 solemnia
2999 3496 3406 3548 memorarent.
3443 3492 3567 3557 Quo
3600 3494 3750 3552 facto

2047 3586 2126 3642 ita
2156 3601 2360 3642 omnes
2391 3584 2746 3640 consternati
2779 3591 2914 3637 sunt
2955 3581 3174 3649 animo,
3217 3584 3280 3636 ut
3318 3581 3431 3638 sub
3463 3583 3750 3654 poeniten-

2043 3676 2135 3731 tiae
2155 3673 2572 3738 satisfactione,
2597 3673 2795 3728 relicto
2819 3671 3090 3740 Maximo,
3108 3670 3336 3726 veniam
3361 3673 3744 3742 postularent.

2044 3763 2204 3820 Unde
2228 3763 2811 3820 misericordissimus
2845 3761 3102 3832 pontifex
3131 3759 3471 3829 Sabiniano,
3493 3759 3764 3819 Jadertis

2041 3872 2114 3911 no
2145 3855 2438 3927 episcopo,
2472 3853 2774 3909 scribens:
2823 3871 2850 3900 «ε
2880 3851 3062 3920 Sicut,
3100 3849 3316 3920 inquit,
3354 3853 3745 3920 perseveranti

2039 3944 2224 4015 culpaa
2255 3943 2496 3998 debetur
2528 3941 2661 4011 jure
2709 3939 2990 4002 vindicta,
3037 3937 3120 3992 ita
3151 3936 3628 4008 resipiscentibas
3657 3943 3746 3995 est

2036 4033 2204 4090 venia
2234 4030 2626 4090 concedenda.
2657 4029 2801 4085 Nam
2834 4036 2897 4084 ut
2925 4042 3017 4083 res
3060 4025 3161 4081 illa
3209 4029 3412 4081 contra
3441 4041 3504 4082 se
3536 4025 3740 4082 merito

2035 4124 2398 4180 iracundiam
2432 4120 2700 4187 excitare,
2732 4119 2817 4175 sic
2849 4118 2967 4173 hinc
2997 4117 3057 4172 in
3080 4131 3187 4172 sua
3209 4131 3451 4187 prorsus
3473 4115 3738 4172 dilectio-

2035 4232 2107 4272 ne
2147 4214 2302 4270 180
2332 4211 2476 4269 solet
2515 4209 2888 4267 concordiam
2932 4221 3271 4280 propagare.
3312 4207 3380 4260 Et
3417 4204 3570 4273 ideo,
3600 4205 3740 4278 quia

2033 4305 2456 4361 fraternitatem
2484 4306 2647 4357 tuam
2682 4317 2715 4356 a
2755 4298 3048 4355 consortio
3088 4300 3145 4353 et
3181 4294 3591 4352 communione
3621 4295 3736 4353 Ma-

2031 4395 2194 4464 ximi,
2227 4395 2326 4450 ubi
2353 4402 2404 4449 te
2427 4394 2588 4465 prius
2611 4390 2910 4463 neglectus
2941 4386 3272 4459 impulerat,
3296 4386 3355 4442 in
3382 4392 3612 4443 tantum
3638 4404 3735 4458 po-

225 4446 624 4506 cSalonitanaa
644 4453 896 4511 civitatis
910 4459 1240 4531 episcopus,
1259 4481 1427 4523 meac
1443 4446 1777 4541 responsale
1794 4492 1921 4533 meo
1957 4467 1999 4532 D
2031 4446 2453 4555 stes—gravitas
2470 4446 2794 4538 sacerdotis
2825 4480 2894 4534 ad
2921 4446 3185 4534 animum
3219 4477 3457 4533 reducta
3488 4493 3735 4549 suspen-

218 4541 533 4610 nesciente,
549 4542 856 4602 ordinatus
869 4555 952 4602 est
970 4564 986 4616 ;
1001 4555 1057 4606 et
1070 4552 1221 4610 facta
1235 4572 1327 4612 res
1340 4563 1449 4624 est,
1465 4576 1595 4631 qua
1606 4564 1714 4619 sub
1739 4567 1918 4623 nullis

218 4630 610 4722 anterior-ibus
632 4633 997 4707 principibus
1018 4642 1227 4700 evenit.
1253 4647 1411 4712 Quod
1435 4630 1537 4721 ego
1559 4654 1823 4722 audiens,
1847 4658 1916 4714 ad

215 4720 485 4777 eumdem
509 4724 1007 4794 prevaricatorem
1032 4732 1130 4802 qui
1155 4720 1488 4796 inordinate
1505 4720 1916 4805 ordinatus—est

212 4812 477 4880 protinus
490 4813 649 4882 misi,
666 4819 728 4870 ut
744 4818 984 4877 omnino
1002 4822 1314 4882 missarum
1331 4828 1612 4889 solemnia
1629 4835 1916 4896 celebrare

213 4898 367 4957 nullo
390 4901 568 4958 modo
589 4913 984 4975 praesumeret,
1014 4911 1127 4968 nisi
1150 4916 1314 4986 prius
1344 4934 1377 4975 a
1397 4925 1788 4983 serenissimis
1810 4928 1916 4984 do-

211 4989 384 5082 minis
413 5006 846 5062 cognoscerem,
882 4997 932 5053 si
968 4998 1073 5056 hoc
1106 5002 1232 5061 ﬁeri
1265 5006 1726 5079 ipsijussissent.
1754 5016 1912 5082 Quod

214 5079 260 5132 ei
289 5080 401 5135 sub
432 5084 1055 5147 excommunicationis
1102 5091 1542 5166 interpositione
1593 5079 1861 5164 mandavi
1892 5124 1909 5167 :

209 5177 255 5220 et
287 5176 617 5239 contempto
667 5189 760 5230 me
801 5183 979 5249 atque
1029 5180 1323 5255 despecto,
1372 5188 1430 5244 in
1470 5192 1714 5249 audacia
1764 5212 1910 5269 quo-

209 5259 476 5314 rumdam
527 5263 896 5323 saecularium
946 5269 1276 5343 hominum,
1327 5280 1566 5349 quibus,
1617 5259 1910 5344 desudata

205 5361 309 5403 sua
337 5349 606 5419 ecclesia,
648 5356 890 5424 pramia
939 5360 1127 5418 multa
1168 5367 1424 5435 prebere
1467 5371 1696 5443 dicitur,
1748 5394 1904 5434 nunc

2029 4575 2143 4645 dit,
2177 4580 2241 4630 ut
2270 4576 2398 4644 ejus
2429 4574 2552 4630 sola
2576 4571 2911 4627 nullatenus
2934 4568 3212 4668 patereris
3236 4583 3366 4668 esse
3386 4567 3736 4668 segregatio-

2025 4681 2096 4720 ne
2125 4670 2454 4730 contentus,
2490 4663 2600 4718 nisi
2633 4667 2689 4717 et
2723 4661 2780 4715 in
2815 4657 3156 4716 monasterii
3195 4661 3254 4712 te
3295 4658 3552 4713 claustra
3585 4657 3734 4712 reci-

2024 4755 2210 4828 piens,
2261 4753 2480 4810 dudum
2523 4751 2836 4810 commissa
2884 4750 3162 4807 deﬂeres:
3204 4751 3507 4819 eapropter
3536 4745 3595 4800 in
3628 4761 3730 4801 no-

2024 4850 2147 4900 tra
2175 4851 2232 4900 te
2262 4844 2450 4915 gratia
2479 4859 2545 4899 ac
2576 4841 2986 4898 communione
3016 4845 3310 4908 receptum
3334 4833 3730 4933 essenon-dlu-

2025 4933 2195 4990 bites.
2229 4931 2372 4989 Nam
2406 4935 2693 5004 quantum
2725 4945 2832 4985 nos
2865 4928 3030 5001 prius
3076 4926 3246 4997 culpa
3286 4929 3396 4979 tuas
3427 4921 3727 4978 charitatis

2021 5023 2359 5091 offenderat,
2391 5027 2618 5079 tantum
2651 5018 2996 5094 poenitentia
3029 5013 3336 5086 mitigavit.
3369 5032 3397 5061 »ι
3427 5010 3568 5081 (Lib.
3598 5025 3723 5080 vm,

2019 5129 2101 5169 ev.
2140 5114 2226 5168 10.

2047 5113 2414 5274 Ρλέῥίὶδειυθ
2447 5201 2737 5256 Maximus
2767 5212 3006 5253 cerneus
3028 5193 3263 5249 tandem
3287 5190 3599 5262 aliquando
3619 5191 3725 5246 du-

2017 5309 2148 5349 rum
2182 5309 2310 5348 ese
2341 5297 2546 5348 contra
2577 5289 2878 5346 stimulum
2919 5283 3241 5348 calcitrare,
3285 5281 3507 5338 relictis
3532 5281 3716 5354 impe-

2017 5382 2266 5438 rialibus
2298 5380 2692 5447 adminiculis,
2727 5391 2823 5447 per
2853 5372 3199 5432 Callinicum
3231 5371 3539 5430 exarchum
3579 5370 3724 5427 satis

266 5524 350 5627 ςαὶ
357 5523 1001 5627 firmarimendose
1020 5551 1336 5612 compagus,
1361 5548 1446 5601 est
1469 5546 1925 5609 calceamentum
1976 5570 2087 5626 quo
2140 5555 2336 5627 episco
2380 5553 2398 5607 i
2439 5568 2539 5610 seu
2570 5551 2793 5625 praelati
2823 5552 2882 5607 in
2919 5550 3092 5608 Missa
3133 5551 3399 5605 utuntur.
3431 5542 3579 5601 Vide
3612 5559 3715 5602 no-

207 5602 288 5651 tas
318 5597 391 5654 ad
427 5595 731 5668 epistolas.
