4088 6172
369 191 484 252 179

917 187 978 250 S.
1027 185 1386 250 GREGORII
1433 182 1682 248 MAGNI
1729 182 1936 252 VITA,
1986 180 2216 246 AUCT.
2261 180 2565 244 JOANNE
2605 179 2974 246 DIACONO.
3023 184 3176 246 LIB.
3226 182 3325 249 ιν.

3771 185 3898 247 181)

367 327 668 384 humiliter
697 323 933 382 concedi
966 323 1076 380 sibi
1101 322 1500 395 paenitentiam
1523 319 1816 391 simulque
1842 319 2066 374 veniam
2099 318 2151 385 Α
2184 321 2572 384 sacramento,
2608 319 2926 376 firmaverit
2946 337 3008 376 se
3028 321 3345 379 simoniaca
3366 321 3571 380 haeresi
3597 339 3710 381 non
3734 332 3901 380 tene-

368 436 400 473 a
432 416 707 489 Gregorio
740 413 1073 487 postulavit.
1099 414 1280 478 Quem
1306 413 1430 482 ipse
1457 412 1692 465 Romam
1720 409 1946 480 fatigari
1972 425 2069 463 no-

370 509 518 572 lens,
551 521 788 562 causam
821 506 946 573 ejus
978 502 1409 558 discutiendam
1440 500 1719 554 Ravenna:
1757 499 2067 564 commisit,

325 627 333 632 -
366 597 726 663 Constantio,
758 592 1178 650 Mediolanensi
1229 592 1522 661 episcopo,
1555 588 1851 644 scribens:
1888 611 1913 637 ι(
1948 591 2066 641 Ma-

367 687 583 752 ximus,
604 683 816 755 inquit,
835 681 1182 737 Salonitanie
1201 677 1455 734 ecclesias
1477 678 1895 748 praevaricator,
1922 679 2072 747 post-

367 792 540 846 quam
577 791 675 844 per
706 777 1018 844 potestates
1055 771 1302 840 majores
1335 767 1530 825 saeculi
1562 767 1821 823 obtinere
1858 767 1938 820 nil
1979 782 2071 820 va-

370 866 494 932 luit,
524 866 593 920 ad
631 864 889 919 minores
920 879 982 917 se
1003 860 1286 916 contulit:
1313 858 1598 929 nobisque
1623 863 1741 913 tam
1770 857 2071 911 nimietate

369 969 630 1024 precum,
659 969 835 1023 quam
869 950 1236 1006 attestatione
1267 951 1551 1005 bonorum
1582 964 1821 1019 operum
1857 961 2069 1016 praeva-

371 1047 482 1097 lere
523 1041 841 1097 contendit.
878 1040 954 1094 Ex
985 1055 1098 1110 qua
1127 1056 1186 1094 re
1236 1038 1621 1093 inhumanum
1673 1034 1910 1104 credidi,
1943 1035 1991 1088 si
2025 1034 2073 1088 is

370 1132 466 1202 qui
500 1148 560 1185 se
594 1129 758 1201 quasi
793 1129 1045 1184 multum
1077 1129 1282 1183 timere
1313 1144 1402 1183 me
1449 1126 1609 1192 dicit,
1643 1126 1699 1181 in
1751 1124 1946 1196 aliquo
1980 1139 2071 1178 me

367 1220 835 1291 temperatiorem
889 1217 1133 1273 minime
1180 1218 1436 1272 invenire
1486 1214 1801 1286 potuisset:
1855 1220 1912 1269 et
1944 1215 2070 1269 ideo

367 1309 592 1365 decrevi
625 1317 686 1364 ut
718 1308 1239 1364 reverendissimus
1271 1307 1446 1362 frater
1475 1313 1528 1362 et
1560 1307 1940 1375 coepiscopus
1973 1320 2072 1360 no-

367 1403 484 1454 ster
515 1396 871 1453 Marinianus
903 1397 1026 1466 ejus
1051 1413 1292 1452 causam
1316 1395 1525 1450 debeat
1547 1395 1606 1449 in
1633 1392 1951 1449 Ravennati
1976 1409 2070 1446 ur-

369 1489 436 1542 be
467 1501 830 1559 cognoscere.
861 1486 918 1540 Si
950 1494 1144 1541 autem
1187 1501 1430 1555 persona
1476 1485 1600 1554 ejus
1648 1488 1923 1554 suspecta
1954 1483 2068 1538 tor-

368 1576 514 1632 sitan
535 1576 865 1645 habebitur,
887 1575 1154 1631 volumus
1171 1583 1235 1630 ut
1255 1582 1448 1631 vestra
1465 1591 1696 1646 quoque
1717 1575 2066 1639 fraternitas,

367 1667 414 1720 si
449 1668 500 1720 ei
533 1666 884 1721 laboriosum
921 1681 1036 1721 non
1067 1670 1176 1736 est,
1212 1666 1282 1720 ad
1315 1666 1583 1722 eamdem
1616 1665 1908 1720 civitatem
1939 1663 2068 1718 f'ati-
2101 1707 2148 1771 Β

367 1769 501 1823 gare
533 1770 590 1809 se
621 1755 848 1820 debeat,
879 1759 936 1808 et
966 1769 1096 1810 cum
1131 1754 1404 1824 praedicto
1449 1755 1627 1810 fratre
1658 1753 1714 1808 in
1747 1752 1950 1808 eodem
1976 1751 2073 1822 ju-

366 1843 517 1898 dicio
542 1843 756 1913 pariter
781 1844 1004 1898 sedere.
1027 1843 1320 1914 Quidquid
1343 1849 1531 1899 autem
1553 1845 1757 1898 vestras
1780 1849 2068 1897 utrorum-

365 1950 476 2005 que
503 1934 805 1990 sanctitati
836 1933 1142 2006 placuerit,
1173 1934 1380 1990 scitote
1401 1934 1547 1989 mihi
1572 1935 1760 1990 modis
1791 1933 2066 1988 omnibus

365 2024 736 2092 placiturum,
761 2032 813 2078 et
836 2029 1095 2079 vestrum
1113 2024 1517 2095 egojudicium
1552 2040 1743 2080 meum
1775 2024 2008 2095 deputo.
2035 2044 2062 2072 ››

363 2112 502 2176 (Lib.
535 2129 613 2180 ιι,
646 2129 729 2185 ep.
760 2113 876 2184 67.)

440 2202 526 2256 13.
561 2203 716 2258 Inter
739 2202 865 2259 haec
895 2203 1298 2275 prevaricator
1328 2203 1612 2260 Maximus
1643 2219 1797 2260 anno
1819 2203 2066 2274 septimo

361 2292 991 2348 excommunicationis
1020 2309 1141 2348 suis
1173 2297 1304 2364 post
1341 2293 1754 2365 castigationes
1783 2298 1840 2349 et
1869 2291 2064 2363 ﬂagel-

360 2379 418 2435 la
448 2379 729 2452 Gregorii,
763 2381 834 2436 ad
885 2397 986 2438 cor
1037 2388 1353 2449 revertens,
1404 2382 1741 2439 Ravennam
1792 2382 1978 2455 petiit,
2011 2385 2068 2437 et

360 2471 591 2539 iactavit
621 2486 684 2526 se
715 2477 916 2527 tensus
948 2471 1102 2526 intra
1125 2472 1417 2528 civitatem
1446 2475 1503 2528 in
1527 2472 1718 2528 medio
1743 2471 1924 2540 silice,
1948 2471 2063 2527 cla-

360 2577 530 2616 mans
568 2569 621 2617 et
653 2560 853 2619 dicens
890 2577 903 2618 :
942 2564 1178 2619 Peccavi
1228 2562 1362 2631 Deo,
1414 2567 1471 2619 et
1517 2564 1851 2620 beatissimo
1903 2580 2063 2636 papae

354 2650 652 2722 Gregorio.
696 2651 763 2706 Et
810 2656 1017 2723 agente
1065 2668 1132 2708 eo
1185 2653 1586 2722 pmnitentiam
1642 2653 1832 2710 tribus
1881 2653 2062 2720 boris,

357 2739 616 2794 cucurrit
644 2738 960 2797 Callinicus
991 2741 1302 2808 exarchus,
1334 2745 1391 2797 et
1421 2741 1733 2810 Castorius,
1764 2742 2060 2798 chartula-

339 2826 483 2882 Irius
515 2827 780 2884 Ecclesia
813 2828 1109 2896 Romanis,
1159 2846 1295 2885 cum
1331 2831 1650 2886 Mariniano
1679 2831 1976 2903 episcopo,
2010 2840 2064 2886 et

362 2915 729 2972 elevaverunt
757 2933 888 2972 eum
921 2919 992 2973 de
1025 2918 1226 2975 silice:
1260 2919 1359 2989 qui
1393 2919 1567 2974 etiam
1603 2920 1774 2990 cmpit
1814 2919 2059 2990 amplio-

358 3020 476 3060 rem
511 3004 911 3076 pmnitentiam
944 3022 1140 3062 coram
1174 3008 1259 3062 eis
1297 3023 1488 3078 agere.
1541 3009 1702 3072 Quod
1749 3008 2059 3079 Gregorius

2178 409 2246 472 ri,
2282 414 2456 478 atque
2503 410 2573 464 de
2602 408 2730 464 aliis
2759 416 2893 466 ante
2923 427 3134 480 corpus
3162 413 3352 469 sancti
3383 413 3740 486 Apollinaris
3768 421 3903 469 tan-

2175 501 2477 554 tummodo
2510 499 2843 571 requisitus,
2878 501 3182 557 innoxium
3229 520 3288 559 se
3340 520 3471 560 esse
3497 505 3898 576 responderit,

2177 595 2231 642 et
2262 590 2328 642 de
2360 587 2756 645 inobedientia
2801 607 2907 646 sua
2949 591 3373 663 paenitentiam,
3407 593 3560 650 sicut
3590 595 3896 666 deputavi-

2177 693 2331 745 mus,
2363 679 2545 750 egerit
2579 695 2591 733 :
2626 683 2897 736 volumus
2930 691 2988 736 ut
3019 682 3089 735 ad
3121 682 3544 738 consolandum
3577 684 3742 740 illum
3768 684 3894 755 epi-

2178 767 2386 823 stolam
2422 785 2590 840 quam
2618 769 2687 824 ad
2718 785 2852 825 eum
2897 771 3262 842 scripsimus,
3309 772 3406 827 ubi
3448 774 3498 828 ei
3539 779 3596 828 et
3635 774 3892 845 gratiam

2177 866 2430 912 nostram
2455 862 2512 912 et
2527 860 3001 915 communionem
3019 877 3126 916 nos
3149 861 3470 918 reddidisse
3494 863 3890 934 signavimus,

2177 942 2534 1013 experientia
2565 948 2666 997 tua
2691 943 2829 998 dare
2861 942 3103 998 debeat:
3138 945 3276 1014 quia
3308 945 3456 999 sicut
3489 945 3546 999 in
3580 951 3889 1000 contuma-

2176 1033 2266 1089 cia
2293 1033 2741 1103 persistentibus
2772 1049 3004 1088 severos
3041 1049 3170 1088 esse
3201 1050 3307 1090 nos
3337 1036 3629 1105 convenit,
3661 1034 3746 1090 sic
3774 1035 3891 1091 ite-

2179 1140 2304 1178 rum
2336 1122 2659 1179 humiliatis
2691 1128 2746 1180 et
2776 1123 3194 1196 paenitentibus
3225 1140 3434 1196 negare
3477 1124 3668 1181 locum
3701 1124 3889 1180 venias

2180 1231 2290 1269 non
2326 1214 2627 1269 debemus.
2663 1237 2689 1263 η
2723 1213 2866 1283 (Lib.
2901 1229 2977 1280 ιι,
3009 1228 3096 1284 ep.
3129 1215 3239 1284 80.)

2252 1305 2335 1358 15.
2369 1304 2631 1375 Cumque
2664 1301 2951 1358 Maximus
2984 1319 3160 1374 penes
3210 1320 3421 1374 corpus
3473 1303 3626 1360 beati
3657 1302 3887 1376 Apolli-

2179 1396 2334 1448 naris
2357 1394 2682 1448 secundum
2699 1393 2938 1463 jussum
2963 1394 3218 1464 Gregorii
3242 1395 3312 1450 de
3335 1396 3562 1451 cunctis
3585 1394 3892 1451 humiliter

2177 1484 2581 1552 satisfecisset,
2615 1484 2917 1540 Castorius
2941 1484 3333 1541 chartularius
3352 1483 3807 1542 consolatoriam
3835 1485 3892 1542 ei

2178 1573 2482 1645 epistolam
2540 1574 2804 1644 praebuit,
2865 1574 3055 1630 verbis
3123 1574 3386 1646 Gregorii
3443 1576 3812 1632 adserentem
3871 1591 3886 1630 :

2180 1686 2206 1714 ‹‹
2242 1663 2518 1729 Quamvis
2549 1661 2941 1730 culpabilibus
2971 1664 3357 1720 ordinationis
3397 1669 3508 1720 tum
3539 1664 3885 1736 primordiis

2177 1769 2352 1822 grave
2379 1753 2600 1808 malum
2627 1769 2728 1823 per
2750 1753 3154 1809 inobedientite
3177 1752 3408 1824 culpam
3433 1753 3750 1822 addideris,
3775 1771 3886 1810 nos

2178 1851 2365 1899 tamen
2401 1844 2558 1898 sedis
2589 1841 2919 1914 apostolicis
2969 1842 3376 1898 auctoritatem
3421 1859 3488 1898 eo
3538 1859 3654 1914 quo
3685 1844 3887 1900 docuit

2178 1934 2574 1988 moderamine
2605 1938 3012 2002 temperantes,
3047 1948 3348 2003 nunquam
3381 1937 3587 1988 contra
3613 1939 3670 1988 te
3693 1949 3885 2004 usque

2175 2022 2366 2078 adhuc
2400 2025 2461 2076 ut
2491 2036 2664 2076 causa
2695 2020 2989 2092 poscebat,
3022 2020 3384 2087 exarsimus;
3418 2020 3522 2076 sed
3555 2027 3615 2075 ut
3646 2020 3882 2093 longius

2176 2129 2238 2169 se
2271 2111 2625 2184 ingratitudo
2659 2116 2883 2176 nostra,
2915 2127 3090 2182 quam
3123 2116 3183 2167 tu
3216 2111 3320 2167 tibi
3354 2110 3632 2176 excitasli,
3667 2113 3881 2183 produ-

2176 2208 2351 2270 ceret,
2384 2203 2605 2257 credita
2637 2217 2740 2257 nos
2762 2199 3096 2256 sollicitudo
3115 2199 3493 2257 vehementer
3513 2201 3784 2272 angebat,
3809 2217 3883 2257 ne

2178 2292 2443 2364 quaedam
2479 2290 2701 2357 illicita,
2736 2306 2862 2361 quae
2895 2290 2966 2346 de
2996 2294 3050 2344 te
3085 2289 3481 2357 audieramus,
3515 2289 3884 2362 negligenter

2177 2383 2444 2439 omittere
2465 2381 2814 2437 videremur.
2843 2382 2978 2446 Que
3010 2380 3058 2436 si
3087 2380 3234 2436 bene
3253 2381 3607 2448 consideres,
3634 2381 3756 2450 ipse
3779 2396 3886 2452 per

2176 2479 2233 2530 te
2265 2474 2594 2529 satisfacere
2624 2471 2941 2528 ditl‘erendo
2985 2471 3286 2540 firmabas,
3329 2476 3508 2542 atque
3545 2487 3615 2526 ex
3647 2471 3752 2527 hoc
3784 2471 3887 2526 ad-

2175 2579 2410 2620 versum
2443 2568 2497 2617 te
2529 2561 2717 2618 zelum
2773 2565 3038 2616 nostrum
3089 2561 3284 2617 acrius
3331 2559 3637 2616 incitabas.
3681 2561 3756 2617 At
3785 2560 3886 2615 ubi

2179 2653 2392 2710 salubri
2428 2653 2662 2708 tandem
2695 2651 2934 2707 consilio
2968 2667 3131 2719 usus,
3158 2652 3299 2720 jugo
3331 2653 3385 2706 te
3416 2650 3755 2706 obedientite
3779 2650 3884 2706 hu-

2179 2744 2396 2799 militer
2421 2741 2770 2807 submisisti,
2796 2746 2853 2796 et
2873 2738 3107 2796 dilectio
3131 2746 3230 2795 tua
3255 2739 3650 2809 paenitentiam
3677 2755 3882 2811 agens,

2171 2833 2348 2904 digna
2371 2848 2454 2899 se,
2479 2837 2542 2886 ut
2563 2832 2992 2901 deputavimus,
3015 2829 3409 2885 satisfactione
3433 2829 3719 2900 purgavit,
3745 2830 3876 2884 red-

2171 2923 2349 2978 ditam
2373 2921 2478 2976 tibi
2501 2921 2748 2992 gratiam
2775 2921 3045 2975 fraternae
3062 2919 3360 2975 charitatis
3385 2919 3665 2989 intellige,
3695 2926 3876 2990 atque

2169 3012 2226 3068 in
2254 3016 2453 3067 nostro
2479 3016 2535 3066 te
2560 3013 2854 3080 receptum
2879 3007 3166 3064 consortio
3196 3007 3492 3078 gratulare
3521 3023 3533 3062 :
3557 3007 3694 3078 quia
3717 3008 3876 3063 sicut

359 3103 420 3149 υὶ
451 3094 692 3162 ﬁndit/it.
727 3096 798 3151 ad
848 3096 1306 3152 misericﬂrdinm
1350 3098 1616 3169 protinus
1655 3099 1848 3166 rediit,
1881 3098 2053 3154 Mari-
2087 3081 2130 3148 (ἶ
2173 3102 2675 3174 perseverantibus
2708 3101 2766 3155 in
2798 3099 2972 3170 culpa
2999 3098 3314 3165 districtos,
3357 3101 3438 3153 ita
3467 3097 3870 3168 resipiscenti-

357 3183 530 3239 niano
575 3183 846 3255 episcopo
895 3186 1050 3241 inter
1096 3195 1305 3242 caetera
1352 3189 1648 3242 scribens:
1688 3207 1710 3236 ι
1748 3187 1944 3252 Qualis
1990 3189 2060 3243 de

345 3289 536 3330 -causa
559 3275 790 3330 Maximi
815 3274 1193 3332 fraternitatis
1214 3283 1416 3332 vestra
1438 3277 1706 3334 voluntas
1730 3283 1824 3346 sit,
1850 3295 1916 3335 ac
1943 3294 2057 3333 ma-

335 3363 448 3434 .gis
481 3364 701 3434 petitio,
736 3366 1115 3436 praesentium
1159 3366 1339 3425 latore
1381 3368 1666 3436 Castorio,
1711 3370 2060 3426 cbartulario

359 3460 580 3518 nostro,
613 3453 1012 3514 renuntiante.
1057 3456 1463 3528 cognovimus.
1512 3459 1779 3529 Ideoque,
1829 3459 1877 3514 si
1907 3459 2060 3514 idem

358 3539 644 3598 Maximus
676 3557 870 3598 coram
903 3544 1068 3600 vobis
1089 3553 1144 3601 et
1166 3546 1440 3617 praedicto
1463 3546 1818 3604 ohartulario
1841 3554 2064 3614 nostro,

355 3634 425 3689 de
454 3634 778 3692 simoniaca
810 3634 1012 3692 heresi
1041 3638 1323 3709 praestita,
1370 3655 1429 3694 se
1461 3647 1822 3696 sacramento
1847 3656 2059 3712 purga-

357 3723 522 3789 verit,
554 3728 731 3796 atque
765 3725 836 3780 de
876 3724 1004 3782 aliis
1044 3732 1176 3783 ante
1218 3744 1429 3800 corpus
1474 3730 1662 3786 sancti
1710 3729 2064 3801 Apollinaris

355 3815 757 3870 tantummodo
790 3815 1130 3886 requisitus,
1155 3816 1402 3874 liberum
1426 3834 1488 3875 se
1511 3836 1639 3876 esse
1661 3821 2060 3892 responderit:

355 3917 596 3958 causam
638 3902 822 3974 ipsius
851 3904 1226 3963 fraternitatis
1276 3913 1482 3965 vestrae
1527 3910 1599 3965 de
1647 3926 1736 3976 eo,
1788 3910 1944 3982 quod
1975 3925 2064 3967 ex-

355 3990 824 4047 communicatus
843 3992 1158 4049 missarum
1175 3994 1462 4052 solemnia
1479 4012 1650 4068 agere
1666 3998 2060 4069 prasumpsit,

347 4077 576 4148 judicio
622 4080 1069 4148 committimus,
1119 4099 1234 4154 qua
1281 4085 1487 4140 debeat
1535 4085 1878 4156 pcenitentia
1927 4086 2064 4143 talis

357 4167 530 4240 culpa
581 4170 838 4239 purgari.
892 4170 952 4227 Et
1002 4172 1133 4228 ideo
1191 4174 1475 4246 quidquid
1525 4176 1690 4232 vobis
1738 4179 2061 4232 secundum

351 4256 537 4312 Deum
571 4258 783 4326 placet,
815 4261 1007 4316 securi
1036 4262 1351 4333 disponite,
1388 4279 1493 4320 nec
1533 4263 1758 4336 aliquid
1789 4267 1858 4322 de
1889 4267 2062 4323 nobis

351 4343 603 4400 dubium
627 4345 914 4404 habeatis.
940 4349 1085 4406 Nam
1109 4351 1387 4422 quidquid
1414 4370 1447 4408 a
1468 4353 1638 4410 vobis
1661 4354 1768 4410 hac
1793 4356 1864 4411 de
1885 4371 2065 4412 causa

2172 3194 2279 3250 bus
2314 3209 2417 3248 nos
2450 3191 2730 3261 benignos
2769 3189 2935 3245 decet
2971 3203 3093 3244 esse
3141 3189 3212 3243 ad
3258 3187 3508 3244 veniam.
3554 3188 3873 3258 Postquam

2169 3300 2303 3354 ergo
2336 3281 2674 3338 fraternitas
2715 3285 2817 3335 tua
2847 3278 3176 3350 apostolica:
3209 3279 3364 3333 sedis
3394 3278 3873 3334 communionem

2171 3391 2234 3431 se
2270 3388 2570 3445 reparasse
2600 3370 2916 3441 cognoscit,
2943 3384 3248 3440 personam
3275 3367 3344 3422 ad
3371 3383 3476 3423 nos
3493 3366 3876 3431 transmittat,

2173 3481 2298 3537 qum
2332 3463 2574 3535 pallium
2598 3460 2706 3516 tibi
2728 3459 3106 3516 deferendum
3129 3475 3198 3515 ex
3220 3474 3379 3514 more
3402 3457 3703 3530 percipiat.
3727 3457 3877 3513 Nam

2173 3552 2672 3626 quemadmodum
2695 3549 2897 3605 illicita
2920 3548 3238 3621 perpetrari
3271 3563 3383 3604 non
3409 3548 3680 3618 patimur,
3705 3548 3787 3602 sic
3811 3561 3879 3603 ea

2174 3662 2300 3718 qua:
2316 3649 2455 3699 sunt
2476 3640 2917 3698 consuetudinis
2941 3655 3054 3694 non
3078 3653 3379 3710 negamus.
3409 3637 3562 3694 Licet
3585 3642 3778 3693 autem
3801 3638 3873 3693 ad

2173 3732 2294 3790 hazc
2311 3731 2681 3788 concedenda
2703 3729 3051 3800 dispensatio
3081 3745 3188 3784 nos
3212 3728 3318 3784 loci
3344 3725 3528 3782 nostri
3549 3725 3832 3782 vocaverit
3860 3744 3872 3782 :

2175 3823 2424 3878 multum
2450 3829 2643 3877 tamen
2670 3836 2703 3876 a
2725 3817 2895 3875 nobis
2927 3816 3129 3889 petitio
3152 3815 3474 3872 dulcissimi
3499 3821 3672 3886 atque
3693 3814 3877 3870 excel-

2176 3911 2488 3969 lentissimi
2542 3909 2644 3966 filii
2686 3908 2894 3979 nostri,
2946 3907 3146 3963 domni
3195 3906 3463 3962 Callinici
3509 3904 3764 3972 exarchi,
3813 3911 3880 3961 ut

2173 4001 2595 4074 temperantiae
2625 4015 2758 4071 erga
2801 4005 2855 4054 te
2895 4013 3220 4070 ageremus,
3262 3995 3493 4068 exegit;
3540 3996 3712 4066 cujus
3738 3994 3882 4051 cha-

2174 4093 2470 4148 rissimam
2499 4095 2878 4156 voluntatem,
2911 4105 3015 4144 nec
3047 4087 3418 4160 pertulimus,
3452 4102 3555 4141 nec
3587 4085 3882 4158 potuimus

2173 4183 2538 4240 contristare.
2573 4203 2601 4232 »
2633 4181 2774 4251 (Lib.
2809 4196 2887 4248 ιι,
2917 4195 3000 4249 ep.
3034 4178 3112 4247 8.)

2247 4273 2334 4326 16.
2371 4275 2652 4327 Praeterea
2683 4267 3102 4340 cupidissimus
3147 4283 3214 4322 ac
3244 4265 3663 4322 tenacissimus
3693 4264 3886 4336 impe-

2179 4369 2358 4426 rator,
2375 4362 2468 4431 qui
2495 4359 3020 4417 consuetudinibus
3042 4355 3470 4428 antiquissimis
3490 4355 3771 4420 dationes,
3807 4354 3889 4410 le-

351 4433 525 4488 fuerit
553 4435 910 4507 ordinatum,
947 4455 1055 4496 nos
1087 4450 1139 4496 et
1170 4448 1334 4514 grate
1365 4445 1748 4515 sucipimus,
1781 4449 1839 4501 et
1869 4447 2063 4503 liben-
2094 4459 2140 4523 υ
2171 4452 2408 4523 gionum
2443 4467 2672 4523 quoque
2706 4451 2922 4504 milites
2955 4445 3443 4518 frequentissime,
3477 4444 3650 4500 sicuti
3671 4443 3886 4501 Roma-

351 4528 440 4578 ter
471 4523 862 4584 admittimus.
910 4527 1222 4587 Hortamur
1269 4537 1461 4590 tamen
1517 4541 1581 4590 ut
1627 4536 1888 4593 debeatis
1936 4554 2063 4594 esse

350 4609 612 4682 solliciti,
643 4621 697 4670 et
737 4615 816 4672 ita
867 4633 996 4688 qua:
1045 4619 1237 4677 flenda
1285 4624 1650 4693 conspicitis,
1701 4626 2056 4698 temperatis,

349 4707 641 4773 quatenus
670 4709 728 4760 et
755 4705 861 4775 illi,
892 4707 942 4764 si
977 4708 1056 4765 ita
1075 4710 1385 4780 videbitur,
1410 4715 1883 4772 communionem
1910 4734 2057 4789 pra-

349 4793 544 4862 stetis,
575 4798 633 4850 et
657 4795 874 4868 vigoris
903 4798 1278 4858 ecclesiastici
1313 4804 1552 4874 genium
1593 4821 1864 4876 congrua,
1897 4815 1962 4865 ut
1990 4826 2060 4866 o-

351 4887 561 4956 portet,
602 4885 1042 4958 dispensatione
1089 4893 1348 4949 servetis.
1400 4897 1872 4968 Suprascriptum
1924 4915 2058 4957 vero

353 4975 689 5046 portitorem
722 4977 782 5033 in
815 4979 957 5035 181
1000 4983 1265 5050 praesenti
1307 4984 1441 5055 quid
1493 4987 1656 5042 vobis
1699 5003 1830 5044 cum
1883 5005 1948 5046 eo
1980 4991 2059 5047 sit

355 5067 648 5134 agendum
680 5067 1104 5128 instruximus:
1138 5090 1170 5128 a
1203 5089 1315 5144 quo
1347 5082 1553 5129 cuncta
1583 5077 1876 5134 subtiliter
1895 5079 2058 5135 addi-

347 5161 596 5219 scentes,
633 5157 712 5212 sic
745 5174 842 5214 vos
891 5159 950 5215 in
1001 5162 1268 5218 omnibus
1313 5163 1604 5228 exhibete.
1656 5175 1719 5222 ut
1763 5167 1821 5223 in
1867 5174 2058 5226 vestra

345 5238 741 5301 sollicitudine
768 5253 1027 5306 nostram
1053 5249 1239 5307 fuisse
1265 5254 1633 5324 praesentiam
1655 5258 1997 5315 sentiamus.
2023 5279 2054 5312 η

420 5328 508 5382 14.
546 5328 689 5386 Item
720 5337 998 5406 Castorio,
1019 5345 1076 5396 et
1101 5344 1324 5399 notario
1360 5347 1419 5400 et
1445 5343 1798 5404 ohartulario
1831 5347 2054 5407 Raven-

345 5435 431 5472 nae
457 5435 470 5474 :
497 5441 525 5468 «
551 5425 777 5486 Quanto
800 5429 957 5482 credi
983 5431 1082 5485 tibi
1105 5438 1160 5488 et
1185 5437 1546 5492 necessarias
1569 5438 1728 5495 vides
1747 5455 1954 5498 causas
1971 5441 2055 5497 in-

333 5507 528 5580 jungi,
559 5513 720 5568 tanto
752 5517 809 5570 te
848 5518 1036 5589 magis
1070 5525 1379 5580 strenuum
1418 5527 1595 5585 debes
1635 5536 1689 5585 et
1733 5529 2053 5588 sollicitum

342 5597 632 5656 exhibere.
669 5600 918 5660 Proinde
947 5607 998 5662 si
1038 5610 1320 5667 Maximus
1361 5613 1759 5688 Salonitanus,
1799 5621 2054 5693 prestito

2175 4557 2383 4597 norum
2417 4547 2615 4596 narrat
2643 4539 2910 4607 historia,
2945 4535 3347 4604 defraudabat,
3387 4549 3630 4590 cernens
3667 4533 3882 4603 Grego-

2170 4633 2318 4690 rium
2339 4638 2540 4690 contra
2561 4647 2765 4688 omnes
2787 4631 2983 4686 mundi
3011 4627 3313 4697 strepitus,
3347 4624 3756 4698 auguslalibus
3777 4625 3882 4681 de-

2169 4723 2560 4788 fensionibus,
2591 4736 2842 4793 quarum
2877 4717 3148 4788 suffragio
3179 4717 3248 4771 ad
3282 4730 3475 4771 arcem
3501 4713 3878 4786 pontificatus

2169 4812 2325 4869 hunc
2355 4828 2413 4868 se
2443 4813 2774 4883 provexisse
2798 4809 3077 4880 iactabat,
3112 4805 3343 4878 penitus
3377 4819 3492 4860 non
3526 4817 3695 4874 egere
3721 4819 3734 4858 :
3758 4803 3879 4858 imo

2167 4903 2464 4960 canonicis
2485 4900 2948 4962 auctoritatibus,
2974 4895 3307 4954 sanctitatis
3330 4908 3397 4950 ac
3415 4891 3736 4966 prudentia
3755 4907 3879 4947 sua

2165 4992 2504 5059 virtutibus,
2535 4989 2765 5045 Christo
2797 4986 3070 5059 propitio,
3100 4983 3324 5040 cunctis
3356 4981 3474 5038 alta
3505 4978 3880 5051 sapientibus

2166 5081 2480 5155 praevalere
2513 5097 2525 5135 ε
2559 5081 2629 5135 ad
2671 5077 2870 5134 odium
2918 5075 3455 5142 detractionemque
3501 5071 3672 5125 fama
3718 5068 3885 5125 illius

2168 5172 2356 5244 magis
2390 5170 2692 5242 magisque
2724 5180 3038 5224 conversus
3067 5174 3172 5231 est,
3201 5161 3608 5219 liberalitatem
3641 5158 3882 5231 pontifi-

2165 5263 2273 5331 cis,
2305 5263 2444 5334 quia
2477 5259 2759 5317 t‘amelicis
2789 5257 2942 5314 182
2977 5256 3268 5311 militibus
3313 5259 3432 5308 tam
3482 5249 3880 5307 ecclesiastica

2165 5368 2341 5422 quam
2374 5352 2607 5421 publica
2637 5351 2935 5405 frumenta
2965 5347 3264 5414 diviserat,
3298 5339 3561 5398 subdolis
3591 5340 3881 5396 assertio—

2165 5443 2338 5498 nibus
2373 5441 2825 5514 reprehendens.
2858 5438 2960 5494 Cui
2993 5435 3332 5507 Gregorius,
3378 5436 3577 5502 utpote
3608 5431 3710 5502 qui
3745 5447 3883 5502 pro-

2162 5531 2485 5590 veetionem
2517 5547 2685 5589 suam
2731 5529 2925 5588 divino
2967 5527 3213 5600 judicio,
3265 5527 3324 5581 tn
3374 5523 3547 5595 cujus
3595 5521 3877 5578 nimirum

2164 5639 2344 5680 manu
2390 5623 2567 5682 corda
2622 5637 2826 5694 regum
2873 5616 3256 5677 consistentia
3305 5615 3484 5688 (Prov.
3540 5612 3680 5686 ιιι),
3727 5629 3874 5686 quo-
