  <div class='ocr_page' id='page_1' title='image "/cluster/home/n/w/nwhite01/storage/ocr_20150623/75/hvd.32044054758800/096.png"; bbox 0 0 4088 6172; ppageno 0'>
   <div class='ocr_carea' id='block_1_1' title="bbox 279 173 382 231">
    <p class='ocr_par' dir='ltr' id='par_1_1' title="bbox 279 173 382 231">
     <span class='ocr_line' id='line_1_1' title="bbox 279 173 382 231; baseline 0 -1"><span class='ocrx_word' id='word_1_1' title='bbox 279 173 382 231; x_wconf 73' lang='grc'>181</span> 
     </span>
    </p>
   </div>
   <div class='ocr_carea' id='block_1_2' title="bbox 840 165 3239 243">
    <p class='ocr_par' dir='ltr' id='par_1_2' title="bbox 840 165 3239 243">
     <span class='ocr_line' id='line_1_2' title="bbox 840 165 3239 243; baseline 0 -9"><span class='ocrx_word' id='word_1_2' title='bbox 840 175 904 236; x_wconf 74' lang='lat' dir='ltr'>S&#39;.</span> <span class='ocrx_word' id='word_1_3' title='bbox 950 169 1316 235; x_wconf 79' lang='lat' dir='ltr'>GREGORll</span> <span class='ocrx_word' id='word_1_4' title='bbox 1365 172 1611 235; x_wconf 84' lang='lat' dir='ltr'>MAGNI</span> <span class='ocrx_word' id='word_1_5' title='bbox 1660 171 1857 243; x_wconf 87' lang='lat' dir='ltr'>Vl&#39;l‘A,</span> <span class='ocrx_word' id='word_1_6' title='bbox 1907 165 2140 232; x_wconf 83' lang='lat' dir='ltr'>AUCT.</span> <span class='ocrx_word' id='word_1_7' title='bbox 2185 169 2485 231; x_wconf 78' lang='lat' dir='ltr'>JOANNE</span> <span class='ocrx_word' id='word_1_8' title='bbox 2532 170 2894 235; x_wconf 76' lang='lat' dir='ltr'>DIACONO.</span> <span class='ocrx_word' id='word_1_9' title='bbox 2943 172 3092 235; x_wconf 89' lang='lat' dir='ltr'>LIB.</span> <span class='ocrx_word' id='word_1_10' title='bbox 3139 168 3239 235; x_wconf 85' lang='lat' dir='ltr'>IV.</span> 
     </span>
    </p>
   </div>
   <div class='ocr_carea' id='block_1_3' title="bbox 3675 167 3792 231">
    <p class='ocr_par' dir='ltr' id='par_1_3' title="bbox 3675 167 3792 231">
     <span class='ocr_line' id='line_1_3' title="bbox 3675 167 3792 231; baseline -0.009 0"><span class='ocrx_word' id='word_1_11' title='bbox 3675 167 3792 231; x_wconf 73' lang='grc'>182</span> 
     </span>
    </p>
   </div>
   <div class='ocr_carea' id='block_1_4' title="bbox 271 306 3790 378">
    <p class='ocr_par' dir='ltr' id='par_1_4' title="bbox 271 306 3790 378">
     <span class='ocr_line' id='line_1_4' title="bbox 271 306 3790 378; baseline 0 -18"><span class='ocrx_word' id='word_1_12' title='bbox 271 322 525 378; x_wconf 89' lang='lat' dir='ltr'>cumque</span> <span class='ocrx_word' id='word_1_13' title='bbox 561 308 826 377; x_wconf 84' lang='lat' dir='ltr'>voluerit,</span> <span class='ocrx_word' id='word_1_14' title='bbox 860 308 1232 373; x_wconf 75' lang='lat' dir='ltr'>inclinantur,</span> <span class='ocrx_word' id='word_1_15' title='bbox 1270 326 1382 364; x_wconf 92' lang='lat' dir='ltr'>non</span> <span class='ocrx_word' id='word_1_16' title='bbox 1423 307 1658 364; x_wconf 79' lang='lat' dir='ltr'>caducis</span> <span class='ocrx_word' id='word_1_17' title='bbox 1708 306 1982 362; x_wconf 81' lang='lat' dir='ltr'>humanis</span> <span class='ocrx_word' id='word_1_18' title='bbox 2012 308 2063 372; x_wconf 80' lang='grc' dir='ltr'><strong>Α</strong></span> <span class='ocrx_word' id='word_1_19' title='bbox 2097 306 2379 376; x_wconf 89' lang='lat' dir='ltr'>scriptum</span> <span class='ocrx_word' id='word_1_20' title='bbox 2443 313 2531 363; x_wconf 89' lang='lat' dir='ltr'>est</span> <span class='ocrx_word' id='word_1_21' title='bbox 2590 325 2604 369; x_wconf 87' lang='lat'><strong>;</strong></span> <span class='ocrx_word' id='word_1_22' title='bbox 2657 307 2772 363; x_wconf 86' lang='lat' dir='ltr'>Diis</span> <span class='ocrx_word' id='word_1_23' title='bbox 2862 322 2971 363; x_wconf 81' lang='lat' dir='ltr'>non</span> <span class='ocrx_word' id='word_1_24' title='bbox 3028 306 3280 364; x_wconf 71' lang='lat' dir='ltr'>detrahas</span> <span class='ocrx_word' id='word_1_25' title='bbox 3357 306 3516 378; x_wconf 80' lang='lat' dir='ltr'>(Ibid.</span> <span class='ocrx_word' id='word_1_26' title='bbox 3575 310 3790 376; x_wconf 84' lang='lat' dir='ltr'>xxmt),</span> 
     </span>
    </p>
   </div>
   <div class='ocr_carea' id='block_1_5' title="bbox 263 394 1976 469">
    <p class='ocr_par' dir='ltr' id='par_1_5' title="bbox 263 394 1976 469">
     <span class='ocr_line' id='line_1_5' title="bbox 263 394 1976 469; baseline 0.002 -22"><span class='ocrx_word' id='word_1_27' title='bbox 263 394 566 452; x_wconf 79' lang='lat' dir='ltr'>favoribus</span> <span class='ocrx_word' id='word_1_28' title='bbox 591 397 928 469; x_wconf 76' lang='lat' dir='ltr'>deputabat,</span> <span class='ocrx_word' id='word_1_29' title='bbox 948 414 1085 454; x_wconf 91' lang='lat' dir='ltr'>voce</span> <span class='ocrx_word' id='word_1_30' title='bbox 1105 397 1286 454; x_wconf 89' lang='lat' dir='ltr'>libera</span> <span class='ocrx_word' id='word_1_31' title='bbox 1307 398 1727 464; x_wconf 89' lang='lat' dir='ltr'>contradicens,</span> <span class='ocrx_word' id='word_1_32' title='bbox 1744 396 1976 451; x_wconf 90' lang='lat' dir='ltr'>hiseum</span> 
     </span>
    </p>
   </div>
   <div class='ocr_carea' id='block_1_6' title="bbox 2090 395 3794 470">
    <p class='ocr_par' dir='ltr' id='par_1_6' title="bbox 2090 395 3794 470">
     <span class='ocr_line' id='line_1_6' title="bbox 2090 395 3794 470; baseline 0.002 -21"><span class='ocrx_word' id='word_1_33' title='bbox 2090 395 2312 451; x_wconf 83' lang='lat' dir='ltr'>scilicet</span> <span class='ocrx_word' id='word_1_34' title='bbox 2355 398 2776 454; x_wconf 78' lang='lat' dir='ltr'>sacerdotibus.</span> <span class='ocrx_word' id='word_1_35' title='bbox 2831 397 2903 453; x_wconf 88' lang='lat' dir='ltr'>Et</span> <span class='ocrx_word' id='word_1_36' title='bbox 2959 398 3240 470; x_wconf 76' lang='lat' dir='ltr'>propheta</span> <span class='ocrx_word' id='word_1_37' title='bbox 3297 397 3378 453; x_wconf 90' lang='lat' dir='ltr'>ait</span> <span class='ocrx_word' id='word_1_38' title='bbox 3436 413 3449 452; x_wconf 89' lang='lat'><strong>:</strong></span> <span class='ocrx_word' id='word_1_39' title='bbox 3494 397 3665 453; x_wconf 87' lang='lat' dir='ltr'>Labia</span> <span class='ocrx_word' id='word_1_40' title='bbox 3697 414 3794 453; x_wconf 81' lang='lat' dir='ltr'>sa-</span> 
     </span>
    </p>
   </div>
   <div class='ocr_carea' id='block_1_7' title="bbox 261 485 3796 559">
    <p class='ocr_par' dir='ltr' id='par_1_7' title="bbox 261 485 3796 559">
     <span class='ocr_line' id='line_1_7' title="bbox 261 485 3796 559; baseline 0.001 -21"><span class='ocrx_word' id='word_1_41' title='bbox 261 487 753 556; x_wconf 87' lang='lat' dir='ltr'>responsiouibus</span> <span class='ocrx_word' id='word_1_42' title='bbox 795 489 978 557; x_wconf 81' lang='lat' dir='ltr'>fregit,</span> <span class='ocrx_word' id='word_1_43' title='bbox 1009 490 1349 558; x_wconf 82' lang='lat' dir='ltr'>deturpavit,</span> <span class='ocrx_word' id='word_1_44' title='bbox 1394 492 1564 558; x_wconf 88' lang='lat' dir='ltr'>atque</span> <span class='ocrx_word' id='word_1_45' title='bbox 1600 485 1878 541; x_wconf 89' lang='lat' dir='ltr'>nonnulla</span> <span class='ocrx_word' id='word_1_46' title='bbox 1909 485 1980 540; x_wconf 88' lang='lat' dir='ltr'>de</span> <span class='ocrx_word' id='word_1_47' title='bbox 2087 487 2313 542; x_wconf 85' lang='lat' dir='ltr'>cerdotis</span> <span class='ocrx_word' id='word_1_48' title='bbox 2347 488 2496 543; x_wconf 76' lang='lat' dir='ltr'>I33</span> <span class='ocrx_word' id='word_1_49' title='bbox 2527 489 2841 544; x_wconf 80' lang='lat' dir='ltr'>custodiunt</span> <span class='ocrx_word' id='word_1_50' title='bbox 2871 487 3184 554; x_wconf 77' lang='lat' dir='ltr'>scientiam,</span> <span class='ocrx_word' id='word_1_51' title='bbox 3217 491 3269 543; x_wconf 86' lang='lat' dir='ltr'>et</span> <span class='ocrx_word' id='word_1_52' title='bbox 3299 488 3475 556; x_wconf 81' lang='lat' dir='ltr'>legem</span> <span class='ocrx_word' id='word_1_53' title='bbox 3515 490 3796 559; x_wconf 79' lang='lat' dir='ltr'>requirent</span> 
     </span>
    </p>
   </div>
   <div class='ocr_carea' id='block_1_8' title="bbox 263 575 1976 648">
    <p class='ocr_par' dir='ltr' id='par_1_8' title="bbox 263 575 1976 648">
     <span class='ocr_line' id='line_1_8' title="bbox 263 575 1976 648; baseline 0.002 -21"><span class='ocrx_word' id='word_1_54' title='bbox 263 575 463 632; x_wconf 88' lang='lat' dir='ltr'>futuro</span> <span class='ocrx_word' id='word_1_55' title='bbox 497 577 597 633; x_wconf 87' lang='lat' dir='ltr'>Dei</span> <span class='ocrx_word' id='word_1_56' title='bbox 617 579 842 648; x_wconf 89' lang='lat' dir='ltr'>judicio</span> <span class='ocrx_word' id='word_1_57' title='bbox 865 579 1201 634; x_wconf 89' lang='lat' dir='ltr'>disserendo</span> <span class='ocrx_word' id='word_1_58' title='bbox 1222 581 1497 635; x_wconf 91' lang='lat' dir='ltr'>deterruit</span> <span class='ocrx_word' id='word_1_59' title='bbox 1525 597 1537 634; x_wconf 90' lang='lat'>:</span> <span class='ocrx_word' id='word_1_60' title='bbox 1575 600 1602 628; x_wconf 84' lang='lat'>«</span> <span class='ocrx_word' id='word_1_61' title='bbox 1639 579 1700 632; x_wconf 89' lang='lat' dir='ltr'>In</span> <span class='ocrx_word' id='word_1_62' title='bbox 1731 577 1976 632; x_wconf 87' lang='lat' dir='ltr'>serenis-</span> 
     </span>
    </p>
   </div>
   <div class='ocr_carea' id='block_1_9' title="bbox 260 665 1974 738">
    <p class='ocr_par' dir='ltr' id='par_1_9' title="bbox 260 665 1974 738">
     <span class='ocr_line' id='line_1_9' title="bbox 260 665 1974 738; baseline 0.001 -20"><span class='ocrx_word' id='word_1_63' title='bbox 260 665 454 732; x_wconf 87' lang='lat' dir='ltr'>simis,</span> <span class='ocrx_word' id='word_1_64' title='bbox 513 667 728 738; x_wconf 85' lang='lat' dir='ltr'>inquit,</span> <span class='ocrx_word' id='word_1_65' title='bbox 763 669 1126 737; x_wconf 85' lang='lat' dir='ltr'>jussionibus</span> <span class='ocrx_word' id='word_1_66' title='bbox 1174 669 1298 723; x_wconf 89' lang='lat' dir='ltr'>suis</span> <span class='ocrx_word' id='word_1_67' title='bbox 1355 669 1724 724; x_wconf 88' lang='lat' dir='ltr'>dominorum</span> <span class='ocrx_word' id='word_1_68' title='bbox 1771 667 1974 737; x_wconf 88' lang='lat' dir='ltr'>pietas,</span> 
     </span>
    </p>
   </div>
   <div class='ocr_carea' id='block_1_10' title="bbox 261 757 1975 830">
    <p class='ocr_par' dir='ltr' id='par_1_10' title="bbox 261 757 1975 830">
     <span class='ocr_line' id='line_1_10' title="bbox 261 757 1975 830; baseline 0.002 -23"><span class='ocrx_word' id='word_1_69' title='bbox 261 757 402 810; x_wconf 90' lang='lat' dir='ltr'>dum</span> <span class='ocrx_word' id='word_1_70' title='bbox 439 773 535 812; x_wconf 88' lang='lat' dir='ltr'>me</span> <span class='ocrx_word' id='word_1_71' title='bbox 565 759 636 812; x_wconf 86' lang='lat' dir='ltr'>de</span> <span class='ocrx_word' id='word_1_72' title='bbox 668 760 1018 829; x_wconf 88' lang='lat' dir='ltr'>quibusdam</span> <span class='ocrx_word' id='word_1_73' title='bbox 1044 759 1387 830; x_wconf 84' lang='lat' dir='ltr'>redarguere</span> <span class='ocrx_word' id='word_1_74' title='bbox 1409 759 1654 820; x_wconf 86' lang='lat' dir='ltr'>studuit,</span> <span class='ocrx_word' id='word_1_75' title='bbox 1690 757 1975 828; x_wconf 84' lang='lat' dir='ltr'>parcendo</span> 
     </span>
    </p>
   </div>
   <div class='ocr_carea' id='block_1_11' title="bbox 261 844 1972 920">
    <p class='ocr_par' dir='ltr' id='par_1_11' title="bbox 261 844 1972 920">
     <span class='ocr_line' id='line_1_11' title="bbox 261 844 1972 920; baseline 0.001 -22"><span class='ocrx_word' id='word_1_76' title='bbox 261 844 410 899; x_wconf 89' lang='lat' dir='ltr'>mihi</span> <span class='ocrx_word' id='word_1_77' title='bbox 440 847 690 903; x_wconf 89' lang='lat' dir='ltr'>minime</span> <span class='ocrx_word' id='word_1_78' title='bbox 709 849 982 920; x_wconf 87' lang='lat' dir='ltr'>pepercit.</span> <span class='ocrx_word' id='word_1_79' title='bbox 1009 847 1153 904; x_wconf 83' lang='lat' dir='ltr'>Nam</span> <span class='ocrx_word' id='word_1_80' title='bbox 1180 849 1236 902; x_wconf 91' lang='lat' dir='ltr'>iu</span> <span class='ocrx_word' id='word_1_81' title='bbox 1270 849 1354 904; x_wconf 90' lang='lat' dir='ltr'>eis</span> <span class='ocrx_word' id='word_1_82' title='bbox 1379 851 1611 903; x_wconf 70' lang='lat' dir='ltr'>urbana:</span> <span class='ocrx_word' id='word_1_83' title='bbox 1630 846 1972 918; x_wconf 88' lang='lat' dir='ltr'>simplicita-</span> 
     </span>
    </p>
   </div>
   <div class='ocr_carea' id='block_1_12' title="bbox 256 933 1974 1009">
    <p class='ocr_par' dir='ltr' id='par_1_12' title="bbox 256 933 1974 1009">
     <span class='ocr_line' id='line_1_12' title="bbox 256 933 1974 1009; baseline 0.002 -22"><span class='ocrx_word' id='word_1_84' title='bbox 256 933 330 988; x_wconf 87' lang='lat' dir='ltr'>tis</span> <span class='ocrx_word' id='word_1_85' title='bbox 353 936 638 992; x_wconf 88' lang='lat' dir='ltr'>vocabulo</span> <span class='ocrx_word' id='word_1_86' title='bbox 661 953 753 993; x_wconf 90' lang='lat' dir='ltr'>me</span> <span class='ocrx_word' id='word_1_87' title='bbox 777 939 1003 993; x_wconf 88' lang='lat' dir='ltr'>fatuum</span> <span class='ocrx_word' id='word_1_88' title='bbox 1037 938 1308 1009; x_wconf 82' lang='lat' dir='ltr'>appellat.</span> <span class='ocrx_word' id='word_1_89' title='bbox 1343 941 1404 993; x_wconf 92' lang='lat' dir='ltr'>In</span> <span class='ocrx_word' id='word_1_90' title='bbox 1437 938 1740 1007; x_wconf 89' lang='lat' dir='ltr'>Scriptura</span> <span class='ocrx_word' id='word_1_91' title='bbox 1761 937 1974 992; x_wconf 88' lang='lat' dir='ltr'>etenim</span> 
     </span>
    </p>
   </div>
   <div class='ocr_carea' id='block_1_13' title="bbox 253 1026 1971 1100">
    <p class='ocr_par' dir='ltr' id='par_1_13' title="bbox 253 1026 1971 1100">
     <span class='ocr_line' id='line_1_13' title="bbox 253 1026 1971 1100; baseline 0.001 -22"><span class='ocrx_word' id='word_1_92' title='bbox 253 1040 422 1080; x_wconf 80' lang='lat' dir='ltr'>sacra</span> <span class='ocrx_word' id='word_1_93' title='bbox 453 1042 588 1082; x_wconf 90' lang='lat' dir='ltr'>cum</span> <span class='ocrx_word' id='word_1_94' title='bbox 618 1026 678 1082; x_wconf 90' lang='lat' dir='ltr'>in</span> <span class='ocrx_word' id='word_1_95' title='bbox 714 1027 867 1083; x_wconf 89' lang='lat' dir='ltr'>bona</span> <span class='ocrx_word' id='word_1_96' title='bbox 906 1027 1295 1100; x_wconf 84' lang='lat' dir='ltr'>intelligentia</span> <span class='ocrx_word' id='word_1_97' title='bbox 1326 1029 1675 1100; x_wconf 85' lang='lat' dir='ltr'>simplicitas</span> <span class='ocrx_word' id='word_1_98' title='bbox 1715 1027 1971 1099; x_wconf 87' lang='lat' dir='ltr'>ponitur,</span> 
     </span>
    </p>
   </div>
   <div class='ocr_carea' id='block_1_14' title="bbox 253 1116 1970 1189">
    <p class='ocr_par' dir='ltr' id='par_1_14' title="bbox 253 1116 1970 1189">
     <span class='ocr_line' id='line_1_14' title="bbox 253 1116 1970 1189; baseline 0.005 -23"><span class='ocrx_word' id='word_1_99' title='bbox 253 1116 571 1183; x_wconf 74' lang='lat' dir='ltr'>vigilanter</span> <span class='ocrx_word' id='word_1_100' title='bbox 601 1133 753 1188; x_wconf 67' lang='lat' dir='ltr'>sepe</span> <span class='ocrx_word' id='word_1_101' title='bbox 797 1118 1119 1189; x_wconf 82' lang='lat' dir='ltr'>prudentiae</span> <span class='ocrx_word' id='word_1_102' title='bbox 1161 1127 1260 1173; x_wconf 87' lang='lat' dir='ltr'>aut</span> <span class='ocrx_word' id='word_1_103' title='bbox 1309 1118 1645 1174; x_wconf 90' lang='lat' dir='ltr'>rectitudini</span> <span class='ocrx_word' id='word_1_104' title='bbox 1694 1119 1970 1174; x_wconf 87' lang='lat' dir='ltr'>sociatur.</span> 
     </span>
    </p>
   </div>
   <div class='ocr_carea' id='block_1_15' title="bbox 256 1202 1972 1278">
    <p class='ocr_par' dir='ltr' id='par_1_15' title="bbox 256 1202 1972 1278">
     <span class='ocr_line' id='line_1_15' title="bbox 256 1202 1972 1278; baseline 0.003 -21"><span class='ocrx_word' id='word_1_105' title='bbox 256 1202 424 1259; x_wconf 83' lang='lat' dir='ltr'>Unde</span> <span class='ocrx_word' id='word_1_106' title='bbox 451 1204 632 1260; x_wconf 88' lang='lat' dir='ltr'>etiam</span> <span class='ocrx_word' id='word_1_107' title='bbox 667 1205 736 1262; x_wconf 90' lang='lat' dir='ltr'>de</span> <span class='ocrx_word' id='word_1_108' title='bbox 767 1206 933 1263; x_wconf 85' lang='lat' dir='ltr'>beato</span> <span class='ocrx_word' id='word_1_109' title='bbox 964 1208 1068 1263; x_wconf 83' lang='lat' dir='ltr'>Job</span> <span class='ocrx_word' id='word_1_110' title='bbox 1093 1207 1370 1278; x_wconf 87' lang='lat' dir='ltr'>scriptum</span> <span class='ocrx_word' id='word_1_111' title='bbox 1403 1212 1492 1263; x_wconf 92' lang='lat' dir='ltr'>est</span> <span class='ocrx_word' id='word_1_112' title='bbox 1520 1225 1532 1261; x_wconf 89' lang='lat'>:</span> <span class='ocrx_word' id='word_1_113' title='bbox 1566 1209 1696 1263; x_wconf 85' lang='lat' dir='ltr'>Erat</span> <span class='ocrx_word' id='word_1_114' title='bbox 1725 1207 1813 1263; x_wconf 84' lang='lat' dir='ltr'>vir</span> <span class='ocrx_word' id='word_1_115' title='bbox 1832 1210 1972 1262; x_wconf 80' lang='lat' dir='ltr'>sim-</span> 
     </span>
    </p>
   </div>
   <div class='ocr_carea' id='block_1_16' title="bbox 2086 577 3794 649">
    <p class='ocr_par' dir='ltr' id='par_1_16' title="bbox 2086 577 3794 649">
     <span class='ocr_line' id='line_1_16' title="bbox 2086 577 3794 649; baseline 0.002 -18"><span class='ocrx_word' id='word_1_116' title='bbox 2086 592 2155 631; x_wconf 74' lang='lat' dir='ltr'>ex</span> <span class='ocrx_word' id='word_1_117' title='bbox 2184 593 2275 631; x_wconf 82' lang='lat' dir='ltr'>ore</span> <span class='ocrx_word' id='word_1_118' title='bbox 2307 577 2446 647; x_wconf 82' lang='lat' dir='ltr'>ejus,</span> <span class='ocrx_word' id='word_1_119' title='bbox 2491 577 2625 648; x_wconf 85' lang='lat' dir='ltr'>quia</span> <span class='ocrx_word' id='word_1_120' title='bbox 2652 579 2879 649; x_wconf 78' lang='lat' dir='ltr'>angelus</span> <span class='ocrx_word' id='word_1_121' title='bbox 2935 580 3153 633; x_wconf 85' lang='lat' dir='ltr'>Domini</span> <span class='ocrx_word' id='word_1_122' title='bbox 3190 580 3530 634; x_wconf 73' lang='lat' dir='ltr'>exercituum</span> <span class='ocrx_word' id='word_1_123' title='bbox 3559 582 3637 634; x_wconf 79' lang='lat' dir='ltr'>est</span> <span class='ocrx_word' id='word_1_124' title='bbox 3659 577 3794 647; x_wconf 78' lang='grc' dir='ltr'>(Μα-</span> 
     </span>
    </p>
   </div>
   <div class='ocr_carea' id='block_1_17' title="bbox 2091 667 3794 740">
    <p class='ocr_par' dir='ltr' id='par_1_17' title="bbox 2091 667 3794 740">
     <span class='ocr_line' id='line_1_17' title="bbox 2091 667 3794 740; baseline 0.001 -20"><span class='ocrx_word' id='word_1_125' title='bbox 2091 667 2229 722; x_wconf 84' lang='lat' dir='ltr'>lach.</span> <span class='ocrx_word' id='word_1_126' title='bbox 2267 684 2326 733; x_wconf 82' lang='grc' dir='ltr'>ιι,</span> <span class='ocrx_word' id='word_1_127' title='bbox 2359 668 2436 737; x_wconf 87' lang='grc'>7).</span> <span class='ocrx_word' id='word_1_128' title='bbox 2473 669 2618 733; x_wconf 88' lang='lat' dir='ltr'>Quid</span> <span class='ocrx_word' id='word_1_129' title='bbox 2653 686 2784 740; x_wconf 88' lang='lat' dir='ltr'>ergo</span> <span class='ocrx_word' id='word_1_130' title='bbox 2809 669 3018 723; x_wconf 90' lang='lat' dir='ltr'>mirum</span> <span class='ocrx_word' id='word_1_131' title='bbox 3053 669 3100 724; x_wconf 90' lang='lat' dir='ltr'>si</span> <span class='ocrx_word' id='word_1_132' title='bbox 3134 667 3263 724; x_wconf 90' lang='lat' dir='ltr'>illos</span> <span class='ocrx_word' id='word_1_133' title='bbox 3282 672 3474 724; x_wconf 84' lang='lat' dir='ltr'>vestra</span> <span class='ocrx_word' id='word_1_134' title='bbox 3504 669 3680 738; x_wconf 87' lang='lat' dir='ltr'>pietas</span> <span class='ocrx_word' id='word_1_135' title='bbox 3705 667 3794 723; x_wconf 84' lang='lat' dir='ltr'>di-</span> 
     </span>
    </p>
   </div>
   <div class='ocr_carea' id='block_1_18' title="bbox 2089 757 3795 830">
    <p class='ocr_par' dir='ltr' id='par_1_18' title="bbox 2089 757 3795 830">
     <span class='ocr_line' id='line_1_18' title="bbox 2089 757 3795 830; baseline 0.002 -20"><span class='ocrx_word' id='word_1_136' title='bbox 2089 765 2292 823; x_wconf 79' lang='lat' dir='ltr'>gnetur</span> <span class='ocrx_word' id='word_1_137' title='bbox 2339 757 2640 823; x_wconf 88' lang='lat' dir='ltr'>honorare,</span> <span class='ocrx_word' id='word_1_138' title='bbox 2684 759 2896 828; x_wconf 87' lang='lat' dir='ltr'>quibus</span> <span class='ocrx_word' id='word_1_139' title='bbox 2945 760 3000 814; x_wconf 90' lang='lat' dir='ltr'>in</span> <span class='ocrx_word' id='word_1_140' title='bbox 3060 775 3167 814; x_wconf 90' lang='lat' dir='ltr'>suo</span> <span class='ocrx_word' id='word_1_141' title='bbox 3216 758 3445 830; x_wconf 90' lang='lat' dir='ltr'>eloquio</span> <span class='ocrx_word' id='word_1_142' title='bbox 3513 757 3795 815; x_wconf 87' lang='lat' dir='ltr'>honorem</span> 
     </span>
    </p>
   </div>
   <div class='ocr_carea' id='block_1_19' title="bbox 2087 846 3796 921">
    <p class='ocr_par' dir='ltr' id='par_1_19' title="bbox 2087 846 3796 921">
     <span class='ocr_line' id='line_1_19' title="bbox 2087 846 3796 921; baseline 0.003 -23"><span class='ocrx_word' id='word_1_143' title='bbox 2087 847 2372 912; x_wconf 88' lang='lat' dir='ltr'>tribuens,</span> <span class='ocrx_word' id='word_1_144' title='bbox 2396 865 2490 904; x_wconf 89' lang='lat' dir='ltr'>eos</span> <span class='ocrx_word' id='word_1_145' title='bbox 2529 855 2629 904; x_wconf 86' lang='lat' dir='ltr'>aut</span> <span class='ocrx_word' id='word_1_146' title='bbox 2650 850 2908 921; x_wconf 82' lang='lat' dir='ltr'>angelos,</span> <span class='ocrx_word' id='word_1_147' title='bbox 2941 857 3038 904; x_wconf 90' lang='lat' dir='ltr'>aut</span> <span class='ocrx_word' id='word_1_148' title='bbox 3068 850 3206 904; x_wconf 89' lang='lat' dir='ltr'>deos</span> <span class='ocrx_word' id='word_1_149' title='bbox 3237 848 3364 920; x_wconf 88' lang='lat' dir='ltr'>ipse</span> <span class='ocrx_word' id='word_1_150' title='bbox 3392 849 3568 906; x_wconf 86' lang='lat' dir='ltr'>etiam</span> <span class='ocrx_word' id='word_1_151' title='bbox 3600 846 3796 920; x_wconf 86' lang='lat' dir='ltr'>appel-</span> 
     </span>
    </p>
   </div>
   <div class='ocr_carea' id='block_1_20' title="bbox 2089 936 3796 1011">
    <p class='ocr_par' dir='ltr' id='par_1_20' title="bbox 2089 936 3796 1011">
     <span class='ocr_line' id='line_1_20' title="bbox 2089 936 3796 1011; baseline 0.002 -22"><span class='ocrx_word' id='word_1_152' title='bbox 2089 936 2162 991; x_wconf 85' lang='lat' dir='ltr'>lat</span> <span class='ocrx_word' id='word_1_153' title='bbox 2195 937 2348 994; x_wconf 89' lang='lat' dir='ltr'>Deus</span> <span class='ocrx_word' id='word_1_154' title='bbox 2379 940 2406 994; x_wconf 81' lang='lat'><strong>?</strong></span> <span class='ocrx_word' id='word_1_155' title='bbox 2441 941 2848 997; x_wconf 88' lang='lat' dir='ltr'>Ecclesiastica</span> <span class='ocrx_word' id='word_1_156' title='bbox 2869 956 3093 1011; x_wconf 87' lang='lat' dir='ltr'>quoque</span> <span class='ocrx_word' id='word_1_157' title='bbox 3113 943 3356 996; x_wconf 80' lang='lat' dir='ltr'>testatur</span> <span class='ocrx_word' id='word_1_158' title='bbox 3373 939 3638 1007; x_wconf 82' lang='lat' dir='ltr'>historia,</span> <span class='ocrx_word' id='word_1_159' title='bbox 3659 938 3796 1010; x_wconf 89' lang='lat' dir='ltr'>quia</span> 
     </span>
    </p>
   </div>
   <div class='ocr_carea' id='block_1_21' title="bbox 2085 1028 3797 1102">
    <p class='ocr_par' dir='ltr' id='par_1_21' title="bbox 2085 1028 3797 1102">
     <span class='ocr_line' id='line_1_21' title="bbox 2085 1028 3797 1102; baseline 0.002 -19"><span class='ocrx_word' id='word_1_160' title='bbox 2085 1042 2216 1083; x_wconf 89' lang='lat' dir='ltr'>cum</span> <span class='ocrx_word' id='word_1_161' title='bbox 2253 1029 2358 1100; x_wconf 67' lang='lat' dir='ltr'>pias</span> <span class='ocrx_word' id='word_1_162' title='bbox 2410 1031 2704 1086; x_wconf 70' lang='lat' dir='ltr'>memoriis</span> <span class='ocrx_word' id='word_1_163' title='bbox 2751 1030 3128 1086; x_wconf 87' lang='lat' dir='ltr'>Constantino</span> <span class='ocrx_word' id='word_1_164' title='bbox 3179 1028 3430 1102; x_wconf 89' lang='lat' dir='ltr'>principi</span> <span class='ocrx_word' id='word_1_165' title='bbox 3475 1030 3534 1085; x_wconf 88' lang='lat' dir='ltr'>in</span> <span class='ocrx_word' id='word_1_166' title='bbox 3577 1029 3797 1101; x_wconf 83' lang='lat' dir='ltr'>scripto</span> 
     </span>
    </p>
   </div>
   <div class='ocr_carea' id='block_1_22' title="bbox 2084 1115 3796 1192">
    <p class='ocr_par' dir='ltr' id='par_1_22' title="bbox 2084 1115 3796 1192">
     <span class='ocr_line' id='line_1_22' title="bbox 2084 1115 3796 1192; baseline 0.001 -21"><span class='ocrx_word' id='word_1_167' title='bbox 2084 1115 2291 1172; x_wconf 63' lang='lat' dir='ltr'>oblatas</span> <span class='ocrx_word' id='word_1_168' title='bbox 2340 1120 2742 1175; x_wconf 85' lang='lat' dir='ltr'>accusationes</span> <span class='ocrx_word' id='word_1_169' title='bbox 2792 1128 2991 1174; x_wconf 89' lang='lat' dir='ltr'>contra</span> <span class='ocrx_word' id='word_1_170' title='bbox 3046 1120 3352 1192; x_wconf 85' lang='lat' dir='ltr'>episcopos</span> <span class='ocrx_word' id='word_1_171' title='bbox 3405 1118 3677 1187; x_wconf 80' lang='lat' dir='ltr'>fuissent,</span> <span class='ocrx_word' id='word_1_172' title='bbox 3725 1117 3796 1172; x_wconf 84' lang='lat' dir='ltr'>li-</span> 
     </span>
    </p>
   </div>
   <div class='ocr_carea' id='block_1_23' title="bbox 2086 1206 3794 1282">
    <p class='ocr_par' dir='ltr' id='par_1_23' title="bbox 2086 1206 3794 1282">
     <span class='ocr_line' id='line_1_23' title="bbox 2086 1206 3794 1282; baseline 0.003 -21"><span class='ocrx_word' id='word_1_173' title='bbox 2086 1206 2270 1262; x_wconf 91' lang='lat' dir='ltr'>bellos</span> <span class='ocrx_word' id='word_1_174' title='bbox 2328 1209 2566 1278; x_wconf 90' lang='lat' dir='ltr'>quidem</span> <span class='ocrx_word' id='word_1_175' title='bbox 2652 1211 3044 1266; x_wconf 86' lang='lat' dir='ltr'>accuationis</span> <span class='ocrx_word' id='word_1_176' title='bbox 3120 1211 3360 1282; x_wconf 88' lang='lat' dir='ltr'>accepit,</span> <span class='ocrx_word' id='word_1_177' title='bbox 3431 1215 3486 1266; x_wconf 88' lang='lat' dir='ltr'>et</span> <span class='ocrx_word' id='word_1_178' title='bbox 3562 1209 3794 1266; x_wconf 83' lang='lat' dir='ltr'>eosdem</span> 
     </span>
    </p>
   </div>
   <div class='ocr_carea' id='block_1_24' title="bbox 247 1293 3791 1369">
    <p class='ocr_par' dir='ltr' id='par_1_24' title="bbox 247 1293 3791 1369">
     <span class='ocr_line' id='line_1_24' title="bbox 247 1293 3791 1369; baseline 0.002 -23"><span class='ocrx_word' id='word_1_179' title='bbox 247 1294 386 1363; x_wconf 63' lang='lat' dir='ltr'>ple:</span> <span class='ocrx_word' id='word_1_180' title='bbox 411 1301 461 1348; x_wconf 84' lang='lat' dir='ltr'>et</span> <span class='ocrx_word' id='word_1_181' title='bbox 488 1298 668 1350; x_wconf 81' lang='lat' dir='ltr'>rectus</span> <span class='ocrx_word' id='word_1_182' title='bbox 701 1295 836 1364; x_wconf 88' lang='lat' dir='ltr'>(Job.</span> <span class='ocrx_word' id='word_1_183' title='bbox 874 1312 912 1360; x_wconf 83' lang='lat'>1,</span> <span class='ocrx_word' id='word_1_184' title='bbox 946 1295 1018 1364; x_wconf 90' lang='grc'>1).</span> <span class='ocrx_word' id='word_1_185' title='bbox 1053 1295 1119 1351; x_wconf 91' lang='lat' dir='ltr'>Et</span> <span class='ocrx_word' id='word_1_186' title='bbox 1153 1297 1356 1352; x_wconf 88' lang='lat' dir='ltr'>beatus</span> <span class='ocrx_word' id='word_1_187' title='bbox 1404 1296 1619 1352; x_wconf 88' lang='lat' dir='ltr'>Paulus</span> <span class='ocrx_word' id='word_1_188' title='bbox 1678 1295 1972 1368; x_wconf 83' lang='lat' dir='ltr'>apostolus</span> <span class='ocrx_word' id='word_1_189' title='bbox 2083 1293 2182 1363; x_wconf 88' lang='lat' dir='ltr'>qui</span> <span class='ocrx_word' id='word_1_190' title='bbox 2216 1297 2468 1350; x_wconf 82' lang='lat' dir='ltr'>accusati</span> <span class='ocrx_word' id='word_1_191' title='bbox 2505 1296 2735 1353; x_wconf 80' lang='lat' dir='ltr'>fuerant</span> <span class='ocrx_word' id='word_1_192' title='bbox 2764 1298 3065 1369; x_wconf 89' lang='lat' dir='ltr'>episcopos</span> <span class='ocrx_word' id='word_1_193' title='bbox 3111 1313 3458 1367; x_wconf 85' lang='lat' dir='ltr'>convocans,</span> <span class='ocrx_word' id='word_1_194' title='bbox 3497 1298 3557 1354; x_wconf 92' lang='lat' dir='ltr'>in</span> <span class='ocrx_word' id='word_1_195' title='bbox 3589 1313 3791 1353; x_wconf 90' lang='lat' dir='ltr'>eorum</span> 
     </span>
    </p>
   </div>
   <div class='ocr_carea' id='block_1_25' title="bbox 253 1381 1974 1457">
    <p class='ocr_par' dir='ltr' id='par_1_25' title="bbox 253 1381 1974 1457">
     <span class='ocr_line' id='line_1_25' title="bbox 253 1381 1974 1457; baseline 0.002 -21"><span class='ocrx_word' id='word_1_196' title='bbox 253 1381 561 1450; x_wconf 86' lang='lat' dir='ltr'>admonet,</span> <span class='ocrx_word' id='word_1_197' title='bbox 614 1383 810 1439; x_wconf 89' lang='lat' dir='ltr'>dicens</span> <span class='ocrx_word' id='word_1_198' title='bbox 847 1401 860 1439; x_wconf 91' lang='lat'>:</span> <span class='ocrx_word' id='word_1_199' title='bbox 894 1386 1068 1441; x_wconf 84' lang='lat' dir='ltr'>Estote</span> <span class='ocrx_word' id='word_1_200' title='bbox 1105 1385 1380 1456; x_wconf 73' lang='lat' dir='ltr'>simplices</span> <span class='ocrx_word' id='word_1_201' title='bbox 1423 1387 1483 1439; x_wconf 90' lang='lat' dir='ltr'>in</span> <span class='ocrx_word' id='word_1_202' title='bbox 1531 1386 1704 1452; x_wconf 88' lang='lat' dir='ltr'>malo,</span> <span class='ocrx_word' id='word_1_203' title='bbox 1755 1390 1805 1441; x_wconf 82' lang='lat' dir='ltr'>et</span> <span class='ocrx_word' id='word_1_204' title='bbox 1844 1401 1974 1457; x_wconf 83' lang='lat' dir='ltr'>pru-</span> 
     </span>
    </p>
   </div>
   <div class='ocr_carea' id='block_1_26' title="bbox 249 1472 1968 1548">
    <p class='ocr_par' dir='ltr' id='par_1_26' title="bbox 249 1472 1968 1548">
     <span class='ocr_line' id='line_1_26' title="bbox 249 1472 1968 1548; baseline 0.004 -24"><span class='ocrx_word' id='word_1_205' title='bbox 249 1472 439 1526; x_wconf 77' lang='lat' dir='ltr'>dentes</span> <span class='ocrx_word' id='word_1_206' title='bbox 491 1476 555 1527; x_wconf 83' lang='lat' dir='ltr'>in</span> <span class='ocrx_word' id='word_1_207' title='bbox 605 1475 741 1528; x_wconf 84' lang='lat' dir='ltr'>bono</span> <span class='ocrx_word' id='word_1_208' title='bbox 785 1475 957 1543; x_wconf 84' lang='lat' dir='ltr'>(Rom.</span> <span class='ocrx_word' id='word_1_209' title='bbox 1011 1492 1118 1540; x_wconf 75' lang='lat' dir='ltr'>xvr,</span> <span class='ocrx_word' id='word_1_210' title='bbox 1174 1475 1282 1544; x_wconf 85' lang='grc'>19).</span> <span class='ocrx_word' id='word_1_211' title='bbox 1328 1477 1398 1531; x_wconf 88' lang='lat' dir='ltr'>Et</span> <span class='ocrx_word' id='word_1_212' title='bbox 1447 1491 1547 1547; x_wconf 91' lang='lat' dir='ltr'>per</span> <span class='ocrx_word' id='word_1_213' title='bbox 1593 1476 1968 1548; x_wconf 89' lang='lat' dir='ltr'>semetipsam</span> 
     </span>
    </p>
   </div>
   <div class='ocr_carea' id='block_1_27' title="bbox 2083 1386 3786 1460">
    <p class='ocr_par' dir='ltr' id='par_1_27' title="bbox 2083 1386 3786 1460">
     <span class='ocr_line' id='line_1_27' title="bbox 2083 1386 3786 1460; baseline 0.004 -22"><span class='ocrx_word' id='word_1_214' title='bbox 2083 1390 2398 1456; x_wconf 88' lang='lat' dir='ltr'>conspectu</span> <span class='ocrx_word' id='word_1_215' title='bbox 2435 1386 2678 1453; x_wconf 87' lang='lat' dir='ltr'>libellos,</span> <span class='ocrx_word' id='word_1_216' title='bbox 2712 1405 2853 1459; x_wconf 91' lang='lat' dir='ltr'>quos</span> <span class='ocrx_word' id='word_1_217' title='bbox 2886 1394 3205 1460; x_wconf 88' lang='lat' dir='ltr'>acceperat,</span> <span class='ocrx_word' id='word_1_218' title='bbox 3233 1389 3512 1454; x_wconf 80' lang='lat' dir='ltr'>incendit,</span> <span class='ocrx_word' id='word_1_219' title='bbox 3542 1389 3740 1444; x_wconf 88' lang='lat' dir='ltr'>dicens</span> <span class='ocrx_word' id='word_1_220' title='bbox 3771 1403 3786 1444; x_wconf 88' lang='lat'><strong>:</strong></span> 
     </span>
    </p>
   </div>
   <div class='ocr_carea' id='block_1_28' title="bbox 2091 1473 3793 1543">
    <p class='ocr_par' dir='ltr' id='par_1_28' title="bbox 2091 1473 3793 1543">
     <span class='ocr_line' id='line_1_28' title="bbox 2091 1473 3793 1543; baseline 0.004 -16"><span class='ocrx_word' id='word_1_221' title='bbox 2091 1473 2183 1528; x_wconf 81' lang='lat' dir='ltr'>Vos</span> <span class='ocrx_word' id='word_1_222' title='bbox 2214 1475 2296 1529; x_wconf 84' lang='lat' dir='ltr'>dii</span> <span class='ocrx_word' id='word_1_223' title='bbox 2343 1477 2471 1530; x_wconf 81' lang='lat' dir='ltr'>estis</span> <span class='ocrx_word' id='word_1_224' title='bbox 2501 1494 2532 1531; x_wconf 91' lang='lat' dir='ltr'>a</span> <span class='ocrx_word' id='word_1_225' title='bbox 2564 1493 2689 1534; x_wconf 77' lang='lat' dir='ltr'>vero</span> <span class='ocrx_word' id='word_1_226' title='bbox 2719 1479 2825 1534; x_wconf 86' lang='lat' dir='ltr'>Deo</span> <span class='ocrx_word' id='word_1_227' title='bbox 2846 1480 3152 1533; x_wconf 79' lang='lat' dir='ltr'>constituti.</span> <span class='ocrx_word' id='word_1_228' title='bbox 3185 1480 3279 1543; x_wconf 82' lang='lat' dir='ltr'>Ite,</span> <span class='ocrx_word' id='word_1_229' title='bbox 3306 1485 3355 1534; x_wconf 87' lang='lat' dir='ltr'>et</span> <span class='ocrx_word' id='word_1_230' title='bbox 3384 1480 3531 1533; x_wconf 84' lang='lat' dir='ltr'>inter</span> <span class='ocrx_word' id='word_1_231' title='bbox 3558 1493 3648 1534; x_wconf 89' lang='lat' dir='ltr'>vos</span> <span class='ocrx_word' id='word_1_232' title='bbox 3665 1495 3793 1534; x_wconf 70' lang='lat' dir='ltr'>cauo</span> 
     </span>
    </p>
   </div>
   <div class='ocr_carea' id='block_1_29' title="bbox 245 1560 3794 1638">
    <p class='ocr_par' dir='ltr' id='par_1_29' title="bbox 245 1560 3794 1638">
     <span class='ocr_line' id='line_1_29' title="bbox 245 1560 3794 1638; baseline 0.003 -24"><span class='ocrx_word' id='word_1_233' title='bbox 245 1560 481 1616; x_wconf 85' lang='lat' dir='ltr'>Veritas</span> <span class='ocrx_word' id='word_1_234' title='bbox 539 1562 597 1617; x_wconf 91' lang='lat' dir='ltr'>in</span> <span class='ocrx_word' id='word_1_235' title='bbox 629 1563 933 1633; x_wconf 83' lang='lat' dir='ltr'>Evangelia</span> <span class='ocrx_word' id='word_1_236' title='bbox 998 1565 1292 1633; x_wconf 88' lang='lat' dir='ltr'>admonet,</span> <span class='ocrx_word' id='word_1_237' title='bbox 1342 1566 1575 1621; x_wconf 90' lang='lat' dir='ltr'>dicens:</span> <span class='ocrx_word' id='word_1_238' title='bbox 1613 1566 1789 1621; x_wconf 81' lang='lat' dir='ltr'>Estote</span> <span class='ocrx_word' id='word_1_239' title='bbox 1829 1583 1970 1636; x_wconf 82' lang='lat' dir='ltr'>pru-</span> <span class='ocrx_word' id='word_1_240' title='bbox 2080 1578 2169 1616; x_wconf 87' lang='lat' dir='ltr'>sas</span> <span class='ocrx_word' id='word_1_241' title='bbox 2199 1572 2408 1620; x_wconf 83' lang='lat' dir='ltr'>vestras</span> <span class='ocrx_word' id='word_1_242' title='bbox 2436 1567 2702 1638; x_wconf 83' lang='lat' dir='ltr'>disponite</span> <span class='ocrx_word' id='word_1_243' title='bbox 2732 1585 2750 1622; x_wconf 89' lang='lat'><em>:</em></span> <span class='ocrx_word' id='word_1_244' title='bbox 2783 1567 2915 1638; x_wconf 87' lang='lat' dir='ltr'>quia</span> <span class='ocrx_word' id='word_1_245' title='bbox 2944 1567 3176 1638; x_wconf 83' lang='lat' dir='ltr'>dignum</span> <span class='ocrx_word' id='word_1_246' title='bbox 3223 1584 3331 1623; x_wconf 83' lang='lat' dir='ltr'>non</span> <span class='ocrx_word' id='word_1_247' title='bbox 3378 1577 3458 1623; x_wconf 85' lang='lat' dir='ltr'>est</span> <span class='ocrx_word' id='word_1_248' title='bbox 3487 1571 3546 1622; x_wconf 87' lang='lat' dir='ltr'>ut</span> <span class='ocrx_word' id='word_1_249' title='bbox 3583 1583 3677 1624; x_wconf 79' lang='lat' dir='ltr'>nos</span> <span class='ocrx_word' id='word_1_250' title='bbox 3707 1569 3794 1634; x_wconf 74' lang='lat' dir='ltr'>iu-</span> 
     </span>
    </p>
   </div>
   <div class='ocr_carea' id='block_1_30' title="bbox 244 1649 3788 1744">
    <p class='ocr_par' dir='ltr' id='par_1_30' title="bbox 244 1649 3788 1744">
     <span class='ocr_line' id='line_1_30' title="bbox 244 1649 3788 1744; baseline 0.005 -37"><span class='ocrx_word' id='word_1_251' title='bbox 244 1653 444 1708; x_wconf 83' lang='lat' dir='ltr'>dentes</span> <span class='ocrx_word' id='word_1_252' title='bbox 492 1654 638 1711; x_wconf 79' lang='lat' dir='ltr'>sicut</span> <span class='ocrx_word' id='word_1_253' title='bbox 681 1660 973 1728; x_wconf 84' lang='lat' dir='ltr'>serpentes,</span> <span class='ocrx_word' id='word_1_254' title='bbox 1039 1664 1088 1711; x_wconf 82' lang='lat' dir='ltr'>et</span> <span class='ocrx_word' id='word_1_255' title='bbox 1133 1655 1418 1727; x_wconf 85' lang='lat' dir='ltr'>simplices</span> <span class='ocrx_word' id='word_1_256' title='bbox 1491 1658 1632 1712; x_wconf 82' lang='lat' dir='ltr'>sicut</span> <span class='ocrx_word' id='word_1_257' title='bbox 1705 1657 1971 1714; x_wconf 70' lang='lat' dir='ltr'>columbae</span> <span class='ocrx_word' id='word_1_258' title='bbox 2008 1680 2052 1744; x_wconf 76' lang='grc' dir='ltr'>Β</span> <span class='ocrx_word' id='word_1_259' title='bbox 2081 1649 2323 1706; x_wconf 71' lang='lat' dir='ltr'>dicemus</span> <span class='ocrx_word' id='word_1_260' title='bbox 2353 1655 2503 1710; x_wconf 69' lang='grc' dir='ltr'>άεοδι</span> <span class='ocrx_word' id='word_1_261' title='bbox 2548 1655 2611 1710; x_wconf 80' lang='lat' dir='ltr'>In</span> <span class='ocrx_word' id='word_1_262' title='bbox 2645 1672 2759 1727; x_wconf 80' lang='lat' dir='ltr'>qua</span> <span class='ocrx_word' id='word_1_263' title='bbox 2809 1662 3004 1711; x_wconf 74' lang='lat' dir='ltr'>tamen</span> <span class='ocrx_word' id='word_1_264' title='bbox 3046 1656 3360 1722; x_wconf 60' lang='lat' dir='ltr'>sententia.</span> <span class='ocrx_word' id='word_1_265' title='bbox 3400 1655 3492 1726; x_wconf 75' lang='grc' dir='ltr'>Ρίθ</span> <span class='ocrx_word' id='word_1_266' title='bbox 3531 1655 3788 1724; x_wconf 61' lang='lat' dir='ltr'>domine,</span> 
     </span>
    </p>
   </div>
   <div class='ocr_carea' id='block_1_31' title="bbox 251 1743 1964 1817">
    <p class='ocr_par' dir='ltr' id='par_1_31' title="bbox 251 1743 1964 1817">
     <span class='ocr_line' id='line_1_31' title="bbox 251 1743 1964 1817; baseline 0.005 -22"><span class='ocrx_word' id='word_1_267' title='bbox 251 1743 464 1813; x_wconf 63' lang='lat' dir='ltr'>(Matth.</span> <span class='ocrx_word' id='word_1_268' title='bbox 519 1762 575 1812; x_wconf 87' lang='lat' dir='ltr'>x,</span> <span class='ocrx_word' id='word_1_269' title='bbox 630 1747 738 1816; x_wconf 84' lang='lat' dir='ltr'>i6),</span> <span class='ocrx_word' id='word_1_270' title='bbox 790 1761 917 1802; x_wconf 84' lang='lat' dir='ltr'>esse</span> <span class='ocrx_word' id='word_1_271' title='bbox 962 1745 1129 1802; x_wconf 86' lang='lat' dir='ltr'>valde</span> <span class='ocrx_word' id='word_1_272' title='bbox 1169 1746 1372 1802; x_wconf 90' lang='lat' dir='ltr'>inutile</span> <span class='ocrx_word' id='word_1_273' title='bbox 1419 1747 1721 1817; x_wconf 86' lang='lat' dir='ltr'>judicans,</span> <span class='ocrx_word' id='word_1_274' title='bbox 1769 1748 1814 1804; x_wconf 87' lang='lat' dir='ltr'>si</span> <span class='ocrx_word' id='word_1_275' title='bbox 1865 1753 1964 1804; x_wconf 89' lang='lat' dir='ltr'>aut</span> 
     </span>
    </p>
   </div>
   <div class='ocr_carea' id='block_1_32' title="bbox 249 1830 1962 1906">
    <p class='ocr_par' dir='ltr' id='par_1_32' title="bbox 249 1830 1962 1906">
     <span class='ocr_line' id='line_1_32' title="bbox 249 1830 1962 1906; baseline 0.006 -22"><span class='ocrx_word' id='word_1_276' title='bbox 249 1830 622 1903; x_wconf 83' lang='lat' dir='ltr'>simplicitati</span> <span class='ocrx_word' id='word_1_277' title='bbox 636 1835 967 1906; x_wconf 83' lang='lat' dir='ltr'>prudentia,</span> <span class='ocrx_word' id='word_1_278' title='bbox 983 1839 1082 1890; x_wconf 88' lang='lat' dir='ltr'>aut</span> <span class='ocrx_word' id='word_1_279' title='bbox 1103 1834 1424 1905; x_wconf 68' lang='lat' dir='ltr'>prudentiae</span> <span class='ocrx_word' id='word_1_280' title='bbox 1439 1835 1782 1906; x_wconf 87' lang='lat' dir='ltr'>simplicitas</span> <span class='ocrx_word' id='word_1_281' title='bbox 1795 1839 1962 1896; x_wconf 88' lang='lat' dir='ltr'>desit.</span> 
     </span>
    </p>
   </div>
   <div class='ocr_carea' id='block_1_33' title="bbox 2084 1740 3793 1817">
    <p class='ocr_par' dir='ltr' id='par_1_33' title="bbox 2084 1740 3793 1817">
     <span class='ocr_line' id='line_1_33' title="bbox 2084 1740 3793 1817; baseline 0.005 -24"><span class='ocrx_word' id='word_1_282' title='bbox 2084 1740 2196 1795; x_wconf 88' lang='lat' dir='ltr'>sibi</span> <span class='ocrx_word' id='word_1_283' title='bbox 2230 1743 2412 1814; x_wconf 80' lang='lat' dir='ltr'>magis</span> <span class='ocrx_word' id='word_1_284' title='bbox 2441 1761 2509 1800; x_wconf 85' lang='lat' dir='ltr'>ex</span> <span class='ocrx_word' id='word_1_285' title='bbox 2540 1745 2884 1814; x_wconf 88' lang='lat' dir='ltr'>humilitate,</span> <span class='ocrx_word' id='word_1_286' title='bbox 2921 1762 3093 1817; x_wconf 88' lang='lat' dir='ltr'>quam</span> <span class='ocrx_word' id='word_1_287' title='bbox 3128 1745 3243 1802; x_wconf 90' lang='lat' dir='ltr'>illis</span> <span class='ocrx_word' id='word_1_288' title='bbox 3281 1746 3496 1816; x_wconf 86' lang='lat' dir='ltr'>aliquid</span> <span class='ocrx_word' id='word_1_289' title='bbox 3527 1745 3793 1817; x_wconf 65' lang='lat' dir='ltr'>prestitit</span> 
     </span>
    </p>
   </div>
   <div class='ocr_carea' id='block_1_34' title="bbox 2082 1834 3789 1908">
    <p class='ocr_par' dir='ltr' id='par_1_34' title="bbox 2082 1834 3789 1908">
     <span class='ocr_line' id='line_1_34' title="bbox 2082 1834 3789 1908; baseline 0.004 -23"><span class='ocrx_word' id='word_1_290' title='bbox 2082 1846 2148 1885; x_wconf 88' lang='lat' dir='ltr'>ex</span> <span class='ocrx_word' id='word_1_291' title='bbox 2199 1836 2516 1890; x_wconf 85' lang='lat' dir='ltr'>reverentia</span> <span class='ocrx_word' id='word_1_292' title='bbox 2545 1834 2831 1907; x_wconf 90' lang='lat' dir='ltr'>impensa.</span> <span class='ocrx_word' id='word_1_293' title='bbox 2865 1837 3010 1892; x_wconf 87' lang='lat' dir='ltr'>Ante</span> <span class='ocrx_word' id='word_1_294' title='bbox 3049 1851 3178 1892; x_wconf 91' lang='lat' dir='ltr'>eum</span> <span class='ocrx_word' id='word_1_295' title='bbox 3224 1836 3441 1908; x_wconf 87' lang='lat' dir='ltr'>quippe</span> <span class='ocrx_word' id='word_1_296' title='bbox 3473 1835 3683 1908; x_wconf 83' lang='lat' dir='ltr'>pagani</span> <span class='ocrx_word' id='word_1_297' title='bbox 3730 1835 3789 1892; x_wconf 89' lang='lat' dir='ltr'>in</span> 
     </span>
    </p>
   </div>
   <div class='ocr_carea' id='block_1_35' title="bbox 252 1919 3786 1998">
    <p class='ocr_par' dir='ltr' id='par_1_35' title="bbox 252 1919 3786 1998">
     <span class='ocr_line' id='line_1_35' title="bbox 252 1919 3786 1998; baseline 0.002 -23"><span class='ocrx_word' id='word_1_298' title='bbox 252 1919 322 1975; x_wconf 88' lang='lat' dir='ltr'>Ut</span> <span class='ocrx_word' id='word_1_299' title='bbox 350 1937 495 1993; x_wconf 87' lang='lat' dir='ltr'>ergo</span> <span class='ocrx_word' id='word_1_300' title='bbox 519 1938 713 1979; x_wconf 86' lang='lat' dir='ltr'>servos</span> <span class='ocrx_word' id='word_1_301' title='bbox 740 1941 876 1979; x_wconf 90' lang='lat' dir='ltr'>suos</span> <span class='ocrx_word' id='word_1_302' title='bbox 909 1925 978 1979; x_wconf 89' lang='lat' dir='ltr'>ad</span> <span class='ocrx_word' id='word_1_303' title='bbox 1005 1929 1216 1980; x_wconf 88' lang='lat' dir='ltr'>cuncta</span> <span class='ocrx_word' id='word_1_304' title='bbox 1256 1925 1509 1981; x_wconf 90' lang='lat' dir='ltr'>eruditos</span> <span class='ocrx_word' id='word_1_305' title='bbox 1550 1926 1821 1996; x_wconf 80' lang='lat' dir='ltr'>efﬁceret,</span> <span class='ocrx_word' id='word_1_306' title='bbox 1842 1943 1968 1985; x_wconf 88' lang='lat' dir='ltr'>esse</span> <span class='ocrx_word' id='word_1_307' title='bbox 2080 1922 2376 1991; x_wconf 74' lang='lat' dir='ltr'>republica</span> <span class='ocrx_word' id='word_1_308' title='bbox 2390 1925 2680 1996; x_wconf 83' lang='lat' dir='ltr'>principes</span> <span class='ocrx_word' id='word_1_309' title='bbox 2698 1927 2952 1993; x_wconf 87' lang='lat' dir='ltr'>fuerunt,</span> <span class='ocrx_word' id='word_1_310' title='bbox 2978 1926 3077 1998; x_wconf 88' lang='lat' dir='ltr'>qui</span> <span class='ocrx_word' id='word_1_311' title='bbox 3098 1942 3295 1982; x_wconf 90' lang='lat' dir='ltr'>verum</span> <span class='ocrx_word' id='word_1_312' title='bbox 3319 1926 3501 1982; x_wconf 90' lang='lat' dir='ltr'>Deum</span> <span class='ocrx_word' id='word_1_313' title='bbox 3521 1926 3786 1982; x_wconf 84' lang='lat' dir='ltr'>nescien-</span> 
     </span>
    </p>
   </div>
   <div class='ocr_carea' id='block_1_36' title="bbox 251 2013 1963 2087">
    <p class='ocr_par' dir='ltr' id='par_1_36' title="bbox 251 2013 1963 2087">
     <span class='ocr_line' id='line_1_36' title="bbox 251 2013 1963 2087; baseline 0.006 -22"><span class='ocrx_word' id='word_1_314' title='bbox 251 2026 349 2065; x_wconf 86' lang='lat' dir='ltr'>eos</span> <span class='ocrx_word' id='word_1_315' title='bbox 384 2019 438 2067; x_wconf 89' lang='lat' dir='ltr'>et</span> <span class='ocrx_word' id='word_1_316' title='bbox 472 2013 772 2083; x_wconf 88' lang='lat' dir='ltr'>simplices</span> <span class='ocrx_word' id='word_1_317' title='bbox 802 2015 954 2070; x_wconf 90' lang='lat' dir='ltr'>sicut</span> <span class='ocrx_word' id='word_1_318' title='bbox 984 2014 1308 2083; x_wconf 89' lang='lat' dir='ltr'>columbas,</span> <span class='ocrx_word' id='word_1_319' title='bbox 1335 2022 1389 2070; x_wconf 91' lang='lat' dir='ltr'>et</span> <span class='ocrx_word' id='word_1_320' title='bbox 1422 2017 1737 2087; x_wconf 88' lang='lat' dir='ltr'>prudentes</span> <span class='ocrx_word' id='word_1_321' title='bbox 1770 2027 1828 2073; x_wconf 90' lang='lat' dir='ltr'>ut</span> <span class='ocrx_word' id='word_1_322' title='bbox 1851 2035 1963 2074; x_wconf 90' lang='lat' dir='ltr'>ser-</span> 
     </span>
    </p>
   </div>
   <div class='ocr_carea' id='block_1_37' title="bbox 2077 2013 3790 2086">
    <p class='ocr_par' dir='ltr' id='par_1_37' title="bbox 2077 2013 3790 2086">
     <span class='ocr_line' id='line_1_37' title="bbox 2077 2013 3790 2086; baseline 0.005 -21"><span class='ocrx_word' id='word_1_323' title='bbox 2077 2014 2189 2076; x_wconf 89' lang='lat' dir='ltr'>tes,</span> <span class='ocrx_word' id='word_1_324' title='bbox 2221 2014 2359 2069; x_wconf 89' lang='lat' dir='ltr'>deos</span> <span class='ocrx_word' id='word_1_325' title='bbox 2408 2013 2633 2085; x_wconf 87' lang='lat' dir='ltr'>ligneos</span> <span class='ocrx_word' id='word_1_326' title='bbox 2665 2020 2720 2072; x_wconf 90' lang='lat' dir='ltr'>et</span> <span class='ocrx_word' id='word_1_327' title='bbox 2766 2017 3025 2086; x_wconf 89' lang='lat' dir='ltr'>lapideos</span> <span class='ocrx_word' id='word_1_328' title='bbox 3055 2016 3343 2083; x_wconf 88' lang='lat' dir='ltr'>colebant,</span> <span class='ocrx_word' id='word_1_329' title='bbox 3375 2020 3432 2072; x_wconf 90' lang='lat' dir='ltr'>et</span> <span class='ocrx_word' id='word_1_330' title='bbox 3469 2021 3663 2073; x_wconf 87' lang='lat' dir='ltr'>tamen</span> <span class='ocrx_word' id='word_1_331' title='bbox 3695 2032 3790 2073; x_wconf 82' lang='lat' dir='ltr'>eo-</span> 
     </span>
    </p>
   </div>
   <div class='ocr_carea' id='block_1_38' title="bbox 252 2104 3781 2176">
    <p class='ocr_par' dir='ltr' id='par_1_38' title="bbox 252 2104 3781 2176">
     <span class='ocr_line' id='line_1_38' title="bbox 252 2104 3781 2176; baseline 0.004 -22"><span class='ocrx_word' id='word_1_332' title='bbox 252 2105 460 2169; x_wconf 89' lang='lat' dir='ltr'>pentes</span> <span class='ocrx_word' id='word_1_333' title='bbox 491 2118 616 2158; x_wconf 90' lang='lat' dir='ltr'>esse</span> <span class='ocrx_word' id='word_1_334' title='bbox 634 2104 832 2172; x_wconf 81' lang='lat' dir='ltr'>voluit,</span> <span class='ocrx_word' id='word_1_335' title='bbox 867 2109 1153 2176; x_wconf 89' lang='lat' dir='ltr'>quatenus</span> <span class='ocrx_word' id='word_1_336' title='bbox 1185 2105 1242 2160; x_wconf 90' lang='lat' dir='ltr'>iu</span> <span class='ocrx_word' id='word_1_337' title='bbox 1275 2105 1357 2160; x_wconf 91' lang='lat' dir='ltr'>eis</span> <span class='ocrx_word' id='word_1_338' title='bbox 1390 2110 1448 2161; x_wconf 89' lang='lat' dir='ltr'>et</span> <span class='ocrx_word' id='word_1_339' title='bbox 1485 2107 1772 2176; x_wconf 88' lang='lat' dir='ltr'>serpentis</span> <span class='ocrx_word' id='word_1_340' title='bbox 1805 2113 1966 2166; x_wconf 88' lang='lat' dir='ltr'>astu-</span> <span class='ocrx_word' id='word_1_341' title='bbox 2078 2116 2207 2156; x_wconf 67' lang='lat' dir='ltr'>Tum</span> <span class='ocrx_word' id='word_1_342' title='bbox 2259 2104 2664 2160; x_wconf 72' lang='lat' dir='ltr'>sacerdotibus</span> <span class='ocrx_word' id='word_1_343' title='bbox 2710 2105 2988 2161; x_wconf 81' lang='lat' dir='ltr'>honorem</span> <span class='ocrx_word' id='word_1_344' title='bbox 3060 2106 3376 2162; x_wconf 76' lang='lat' dir='ltr'>maximum</span> <span class='ocrx_word' id='word_1_345' title='bbox 3431 2106 3781 2162; x_wconf 73' lang='lat' dir='ltr'>tribuebant-</span> 
     </span>
    </p>
   </div>
   <div class='ocr_carea' id='block_1_39' title="bbox 243 2190 1958 2264">
    <p class='ocr_par' dir='ltr' id='par_1_39' title="bbox 243 2190 1958 2264">
     <span class='ocr_line' id='line_1_39' title="bbox 243 2190 1958 2264; baseline 0.008 -23"><span class='ocrx_word' id='word_1_346' title='bbox 243 2190 322 2242; x_wconf 89' lang='lat' dir='ltr'>tia</span> <span class='ocrx_word' id='word_1_347' title='bbox 356 2190 648 2248; x_wconf 58' lang='lat' dir='ltr'>columbas</span> <span class='ocrx_word' id='word_1_348' title='bbox 680 2193 1114 2264; x_wconf 85' lang='lat' dir='ltr'>simplicitatem</span> <span class='ocrx_word' id='word_1_349' title='bbox 1144 2200 1392 2261; x_wconf 87' lang='lat' dir='ltr'>acueret,</span> <span class='ocrx_word' id='word_1_350' title='bbox 1429 2199 1486 2251; x_wconf 91' lang='lat' dir='ltr'>et</span> <span class='ocrx_word' id='word_1_351' title='bbox 1507 2195 1787 2252; x_wconf 63' lang='lat' dir='ltr'>columba</span> <span class='ocrx_word' id='word_1_352' title='bbox 1819 2198 1958 2254; x_wconf 87' lang='lat' dir='ltr'>sim-</span> 
     </span>
    </p>
   </div>
   <div class='ocr_carea' id='block_1_40' title="bbox 2074 2192 3782 2268">
    <p class='ocr_par' dir='ltr' id='par_1_40' title="bbox 2074 2192 3782 2268">
     <span class='ocr_line' id='line_1_40' title="bbox 2074 2192 3782 2268; baseline 0.003 -23"><span class='ocrx_word' id='word_1_353' title='bbox 2074 2192 2219 2255; x_wconf 89' lang='lat' dir='ltr'>Quid</span> <span class='ocrx_word' id='word_1_354' title='bbox 2251 2194 2429 2264; x_wconf 86' lang='lat' dir='ltr'>igitur</span> <span class='ocrx_word' id='word_1_355' title='bbox 2457 2196 2692 2260; x_wconf 87' lang='lat' dir='ltr'>mirum,</span> <span class='ocrx_word' id='word_1_356' title='bbox 2723 2197 2772 2252; x_wconf 90' lang='lat' dir='ltr'>si</span> <span class='ocrx_word' id='word_1_357' title='bbox 2805 2196 3154 2253; x_wconf 87' lang='lat' dir='ltr'>Christianis</span> <span class='ocrx_word' id='word_1_358' title='bbox 3192 2197 3510 2268; x_wconf 83' lang='lat' dir='ltr'>imperator</span> <span class='ocrx_word' id='word_1_359' title='bbox 3547 2197 3660 2252; x_wconf 89' lang='lat' dir='ltr'>veri</span> <span class='ocrx_word' id='word_1_360' title='bbox 3681 2196 3782 2253; x_wconf 88' lang='lat' dir='ltr'>Dei</span> 
     </span>
    </p>
   </div>
   <div class='ocr_carea' id='block_1_41' title="bbox 240 2278 3780 2359">
    <p class='ocr_par' dir='ltr' id='par_1_41' title="bbox 240 2278 3780 2359">
     <span class='ocr_line' id='line_1_41' title="bbox 240 2278 3780 2359; baseline 0.003 -28"><span class='ocrx_word' id='word_1_361' title='bbox 240 2278 478 2347; x_wconf 86' lang='lat' dir='ltr'>plicitas</span> <span class='ocrx_word' id='word_1_362' title='bbox 503 2283 787 2354; x_wconf 88' lang='lat' dir='ltr'>serpentis</span> <span class='ocrx_word' id='word_1_363' title='bbox 809 2285 1088 2339; x_wconf 86' lang='lat' dir='ltr'>astutiam</span> <span class='ocrx_word' id='word_1_364' title='bbox 1123 2289 1493 2355; x_wconf 85' lang='lat' dir='ltr'>temperaret.</span> <span class='ocrx_word' id='word_1_365' title='bbox 1529 2285 1644 2356; x_wconf 89' lang='lat' dir='ltr'>Ego</span> <span class='ocrx_word' id='word_1_366' title='bbox 1669 2286 1842 2357; x_wconf 90' lang='lat' dir='ltr'>igitur</span> <span class='ocrx_word' id='word_1_367' title='bbox 1861 2289 1959 2359; x_wconf 90' lang='lat' dir='ltr'>qui</span> <span class='ocrx_word' id='word_1_368' title='bbox 2071 2282 2403 2340; x_wconf 73' lang='lat' dir='ltr'>sacerdotes</span> <span class='ocrx_word' id='word_1_369' title='bbox 2436 2286 2705 2357; x_wconf 87' lang='lat' dir='ltr'>dignetur</span> <span class='ocrx_word' id='word_1_370' title='bbox 2734 2286 3042 2354; x_wconf 90' lang='lat' dir='ltr'>honorare,</span> <span class='ocrx_word' id='word_1_371' title='bbox 3094 2287 3233 2341; x_wconf 90' lang='lat' dir='ltr'>dum</span> <span class='ocrx_word' id='word_1_372' title='bbox 3277 2285 3507 2358; x_wconf 88' lang='lat' dir='ltr'>pagani,</span> <span class='ocrx_word' id='word_1_373' title='bbox 3541 2291 3606 2342; x_wconf 91' lang='lat' dir='ltr'>ut</span> <span class='ocrx_word' id='word_1_374' title='bbox 3636 2303 3780 2358; x_wconf 67' lang='lat' dir='ltr'>pra-</span> 
     </span>
    </p>
   </div>
   <div class='ocr_carea' id='block_1_42' title="bbox 244 2369 1954 2449">
    <p class='ocr_par' dir='ltr' id='par_1_42' title="bbox 244 2369 1954 2449">
     <span class='ocr_line' id='line_1_42' title="bbox 244 2369 1954 2449; baseline 0.006 -28"><span class='ocrx_word' id='word_1_375' title='bbox 244 2369 296 2422; x_wconf 88' lang='lat' dir='ltr'>in</span> <span class='ocrx_word' id='word_1_376' title='bbox 335 2371 733 2426; x_wconf 81' lang='lat' dir='ltr'>serenissimis</span> <span class='ocrx_word' id='word_1_377' title='bbox 774 2373 1148 2429; x_wconf 90' lang='lat' dir='ltr'>dominorum</span> <span class='ocrx_word' id='word_1_378' title='bbox 1173 2374 1542 2445; x_wconf 86' lang='lat' dir='ltr'>jussionibus</span> <span class='ocrx_word' id='word_1_379' title='bbox 1586 2375 1656 2430; x_wconf 87' lang='lat' dir='ltr'>ab</span> <span class='ocrx_word' id='word_1_380' title='bbox 1689 2377 1954 2449; x_wconf 85' lang='lat' dir='ltr'>Ariulphi</span> 
     </span>
    </p>
   </div>
   <div class='ocr_carea' id='block_1_43' title="bbox 2069 2369 3780 2448">
    <p class='ocr_par' dir='ltr' id='par_1_43' title="bbox 2069 2369 3780 2448">
     <span class='ocr_line' id='line_1_43' title="bbox 2069 2369 3780 2448; baseline 0.007 -25"><span class='ocrx_word' id='word_1_381' title='bbox 2069 2369 2343 2438; x_wconf 84' lang='lat' dir='ltr'>diximus,</span> <span class='ocrx_word' id='word_1_382' title='bbox 2377 2376 2671 2446; x_wconf 85' lang='lat' dir='ltr'>principes</span> <span class='ocrx_word' id='word_1_383' title='bbox 2705 2376 2984 2433; x_wconf 90' lang='lat' dir='ltr'>honorem</span> <span class='ocrx_word' id='word_1_384' title='bbox 3017 2377 3348 2448; x_wconf 86' lang='lat' dir='ltr'>impendere</span> <span class='ocrx_word' id='word_1_385' title='bbox 3378 2377 3780 2435; x_wconf 82' lang='lat' dir='ltr'>sacerdotibus</span> 
     </span>
    </p>
   </div>
   <div class='ocr_carea' id='block_1_44' title="bbox 238 2459 3774 2537">
    <p class='ocr_par' dir='ltr' id='par_1_44' title="bbox 238 2459 3774 2537">
     <span class='ocr_line' id='line_1_44' title="bbox 238 2459 3774 2537; baseline 0.004 -28"><span class='ocrx_word' id='word_1_386' title='bbox 238 2459 459 2512; x_wconf 81' lang='lat' dir='ltr'>astutia</span> <span class='ocrx_word' id='word_1_387' title='bbox 509 2461 804 2530; x_wconf 85' lang='lat' dir='ltr'>deceptus,</span> <span class='ocrx_word' id='word_1_388' title='bbox 857 2478 970 2516; x_wconf 85' lang='lat' dir='ltr'>non</span> <span class='ocrx_word' id='word_1_389' title='bbox 1020 2463 1297 2532; x_wconf 78' lang='lat' dir='ltr'>adjuncta</span> <span class='ocrx_word' id='word_1_390' title='bbox 1349 2463 1656 2533; x_wconf 80' lang='lat' dir='ltr'>prudentia</span> <span class='ocrx_word' id='word_1_391' title='bbox 1711 2465 1955 2534; x_wconf 77' lang='lat' dir='ltr'>simplex</span> <span class='ocrx_word' id='word_1_392' title='bbox 2066 2468 2372 2530; x_wconf 89' lang='lat' dir='ltr'>noverunt,</span> <span class='ocrx_word' id='word_1_393' title='bbox 2396 2465 2492 2533; x_wconf 90' lang='lat' dir='ltr'>qui</span> <span class='ocrx_word' id='word_1_394' title='bbox 2525 2465 2637 2520; x_wconf 90' lang='lat' dir='ltr'>diis</span> <span class='ocrx_word' id='word_1_395' title='bbox 2660 2465 2869 2537; x_wconf 88' lang='lat' dir='ltr'>ligneis</span> <span class='ocrx_word' id='word_1_396' title='bbox 2890 2471 2947 2521; x_wconf 87' lang='lat' dir='ltr'>et</span> <span class='ocrx_word' id='word_1_397' title='bbox 2977 2464 3216 2537; x_wconf 86' lang='lat' dir='ltr'>lapideis</span> <span class='ocrx_word' id='word_1_398' title='bbox 3238 2465 3612 2522; x_wconf 81' lang='lat' dir='ltr'>serviebant?</span> <span class='ocrx_word' id='word_1_399' title='bbox 3644 2471 3774 2524; x_wconf 61' lang='lat' dir='ltr'>Hec</span> 
     </span>
    </p>
   </div>
   <div class='ocr_carea' id='block_1_45' title="bbox 234 2547 1950 2626">
    <p class='ocr_par' dir='ltr' id='par_1_45' title="bbox 234 2547 1950 2626">
     <span class='ocr_line' id='line_1_45' title="bbox 234 2547 1950 2626; baseline 0.005 -26"><span class='ocrx_word' id='word_1_400' title='bbox 234 2547 576 2614; x_wconf 87' lang='lat' dir='ltr'>denuntior,</span> <span class='ocrx_word' id='word_1_401' title='bbox 610 2555 837 2605; x_wconf 87' lang='lat' dir='ltr'>constat</span> <span class='ocrx_word' id='word_1_402' title='bbox 869 2551 1249 2621; x_wconf 91' lang='lat' dir='ltr'>proculdubio</span> <span class='ocrx_word' id='word_1_403' title='bbox 1283 2555 1421 2624; x_wconf 88' lang='lat' dir='ltr'>quia</span> <span class='ocrx_word' id='word_1_404' title='bbox 1449 2554 1640 2608; x_wconf 87' lang='lat' dir='ltr'>fatuus</span> <span class='ocrx_word' id='word_1_405' title='bbox 1672 2556 1950 2626; x_wconf 89' lang='lat' dir='ltr'>appellor,</span> 
     </span>
    </p>
   </div>
   <div class='ocr_carea' id='block_1_46' title="bbox 231 2637 1950 2712">
    <p class='ocr_par' dir='ltr' id='par_1_46' title="bbox 231 2637 1950 2712">
     <span class='ocr_line' id='line_1_46' title="bbox 231 2637 1950 2712; baseline 0.006 -23"><span class='ocrx_word' id='word_1_406' title='bbox 231 2637 396 2706; x_wconf 87' lang='lat' dir='ltr'>quod</span> <span class='ocrx_word' id='word_1_407' title='bbox 430 2638 511 2691; x_wconf 90' lang='lat' dir='ltr'>ita</span> <span class='ocrx_word' id='word_1_408' title='bbox 541 2654 666 2693; x_wconf 87' lang='lat' dir='ltr'>esse</span> <span class='ocrx_word' id='word_1_409' title='bbox 698 2655 802 2710; x_wconf 90' lang='lat' dir='ltr'>ego</span> <span class='ocrx_word' id='word_1_410' title='bbox 835 2656 1062 2711; x_wconf 91' lang='lat' dir='ltr'>quoque</span> <span class='ocrx_word' id='word_1_411' title='bbox 1092 2641 1218 2712; x_wconf 91' lang='lat' dir='ltr'>ipse</span> <span class='ocrx_word' id='word_1_412' title='bbox 1258 2642 1558 2697; x_wconf 83' lang='lat' dir='ltr'>confiteor.</span> <span class='ocrx_word' id='word_1_413' title='bbox 1590 2642 1736 2698; x_wconf 89' lang='lat' dir='ltr'>Nam</span> <span class='ocrx_word' id='word_1_414' title='bbox 1769 2645 1816 2699; x_wconf 91' lang='lat' dir='ltr'>si</span> <span class='ocrx_word' id='word_1_415' title='bbox 1842 2645 1950 2701; x_wconf 91' lang='lat' dir='ltr'>hoc</span> 
     </span>
    </p>
   </div>
   <div class='ocr_carea' id='block_1_47' title="bbox 228 2725 1949 2803">
    <p class='ocr_par' dir='ltr' id='par_1_47' title="bbox 228 2725 1949 2803">
     <span class='ocr_line' id='line_1_47' title="bbox 228 2725 1949 2803; baseline 0.007 -25"><span class='ocrx_word' id='word_1_416' title='bbox 228 2731 426 2780; x_wconf 83' lang='lat' dir='ltr'>vestra</span> <span class='ocrx_word' id='word_1_417' title='bbox 453 2725 642 2798; x_wconf 89' lang='lat' dir='ltr'>pietas</span> <span class='ocrx_word' id='word_1_418' title='bbox 675 2733 884 2795; x_wconf 86' lang='lat' dir='ltr'>taceat,</span> <span class='ocrx_word' id='word_1_419' title='bbox 917 2745 1104 2785; x_wconf 64' lang='lat' dir='ltr'>causa;</span> <span class='ocrx_word' id='word_1_420' title='bbox 1137 2731 1407 2785; x_wconf 87' lang='lat' dir='ltr'>clamant.</span> <span class='ocrx_word' id='word_1_421' title='bbox 1443 2731 1558 2803; x_wconf 89' lang='lat' dir='ltr'>Ego</span> <span class='ocrx_word' id='word_1_422' title='bbox 1591 2733 1766 2800; x_wconf 90' lang='lat' dir='ltr'>enim,</span> <span class='ocrx_word' id='word_1_423' title='bbox 1795 2735 1840 2788; x_wconf 88' lang='lat' dir='ltr'>si</span> <span class='ocrx_word' id='word_1_424' title='bbox 1871 2736 1949 2790; x_wconf 89' lang='lat' dir='ltr'>fa-</span> 
     </span>
    </p>
   </div>
   <div class='ocr_carea' id='block_1_48' title="bbox 231 2815 1948 2890">
    <p class='ocr_par' dir='ltr' id='par_1_48' title="bbox 231 2815 1948 2890">
     <span class='ocr_line' id='line_1_48' title="bbox 231 2815 1948 2890; baseline 0.008 -23"><span class='ocrx_word' id='word_1_425' title='bbox 231 2821 372 2870; x_wconf 79' lang='lat' dir='ltr'>tuus</span> <span class='ocrx_word' id='word_1_426' title='bbox 407 2832 524 2869; x_wconf 89' lang='lat' dir='ltr'>non</span> <span class='ocrx_word' id='word_1_427' title='bbox 557 2815 823 2885; x_wconf 79' lang='lat' dir='ltr'>fuissem,</span> <span class='ocrx_word' id='word_1_428' title='bbox 858 2819 926 2873; x_wconf 91' lang='lat' dir='ltr'>ad</span> <span class='ocrx_word' id='word_1_429' title='bbox 969 2817 1083 2874; x_wconf 87' lang='lat' dir='ltr'>ista</span> <span class='ocrx_word' id='word_1_430' title='bbox 1120 2818 1419 2875; x_wconf 87' lang='lat' dir='ltr'>toleranda</span> <span class='ocrx_word' id='word_1_431' title='bbox 1449 2836 1577 2890; x_wconf 72' lang='lat' dir='ltr'>quae</span> <span class='ocrx_word' id='word_1_432' title='bbox 1608 2821 1761 2878; x_wconf 89' lang='lat' dir='ltr'>inter</span> <span class='ocrx_word' id='word_1_433' title='bbox 1797 2823 1948 2881; x_wconf 86' lang='lat' dir='ltr'>Lan-</span> 
     </span>
    </p>
   </div>
   <div class='ocr_carea' id='block_1_49' title="bbox 231 2904 1945 2980">
    <p class='ocr_par' dir='ltr' id='par_1_49' title="bbox 231 2904 1945 2980">
     <span class='ocr_line' id='line_1_49' title="bbox 231 2904 1945 2980; baseline 0.009 -23"><span class='ocrx_word' id='word_1_434' title='bbox 231 2904 628 2973; x_wconf 78' lang='lat' dir='ltr'>gobardorum</span> <span class='ocrx_word' id='word_1_435' title='bbox 661 2905 887 2978; x_wconf 87' lang='lat' dir='ltr'>gladios</span> <span class='ocrx_word' id='word_1_436' title='bbox 935 2907 1044 2966; x_wconf 92' lang='lat' dir='ltr'>hoc</span> <span class='ocrx_word' id='word_1_437' title='bbox 1077 2908 1137 2964; x_wconf 89' lang='lat' dir='ltr'>in</span> <span class='ocrx_word' id='word_1_438' title='bbox 1187 2908 1312 2966; x_wconf 94' lang='lat' dir='ltr'>loco</span> <span class='ocrx_word' id='word_1_439' title='bbox 1346 2910 1551 2980; x_wconf 90' lang='lat' dir='ltr'>patior,</span> <span class='ocrx_word' id='word_1_440' title='bbox 1584 2913 1825 2971; x_wconf 90' lang='lat' dir='ltr'>minime</span> <span class='ocrx_word' id='word_1_441' title='bbox 1852 2931 1945 2972; x_wconf 80' lang='lat' dir='ltr'>ve-</span> 
     </span>
    </p>
   </div>
   <div class='ocr_carea' id='block_1_50' title="bbox 231 2995 1940 3077">
    <p class='ocr_par' dir='ltr' id='par_1_50' title="bbox 231 2995 1940 3077">
     <span class='ocr_line' id='line_1_50' title="bbox 231 2995 1940 3077; baseline 0.009 -30"><span class='ocrx_word' id='word_1_442' title='bbox 231 2995 471 3049; x_wconf 85' lang='lat' dir='ltr'>nissem.</span> <span class='ocrx_word' id='word_1_443' title='bbox 511 2997 572 3051; x_wconf 92' lang='lat' dir='ltr'>In</span> <span class='ocrx_word' id='word_1_444' title='bbox 624 3014 685 3052; x_wconf 85' lang='lat' dir='ltr'>ea</span> <span class='ocrx_word' id='word_1_445' title='bbox 717 3008 908 3054; x_wconf 91' lang='lat' dir='ltr'>autem</span> <span class='ocrx_word' id='word_1_446' title='bbox 941 3016 1001 3054; x_wconf 90' lang='lat' dir='ltr'>re</span> <span class='ocrx_word' id='word_1_447' title='bbox 1049 3017 1224 3071; x_wconf 89' lang='lat' dir='ltr'>quam</span> <span class='ocrx_word' id='word_1_448' title='bbox 1253 3003 1321 3058; x_wconf 93' lang='lat' dir='ltr'>de</span> <span class='ocrx_word' id='word_1_449' title='bbox 1349 3002 1625 3074; x_wconf 81' lang='lat' dir='ltr'>Ariulpho</span> <span class='ocrx_word' id='word_1_450' title='bbox 1655 3007 1940 3077; x_wconf 88' lang='lat' dir='ltr'>perbibui,</span> 
     </span>
    </p>
   </div>
   <div class='ocr_carea' id='block_1_51' title="bbox 229 3083 1936 3165">
    <p class='ocr_par' dir='ltr' id='par_1_51' title="bbox 229 3083 1936 3165">
     <span class='ocr_line' id='line_1_51' title="bbox 229 3083 1936 3165; baseline 0.009 -29"><span class='ocrx_word' id='word_1_451' title='bbox 229 3083 366 3155; x_wconf 85' lang='lat' dir='ltr'>quia</span> <span class='ocrx_word' id='word_1_452' title='bbox 399 3088 523 3140; x_wconf 91' lang='lat' dir='ltr'>toto</span> <span class='ocrx_word' id='word_1_453' title='bbox 550 3087 718 3142; x_wconf 91' lang='lat' dir='ltr'>corde</span> <span class='ocrx_word' id='word_1_454' title='bbox 750 3088 939 3144; x_wconf 81' lang='lat' dir='ltr'>venire</span> <span class='ocrx_word' id='word_1_455' title='bbox 971 3089 1040 3144; x_wconf 87' lang='lat' dir='ltr'>ad</span> <span class='ocrx_word' id='word_1_456' title='bbox 1073 3090 1490 3162; x_wconf 89' lang='lat' dir='ltr'>rempublicam</span> <span class='ocrx_word' id='word_1_457' title='bbox 1542 3099 1779 3164; x_wconf 87' lang='lat' dir='ltr'>paratus</span> <span class='ocrx_word' id='word_1_458' title='bbox 1811 3097 1936 3165; x_wconf 88' lang='lat' dir='ltr'>fuit,</span> 
     </span>
    </p>
   </div>
   <div class='ocr_carea' id='block_1_52' title="bbox 232 3173 1942 3256">
    <p class='ocr_par' dir='ltr' id='par_1_52' title="bbox 232 3173 1942 3256">
     <span class='ocr_line' id='line_1_52' title="bbox 232 3173 1942 3256; baseline 0.008 -30"><span class='ocrx_word' id='word_1_459' title='bbox 232 3173 369 3227; x_wconf 85' lang='lat' dir='ltr'>dum</span> <span class='ocrx_word' id='word_1_460' title='bbox 405 3174 552 3229; x_wconf 90' lang='lat' dir='ltr'>mibi</span> <span class='ocrx_word' id='word_1_461' title='bbox 586 3192 698 3231; x_wconf 88' lang='lat' dir='ltr'>non</span> <span class='ocrx_word' id='word_1_462' title='bbox 731 3177 1004 3247; x_wconf 88' lang='lat' dir='ltr'>creditur,</span> <span class='ocrx_word' id='word_1_463' title='bbox 1045 3178 1217 3234; x_wconf 89' lang='lat' dir='ltr'>etiam</span> <span class='ocrx_word' id='word_1_464' title='bbox 1260 3181 1542 3237; x_wconf 87' lang='lat' dir='ltr'>mentitus</span> <span class='ocrx_word' id='word_1_465' title='bbox 1580 3199 1708 3238; x_wconf 90' lang='lat' dir='ltr'>esse</span> <span class='ocrx_word' id='word_1_466' title='bbox 1747 3200 1942 3256; x_wconf 90' lang='lat' dir='ltr'>repre-</span> 
     </span>
    </p>
   </div>
   <div class='ocr_carea' id='block_1_53' title="bbox 226 3260 1940 3343">
    <p class='ocr_par' dir='ltr' id='par_1_53' title="bbox 226 3260 1940 3343">
     <span class='ocr_line' id='line_1_53' title="bbox 226 3260 1940 3343; baseline 0.009 -29"><span class='ocrx_word' id='word_1_467' title='bbox 226 3260 470 3319; x_wconf 88' lang='lat' dir='ltr'>hendor.</span> <span class='ocrx_word' id='word_1_468' title='bbox 531 3264 638 3319; x_wconf 89' lang='lat' dir='ltr'>Sed</span> <span class='ocrx_word' id='word_1_469' title='bbox 688 3265 796 3320; x_wconf 88' lang='lat' dir='ltr'>etsi</span> <span class='ocrx_word' id='word_1_470' title='bbox 840 3268 1111 3323; x_wconf 88' lang='lat' dir='ltr'>sacerdos</span> <span class='ocrx_word' id='word_1_471' title='bbox 1149 3284 1264 3325; x_wconf 90' lang='lat' dir='ltr'>non</span> <span class='ocrx_word' id='word_1_472' title='bbox 1323 3287 1476 3337; x_wconf 90' lang='lat' dir='ltr'>sum,</span> <span class='ocrx_word' id='word_1_473' title='bbox 1539 3272 1659 3327; x_wconf 91' lang='lat' dir='ltr'>scio</span> <span class='ocrx_word' id='word_1_474' title='bbox 1707 3289 1940 3343; x_wconf 89' lang='lat' dir='ltr'>gravem</span> 
     </span>
    </p>
   </div>
   <div class='ocr_carea' id='block_1_54' title="bbox 226 3351 1937 3427">
    <p class='ocr_par' dir='ltr' id='par_1_54' title="bbox 226 3351 1937 3427">
     <span class='ocr_line' id='line_1_54' title="bbox 226 3351 1937 3427; baseline 0.009 -22"><span class='ocrx_word' id='word_1_475' title='bbox 226 3367 346 3407; x_wconf 83' lang='lat' dir='ltr'>esse</span> <span class='ocrx_word' id='word_1_476' title='bbox 383 3351 536 3407; x_wconf 87' lang='lat' dir='ltr'>banc</span> <span class='ocrx_word' id='word_1_477' title='bbox 574 3353 851 3423; x_wconf 91' lang='lat' dir='ltr'>injuriam</span> <span class='ocrx_word' id='word_1_478' title='bbox 910 3358 1220 3427; x_wconf 89' lang='lat' dir='ltr'>sacerdoti,</span> <span class='ocrx_word' id='word_1_479' title='bbox 1270 3363 1334 3413; x_wconf 90' lang='lat' dir='ltr'>ut</span> <span class='ocrx_word' id='word_1_480' title='bbox 1371 3361 1598 3415; x_wconf 89' lang='lat' dir='ltr'>veritati</span> <span class='ocrx_word' id='word_1_481' title='bbox 1660 3363 1937 3420; x_wconf 62' lang='lat' dir='ltr'>serviens,</span> 
     </span>
    </p>
   </div>
   <div class='ocr_carea' id='block_1_55' title="bbox 229 3441 1938 3523">
    <p class='ocr_par' dir='ltr' id='par_1_55' title="bbox 229 3441 1938 3523">
     <span class='ocr_line' id='line_1_55' title="bbox 229 3441 1938 3523; baseline 0.009 -29"><span class='ocrx_word' id='word_1_482' title='bbox 229 3441 400 3496; x_wconf 80' lang='lat' dir='ltr'>fallax</span> <span class='ocrx_word' id='word_1_483' title='bbox 415 3443 707 3498; x_wconf 87' lang='lat' dir='ltr'>credatur.</span> <span class='ocrx_word' id='word_1_484' title='bbox 733 3443 802 3498; x_wconf 87' lang='lat' dir='ltr'>Et</span> <span class='ocrx_word' id='word_1_485' title='bbox 818 3445 1041 3502; x_wconf 90' lang='lat' dir='ltr'>dudum</span> <span class='ocrx_word' id='word_1_486' title='bbox 1063 3449 1192 3502; x_wconf 88' lang='lat' dir='ltr'>novi</span> <span class='ocrx_word' id='word_1_487' title='bbox 1216 3448 1290 3519; x_wconf 90' lang='lat' dir='ltr'>(a)</span> <span class='ocrx_word' id='word_1_488' title='bbox 1312 3450 1585 3519; x_wconf 88' lang='lat' dir='ltr'>quoniam</span> <span class='ocrx_word' id='word_1_489' title='bbox 1601 3453 1938 3523; x_wconf 86' lang='lat' dir='ltr'>Nordulpho</span> 
     </span>
    </p>
   </div>
   <div class='ocr_carea' id='block_1_56' title="bbox 227 3529 1934 3613">
    <p class='ocr_par' dir='ltr' id='par_1_56' title="bbox 227 3529 1934 3613">
     <span class='ocr_line' id='line_1_56' title="bbox 227 3529 1934 3613; baseline 0.009 -29"><span class='ocrx_word' id='word_1_490' title='bbox 227 3529 358 3600; x_wconf 85' lang='lat' dir='ltr'>plus</span> <span class='ocrx_word' id='word_1_491' title='bbox 388 3539 477 3586; x_wconf 89' lang='lat' dir='ltr'>est</span> <span class='ocrx_word' id='word_1_492' title='bbox 526 3531 809 3588; x_wconf 87' lang='lat' dir='ltr'>creditum</span> <span class='ocrx_word' id='word_1_493' title='bbox 844 3550 1020 3606; x_wconf 90' lang='lat' dir='ltr'>quam</span> <span class='ocrx_word' id='word_1_494' title='bbox 1074 3537 1235 3606; x_wconf 88' lang='lat' dir='ltr'>mihi,</span> <span class='ocrx_word' id='word_1_495' title='bbox 1269 3537 1440 3592; x_wconf 86' lang='lat' dir='ltr'>Leoni</span> <span class='ocrx_word' id='word_1_496' title='bbox 1473 3541 1726 3611; x_wconf 90' lang='lat' dir='ltr'>amplius</span> <span class='ocrx_word' id='word_1_497' title='bbox 1761 3559 1934 3613; x_wconf 90' lang='lat' dir='ltr'>quam</span> 
     </span>
    </p>
   </div>
   <div class='ocr_carea' id='block_1_57' title="bbox 228 3619 1931 3700">
    <p class='ocr_par' dir='ltr' id='par_1_57' title="bbox 228 3619 1931 3700">
     <span class='ocr_line' id='line_1_57' title="bbox 228 3619 1931 3700; baseline 0.009 -29"><span class='ocrx_word' id='word_1_498' title='bbox 228 3619 392 3674; x_wconf 89' lang='lat' dir='ltr'>mihi.</span> <span class='ocrx_word' id='word_1_499' title='bbox 438 3620 508 3674; x_wconf 86' lang='lat' dir='ltr'>Et</span> <span class='ocrx_word' id='word_1_500' title='bbox 537 3637 692 3677; x_wconf 88' lang='lat' dir='ltr'>nunc</span> <span class='ocrx_word' id='word_1_501' title='bbox 749 3624 855 3690; x_wconf 89' lang='lat' dir='ltr'>eis,</span> <span class='ocrx_word' id='word_1_502' title='bbox 904 3624 1004 3694; x_wconf 89' lang='lat' dir='ltr'>qui</span> <span class='ocrx_word' id='word_1_503' title='bbox 1053 3641 1178 3681; x_wconf 86' lang='lat' dir='ltr'>esse</span> <span class='ocrx_word' id='word_1_504' title='bbox 1219 3627 1289 3680; x_wconf 88' lang='lat' dir='ltr'>ad</span> <span class='ocrx_word' id='word_1_505' title='bbox 1333 3628 1592 3683; x_wconf 89' lang='lat' dir='ltr'>medium</span> <span class='ocrx_word' id='word_1_506' title='bbox 1643 3629 1931 3700; x_wconf 84' lang='lat' dir='ltr'>videntur,</span> 
     </span>
    </p>
   </div>
   <div class='ocr_carea' id='block_1_58' title="bbox 226 3708 1928 3791">
    <p class='ocr_par' dir='ltr' id='par_1_58' title="bbox 226 3708 1928 3791">
     <span class='ocr_line' id='line_1_58' title="bbox 226 3708 1928 3791; baseline 0.009 -29"><span class='ocrx_word' id='word_1_507' title='bbox 226 3708 542 3781; x_wconf 85' lang='lat' dir='ltr'>plusquam</span> <span class='ocrx_word' id='word_1_508' title='bbox 577 3715 721 3769; x_wconf 88' lang='lat' dir='ltr'>meis</span> <span class='ocrx_word' id='word_1_509' title='bbox 752 3715 1172 3772; x_wconf 82' lang='lat' dir='ltr'>assertionibus</span> <span class='ocrx_word' id='word_1_510' title='bbox 1203 3718 1519 3775; x_wconf 87' lang='lat' dir='ltr'>credulitas</span> <span class='ocrx_word' id='word_1_511' title='bbox 1547 3719 1928 3791; x_wconf 90' lang='lat' dir='ltr'>impenditur.</span> 
     </span>
    </p>
   </div>
   <div class='ocr_carea' id='block_1_59' title="bbox 222 3799 1932 3882">
    <p class='ocr_par' dir='ltr' id='par_1_59' title="bbox 222 3799 1932 3882">
     <span class='ocr_line' id='line_1_59' title="bbox 222 3799 1932 3882; baseline 0.009 -29"><span class='ocrx_word' id='word_1_512' title='bbox 222 3799 290 3854; x_wconf 83' lang='lat' dir='ltr'>Et</span> <span class='ocrx_word' id='word_1_513' title='bbox 332 3801 571 3871; x_wconf 88' lang='lat' dir='ltr'>quidem</span> <span class='ocrx_word' id='word_1_514' title='bbox 626 3803 674 3857; x_wconf 89' lang='lat' dir='ltr'>si</span> <span class='ocrx_word' id='word_1_515' title='bbox 704 3808 869 3858; x_wconf 68' lang='lat' dir='ltr'>terras</span> <span class='ocrx_word' id='word_1_516' title='bbox 910 3821 1048 3860; x_wconf 67' lang='lat' dir='ltr'>mem</span> <span class='ocrx_word' id='word_1_517' title='bbox 1106 3808 1409 3878; x_wconf 90' lang='lat' dir='ltr'>captivitas</span> <span class='ocrx_word' id='word_1_518' title='bbox 1455 3825 1554 3880; x_wconf 82' lang='lat' dir='ltr'>per</span> <span class='ocrx_word' id='word_1_519' title='bbox 1592 3811 1932 3882; x_wconf 85' lang='lat' dir='ltr'>quotidiana</span> 
     </span>
    </p>
   </div>
   <div class='ocr_carea' id='block_1_60' title="bbox 225 3894 1930 3973">
    <p class='ocr_par' dir='ltr' id='par_1_60' title="bbox 225 3894 1930 3973">
     <span class='ocr_line' id='line_1_60' title="bbox 225 3894 1930 3973; baseline 0.01 -32"><span class='ocrx_word' id='word_1_520' title='bbox 225 3894 527 3942; x_wconf 88' lang='lat' dir='ltr'>momenta</span> <span class='ocrx_word' id='word_1_521' title='bbox 550 3906 661 3945; x_wconf 88' lang='lat' dir='ltr'>non</span> <span class='ocrx_word' id='word_1_522' title='bbox 694 3898 1068 3959; x_wconf 85' lang='lat' dir='ltr'>excresceret,</span> <span class='ocrx_word' id='word_1_523' title='bbox 1101 3897 1171 3950; x_wconf 92' lang='lat' dir='ltr'>de</span> <span class='ocrx_word' id='word_1_524' title='bbox 1203 3896 1572 3968; x_wconf 89' lang='lat' dir='ltr'>despectione</span> <span class='ocrx_word' id='word_1_525' title='bbox 1606 3917 1729 3954; x_wconf 90' lang='lat' dir='ltr'>mea</span> <span class='ocrx_word' id='word_1_526' title='bbox 1756 3907 1930 3973; x_wconf 88' lang='lat' dir='ltr'>atque</span> 
     </span>
    </p>
   </div>
   <div class='ocr_carea' id='block_1_61' title="bbox 223 3976 1930 4047">
    <p class='ocr_par' dir='ltr' id='par_1_61' title="bbox 223 3976 1930 4047">
     <span class='ocr_line' id='line_1_61' title="bbox 223 3976 1930 4047; baseline 0.01 -17"><span class='ocrx_word' id='word_1_527' title='bbox 223 3976 493 4034; x_wconf 84' lang='lat' dir='ltr'>irrisione</span> <span class='ocrx_word' id='word_1_528' title='bbox 531 3979 697 4036; x_wconf 67' lang='lat' dir='ltr'>laetus</span> <span class='ocrx_word' id='word_1_529' title='bbox 751 3989 1019 4038; x_wconf 88' lang='lat' dir='ltr'>tacerem.</span> <span class='ocrx_word' id='word_1_530' title='bbox 1080 3984 1190 4041; x_wconf 89' lang='lat' dir='ltr'>Sed</span> <span class='ocrx_word' id='word_1_531' title='bbox 1242 3987 1351 4042; x_wconf 92' lang='lat' dir='ltr'>hoc</span> <span class='ocrx_word' id='word_1_532' title='bbox 1412 4004 1504 4044; x_wconf 89' lang='lat' dir='ltr'>me</span> <span class='ocrx_word' id='word_1_533' title='bbox 1559 3989 1930 4047; x_wconf 88' lang='lat' dir='ltr'>vehementer</span> 
     </span>
    </p>
   </div>
   <div class='ocr_carea' id='block_1_62' title="bbox 224 4067 1926 4149">
    <p class='ocr_par' dir='ltr' id='par_1_62' title="bbox 224 4067 1926 4149">
     <span class='ocr_line' id='line_1_62' title="bbox 224 4067 1926 4149; baseline 0.011 -29"><span class='ocrx_word' id='word_1_534' title='bbox 224 4067 444 4138; x_wconf 77' lang='lat' dir='ltr'>afﬂigit,</span> <span class='ocrx_word' id='word_1_535' title='bbox 481 4069 613 4139; x_wconf 91' lang='lat' dir='ltr'>quia</span> <span class='ocrx_word' id='word_1_536' title='bbox 645 4072 797 4126; x_wconf 89' lang='lat' dir='ltr'>unde</span> <span class='ocrx_word' id='word_1_537' title='bbox 855 4089 957 4145; x_wconf 88' lang='lat' dir='ltr'>ego</span> <span class='ocrx_word' id='word_1_538' title='bbox 988 4075 1207 4131; x_wconf 90' lang='lat' dir='ltr'>crimen</span> <span class='ocrx_word' id='word_1_539' title='bbox 1259 4077 1525 4134; x_wconf 85' lang='lat' dir='ltr'>falsitatis</span> <span class='ocrx_word' id='word_1_540' title='bbox 1561 4080 1758 4149; x_wconf 90' lang='lat' dir='ltr'>tolero,</span> <span class='ocrx_word' id='word_1_541' title='bbox 1793 4082 1926 4138; x_wconf 89' lang='lat' dir='ltr'>inde</span> 
     </span>
    </p>
   </div>
   <div class='ocr_carea' id='block_1_63' title="bbox 222 4157 1923 4242">
    <p class='ocr_par' dir='ltr' id='par_1_63' title="bbox 222 4157 1923 4242">
     <span class='ocr_line' id='line_1_63' title="bbox 222 4157 1923 4242; baseline 0.011 -32"><span class='ocrx_word' id='word_1_542' title='bbox 222 4157 381 4212; x_wconf 85' lang='lat' dir='ltr'>Italia</span> <span class='ocrx_word' id='word_1_543' title='bbox 412 4159 674 4228; x_wconf 89' lang='lat' dir='ltr'>quotidie</span> <span class='ocrx_word' id='word_1_544' title='bbox 720 4162 950 4218; x_wconf 89' lang='lat' dir='ltr'>ducitur</span> <span class='ocrx_word' id='word_1_545' title='bbox 981 4165 1091 4220; x_wconf 90' lang='lat' dir='ltr'>sub</span> <span class='ocrx_word' id='word_1_546' title='bbox 1126 4166 1634 4237; x_wconf 88' lang='lat' dir='ltr'>Langobardorum</span> <span class='ocrx_word' id='word_1_547' title='bbox 1662 4171 1801 4242; x_wconf 87' lang='lat' dir='ltr'>jugo</span> <span class='ocrx_word' id='word_1_548' title='bbox 1833 4189 1923 4228; x_wconf 88' lang='lat' dir='ltr'>ca-</span> 
     </span>
    </p>
   </div>
   <div class='ocr_carea' id='block_1_64' title="bbox 221 4248 1922 4335">
    <p class='ocr_par' dir='ltr' id='par_1_64' title="bbox 221 4248 1922 4335">
     <span class='ocr_line' id='line_1_64' title="bbox 221 4248 1922 4335; baseline 0.011 -35"><span class='ocrx_word' id='word_1_549' title='bbox 221 4248 406 4318; x_wconf 84' lang='lat' dir='ltr'>ptiva;</span> <span class='ocrx_word' id='word_1_550' title='bbox 434 4250 696 4321; x_wconf 89' lang='lat' dir='ltr'>dumque</span> <span class='ocrx_word' id='word_1_551' title='bbox 721 4252 866 4307; x_wconf 88' lang='lat' dir='ltr'>meis</span> <span class='ocrx_word' id='word_1_552' title='bbox 884 4256 1362 4325; x_wconf 86' lang='lat' dir='ltr'>suggestionibus</span> <span class='ocrx_word' id='word_1_553' title='bbox 1390 4257 1447 4312; x_wconf 89' lang='lat' dir='ltr'>in</span> <span class='ocrx_word' id='word_1_554' title='bbox 1472 4258 1632 4314; x_wconf 89' lang='lat' dir='ltr'>nullo</span> <span class='ocrx_word' id='word_1_555' title='bbox 1646 4262 1922 4335; x_wconf 90' lang='lat' dir='ltr'>creditur,</span> 
     </span>
    </p>
   </div>
   <div class='ocr_carea' id='block_1_65' title="bbox 219 4337 1920 4408">
    <p class='ocr_par' dir='ltr' id='par_1_65' title="bbox 219 4337 1920 4408">
     <span class='ocr_line' id='line_1_65' title="bbox 219 4337 1920 4408; baseline 0.013 -21"><span class='ocrx_word' id='word_1_556' title='bbox 219 4338 364 4392; x_wconf 85' lang='lat' dir='ltr'>vires</span> <span class='ocrx_word' id='word_1_557' title='bbox 428 4337 690 4394; x_wconf 89' lang='lat' dir='ltr'>hostium</span> <span class='ocrx_word' id='word_1_558' title='bbox 747 4340 1082 4398; x_wconf 85' lang='lat' dir='ltr'>immaniter</span> <span class='ocrx_word' id='word_1_559' title='bbox 1143 4351 1502 4403; x_wconf 82' lang='lat' dir='ltr'>excrescunt.</span> <span class='ocrx_word' id='word_1_560' title='bbox 1561 4353 1672 4404; x_wconf 81' lang='lat' dir='ltr'>Hoc</span> <span class='ocrx_word' id='word_1_561' title='bbox 1724 4355 1920 4408; x_wconf 89' lang='lat' dir='ltr'>tamen</span> 
     </span>
    </p>
   </div>
   <div class='ocr_carea' id='block_1_66' title="bbox 2062 2552 3774 2626">
    <p class='ocr_par' dir='ltr' id='par_1_66' title="bbox 2062 2552 3774 2626">
     <span class='ocr_line' id='line_1_66' title="bbox 2062 2552 3774 2626; baseline 0.005 -22"><span class='ocrx_word' id='word_1_562' title='bbox 2062 2565 2168 2620; x_wconf 85' lang='lat' dir='ltr'>ego</span> <span class='ocrx_word' id='word_1_563' title='bbox 2200 2552 2399 2622; x_wconf 87' lang='lat' dir='ltr'>pietati</span> <span class='ocrx_word' id='word_1_564' title='bbox 2434 2554 2804 2610; x_wconf 84' lang='lat' dir='ltr'>dominorum</span> <span class='ocrx_word' id='word_1_565' title='bbox 2853 2571 2967 2610; x_wconf 90' lang='lat' dir='ltr'>non</span> <span class='ocrx_word' id='word_1_566' title='bbox 2999 2570 3101 2626; x_wconf 90' lang='lat' dir='ltr'>pro</span> <span class='ocrx_word' id='word_1_567' title='bbox 3138 2571 3250 2622; x_wconf 89' lang='lat' dir='ltr'>me,</span> <span class='ocrx_word' id='word_1_568' title='bbox 3283 2555 3382 2610; x_wconf 92' lang='lat' dir='ltr'>sed</span> <span class='ocrx_word' id='word_1_569' title='bbox 3417 2571 3519 2626; x_wconf 90' lang='lat' dir='ltr'>pro</span> <span class='ocrx_word' id='word_1_570' title='bbox 3551 2557 3774 2613; x_wconf 86' lang='lat' dir='ltr'>cunctis</span> 
     </span>
    </p>
   </div>
   <div class='ocr_carea' id='block_1_67' title="bbox 2060 2641 3763 2715">
    <p class='ocr_par' dir='ltr' id='par_1_67' title="bbox 2060 2641 3763 2715">
     <span class='ocr_line' id='line_1_67' title="bbox 2060 2641 3763 2715; baseline 0.002 -19"><span class='ocrx_word' id='word_1_571' title='bbox 2060 2641 2461 2698; x_wconf 88' lang='lat' dir='ltr'>sacerdotibus</span> <span class='ocrx_word' id='word_1_572' title='bbox 2483 2659 2749 2715; x_wconf 81' lang='lat' dir='ltr'>suggero.</span> <span class='ocrx_word' id='word_1_573' title='bbox 2780 2643 2896 2714; x_wconf 87' lang='lat' dir='ltr'>Ego</span> <span class='ocrx_word' id='word_1_574' title='bbox 2918 2644 3070 2698; x_wconf 91' lang='lat' dir='ltr'>enim</span> <span class='ocrx_word' id='word_1_575' title='bbox 3105 2648 3372 2715; x_wconf 88' lang='lat' dir='ltr'>peccator</span> <span class='ocrx_word' id='word_1_576' title='bbox 3397 2643 3570 2700; x_wconf 90' lang='lat' dir='ltr'>homo</span> <span class='ocrx_word' id='word_1_577' title='bbox 3591 2661 3722 2700; x_wconf 90' lang='lat' dir='ltr'>sum</span> <span class='ocrx_word' id='word_1_578' title='bbox 3750 2663 3763 2712; x_wconf 87' lang='lat'><strong>;</strong></span> 
     </span>
    </p>
   </div>
   <div class='ocr_carea' id='block_1_68' title="bbox 2059 2730 3764 2807">
    <p class='ocr_par' dir='ltr' id='par_1_68' title="bbox 2059 2730 3764 2807">
     <span class='ocr_line' id='line_1_68' title="bbox 2059 2730 3764 2807; baseline 0.004 -21"><span class='ocrx_word' id='word_1_579' title='bbox 2059 2735 2116 2786; x_wconf 89' lang='lat' dir='ltr'>et</span> <span class='ocrx_word' id='word_1_580' title='bbox 2136 2730 2268 2802; x_wconf 87' lang='lat' dir='ltr'>quia</span> <span class='ocrx_word' id='word_1_581' title='bbox 2283 2748 2375 2786; x_wconf 90' lang='lat' dir='ltr'>om</span> <span class='ocrx_word' id='word_1_582' title='bbox 2387 2732 2669 2804; x_wconf 85' lang='lat' dir='ltr'>nipotenti</span> <span class='ocrx_word' id='word_1_583' title='bbox 2689 2734 2799 2788; x_wconf 91' lang='lat' dir='ltr'>Deo</span> <span class='ocrx_word' id='word_1_584' title='bbox 2822 2734 3180 2790; x_wconf 87' lang='lat' dir='ltr'>incessanter</span> <span class='ocrx_word' id='word_1_585' title='bbox 3195 2733 3764 2807; x_wconf 89' lang='lat' dir='ltr'>quotidiedelinquo,</span> 
     </span>
    </p>
   </div>
   <div class='ocr_carea' id='block_1_69' title="bbox 2056 2820 3768 2893">
    <p class='ocr_par' dir='ltr' id='par_1_69' title="bbox 2056 2820 3768 2893">
     <span class='ocr_line' id='line_1_69' title="bbox 2056 2820 3768 2893; baseline 0.004 -20"><span class='ocrx_word' id='word_1_586' title='bbox 2056 2820 2291 2892; x_wconf 90' lang='lat' dir='ltr'>aliquod</span> <span class='ocrx_word' id='word_1_587' title='bbox 2326 2821 2472 2876; x_wconf 87' lang='lat' dir='ltr'>mihi</span> <span class='ocrx_word' id='word_1_588' title='bbox 2503 2823 2656 2893; x_wconf 88' lang='lat' dir='ltr'>apud</span> <span class='ocrx_word' id='word_1_589' title='bbox 2680 2824 3046 2878; x_wconf 88' lang='lat' dir='ltr'>tremendum</span> <span class='ocrx_word' id='word_1_590' title='bbox 3063 2838 3305 2878; x_wconf 85' lang='lat' dir='ltr'>examen</span> <span class='ocrx_word' id='word_1_591' title='bbox 3328 2822 3487 2878; x_wconf 87' lang='lat' dir='ltr'>illius</span> <span class='ocrx_word' id='word_1_592' title='bbox 3515 2838 3641 2880; x_wconf 87' lang='lat' dir='ltr'>esse</span> <span class='ocrx_word' id='word_1_593' title='bbox 3671 2840 3768 2880; x_wconf 87' lang='lat' dir='ltr'>re-</span> 
     </span>
    </p>
   </div>
   <div class='ocr_carea' id='block_1_70' title="bbox 2055 2910 3764 2984">
    <p class='ocr_par' dir='ltr' id='par_1_70' title="bbox 2055 2910 3764 2984">
     <span class='ocr_line' id='line_1_70' title="bbox 2055 2910 3764 2984; baseline 0.002 -20"><span class='ocrx_word' id='word_1_594' title='bbox 2055 2910 2316 2965; x_wconf 88' lang='lat' dir='ltr'>medium</span> <span class='ocrx_word' id='word_1_595' title='bbox 2351 2911 2636 2982; x_wconf 89' lang='lat' dir='ltr'>suspicor,</span> <span class='ocrx_word' id='word_1_596' title='bbox 2672 2911 2719 2967; x_wconf 90' lang='lat' dir='ltr'>si</span> <span class='ocrx_word' id='word_1_597' title='bbox 2744 2911 3174 2968; x_wconf 88' lang='lat' dir='ltr'>incessautibus</span> <span class='ocrx_word' id='word_1_598' title='bbox 3193 2912 3452 2983; x_wconf 89' lang='lat' dir='ltr'>quotidie</span> <span class='ocrx_word' id='word_1_599' title='bbox 3474 2910 3658 2984; x_wconf 89' lang='lat' dir='ltr'>plagis</span> <span class='ocrx_word' id='word_1_600' title='bbox 3680 2913 3764 2968; x_wconf 84' lang='lat' dir='ltr'>fe-</span> 
     </span>
    </p>
   </div>
   <div class='ocr_carea' id='block_1_71' title="bbox 2055 2998 3763 3073">
    <p class='ocr_par' dir='ltr' id='par_1_71' title="bbox 2055 2998 3763 3073">
     <span class='ocr_line' id='line_1_71' title="bbox 2055 2998 3763 3073; baseline 0.004 -20"><span class='ocrx_word' id='word_1_601' title='bbox 2055 2998 2190 3054; x_wconf 88' lang='lat' dir='ltr'>rior.</span> <span class='ocrx_word' id='word_1_602' title='bbox 2219 3001 2286 3055; x_wconf 89' lang='lat' dir='ltr'>Et</span> <span class='ocrx_word' id='word_1_603' title='bbox 2308 3003 2474 3056; x_wconf 89' lang='lat' dir='ltr'>credo</span> <span class='ocrx_word' id='word_1_604' title='bbox 2495 3001 2634 3072; x_wconf 90' lang='lat' dir='ltr'>quia</span> <span class='ocrx_word' id='word_1_605' title='bbox 2655 3001 2934 3057; x_wconf 91' lang='lat' dir='ltr'>eumdum</span> <span class='ocrx_word' id='word_1_606' title='bbox 2965 3002 3424 3073; x_wconf 89' lang='lat' dir='ltr'>omnipotentem</span> <span class='ocrx_word' id='word_1_607' title='bbox 3447 3001 3763 3059; x_wconf 89' lang='lat' dir='ltr'>Dominum</span> 
     </span>
    </p>
   </div>
   <div class='ocr_carea' id='block_1_72' title="bbox 2054 3091 3761 3163">
    <p class='ocr_par' dir='ltr' id='par_1_72' title="bbox 2054 3091 3761 3163">
     <span class='ocr_line' id='line_1_72' title="bbox 2054 3091 3761 3163; baseline 0.002 -19"><span class='ocrx_word' id='word_1_608' title='bbox 2054 3094 2214 3146; x_wconf 89' lang='lat' dir='ltr'>tanto</span> <span class='ocrx_word' id='word_1_609' title='bbox 2245 3092 2407 3147; x_wconf 88' lang='lat' dir='ltr'>vobis</span> <span class='ocrx_word' id='word_1_610' title='bbox 2438 3091 2691 3162; x_wconf 87' lang='lat' dir='ltr'>amplius</span> <span class='ocrx_word' id='word_1_611' title='bbox 2728 3091 2991 3163; x_wconf 86' lang='lat' dir='ltr'>placatis,</span> <span class='ocrx_word' id='word_1_612' title='bbox 3015 3098 3226 3162; x_wconf 89' lang='lat' dir='ltr'>quanto</span> <span class='ocrx_word' id='word_1_613' title='bbox 3258 3093 3310 3148; x_wconf 92' lang='lat' dir='ltr'>ei</span> <span class='ocrx_word' id='word_1_614' title='bbox 3343 3107 3432 3147; x_wconf 90' lang='lat' dir='ltr'>me</span> <span class='ocrx_word' id='word_1_615' title='bbox 3459 3091 3607 3148; x_wconf 88' lang='lat' dir='ltr'>male</span> <span class='ocrx_word' id='word_1_616' title='bbox 3638 3109 3761 3148; x_wconf 86' lang='lat' dir='ltr'>er-</span> 
     </span>
    </p>
   </div>
   <div class='ocr_carea' id='block_1_73' title="bbox 2051 3179 3760 3254">
    <p class='ocr_par' dir='ltr' id='par_1_73' title="bbox 2051 3179 3760 3254">
     <span class='ocr_line' id='line_1_73' title="bbox 2051 3179 3760 3254; baseline 0.004 -22"><span class='ocrx_word' id='word_1_617' title='bbox 2051 3180 2302 3236; x_wconf 89' lang='lat' dir='ltr'>vientem</span> <span class='ocrx_word' id='word_1_618' title='bbox 2339 3181 2658 3237; x_wconf 88' lang='lat' dir='ltr'>districtius</span> <span class='ocrx_word' id='word_1_619' title='bbox 2680 3179 2961 3252; x_wconf 85' lang='lat' dir='ltr'>afﬂigitis.</span> <span class='ocrx_word' id='word_1_620' title='bbox 2985 3181 3198 3237; x_wconf 81' lang='lat' dir='ltr'>Multas</span> <span class='ocrx_word' id='word_1_621' title='bbox 3228 3180 3527 3252; x_wconf 83' lang='lat' dir='ltr'>euimjum</span> <span class='ocrx_word' id='word_1_622' title='bbox 3556 3181 3760 3254; x_wconf 85' lang='lat' dir='ltr'>plagas</span> 
     </span>
    </p>
   </div>
   <div class='ocr_carea' id='block_1_74' title="bbox 2051 3271 3761 3342">
    <p class='ocr_par' dir='ltr' id='par_1_74' title="bbox 2051 3271 3761 3342">
     <span class='ocr_line' id='line_1_74' title="bbox 2051 3271 3761 3342; baseline 0.002 -18"><span class='ocrx_word' id='word_1_623' title='bbox 2051 3286 2405 3340; x_wconf 88' lang='lat' dir='ltr'>acceperam,</span> <span class='ocrx_word' id='word_1_624' title='bbox 2447 3280 2520 3340; x_wconf 89' lang='lat' dir='ltr'>et,</span> <span class='ocrx_word' id='word_1_625' title='bbox 2563 3271 3106 3342; x_wconf 89' lang='lat' dir='ltr'>supervenientibus</span> <span class='ocrx_word' id='word_1_626' title='bbox 3157 3271 3761 3342; x_wconf 81' lang='lat' dir='ltr'>dominorumjussio-</span> 
     </span>
    </p>
   </div>
   <div class='ocr_carea' id='block_1_75' title="bbox 2052 3361 3757 3434">
    <p class='ocr_par' dir='ltr' id='par_1_75' title="bbox 2052 3361 3757 3434">
     <span class='ocr_line' id='line_1_75' title="bbox 2052 3361 3757 3434; baseline 0.001 -19"><span class='ocrx_word' id='word_1_627' title='bbox 2052 3361 2246 3427; x_wconf 91' lang='lat' dir='ltr'>nibus,</span> <span class='ocrx_word' id='word_1_628' title='bbox 2271 3361 2465 3417; x_wconf 87' lang='lat' dir='ltr'>inveni</span> <span class='ocrx_word' id='word_1_629' title='bbox 2497 3361 2952 3418; x_wconf 83' lang='lat' dir='ltr'>consolationem</span> <span class='ocrx_word' id='word_1_630' title='bbox 2985 3377 3161 3432; x_wconf 82' lang='lat' dir='ltr'>quam</span> <span class='ocrx_word' id='word_1_631' title='bbox 3197 3378 3310 3418; x_wconf 91' lang='lat' dir='ltr'>non</span> <span class='ocrx_word' id='word_1_632' title='bbox 3341 3361 3670 3434; x_wconf 87' lang='lat' dir='ltr'>sperabam.</span> <span class='ocrx_word' id='word_1_633' title='bbox 3695 3362 3757 3418; x_wconf 88' lang='lat' dir='ltr'>Si</span> 
     </span>
    </p>
   </div>
   <div class='ocr_carea' id='block_1_76' title="bbox 2048 3453 3756 3526">
    <p class='ocr_par' dir='ltr' id='par_1_76' title="bbox 2048 3453 3756 3526">
     <span class='ocr_line' id='line_1_76' title="bbox 2048 3453 3756 3526; baseline 0 -17"><span class='ocrx_word' id='word_1_634' title='bbox 2048 3469 2307 3524; x_wconf 88' lang='lat' dir='ltr'>possum,</span> <span class='ocrx_word' id='word_1_635' title='bbox 2340 3455 2446 3510; x_wconf 88' lang='lat' dir='ltr'>has</span> <span class='ocrx_word' id='word_1_636' title='bbox 2486 3454 2750 3510; x_wconf 90' lang='lat' dir='ltr'>celeriter</span> <span class='ocrx_word' id='word_1_637' title='bbox 2795 3455 2997 3526; x_wconf 88' lang='lat' dir='ltr'>plagas</span> <span class='ocrx_word' id='word_1_638' title='bbox 3027 3470 3322 3511; x_wconf 90' lang='lat' dir='ltr'>enumero.</span> <span class='ocrx_word' id='word_1_639' title='bbox 3366 3453 3556 3511; x_wconf 86' lang='lat' dir='ltr'>Primo</span> <span class='ocrx_word' id='word_1_640' title='bbox 3597 3454 3756 3526; x_wconf 93' lang='lat' dir='ltr'>quod</span> 
     </span>
    </p>
   </div>
   <div class='ocr_carea' id='block_1_77' title="bbox 2039 3543 3752 3615">
    <p class='ocr_par' dir='ltr' id='par_1_77' title="bbox 2039 3543 3752 3615">
     <span class='ocr_line' id='line_1_77' title="bbox 2039 3543 3752 3615; baseline 0.002 -17"><span class='ocrx_word' id='word_1_641' title='bbox 2039 3543 2182 3598; x_wconf 89' lang='lat' dir='ltr'>mihi</span> <span class='ocrx_word' id='word_1_642' title='bbox 2234 3561 2343 3614; x_wconf 87' lang='lat' dir='ltr'>pax</span> <span class='ocrx_word' id='word_1_643' title='bbox 2381 3545 2667 3599; x_wconf 88' lang='lat' dir='ltr'>subducta</span> <span class='ocrx_word' id='word_1_644' title='bbox 2703 3549 2811 3610; x_wconf 89' lang='lat' dir='ltr'>est,</span> <span class='ocrx_word' id='word_1_645' title='bbox 2854 3560 3027 3614; x_wconf 90' lang='lat' dir='ltr'>quam</span> <span class='ocrx_word' id='word_1_646' title='bbox 3083 3560 3215 3600; x_wconf 89' lang='lat' dir='ltr'>cum</span> <span class='ocrx_word' id='word_1_647' title='bbox 3264 3544 3661 3615; x_wconf 86' lang='lat' dir='ltr'>Langobardis</span> <span class='ocrx_word' id='word_1_648' title='bbox 3691 3546 3752 3601; x_wconf 89' lang='lat' dir='ltr'>in</span> 
     </span>
    </p>
   </div>
   <div class='ocr_carea' id='block_1_78' title="bbox 2045 3631 3753 3703">
    <p class='ocr_par' dir='ltr' id='par_1_78' title="bbox 2045 3631 3753 3703">
     <span class='ocr_line' id='line_1_78' title="bbox 2045 3631 3753 3703; baseline 0.002 -17"><span class='ocrx_word' id='word_1_649' title='bbox 2045 3631 2258 3687; x_wconf 89' lang='lat' dir='ltr'>Tuscia</span> <span class='ocrx_word' id='word_1_650' title='bbox 2277 3633 2481 3702; x_wconf 90' lang='lat' dir='ltr'>positis</span> <span class='ocrx_word' id='word_1_651' title='bbox 2510 3634 2635 3688; x_wconf 89' lang='lat' dir='ltr'>sine</span> <span class='ocrx_word' id='word_1_652' title='bbox 2661 3632 2777 3687; x_wconf 93' lang='lat' dir='ltr'>ullo</span> <span class='ocrx_word' id='word_1_653' title='bbox 2797 3631 3127 3703; x_wconf 62' lang='lat' dir='ltr'>reipublicae</span> <span class='ocrx_word' id='word_1_654' title='bbox 3153 3633 3458 3702; x_wconf 89' lang='lat' dir='ltr'>dispendio</span> <span class='ocrx_word' id='word_1_655' title='bbox 3483 3633 3753 3690; x_wconf 86' lang='lat' dir='ltr'>feceram.</span> 
     </span>
    </p>
   </div>
   <div class='ocr_carea' id='block_1_79' title="bbox 2043 3720 3756 3794">
    <p class='ocr_par' dir='ltr' id='par_1_79' title="bbox 2043 3720 3756 3794">
     <span class='ocr_line' id='line_1_79' title="bbox 2043 3720 3756 3794; baseline 0.004 -19"><span class='ocrx_word' id='word_1_656' title='bbox 2043 3720 2280 3790; x_wconf 88' lang='lat' dir='ltr'>Deinde,</span> <span class='ocrx_word' id='word_1_657' title='bbox 2321 3728 2596 3794; x_wconf 91' lang='lat' dir='ltr'>corrupta</span> <span class='ocrx_word' id='word_1_658' title='bbox 2655 3739 2812 3794; x_wconf 88' lang='lat' dir='ltr'>pace,</span> <span class='ocrx_word' id='word_1_659' title='bbox 2853 3724 2923 3777; x_wconf 91' lang='lat' dir='ltr'>de</span> <span class='ocrx_word' id='word_1_660' title='bbox 2972 3723 3231 3778; x_wconf 79' lang='lat' dir='ltr'>Romana</span> <span class='ocrx_word' id='word_1_661' title='bbox 3273 3723 3502 3780; x_wconf 88' lang='lat' dir='ltr'>civitate</span> <span class='ocrx_word' id='word_1_662' title='bbox 3538 3724 3756 3781; x_wconf 89' lang='lat' dir='ltr'>milites</span> 
     </span>
    </p>
   </div>
   <div class='ocr_carea' id='block_1_80' title="bbox 2042 3810 3754 3883">
    <p class='ocr_par' dir='ltr' id='par_1_80' title="bbox 2042 3810 3754 3883">
     <span class='ocr_line' id='line_1_80' title="bbox 2042 3810 3754 3883; baseline 0.004 -19"><span class='ocrx_word' id='word_1_663' title='bbox 2042 3810 2218 3865; x_wconf 89' lang='lat' dir='ltr'>ablati</span> <span class='ocrx_word' id='word_1_664' title='bbox 2241 3818 2396 3867; x_wconf 89' lang='lat' dir='ltr'>sunt.</span> <span class='ocrx_word' id='word_1_665' title='bbox 2432 3813 2497 3867; x_wconf 86' lang='lat' dir='ltr'>Et</span> <span class='ocrx_word' id='word_1_666' title='bbox 2519 3811 2755 3883; x_wconf 90' lang='lat' dir='ltr'>quidem</span> <span class='ocrx_word' id='word_1_667' title='bbox 2779 3811 2876 3866; x_wconf 90' lang='lat' dir='ltr'>alii</span> <span class='ocrx_word' id='word_1_668' title='bbox 2898 3812 2971 3866; x_wconf 88' lang='lat' dir='ltr'>ab</span> <span class='ocrx_word' id='word_1_669' title='bbox 2991 3812 3260 3868; x_wconf 90' lang='lat' dir='ltr'>hostibus</span> <span class='ocrx_word' id='word_1_670' title='bbox 3285 3813 3483 3879; x_wconf 90' lang='lat' dir='ltr'>occisi,</span> <span class='ocrx_word' id='word_1_671' title='bbox 3507 3812 3754 3871; x_wconf 88' lang='lat' dir='ltr'>aliivero</span> 
     </span>
    </p>
   </div>
   <div class='ocr_carea' id='block_1_81' title="bbox 2040 3900 3751 3973">
    <p class='ocr_par' dir='ltr' id='par_1_81' title="bbox 2040 3900 3751 3973">
     <span class='ocr_line' id='line_1_81' title="bbox 2040 3900 3751 3973; baseline 0.001 -19"><span class='ocrx_word' id='word_1_672' title='bbox 2040 3900 2274 3958; x_wconf 86' lang='lat' dir='ltr'>Narniis</span> <span class='ocrx_word' id='word_1_673' title='bbox 2305 3911 2356 3958; x_wconf 90' lang='lat' dir='ltr'>et</span> <span class='ocrx_word' id='word_1_674' title='bbox 2389 3903 2625 3958; x_wconf 88' lang='lat' dir='ltr'>Perusio</span> <span class='ocrx_word' id='word_1_675' title='bbox 2659 3902 2832 3973; x_wconf 89' lang='lat' dir='ltr'>positi</span> <span class='ocrx_word' id='word_1_676' title='bbox 2865 3921 2880 3970; x_wconf 86' lang='lat'><strong>;</strong></span> <span class='ocrx_word' id='word_1_677' title='bbox 2913 3909 2967 3957; x_wconf 88' lang='lat' dir='ltr'>et</span> <span class='ocrx_word' id='word_1_678' title='bbox 3008 3907 3072 3956; x_wconf 90' lang='lat' dir='ltr'>ut</span> <span class='ocrx_word' id='word_1_679' title='bbox 3105 3903 3403 3957; x_wconf 88' lang='lat' dir='ltr'>Perusium</span> <span class='ocrx_word' id='word_1_680' title='bbox 3438 3907 3751 3970; x_wconf 90' lang='lat' dir='ltr'>teneretur,</span> 
     </span>
    </p>
   </div>
   <div class='ocr_carea' id='block_1_82' title="bbox 2041 3990 3751 4062">
    <p class='ocr_par' dir='ltr' id='par_1_82' title="bbox 2041 3990 3751 4062">
     <span class='ocr_line' id='line_1_82' title="bbox 2041 3990 3751 4062; baseline 0 -16"><span class='ocrx_word' id='word_1_681' title='bbox 2041 3990 2224 4047; x_wconf 84' lang='lat' dir='ltr'>Roma</span> <span class='ocrx_word' id='word_1_682' title='bbox 2257 3991 2455 4048; x_wconf 90' lang='lat' dir='ltr'>relicta</span> <span class='ocrx_word' id='word_1_683' title='bbox 2486 3997 2594 4048; x_wconf 86' lang='lat' dir='ltr'>est.</span> <span class='ocrx_word' id='word_1_684' title='bbox 2631 3992 2768 4047; x_wconf 90' lang='lat' dir='ltr'>Post</span> <span class='ocrx_word' id='word_1_685' title='bbox 2791 3991 2911 4046; x_wconf 76' lang='lat' dir='ltr'>haec</span> <span class='ocrx_word' id='word_1_686' title='bbox 2944 3990 3114 4062; x_wconf 89' lang='lat' dir='ltr'>plaga</span> <span class='ocrx_word' id='word_1_687' title='bbox 3146 3991 3371 4062; x_wconf 86' lang='lat' dir='ltr'>gravior</span> <span class='ocrx_word' id='word_1_688' title='bbox 3404 3991 3509 4046; x_wconf 88' lang='lat' dir='ltr'>fuit</span> <span class='ocrx_word' id='word_1_689' title='bbox 3539 3992 3751 4046; x_wconf 79' lang='lat' dir='ltr'>adven-</span> 
     </span>
    </p>
   </div>
   <div class='ocr_carea' id='block_1_83' title="bbox 2036 4080 3748 4153">
    <p class='ocr_par' dir='ltr' id='par_1_83' title="bbox 2036 4080 3748 4153">
     <span class='ocr_line' id='line_1_83' title="bbox 2036 4080 3748 4153; baseline 0.001 -18"><span class='ocrx_word' id='word_1_690' title='bbox 2036 4084 2132 4136; x_wconf 91' lang='lat' dir='ltr'>tus</span> <span class='ocrx_word' id='word_1_691' title='bbox 2153 4081 2472 4153; x_wconf 88' lang='lat' dir='ltr'>Agilulphi,</span> <span class='ocrx_word' id='word_1_692' title='bbox 2503 4081 2585 4137; x_wconf 89' lang='lat' dir='ltr'>ita</span> <span class='ocrx_word' id='word_1_693' title='bbox 2618 4088 2683 4137; x_wconf 90' lang='lat' dir='ltr'>ut</span> <span class='ocrx_word' id='word_1_694' title='bbox 2727 4080 2908 4138; x_wconf 89' lang='lat' dir='ltr'>oculis</span> <span class='ocrx_word' id='word_1_695' title='bbox 2942 4080 3084 4136; x_wconf 86' lang='lat' dir='ltr'>meis</span> <span class='ocrx_word' id='word_1_696' title='bbox 3116 4096 3409 4136; x_wconf 89' lang='lat' dir='ltr'>cernerem</span> <span class='ocrx_word' id='word_1_697' title='bbox 3456 4080 3748 4138; x_wconf 80' lang='lat' dir='ltr'>Romanos</span> 
     </span>
    </p>
   </div>
   <div class='ocr_carea' id='block_1_84' title="bbox 2036 4169 3750 4242">
    <p class='ocr_par' dir='ltr' id='par_1_84' title="bbox 2036 4169 3750 4242">
     <span class='ocr_line' id='line_1_84' title="bbox 2036 4169 3750 4242; baseline 0.001 -18"><span class='ocrx_word' id='word_1_698' title='bbox 2036 4185 2192 4226; x_wconf 88' lang='lat' dir='ltr'>more</span> <span class='ocrx_word' id='word_1_699' title='bbox 2222 4186 2431 4226; x_wconf 88' lang='lat' dir='ltr'>canum</span> <span class='ocrx_word' id='word_1_700' title='bbox 2488 4173 2542 4226; x_wconf 90' lang='lat' dir='ltr'>in</span> <span class='ocrx_word' id='word_1_701' title='bbox 2595 4170 2759 4227; x_wconf 90' lang='lat' dir='ltr'>collis</span> <span class='ocrx_word' id='word_1_702' title='bbox 2793 4170 3033 4225; x_wconf 87' lang='lat' dir='ltr'>funibus</span> <span class='ocrx_word' id='word_1_703' title='bbox 3063 4169 3292 4241; x_wconf 87' lang='lat' dir='ltr'>ligatos,</span> <span class='ocrx_word' id='word_1_704' title='bbox 3330 4169 3428 4242; x_wconf 91' lang='lat' dir='ltr'>qui</span> <span class='ocrx_word' id='word_1_705' title='bbox 3471 4171 3542 4225; x_wconf 93' lang='lat' dir='ltr'>ad</span> <span class='ocrx_word' id='word_1_706' title='bbox 3570 4169 3750 4226; x_wconf 84' lang='lat' dir='ltr'>Fran-</span> 
     </span>
    </p>
   </div>
   <div class='ocr_carea' id='block_1_85' title="bbox 2034 4259 3749 4331">
    <p class='ocr_par' dir='ltr' id='par_1_85' title="bbox 2034 4259 3749 4331">
     <span class='ocr_line' id='line_1_85' title="bbox 2034 4259 3749 4331; baseline 0 -15"><span class='ocrx_word' id='word_1_707' title='bbox 2034 4260 2180 4316; x_wconf 85' lang='lat' dir='ltr'>ciam</span> <span class='ocrx_word' id='word_1_708' title='bbox 2214 4261 2575 4317; x_wconf 88' lang='lat' dir='ltr'>ducebantur</span> <span class='ocrx_word' id='word_1_709' title='bbox 2606 4262 2858 4317; x_wconf 89' lang='lat' dir='ltr'>venales.</span> <span class='ocrx_word' id='word_1_710' title='bbox 2880 4260 2949 4314; x_wconf 89' lang='lat' dir='ltr'>Et</span> <span class='ocrx_word' id='word_1_711' title='bbox 2983 4260 3113 4331; x_wconf 91' lang='lat' dir='ltr'>quia</span> <span class='ocrx_word' id='word_1_712' title='bbox 3138 4276 3264 4327; x_wconf 85' lang='lat' dir='ltr'>nos,</span> <span class='ocrx_word' id='word_1_713' title='bbox 3290 4261 3389 4330; x_wconf 90' lang='lat' dir='ltr'>qui</span> <span class='ocrx_word' id='word_1_714' title='bbox 3421 4259 3575 4316; x_wconf 88' lang='lat' dir='ltr'>intra</span> <span class='ocrx_word' id='word_1_715' title='bbox 3604 4261 3749 4316; x_wconf 86' lang='lat' dir='ltr'>civi-</span> 
     </span>
    </p>
   </div>
   <div class='ocr_carea' id='block_1_86' title="bbox 2032 4350 3744 4422">
    <p class='ocr_par' dir='ltr' id='par_1_86' title="bbox 2032 4350 3744 4422">
     <span class='ocr_line' id='line_1_86' title="bbox 2032 4350 3744 4422; baseline 0.001 -18"><span class='ocrx_word' id='word_1_716' title='bbox 2032 4354 2208 4406; x_wconf 89' lang='lat' dir='ltr'>tatem</span> <span class='ocrx_word' id='word_1_717' title='bbox 2245 4351 2482 4416; x_wconf 90' lang='lat' dir='ltr'>fuimus,</span> <span class='ocrx_word' id='word_1_718' title='bbox 2517 4351 2632 4407; x_wconf 93' lang='lat' dir='ltr'>Deo</span> <span class='ocrx_word' id='word_1_719' title='bbox 2658 4355 3010 4422; x_wconf 84' lang='lat' dir='ltr'>protegente,</span> <span class='ocrx_word' id='word_1_720' title='bbox 3047 4365 3253 4404; x_wconf 84' lang='lat' dir='ltr'>manus</span> <span class='ocrx_word' id='word_1_721' title='bbox 3278 4351 3404 4418; x_wconf 87' lang='lat' dir='ltr'>ejus</span> <span class='ocrx_word' id='word_1_722' title='bbox 3433 4350 3744 4420; x_wconf 79' lang='lat' dir='ltr'>evasimus,</span> 
     </span>
    </p>
   </div>
   <div class='ocr_carea' id='block_1_87' title="bbox 222 4423 3746 4512">
    <p class='ocr_par' dir='ltr' id='par_1_87' title="bbox 222 4423 3746 4512">
     <span class='ocr_line' id='line_1_87' title="bbox 222 4423 3746 4512; baseline 0.004 -32"><span class='ocrx_word' id='word_1_723' title='bbox 222 4427 487 4496; x_wconf 86' lang='lat' dir='ltr'>piissimo</span> <span class='ocrx_word' id='word_1_724' title='bbox 519 4429 755 4486; x_wconf 90' lang='lat' dir='ltr'>domino</span> <span class='ocrx_word' id='word_1_725' title='bbox 779 4447 1045 4503; x_wconf 85' lang='lat' dir='ltr'>suggero,</span> <span class='ocrx_word' id='word_1_726' title='bbox 1071 4439 1135 4489; x_wconf 91' lang='lat' dir='ltr'>ut</span> <span class='ocrx_word' id='word_1_727' title='bbox 1155 4436 1224 4491; x_wconf 91' lang='lat' dir='ltr'>de</span> <span class='ocrx_word' id='word_1_728' title='bbox 1248 4453 1339 4492; x_wconf 89' lang='lat' dir='ltr'>me</span> <span class='ocrx_word' id='word_1_729' title='bbox 1372 4438 1526 4493; x_wconf 87' lang='lat' dir='ltr'>mala</span> <span class='ocrx_word' id='word_1_730' title='bbox 1551 4441 1743 4496; x_wconf 88' lang='lat' dir='ltr'>omnia</span> <span class='ocrx_word' id='word_1_731' title='bbox 1762 4458 1919 4512; x_wconf 73' lang='lat' dir='ltr'>quaa-</span> <span class='ocrx_word' id='word_1_732' title='bbox 1954 4423 1998 4487; x_wconf 73' lang='grc' dir='ltr'>ι)</span> <span class='ocrx_word' id='word_1_733' title='bbox 2031 4441 2336 4510; x_wconf 76' lang='lat' dir='ltr'>quaesitum</span> <span class='ocrx_word' id='word_1_734' title='bbox 2362 4446 2448 4496; x_wconf 92' lang='lat' dir='ltr'>est</span> <span class='ocrx_word' id='word_1_735' title='bbox 2481 4442 2630 4496; x_wconf 91' lang='lat' dir='ltr'>unde</span> <span class='ocrx_word' id='word_1_736' title='bbox 2652 4440 2972 4512; x_wconf 89' lang='lat' dir='ltr'>culpabiles</span> <span class='ocrx_word' id='word_1_737' title='bbox 3004 4455 3134 4496; x_wconf 90' lang='lat' dir='ltr'>esse</span> <span class='ocrx_word' id='word_1_738' title='bbox 3163 4439 3516 4507; x_wconf 88' lang='lat' dir='ltr'>videremus,</span> <span class='ocrx_word' id='word_1_739' title='bbox 3549 4439 3746 4495; x_wconf 84' lang='lat' dir='ltr'>videli-</span> 
     </span>
    </p>
   </div>
   <div class='ocr_carea' id='block_1_88' title="bbox 218 4516 1923 4599">
    <p class='ocr_par' dir='ltr' id='par_1_88' title="bbox 218 4516 1923 4599">
     <span class='ocr_line' id='line_1_88' title="bbox 218 4516 1923 4599; baseline 0.012 -29"><span class='ocrx_word' id='word_1_740' title='bbox 218 4516 351 4574; x_wconf 88' lang='lat' dir='ltr'>libet</span> <span class='ocrx_word' id='word_1_741' title='bbox 380 4519 681 4577; x_wconf 88' lang='lat' dir='ltr'>existimet</span> <span class='ocrx_word' id='word_1_742' title='bbox 710 4536 725 4588; x_wconf 89' lang='lat'><strong>;</strong></span> <span class='ocrx_word' id='word_1_743' title='bbox 759 4523 829 4578; x_wconf 92' lang='lat' dir='ltr'>de</span> <span class='ocrx_word' id='word_1_744' title='bbox 861 4524 1109 4582; x_wconf 90' lang='lat' dir='ltr'>utilitate</span> <span class='ocrx_word' id='word_1_745' title='bbox 1141 4543 1271 4583; x_wconf 88' lang='lat' dir='ltr'>vero</span> <span class='ocrx_word' id='word_1_746' title='bbox 1304 4529 1630 4599; x_wconf 74' lang='lat' dir='ltr'>reipublicae</span> <span class='ocrx_word' id='word_1_747' title='bbox 1664 4541 1714 4589; x_wconf 91' lang='lat' dir='ltr'>et</span> <span class='ocrx_word' id='word_1_748' title='bbox 1746 4549 1923 4590; x_wconf 89' lang='lat' dir='ltr'>causa</span> 
     </span>
    </p>
   </div>
   <div class='ocr_carea' id='block_1_89' title="bbox 219 4608 1924 4690">
    <p class='ocr_par' dir='ltr' id='par_1_89' title="bbox 219 4608 1924 4690">
     <span class='ocr_line' id='line_1_89' title="bbox 219 4608 1924 4690; baseline 0.01 -28"><span class='ocrx_word' id='word_1_749' title='bbox 219 4608 530 4678; x_wconf 83' lang='lat' dir='ltr'>ereptionis</span> <span class='ocrx_word' id='word_1_750' title='bbox 572 4609 746 4666; x_wconf 69' lang='lat' dir='ltr'>Italiae</span> <span class='ocrx_word' id='word_1_751' title='bbox 795 4628 910 4667; x_wconf 87' lang='lat' dir='ltr'>non</span> <span class='ocrx_word' id='word_1_752' title='bbox 965 4614 1325 4686; x_wconf 88' lang='lat' dir='ltr'>quibuslibet</span> <span class='ocrx_word' id='word_1_753' title='bbox 1373 4617 1541 4674; x_wconf 89' lang='lat' dir='ltr'>facile</span> <span class='ocrx_word' id='word_1_754' title='bbox 1591 4621 1717 4690; x_wconf 90' lang='lat' dir='ltr'>pias</span> <span class='ocrx_word' id='word_1_755' title='bbox 1756 4639 1924 4679; x_wconf 86' lang='lat' dir='ltr'>aures</span> 
     </span>
    </p>
   </div>
   <div class='ocr_carea' id='block_1_90' title="bbox 216 4699 1922 4777">
    <p class='ocr_par' dir='ltr' id='par_1_90' title="bbox 216 4699 1922 4777">
     <span class='ocr_line' id='line_1_90' title="bbox 216 4699 1922 4777; baseline 0.012 -26"><span class='ocrx_word' id='word_1_756' title='bbox 216 4699 482 4768; x_wconf 67' lang='lat' dir='ltr'>prebeat,</span> <span class='ocrx_word' id='word_1_757' title='bbox 528 4700 628 4756; x_wconf 90' lang='lat' dir='ltr'>sed</span> <span class='ocrx_word' id='word_1_758' title='bbox 662 4700 795 4773; x_wconf 90' lang='lat' dir='ltr'>plus</span> <span class='ocrx_word' id='word_1_759' title='bbox 825 4703 996 4761; x_wconf 87' lang='lat' dir='ltr'>rebus</span> <span class='ocrx_word' id='word_1_760' title='bbox 1026 4721 1202 4777; x_wconf 88' lang='lat' dir='ltr'>quam</span> <span class='ocrx_word' id='word_1_761' title='bbox 1251 4709 1443 4765; x_wconf 89' lang='lat' dir='ltr'>verbis</span> <span class='ocrx_word' id='word_1_762' title='bbox 1482 4710 1696 4768; x_wconf 87' lang='lat' dir='ltr'>credat.</span> <span class='ocrx_word' id='word_1_763' title='bbox 1729 4712 1922 4770; x_wconf 89' lang='lat' dir='ltr'>Sacer-</span> 
     </span>
    </p>
   </div>
   <div class='ocr_carea' id='block_1_91' title="bbox 218 4788 1920 4870">
    <p class='ocr_par' dir='ltr' id='par_1_91' title="bbox 218 4788 1920 4870">
     <span class='ocr_line' id='line_1_91' title="bbox 218 4788 1920 4870; baseline 0.011 -27"><span class='ocrx_word' id='word_1_764' title='bbox 218 4788 448 4845; x_wconf 89' lang='lat' dir='ltr'>dotibus</span> <span class='ocrx_word' id='word_1_765' title='bbox 493 4798 686 4846; x_wconf 89' lang='lat' dir='ltr'>autem</span> <span class='ocrx_word' id='word_1_766' title='bbox 731 4809 848 4849; x_wconf 92' lang='lat' dir='ltr'>non</span> <span class='ocrx_word' id='word_1_767' title='bbox 890 4808 958 4849; x_wconf 89' lang='lat' dir='ltr'>ex</span> <span class='ocrx_word' id='word_1_768' title='bbox 1021 4800 1252 4853; x_wconf 88' lang='lat' dir='ltr'>terrena</span> <span class='ocrx_word' id='word_1_769' title='bbox 1317 4803 1600 4870; x_wconf 90' lang='lat' dir='ltr'>potestate</span> <span class='ocrx_word' id='word_1_770' title='bbox 1649 4803 1920 4862; x_wconf 86' lang='lat' dir='ltr'>dominus</span> 
     </span>
    </p>
   </div>
   <div class='ocr_carea' id='block_1_92' title="bbox 217 4880 1918 4955">
    <p class='ocr_par' dir='ltr' id='par_1_92' title="bbox 217 4880 1918 4955">
     <span class='ocr_line' id='line_1_92' title="bbox 217 4880 1918 4955; baseline 0.011 -21"><span class='ocrx_word' id='word_1_771' title='bbox 217 4886 408 4935; x_wconf 86' lang='lat' dir='ltr'>noster</span> <span class='ocrx_word' id='word_1_772' title='bbox 438 4880 610 4937; x_wconf 89' lang='lat' dir='ltr'>citius</span> <span class='ocrx_word' id='word_1_773' title='bbox 632 4880 987 4955; x_wconf 87' lang='lat' dir='ltr'>indignetur,</span> <span class='ocrx_word' id='word_1_774' title='bbox 1013 4887 1112 4942; x_wconf 89' lang='lat' dir='ltr'>sed</span> <span class='ocrx_word' id='word_1_775' title='bbox 1136 4887 1433 4945; x_wconf 85' lang='lat' dir='ltr'>excellenti</span> <span class='ocrx_word' id='word_1_776' title='bbox 1458 4890 1918 4952; x_wconf 86' lang='lat' dir='ltr'>consideratione</span> 
     </span>
    </p>
   </div>
   <div class='ocr_carea' id='block_1_93' title="bbox 216 4973 1919 5052">
    <p class='ocr_par' dir='ltr' id='par_1_93' title="bbox 216 4973 1919 5052">
     <span class='ocr_line' id='line_1_93' title="bbox 216 4973 1919 5052; baseline 0.011 -29"><span class='ocrx_word' id='word_1_777' title='bbox 216 4975 443 5039; x_wconf 86' lang='lat' dir='ltr'>propter</span> <span class='ocrx_word' id='word_1_778' title='bbox 470 4986 627 5040; x_wconf 89' lang='lat' dir='ltr'>eum,</span> <span class='ocrx_word' id='word_1_779' title='bbox 658 4973 826 5042; x_wconf 86' lang='lat' dir='ltr'>cujus</span> <span class='ocrx_word' id='word_1_780' title='bbox 867 4973 1014 5029; x_wconf 76' lang='lat' dir='ltr'>servi</span> <span class='ocrx_word' id='word_1_781' title='bbox 1043 4981 1204 5044; x_wconf 90' lang='lat' dir='ltr'>unt,</span> <span class='ocrx_word' id='word_1_782' title='bbox 1238 4975 1321 5033; x_wconf 90' lang='lat' dir='ltr'>eis</span> <span class='ocrx_word' id='word_1_783' title='bbox 1352 4978 1429 5034; x_wconf 89' lang='lat' dir='ltr'>ita</span> <span class='ocrx_word' id='word_1_784' title='bbox 1468 4980 1818 5052; x_wconf 89' lang='lat' dir='ltr'>dominetur,</span> <span class='ocrx_word' id='word_1_785' title='bbox 1854 4989 1919 5041; x_wconf 92' lang='lat' dir='ltr'>ut</span> 
     </span>
    </p>
   </div>
   <div class='ocr_carea' id='block_1_94' title="bbox 213 5059 1916 5137">
    <p class='ocr_par' dir='ltr' id='par_1_94' title="bbox 213 5059 1916 5137">
     <span class='ocr_line' id='line_1_94' title="bbox 213 5059 1916 5137; baseline 0.011 -26"><span class='ocrx_word' id='word_1_786' title='bbox 213 5059 378 5114; x_wconf 83' lang='lat' dir='ltr'>etiam</span> <span class='ocrx_word' id='word_1_787' title='bbox 402 5059 660 5115; x_wconf 87' lang='lat' dir='ltr'>debitam</span> <span class='ocrx_word' id='word_1_788' title='bbox 687 5064 1068 5120; x_wconf 86' lang='lat' dir='ltr'>reverentiam</span> <span class='ocrx_word' id='word_1_789' title='bbox 1092 5065 1411 5137; x_wconf 90' lang='lat' dir='ltr'>impendat.</span> <span class='ocrx_word' id='word_1_790' title='bbox 1437 5068 1578 5125; x_wconf 88' lang='lat' dir='ltr'>Nam</span> <span class='ocrx_word' id='word_1_791' title='bbox 1613 5071 1672 5126; x_wconf 90' lang='lat' dir='ltr'>in</span> <span class='ocrx_word' id='word_1_792' title='bbox 1705 5072 1916 5131; x_wconf 90' lang='lat' dir='ltr'>divinis</span> 
     </span>
    </p>
   </div>
   <div class='ocr_carea' id='block_1_95' title="bbox 2033 4531 3740 4604">
    <p class='ocr_par' dir='ltr' id='par_1_95' title="bbox 2033 4531 3740 4604">
     <span class='ocr_line' id='line_1_95' title="bbox 2033 4531 3740 4604; baseline 0 -18"><span class='ocrx_word' id='word_1_793' title='bbox 2033 4537 2121 4588; x_wconf 91' lang='lat' dir='ltr'>cet</span> <span class='ocrx_word' id='word_1_794' title='bbox 2162 4550 2266 4588; x_wconf 91' lang='lat' dir='ltr'>cur</span> <span class='ocrx_word' id='word_1_795' title='bbox 2314 4532 2605 4589; x_wconf 91' lang='lat' dir='ltr'>frumenta</span> <span class='ocrx_word' id='word_1_796' title='bbox 2665 4532 2972 4602; x_wconf 85' lang='lat' dir='ltr'>defuerint,</span> <span class='ocrx_word' id='word_1_797' title='bbox 3024 4549 3148 4604; x_wconf 68' lang='lat' dir='ltr'>quae</span> <span class='ocrx_word' id='word_1_798' title='bbox 3183 4532 3239 4586; x_wconf 93' lang='lat' dir='ltr'>in</span> <span class='ocrx_word' id='word_1_799' title='bbox 3282 4531 3388 4586; x_wconf 86' lang='lat' dir='ltr'>hac</span> <span class='ocrx_word' id='word_1_800' title='bbox 3446 4531 3587 4587; x_wconf 91' lang='lat' dir='ltr'>urbe</span> <span class='ocrx_word' id='word_1_801' title='bbox 3641 4533 3740 4587; x_wconf 91' lang='lat' dir='ltr'>diu</span> 
     </span>
    </p>
   </div>
   <div class='ocr_carea' id='block_1_96' title="bbox 2032 4621 3742 4694">
    <p class='ocr_par' dir='ltr' id='par_1_96' title="bbox 2032 4621 3742 4694">
     <span class='ocr_line' id='line_1_96' title="bbox 2032 4621 3742 4694; baseline 0 -17"><span class='ocrx_word' id='word_1_802' title='bbox 2032 4623 2214 4678; x_wconf 85' lang='lat' dir='ltr'>multa</span> <span class='ocrx_word' id='word_1_803' title='bbox 2244 4624 2458 4679; x_wconf 89' lang='lat' dir='ltr'>servari</span> <span class='ocrx_word' id='word_1_804' title='bbox 2495 4622 2828 4679; x_wconf 86' lang='lat' dir='ltr'>nullatenus</span> <span class='ocrx_word' id='word_1_805' title='bbox 2871 4626 3133 4694; x_wconf 88' lang='lat' dir='ltr'>possunt.</span> <span class='ocrx_word' id='word_1_806' title='bbox 3180 4621 3334 4677; x_wconf 88' lang='lat' dir='ltr'>sicut</span> <span class='ocrx_word' id='word_1_807' title='bbox 3370 4621 3430 4676; x_wconf 93' lang='lat' dir='ltr'>in</span> <span class='ocrx_word' id='word_1_808' title='bbox 3463 4621 3575 4676; x_wconf 88' lang='lat' dir='ltr'>alia</span> <span class='ocrx_word' id='word_1_809' title='bbox 3605 4637 3742 4693; x_wconf 77' lang='lat' dir='ltr'>sug-</span> 
     </span>
    </p>
   </div>
   <div class='ocr_carea' id='block_1_97' title="bbox 2025 4712 3735 4786">
    <p class='ocr_par' dir='ltr' id='par_1_97' title="bbox 2025 4712 3735 4786">
     <span class='ocr_line' id='line_1_97' title="bbox 2025 4712 3735 4786; baseline -0.001 -17"><span class='ocrx_word' id='word_1_810' title='bbox 2025 4713 2284 4786; x_wconf 89' lang='lat' dir='ltr'>gestione</span> <span class='ocrx_word' id='word_1_811' title='bbox 2315 4715 2546 4786; x_wconf 88' lang='lat' dir='ltr'>plenius</span> <span class='ocrx_word' id='word_1_812' title='bbox 2571 4713 2842 4770; x_wconf 88' lang='lat' dir='ltr'>iudicavi.</span> <span class='ocrx_word' id='word_1_813' title='bbox 2869 4717 2936 4768; x_wconf 84' lang='lat' dir='ltr'>Et</span> <span class='ocrx_word' id='word_1_814' title='bbox 2965 4712 3201 4785; x_wconf 89' lang='lat' dir='ltr'>quidem</span> <span class='ocrx_word' id='word_1_815' title='bbox 3226 4712 3296 4768; x_wconf 91' lang='lat' dir='ltr'>de</span> <span class='ocrx_word' id='word_1_816' title='bbox 3318 4712 3659 4782; x_wconf 89' lang='lat' dir='ltr'>memetipso</span> <span class='ocrx_word' id='word_1_817' title='bbox 3679 4712 3735 4767; x_wconf 90' lang='lat' dir='ltr'>in</span> 
     </span>
    </p>
   </div>
   <div class='ocr_carea' id='block_1_98' title="bbox 2026 4800 3735 4876">
    <p class='ocr_par' dir='ltr' id='par_1_98' title="bbox 2026 4800 3735 4876">
     <span class='ocr_line' id='line_1_98' title="bbox 2026 4800 3735 4876; baseline -0.002 -18"><span class='ocrx_word' id='word_1_818' title='bbox 2026 4802 2185 4859; x_wconf 90' lang='lat' dir='ltr'>nullo</span> <span class='ocrx_word' id='word_1_819' title='bbox 2211 4804 2475 4860; x_wconf 88' lang='lat' dir='ltr'>turbatus</span> <span class='ocrx_word' id='word_1_820' title='bbox 2499 4819 2650 4872; x_wconf 89' lang='lat' dir='ltr'>sum,</span> <span class='ocrx_word' id='word_1_821' title='bbox 2675 4803 2814 4876; x_wconf 90' lang='lat' dir='ltr'>quia</span> <span class='ocrx_word' id='word_1_822' title='bbox 2837 4807 2984 4859; x_wconf 89' lang='lat' dir='ltr'>teste</span> <span class='ocrx_word' id='word_1_823' title='bbox 3029 4801 3380 4858; x_wconf 89' lang='lat' dir='ltr'>conscientia</span> <span class='ocrx_word' id='word_1_824' title='bbox 3403 4801 3600 4866; x_wconf 85' lang='lat' dir='ltr'>fateor,</span> <span class='ocrx_word' id='word_1_825' title='bbox 3632 4800 3735 4854; x_wconf 90' lang='lat' dir='ltr'>ad-</span> 
     </span>
    </p>
   </div>
   <div class='ocr_carea' id='block_1_99' title="bbox 2022 4889 3734 4968">
    <p class='ocr_par' dir='ltr' id='par_1_99' title="bbox 2022 4889 3734 4968">
     <span class='ocr_line' id='line_1_99' title="bbox 2022 4889 3734 4968; baseline -0.002 -20"><span class='ocrx_word' id='word_1_826' title='bbox 2022 4909 2182 4950; x_wconf 89' lang='lat' dir='ltr'>versa</span> <span class='ocrx_word' id='word_1_827' title='bbox 2199 4894 2472 4965; x_wconf 68' lang='lat' dir='ltr'>quaelibet</span> <span class='ocrx_word' id='word_1_828' title='bbox 2499 4895 2645 4968; x_wconf 88' lang='lat' dir='ltr'>parti</span> <span class='ocrx_word' id='word_1_829' title='bbox 2675 4899 2911 4967; x_wconf 87' lang='lat' dir='ltr'>paratus</span> <span class='ocrx_word' id='word_1_830' title='bbox 2936 4909 3090 4959; x_wconf 87' lang='lat' dir='ltr'>sum,</span> <span class='ocrx_word' id='word_1_831' title='bbox 3123 4891 3441 4947; x_wconf 89' lang='lat' dir='ltr'>dummodo</span> <span class='ocrx_word' id='word_1_832' title='bbox 3474 4889 3594 4944; x_wconf 76' lang='lat' dir='ltr'>haec</span> <span class='ocrx_word' id='word_1_833' title='bbox 3615 4904 3734 4945; x_wconf 80' lang='lat' dir='ltr'>om-</span> 
     </span>
    </p>
   </div>
   <div class='ocr_carea' id='block_1_100' title="bbox 2022 4978 3730 5042">
    <p class='ocr_par' dir='ltr' id='par_1_100' title="bbox 2022 4978 3730 5042">
     <span class='ocr_line' id='line_1_100' title="bbox 2022 4978 3730 5042; baseline -0.003 -3"><span class='ocrx_word' id='word_1_834' title='bbox 2022 4985 2120 5040; x_wconf 91' lang='lat' dir='ltr'>nia</span> <span class='ocrx_word' id='word_1_835' title='bbox 2149 5001 2283 5041; x_wconf 88' lang='lat' dir='ltr'>cum</span> <span class='ocrx_word' id='word_1_836' title='bbox 2336 4984 2526 5042; x_wconf 90' lang='lat' dir='ltr'>salute</span> <span class='ocrx_word' id='word_1_837' title='bbox 2552 4986 2832 5042; x_wconf 86' lang='lat' dir='ltr'>duntaxat</span> <span class='ocrx_word' id='word_1_838' title='bbox 2881 4985 3092 5040; x_wconf 65' lang='lat' dir='ltr'>anima</span> <span class='ocrx_word' id='word_1_839' title='bbox 3137 4997 3278 5037; x_wconf 69' lang='lat' dir='ltr'>mea:</span> <span class='ocrx_word' id='word_1_840' title='bbox 3316 4978 3578 5036; x_wconf 86' lang='lat' dir='ltr'>evadam.</span> <span class='ocrx_word' id='word_1_841' title='bbox 3623 4981 3730 5035; x_wconf 82' lang='lat' dir='ltr'>Sed</span> 
     </span>
    </p>
   </div>
   <div class='ocr_carea' id='block_1_101' title="bbox 2020 5068 3727 5145">
    <p class='ocr_par' dir='ltr' id='par_1_101' title="bbox 2020 5068 3727 5145">
     <span class='ocr_line' id='line_1_101' title="bbox 2020 5068 3727 5145; baseline -0.001 -17"><span class='ocrx_word' id='word_1_842' title='bbox 2020 5074 2090 5129; x_wconf 89' lang='lat' dir='ltr'>de</span> <span class='ocrx_word' id='word_1_843' title='bbox 2121 5074 2387 5145; x_wconf 85' lang='lat' dir='ltr'>gloriosis</span> <span class='ocrx_word' id='word_1_844' title='bbox 2413 5074 2550 5131; x_wconf 90' lang='lat' dir='ltr'>viris</span> <span class='ocrx_word' id='word_1_845' title='bbox 2580 5074 2877 5145; x_wconf 87' lang='lat' dir='ltr'>Gregorio,</span> <span class='ocrx_word' id='word_1_846' title='bbox 2903 5073 3186 5143; x_wconf 63' lang='lat' dir='ltr'>praefecto,</span> <span class='ocrx_word' id='word_1_847' title='bbox 3219 5077 3272 5125; x_wconf 91' lang='lat' dir='ltr'>et</span> <span class='ocrx_word' id='word_1_848' title='bbox 3303 5068 3582 5135; x_wconf 88' lang='lat' dir='ltr'>Castorio,</span> <span class='ocrx_word' id='word_1_849' title='bbox 3611 5085 3727 5126; x_wconf 83' lang='lat' dir='ltr'>ma-</span> 
     </span>
    </p>
   </div>
   <div class='ocr_carea' id='block_1_102' title="bbox 210 5148 3726 5236">
    <p class='ocr_par' dir='ltr' id='par_1_102' title="bbox 210 5148 3726 5236">
     <span class='ocr_line' id='line_1_102' title="bbox 210 5148 3726 5236; baseline 0.004 -34"><span class='ocrx_word' id='word_1_850' title='bbox 210 5148 450 5219; x_wconf 84' lang='lat' dir='ltr'>eloquiis</span> <span class='ocrx_word' id='word_1_851' title='bbox 499 5149 831 5208; x_wconf 85' lang='lat' dir='ltr'>sacerdotes</span> <span class='ocrx_word' id='word_1_852' title='bbox 878 5152 1188 5226; x_wconf 86' lang='lat' dir='ltr'>aliquando</span> <span class='ocrx_word' id='word_1_853' title='bbox 1219 5158 1318 5223; x_wconf 91' lang='lat' dir='ltr'>dii,</span> <span class='ocrx_word' id='word_1_854' title='bbox 1369 5159 1681 5230; x_wconf 88' lang='lat' dir='ltr'>aliquando</span> <span class='ocrx_word' id='word_1_855' title='bbox 1721 5166 1912 5236; x_wconf 89' lang='lat' dir='ltr'>angeli</span> <span class='ocrx_word' id='word_1_856' title='bbox 2017 5163 2199 5234; x_wconf 89' lang='lat' dir='ltr'>gistro</span> <span class='ocrx_word' id='word_1_857' title='bbox 2233 5163 2511 5232; x_wconf 83' lang='lat' dir='ltr'>militum,</span> <span class='ocrx_word' id='word_1_858' title='bbox 2539 5181 2650 5220; x_wconf 91' lang='lat' dir='ltr'>non</span> <span class='ocrx_word' id='word_1_859' title='bbox 2682 5161 3051 5217; x_wconf 88' lang='lat' dir='ltr'>mediocriter</span> <span class='ocrx_word' id='word_1_860' title='bbox 3072 5174 3202 5213; x_wconf 91' lang='lat' dir='ltr'>sum</span> <span class='ocrx_word' id='word_1_861' title='bbox 3238 5155 3489 5213; x_wconf 84' lang='lat' dir='ltr'>afﬂictus</span> <span class='ocrx_word' id='word_1_862' title='bbox 3515 5173 3528 5213; x_wconf 90' lang='lat'><strong>:</strong></span> <span class='ocrx_word' id='word_1_863' title='bbox 3553 5159 3726 5229; x_wconf 89' lang='lat' dir='ltr'>quiet</span> 
     </span>
    </p>
   </div>
   <div class='ocr_carea' id='block_1_103' title="bbox 209 5239 3726 5326">
    <p class='ocr_par' dir='ltr' id='par_1_103' title="bbox 209 5239 3726 5326">
     <span class='ocr_line' id='line_1_103' title="bbox 209 5239 3726 5326; baseline 0.004 -36"><span class='ocrx_word' id='word_1_864' title='bbox 209 5249 499 5294; x_wconf 82' lang='lat' dir='ltr'>vocantur.</span> <span class='ocrx_word' id='word_1_865' title='bbox 537 5239 603 5295; x_wconf 87' lang='lat' dir='ltr'>Et</span> <span class='ocrx_word' id='word_1_866' title='bbox 647 5258 750 5314; x_wconf 89' lang='lat' dir='ltr'>per</span> <span class='ocrx_word' id='word_1_867' title='bbox 799 5241 1036 5316; x_wconf 82' lang='lat' dir='ltr'>Moysen</span> <span class='ocrx_word' id='word_1_868' title='bbox 1068 5247 1139 5302; x_wconf 91' lang='lat' dir='ltr'>de</span> <span class='ocrx_word' id='word_1_869' title='bbox 1192 5263 1257 5303; x_wconf 93' lang='lat' dir='ltr'>eo</span> <span class='ocrx_word' id='word_1_870' title='bbox 1289 5249 1386 5320; x_wconf 90' lang='lat' dir='ltr'>qui</span> <span class='ocrx_word' id='word_1_871' title='bbox 1418 5249 1909 5320; x_wconf 87' lang='lat' dir='ltr'>adjuramentum</span> <span class='ocrx_word' id='word_1_872' title='bbox 2014 5256 2211 5309; x_wconf 90' lang='lat' dir='ltr'>omnia</span> <span class='ocrx_word' id='word_1_873' title='bbox 2242 5272 2367 5325; x_wconf 72' lang='lat' dir='ltr'>quae</span> <span class='ocrx_word' id='word_1_874' title='bbox 2401 5259 2713 5326; x_wconf 87' lang='lat' dir='ltr'>potuerunt</span> <span class='ocrx_word' id='word_1_875' title='bbox 2743 5251 2884 5318; x_wconf 85' lang='lat' dir='ltr'>ﬁeri,</span> <span class='ocrx_word' id='word_1_876' title='bbox 2921 5250 3079 5305; x_wconf 90' lang='lat' dir='ltr'>nullo</span> <span class='ocrx_word' id='word_1_877' title='bbox 3113 5248 3284 5303; x_wconf 89' lang='lat' dir='ltr'>modo</span> <span class='ocrx_word' id='word_1_878' title='bbox 3327 5248 3510 5304; x_wconf 87' lang='lat' dir='ltr'>facere</span> <span class='ocrx_word' id='word_1_879' title='bbox 3535 5249 3726 5321; x_wconf 88' lang='lat' dir='ltr'>negle-</span> 
     </span>
    </p>
   </div>
   <div class='ocr_carea' id='block_1_104' title="bbox 207 5328 3719 5413">
    <p class='ocr_par' dir='ltr' id='par_1_104' title="bbox 207 5328 3719 5413">
     <span class='ocr_line' id='line_1_104' title="bbox 207 5328 3719 5413; baseline 0.004 -32"><span class='ocrx_word' id='word_1_880' title='bbox 207 5328 575 5385; x_wconf 85' lang='lat' dir='ltr'>deducendus</span> <span class='ocrx_word' id='word_1_881' title='bbox 651 5339 736 5387; x_wconf 90' lang='lat' dir='ltr'>est</span> <span class='ocrx_word' id='word_1_882' title='bbox 792 5333 1006 5390; x_wconf 88' lang='lat' dir='ltr'>dicitur</span> <span class='ocrx_word' id='word_1_883' title='bbox 1076 5352 1090 5391; x_wconf 91' lang='lat'><strong>:</strong></span> <span class='ocrx_word' id='word_1_884' title='bbox 1142 5338 1366 5408; x_wconf 79' lang='lat' dir='ltr'>Applica</span> <span class='ocrx_word' id='word_1_885' title='bbox 1421 5342 1588 5396; x_wconf 81' lang='lat' dir='ltr'>illum</span> <span class='ocrx_word' id='word_1_886' title='bbox 1657 5343 1732 5398; x_wconf 85' lang='lat' dir='ltr'>ad</span> <span class='ocrx_word' id='word_1_887' title='bbox 1781 5345 1910 5400; x_wconf 84' lang='lat' dir='ltr'>deos</span> <span class='ocrx_word' id='word_1_888' title='bbox 2014 5349 2242 5407; x_wconf 88' lang='lat' dir='ltr'>xerunt,</span> <span class='ocrx_word' id='word_1_889' title='bbox 2276 5352 2329 5398; x_wconf 87' lang='lat' dir='ltr'>et</span> <span class='ocrx_word' id='word_1_890' title='bbox 2364 5343 2591 5399; x_wconf 88' lang='lat' dir='ltr'>labores</span> <span class='ocrx_word' id='word_1_891' title='bbox 2616 5341 2945 5413; x_wconf 88' lang='lat' dir='ltr'>vigiliarum</span> <span class='ocrx_word' id='word_1_892' title='bbox 2978 5346 3036 5394; x_wconf 90' lang='lat' dir='ltr'>et</span> <span class='ocrx_word' id='word_1_893' title='bbox 3066 5338 3342 5394; x_wconf 68' lang='lat' dir='ltr'>custodiae</span> <span class='ocrx_word' id='word_1_894' title='bbox 3373 5340 3619 5394; x_wconf 86' lang='lat' dir='ltr'>civitatis</span> <span class='ocrx_word' id='word_1_895' title='bbox 3660 5339 3719 5396; x_wconf 88' lang='lat' dir='ltr'>in</span> 
     </span>
    </p>
   </div>
   <div class='ocr_carea' id='block_1_105' title="bbox 204 5417 3721 5502">
    <p class='ocr_par' dir='ltr' id='par_1_105' title="bbox 204 5417 3721 5502">
     <span class='ocr_line' id='line_1_105' title="bbox 204 5417 3721 5502; baseline 0.003 -30"><span class='ocrx_word' id='word_1_896' title='bbox 204 5417 392 5484; x_wconf 61' lang='lat' dir='ltr'>(Exod.</span> <span class='ocrx_word' id='word_1_897' title='bbox 424 5434 562 5488; x_wconf 79' lang='lat' dir='ltr'>xxii,</span> <span class='ocrx_word' id='word_1_898' title='bbox 602 5421 680 5493; x_wconf 88' lang='lat'>8),</span> <span class='ocrx_word' id='word_1_899' title='bbox 739 5421 1010 5481; x_wconf 88' lang='lat' dir='ltr'>videlicet</span> <span class='ocrx_word' id='word_1_900' title='bbox 1057 5426 1128 5481; x_wconf 91' lang='lat' dir='ltr'>ad</span> <span class='ocrx_word' id='word_1_901' title='bbox 1177 5431 1522 5486; x_wconf 87' lang='lat' dir='ltr'>sacerdotes.</span> <span class='ocrx_word' id='word_1_902' title='bbox 1564 5431 1631 5486; x_wconf 88' lang='lat' dir='ltr'>Et</span> <span class='ocrx_word' id='word_1_903' title='bbox 1670 5449 1903 5490; x_wconf 89' lang='lat' dir='ltr'>rursum</span> <span class='ocrx_word' id='word_1_904' title='bbox 2012 5434 2317 5492; x_wconf 89' lang='lat' dir='ltr'>obsidione</span> <span class='ocrx_word' id='word_1_905' title='bbox 2355 5435 2558 5488; x_wconf 88' lang='lat' dir='ltr'>eadem</span> <span class='ocrx_word' id='word_1_906' title='bbox 2605 5430 3150 5488; x_wconf 82' lang='lat' dir='ltr'>vehementissimus</span> <span class='ocrx_word' id='word_1_907' title='bbox 3212 5428 3576 5502; x_wconf 88' lang='lat' dir='ltr'>pertulerunt</span> <span class='ocrx_word' id='word_1_908' title='bbox 3618 5434 3721 5497; x_wconf 83' lang='lat' dir='ltr'>;et</span> 
     </span>
    </p>
   </div>
   <div class='ocr_carea' id='block_1_106' title="bbox 279 5627 3718 5719">
    <p class='ocr_par' dir='ltr' id='par_1_106' title="bbox 279 5627 3718 5719">
     <span class='ocr_line' id='line_1_106' title="bbox 279 5627 3718 5719; baseline 0.004 -37"><span class='ocrx_word' id='word_1_909' title='bbox 279 5629 360 5702; x_wconf 86' lang='lat' dir='ltr'>(a)</span> <span class='ocrx_word' id='word_1_910' title='bbox 397 5627 459 5683; x_wconf 90' lang='lat' dir='ltr'>lu</span> <span class='ocrx_word' id='word_1_911' title='bbox 483 5629 714 5686; x_wconf 85' lang='lat' dir='ltr'>excusis</span> <span class='ocrx_word' id='word_1_912' title='bbox 745 5633 921 5689; x_wconf 86' lang='lat' dir='ltr'>Codd.</span> <span class='ocrx_word' id='word_1_913' title='bbox 955 5650 1102 5706; x_wconf 90' lang='lat' dir='ltr'>quos</span> <span class='ocrx_word' id='word_1_914' title='bbox 1134 5635 1273 5695; x_wconf 85' lang='lat' dir='ltr'>Mss.</span> <span class='ocrx_word' id='word_1_915' title='bbox 1313 5639 1701 5713; x_wconf 82' lang='lat' dir='ltr'>Bigot.,Utic.,</span> <span class='ocrx_word' id='word_1_916' title='bbox 1735 5653 1850 5701; x_wconf 87' lang='lat' dir='ltr'>tres</span> <span class='ocrx_word' id='word_1_917' title='bbox 1878 5645 2251 5712; x_wconf 86' lang='lat' dir='ltr'>Parisienses,</span> <span class='ocrx_word' id='word_1_918' title='bbox 2285 5649 2423 5714; x_wconf 83' lang='lat' dir='ltr'>etc.,</span> <span class='ocrx_word' id='word_1_919' title='bbox 2450 5645 2830 5719; x_wconf 87' lang='lat' dir='ltr'>redarguunt,</span> <span class='ocrx_word' id='word_1_920' title='bbox 2852 5649 2982 5717; x_wconf 80' lang='lat' dir='ltr'>quia</span> <span class='ocrx_word' id='word_1_921' title='bbox 3011 5645 3293 5718; x_wconf 77' lang='lat' dir='ltr'>Arnulpho</span> <span class='ocrx_word' id='word_1_922' title='bbox 3320 5644 3409 5701; x_wconf 90' lang='lat' dir='ltr'>vel</span> <span class='ocrx_word' id='word_1_923' title='bbox 3444 5642 3718 5715; x_wconf 80' lang='lat' dir='ltr'>Ariulpho</span> 
     </span>
    </p>
   </div>
  </div>
