4088 6172
309 203 422 266 183

857 206 922 267 S.
970 203 1346 270 GREGORII
1393 204 1638 269 MAGNI
1684 203 1899 272 VITA,
1948 201 2170 266 AUCT.
2217 195 2521 263 JOANNE
2565 191 2925 259 DIACONO.
2971 186 3122 254 LIB.
3167 188 3270 251 ιν.

3706 178 3822 244 184

303 350 430 414 post
461 343 580 400 hac
610 345 808 402 omnia
847 346 1008 417 gravi
1039 347 1409 403 dominorum
1442 342 1846 415 indignatione
1878 356 2008 412 per-
2042 343 2093 408 Α
2123 339 2250 394 dem
2283 353 2390 392 vox
2435 330 2788 390 characteris
2831 329 2913 386 ait
2945 343 2960 384 :
2991 326 3099 384 Ubi
3134 325 3223 381 vis
3250 324 3489 381 reddam
3519 320 3619 378 tibi
3650 319 3827 389 mala,

311 435 467 489 cussi
499 440 655 491 sunt.
690 435 770 492 De
803 436 1019 506 quibus
1053 441 1309 506 patenter
1331 434 1586 506 intelligo
1610 433 1748 504 quia
1770 450 1865 488 eos
1899 449 2012 487 non

311 539 417 578 sua
450 530 598 594 acta,
657 527 754 582 sed
790 542 914 580 mea
954 542 1202 597 persona
1240 530 1458 596 gravat,
1512 539 1646 578 cum
1704 539 1836 593 qua,
1884 522 2019 590 quia

315 614 526 684 pariter
545 615 916 670 tribulatione
942 615 1366 694 laboraverant,
1411 618 1544 685 post
1582 612 1837 667 laborem
1874 612 2020 683 pari-

312 703 791 762 tcrtribulantur.
834 705 990 760 184
1028 705 1185 770 Quod
1231 708 1426 759 autem
1477 703 1847 758 dominorum
1897 701 2019 773 pie-

312 796 401 846 tas
430 790 572 846 illud
598 792 742 847 mihi
762 792 1091 864 pavendum
1115 799 1167 847 et
1204 791 1461 848 terribile
1481 790 1898 860 omnipotentis
1925 788 2017 844 Dei

303 879 596 949 judicium
627 880 896 949 intentat,
939 896 1072 950 rogo
1121 897 1223 952 per
1252 880 1520 935 eumdem
1564 879 2018 948 omnipotentem

315 969 651 1039 Dominum,
685 987 757 1026 ne
787 970 893 1025 hoc
926 971 1170 1026 ulterius
1208 971 1376 1026 faciat
1409 987 1421 1024 :
1458 987 1588 1024 nam
1623 969 1812 1024 adhuc
1845 966 2025 1023 nesci-

316 1075 446 1114 mus
478 1059 608 1129 quis
631 1059 915 1131 ibiqualis
943 1062 1021 1115 sit
1047 1077 1063 1128 ;
1086 1065 1143 1116 et
1169 1060 1380 1115 Paulus
1401 1060 1664 1130 egregius
1690 1059 2024 1128 praedicator

311 1147 447 1203 dicit
499 1147 719 1204 :Nolite
738 1147 994 1220 judicare
1032 1158 1162 1205 ante
1203 1155 1433 1220 tempus,
1490 1148 1657 1204 donec
1696 1147 1877 1204 veniat
1920 1146 2020 1200 Do-

312 1241 518 1304 minus,
559 1241 652 1309 qui
691 1242 743 1294 et
778 1238 1122 1294 illuminabit
1170 1238 1424 1294 abscondi
1468 1255 1505 1294 a
1559 1238 1938 1305 tenebrarum,
1975 1245 2026 1290 et

313 1326 698 1396 mimi/enabit
735 1328 966 1383 consilia
1007 1327 1255 1384 cordt'um
1293 1329 1345 1392 (Ι
1383 1328 1502 1383 Cor.
1555 1342 1628 1395 tv,
1675 1327 1750 1394 5).
1792 1325 1908 1379 lioc
1949 1329 2025 1378 ta-

321 1431 453 1472 men
506 1415 754 1472 breviter
792 1418 943 1482 dico,
994 1417 1270 1487 quoniam
1324 1422 1593 1488 peccator
1647 1424 1702 1471 et
1756 1414 2028 1485 indignus

321 1503 454 1576 plus
484 1504 555 1560 de
585 1505 870 1561 venientis
899 1506 1032 1562 Jesu
1067 1505 1466 1561 misericordia
1509 1519 1687 1575 quam
1723 1503 1793 1558 de
1823 1507 2026 1556 vestrae

323 1595 556 1665 pietatis
580 1597 815 1666 justitia
846 1613 1126 1668 prmsumo
1162 1602 1256 1664 ;et
1288 1601 1426 1652 sunt
1473 1594 1657 1652 multa
1687 1611 1812 1667 qua:
1844 1591 1914 1647 de
1937 1592 2028 1662 ju-

321 1683 472 1740 dicio
501 1684 659 1740 illius
711 1685 979 1741 homines
1009 1686 1301 1756 ignorant,
1331 1686 1467 1755 quia
1496 1686 1742 1740 fortasse
1771 1698 1896 1754 quae
1927 1696 2028 1735 vos

319 1772 573 1828 laudatis
609 1773 707 1830 ille
750 1773 1154 1844 reprehendet,
1176 1780 1232 1829 et
1262 1791 1388 1846 quae
1430 1790 1531 1830 vos
1573 1769 2026 1844 reprehenditis,

315 1861 414 1918 ille
444 1862 727 1919 laudabit.
762 1864 837 1934 (lt)
858 1865 1014 1918 Inter
1031 1878 1168 1933 ergo
1189 1863 1384 1919 omnia
1404 1863 1640 1932 incerta,
1671 1859 1747 1916 ad
1766 1859 1921 1916 solas
1943 1860 2025 1914 la-

318 1968 549 2023 crymas
581 1952 773 2020 redeo,
807 1958 1008 2024 petens
1041 1959 1103 2008 ut
1123 1954 1276 2008 idem
1301 1953 1673 2025 omnipotens
1703 1950 1854 2007 Deus
1885 1949 2026 2022 piis-

318 2041 536 2096 simum
568 2041 872 2097 dominum
901 2046 1193 2110 nostrum,
1225 2046 1282 2098 et
1302 2058 1408 2097 sua
1440 2041 1534 2097 hic
1557 2057 1732 2097 manu
1761 2048 1941 2111 regat,
1970 2051 2026 2094 et

318 2131 379 2188 in
407 2129 506 2185 illo
537 2130 779 2187 terribili
826 2131 1050 2202 judicio
1098 2132 1345 2189 liberum
1386 2131 1458 2188 ad
1489 2130 1769 2187 omnibus
1799 2129 2027 2184 delictis

318 2219 574 2274 inveniat
606 2238 620 2286 ;
654 2223 712 2275 et
746 2236 836 2276 me
885 2221 964 2277 ita
993 2221 1237 2292 placere,
1278 2221 1325 2277 si
1357 2235 1596 2277 necesse
1625 2227 1731 2284 est,
1771 2218 2023 2274 homini-

316 2308 428 2364 bus
461 2309 656 2374 faciat,
688 2317 744 2365 ut
775 2313 1049 2367 aeternam
1075 2311 1203 2382 ejus
1230 2310 1478 2383 gratiae.
1506 2327 1622 2366 non
1653 2309 1967 2366 offendam.
1998 2330 2018 2357 ι

318 2397 460 2468 (Lib.
492 2413 546 2467 ν,
585 2414 667 2470 ep.
703 2399 816 2471 40.)

389 2488 477 2543 17.
510 2487 772 2560 Denique
804 2488 1123 2546 Mauricius
1167 2490 1487 2562 imperator
1516 2491 1844 2546 libertatem
1868 2487 2026 2544 vocis

315 2577 460 2634 tanti
486 2578 791 2650 pontiﬁcis,
813 2580 1394 2652 reprehensionisque
1424 2580 1809 2637 constantiam
1837 2577 2022 2634 admi-

316 2671 498 2732 ratus,
550 2667 684 2739 quia
731 2666 802 2724 de
856 2669 1049 2724 futuro
1096 2668 1198 2725 Dei
1244 2669 1464 2740 judicio
1513 2686 1576 2725 se
1613 2672 1924 2733 terruerat,
1957 2666 2025 2721 ad

315 2758 691 2813 exercendam
742 2757 802 2812 in
851 2773 985 2812 eum
1039 2761 1402 2828 tyrannidem
1441 2750 1674 2827 prodire
1712 2758 2024 2823 nitebatur,

315 2863 446 2902 cum
477 2847 741 2918 protinus
757 2847 959 2904 eodem
986 2865 1142 2904 anno
1174 2850 1260 2904 vir
1291 2850 1530 2921 quidam
1563 2847 1916 2905 monachicis
1936 2847 2026 2902 in-

318 2937 502 2992 dutus
532 2936 916 3005 vestimentis,
940 2937 1137 2994 divina
1157 2941 1411 3010 quadam
1433 2939 1645 2994 virtute
1676 2947 2024 3006 commotus,

318 3024 554 3079 dextera
583 3023 851 3096 spatham
882 3026 1055 3097 cepit,
1104 3043 1282 3098 quam
1329 3027 1596 3084 videlicet
1624 3045 1658 3083 a
1687 3028 1808 3083 foro
1841 3041 2028 3097 usque

2057 1729 2104 1794 B

2128 446 2250 502 quae
2287 430 2338 481 in
2375 427 2483 480 hoc
2507 421 2720 480 saeculo
2754 415 3136 492 perpetrasti?
3161 414 3260 470 Ille
3277 413 3578 486 respondit
3611 427 3624 467 :
3659 412 3832 465 Ama-

2128 499 2218 575 tor
2247 517 2576 577 hominum,
2610 510 2873 575 Domine,
2906 513 2962 564 et
2990 506 3175 561 Judex
3199 506 3383 575 juste,
3417 502 3510 557 hic
3547 499 3737 572 potius
3769 513 3838 554 ea

2129 608 2295 675 mihi,
2328 613 2384 661 et
2407 621 2518 659 non
2542 604 2599 657 in
2624 599 2836 656 saeculo
2864 599 3078 662 futuro,
3113 595 3384 651 retribue.
3410 592 3615 646 Statim
3639 587 3840 644 divina

2127 715 2234 754 vox
2258 695 2435 764 jussit
2465 692 2613 747 tradi
2657 687 3004 745 Mauricium
3032 689 3088 741 et
3121 681 3562 739 Constantinam
3598 692 3838 732 uxorem

2128 791 2273 858 ejus,
2301 801 2432 841 cum
2455 782 2589 837 ﬁliis
2605 785 2662 836 et
2685 778 2939 836 ﬁliabus.
2963 775 3240 844 omnique
3261 770 3604 843 cognatione
3627 768 3837 839 ipsius,

2129 857 2330 932 Phocis
2357 871 2547 929 militi.
2573 868 2862 942 Evigilans
2886 881 3019 937 ergo
3053 863 3364 919 Mauricius
3397 859 3558 915 misit
3577 857 3651 928 (d)
3675 872 3842 928 para-

2130 979 2572 1031 cmmomenum,
2605 965 2663 1016 et
2693 958 2916 1014 vocavit
2945 956 3014 1011 ad
3047 971 3109 1009 se
3142 951 3526 1024 Philippicum
3559 949 3634 1019 (e)
3664 961 3841 1019 gene-

2132 1072 2257 1112 rum
2291 1070 2485 1118 suum,
2519 1064 2693 1123 quem
2725 1047 2946 1103 dudum
2967 1043 3298 1114 suspicatus
3323 1042 3510 1096 fuerat
3533 1035 3839 1107 imperium

2133 1146 2239 1201 sibi
2275 1143 2413 1198 velle
2435 1140 2756 1209 subripere.
2789 1139 2856 1191 At
2877 1134 2972 1189 ille
3007 1148 3108 1205 pro
3143 1129 3477 1203 suspicione
3501 1144 3562 1183 se
3585 1127 3843 1198 perden-

2135 1237 2272 1289 dum
2327 1230 2661 1301 eonjiciens,
2710 1227 2995 1282 advocata:
3043 1221 3266 1278 Gordim
3313 1219 3477 1276 uxori
3526 1232 3664 1283 sute,
3716 1219 3846 1270 tan-

2135 1339 2310 1394 quam
2346 1338 2459 1376 non
2509 1334 2571 1374 se
2602 1318 2890 1381 revisurae,
2937 1311 3211 1368 ultimum
3260 1309 3384 1365 vale
3414 1306 3602 1371 dixit;
3642 1320 3864 1360 sacra-.

2137 1393 2450 1482 mentoque
2497 1404 2927 1465 communionis
2959 1406 3217 1472 accepto,
3243 1399 3313 1455 ad
3348 1396 3630 1469 palatium
3661 1393 3844 1463 venit,

2135 1508 2191 1558 et
2221 1498 2554 1557 cubiculum
2589 1493 2956 1566 imperatoris
2987 1491 3137 1549 135
3174 1488 3527 1561 ingrediens,
3569 1485 3641 1540 ad
3669 1484 3849 1554 pedes

2136 1594 2262 1664 eius
2291 1589 2553 1664 procidit.
2586 1588 2688 1644 Cui
2720 1586 3035 1655 imperator
3053 1595 3386 1652 assurgens,
3411 1579 3480 1632 ad
3508 1576 3685 1649 pedes
3719 1574 3849 1645 ejus

2140 1663 2526 1738 nihilominus
2548 1675 2788 1742 corruit,
2814 1674 3012 1730 dicens
3039 1687 3051 1726 :
3076 1670 3330 1740 Ignosce,
3355 1669 3654 1738 deprecor,
3675 1663 3847 1730 mihi,

2135 1771 2275 1842 quia
2305 1785 2459 1825 nunc
2483 1768 2735 1840 profecto
2757 1763 2955 1818 divina
2988 1758 3335 1815 revelatione
3365 1755 3572 1811 doctus
3601 1751 3850 1825 cognovi

2135 1861 2284 1932 quod
2310 1859 2454 1916 nihil
2479 1858 2536 1914 in
2567 1871 2658 1912 me
2686 1855 2837 1910 unde
2860 1851 3218 1922 suspicabar,
3249 1844 3636 1904 commiseris.
3662 1843 3772 1899 Sed
3796 1841 3848 1898 si

2133 1966 2304 2023 quem
2338 1951 2395 2004 in
2428 1944 2762 2018 agminibus
2789 1943 2999 1998 nostris
3031 1937 3333 2012 cognoscis
3364 1935 3464 2009 qui
3498 1935 3723 1991 Phocas
3751 1948 3846 1988 so-

2135 2022 2249 2094 leat
2279 2035 2539 2101 vocitari,
2570 2034 2749 2089 dicito
2775 2030 2934 2086 mihi.
2970 2030 3037 2084 Et
3061 2026 3444 2098 Philippicus,
3476 2023 3574 2079 diu
3598 2022 3747 2094 apud
3783 2035 3849 2076 se

2135 2128 2478 2200 recogitans,
2507 2125 2625 2181 ait:
2657 2122 2847 2179 Unum
2883 2120 3130 2175 Phocam
3169 2131 3480 2188 cognosco,
3527 2112 3627 2185 qui
3660 2127 3849 2183 nuper

2134 2222 2475 2289 procurator
2508 2215 2579 2269 ab
2614 2212 2867 2270 exercitu
2890 2211 3256 2280 nuncupatus
3291 2201 3722 2261 contradicebat
3745 2210 3845 2256 tuo

2133 2307 2402 2378 imperio.
2448 2304 2590 2360 Cum
2625 2318 2756 2357 vero
2789 2297 3105 2355 Mauricius
3148 2295 3218 2350 de
3250 2292 3532 2365 qualitate
3572 2289 3732 2346 illius
3762 2289 3853 2344 in-

2133 2398 2407 2468 quireret,
2443 2393 2803 2464 Philippicus
2832 2389 2914 2443 ait
2946 2403 2959 2442 :
3003 2387 3102 2442 Est
3131 2384 3367 2456 quidem
3396 2379 3648 2451 juvenis,
3681 2385 3736 2436 et
3766 2383 3857 2434 te-

2135 2487 2437 2547 merarius.
2463 2489 2714 2539 attamen
2732 2478 2995 2535 timidus.
3021 2476 3088 2532 Et
3114 2473 3430 2530 Mauricius
3461 2489 3474 2527 :
3504 2471 3565 2527 Si
3588 2469 3857 2539 timidus,

2135 2576 2350 2648 inquit,
2413 2573 2666 2644 profecto
2697 2575 2757 2625 et
2799 2565 3107 2623 homicida.
3153 2563 3422 2634 Dumque
3460 2575 3633 2632 super
3659 2557 3863 2628 hujus-

2141 2667 2296 2723 modi
2327 2662 2627 2728 Nubaret,
2662 2662 2718 2715 in
2751 2658 3073 2713 crastinum
3101 2652 3512 2724 magistrianus
3541 2650 3611 2705 ab
3642 2648 3860 2704 eremi-

2135 2757 2230 2822 tis,
2259 2755 2470 2825 quibus
2521 2746 2892 2821 imperatoris
2945 2759 3146 2817 preces
3203 2744 3549 2814 portaverat,
3602 2737 3860 2802 rediens.

2137 2859 2485 2916 responsum
2536 2838 2735 2896 retulit
2785 2838 2985 2892 dicens
3039 2832 3262 2902 :Deus,
3308 2834 3540 2901 recepta
3569 2825 3855 2900 paeniten-

2137 2937 2218 2993 tia
2240 2945 2357 3004 tua,
2381 2932 2630 2990 salvabit
2652 2931 2910 2986 animam
2942 2935 3123 2992 tuam,
3148 2931 3201 2979 et
3223 2938 3356 2978 cum
3390 2919 3612 2978 sanctis
3650 2927 3701 2974 le
3720 2934 3856 2973 cum

2138 3033 2256 3083 tota
2288 3029 2460 3082 domo
2487 3030 2587 3080 tua
2607 3022 2922 3077 constituet
2956 3037 2971 3086 ;
2995 3016 3068 3074 ab
3099 3014 3345 3086 imperio
3371 3027 3499 3068 vero
3527 3026 3663 3067 cum
3697 3009 3863 3081 igno-

317 3114 388 3169 ad
404 3114 1330 3187 aneamstaluam(b)gladiatoris
1353 3119 1571 3172 nudam
1595 3116 2026 3182 circumferens,
2060 3106 2110 3173 C
2143 3117 2322 3172 minia
2353 3120 2409 3171 et
2447 3112 2787 3170 discrimine
2826 3107 3079 3165 decides.

320 3202 729 3276 imperatorem
794 3202 988 3276 gladio
1059 3206 1286 3261 cunctis
1332 3207 1678 3262 moriturum
1746 3204 2026 3277 praedixit.

323 3294 484 3359 Quod
521 3292 832 3350 Mauricius
881 3297 948 3349 ut
971 3295 1211 3361 audivit,
1243 3313 1276 3352 a
1313 3297 1615 3367 tyrannide
1643 3295 1915 3365 Gregorio
1945 3295 2030 3349 in-

326 3383 563 3440 ferenda
591 3389 780 3440 semet
809 3383 1119 3453 continuit,
1157 3390 1212 3442 et
1254 3387 1538 3456 judicium
1571 3386 1822 3442 divinum
1874 3384 2028 3457 quod

325 3472 377 3528 ei
427 3473 685 3530 minatus
742 3474 930 3530 fuerat
975 3475 1088 3531 cito
1142 3492 1205 3531 se
1254 3477 1582 3532 subiturum
1632 3480 1793 3531 tanto
1845 3474 2031 3546 magis

327 3563 550 3630 timuit,
572 3567 793 3634 quanto
814 3563 1150 3636 Gregorium
1174 3564 1424 3621 credidit
1445 3583 1557 3622 non
1588 3581 1756 3636 posse
1777 3563 2030 3621 mentiri.

402 3652 487 3708 18.
522 3653 650 3708 Mox
685 3653 882 3725 itaque
913 3653 1129 3726 scripto
1161 3671 1360 3726 preces
1403 3655 1760 3727 compositas
1799 3661 1915 3710 tam
1949 3654 2033 3708 ei-

329 3742 459 3800 dem
480 3758 657 3815 quam
673 3743 900 3799 cunctis
922 3744 1288 3815 patriarchis,
1333 3745 1621 3817 episcopis
1651 3750 1709 3800 et
1736 3745 2036 3801 monachis

330 3831 630 3887 civitatum
662 3831 784 3889 sive
814 3832 1222 3901 solitudinum,
1260 3835 1538 3906 pecunias
1572 3834 1810 3901 multas,
1843 3850 2038 3890 cereos

329 3925 388 3978 et
417 3920 798 3992 thymiamata
824 3921 1154 3990 destinavit,
1190 3925 1297 3980 hoc
1330 3924 1696 3996 potissimum
1729 3926 2041 3996 deprecans

333 4014 398 4067 ut
429 4010 670 4067 Domino
696 4010 1118 4084 supplicarent,
1142 4021 1432 4085 quatenus
1461 4014 1521 4070 in
1554 4013 1662 4070 hoc
1691 4014 1901 4069 seculo
1925 4030 2042 4070 me-

331 4099 444 4156 rita
473 4115 716 4156 suorum
750 4099 1032 4160 malorum
1064 4103 1361 4174 reciperet,
1397 4106 1628 4158 tantum
1662 4106 1726 4157 ut
1764 4119 1796 4157 ιι
1832 4102 2042 4157 futuris

332 4187 695 4245 cruciatibus
746 4189 955 4245 redimi
1006 4194 1333 4248 meruisset.
1375 4195 1637 4260 Cumque
1681 4189 1788 4245 hoc
1819 4196 1875 4246 et
1923 4193 2044 4258 ipse

331 4277 734 4333 vehementius
766 4293 865 4348 per
895 4279 1081 4334 multa
1102 4286 1362 4351 tempora
1383 4297 1512 4335 cum
1532 4278 1807 4351 lacrymis
1844 4284 2044 4350 postu-

334 4363 502 4434 laret,
551 4366 806 4437 quadam
859 4379 1021 4423 nocte
1079 4370 1395 4437 dormiens,
1444 4367 1600 4424 videt
1633 4369 1786 4440 apud
1827 4384 2044 4424 aeneam

338 4451 538 4524 palatii
570 4462 790 4524 portam
833 4473 894 4511 se
923 4473 1117 4512 coram
1161 4457 1341 4514 multo
1375 4458 1588 4530 populo
1628 4472 1800 4513 aeneas
1840 4462 2046 4512 statum

337 4539 656 4598 Salvatoris
679 4543 973 4600 assistere.
1024 4545 1187 4600 Tune
1219 4562 1327 4602 vox
1357 4546 1634 4602 terribilis
1667 4547 1818 4601 facta
1860 4552 1946 4603 est
1977 4562 2046 4602 ex

338 4629 465 4700 ipso
496 4627 780 4686 incarnati
817 4630 980 4688 Verbi
1011 4632 1362 4701 charactere,
1397 4635 1630 4692 dicens:
1663 4636 1802 4693 Date
1835 4637 2048 4693 Mauri-

339 4719 520 4776 cium.
555 4719 623 4775 Et
651 4720 946 4789 capientes
976 4738 1108 4778 eum
1136 4724 1495 4795 judiciorum
1529 4727 1804 4794 ministri,
1835 4743 2044 4799 posue-

341 4812 480 4867 runt
498 4808 668 4880 juxta
695 4810 768 4882 (ο)
807 4810 968 4884 pueri
1003 4812 1342 4870 umbilicum
1377 4815 1474 4887 qui
1505 4814 1624 4872 illic
1653 4822 1796 4872 erat.
1829 4817 1934 4872 Cui
1964 4833 2050 4874 ea-

416 5029 497 5110 (αὶ
526 5028 733 5111 Ex‘cusi
754 5045 901 5111 cum
932 5031 1117 5111 tribus
1165 5036 1302 5086 Mss.
1341 5031 1544 5097 Paris.,
1597 5035 1900 5089 intermitto
1925 5048 2049 5102 ergo

347 5101 551 5176 omnia:
585 5101 724 5176 Aliis
754 5101 893 5176 Mss.
917 5102 1302 5159 adheremus.

418 5169 586 5245 (11)]n
631 5171 830 5245 ﬂegio,
865 5179 1121 5230 secunda
1154 5192 1330 5230 manu
1364 5175 1840 5245 superscribitur,
1878 5192 2050 5235 more.

422 5243 488 5307 (ε)
523 5241 765 5316 l_ta__Mss.
800 5245 936 5316 Reg.
967 5248 1294 5303 etecclesize
1328 5248 1395 5302 Β.
1433 5241 1621 5302 Mariae
1663 5241 1843 5304 Paris.
1875 5249 2048 5316 Editi,

350 5311 760 5400 curri‘qolbiset
791 5311 1285 5400 n95nulli_s__aliis,
1320 5337 1680 5390 purpureum.

423 5379 502 5450 ((ί)
535 5383 620 5436 Ita
648 5383 1047 5463 legendumex
1061 5379 1439 5460 Theophane,
1463 5392 1676 5457 Graece,
1698 5389 2054 5463 παραχειμώ-

354 5469 509 5539 μειξον
533 5451 916 5539 αεειιὸξςονετη.
941 5458 1068 5539 Haec
1100 5478 1208 5539 vox
1226 5451 1507 5536 corrupta
1528 5472 1615 5520 est
1645 5451 1898 5520 etiamin
1922 5451 2055 5532 Ms.,

353 5525 452 5598 sed
476 5525 808 5598 praesertim
843 5529 900 5582 in
934 5533 1202 5598 vulgatis.

354 5667 379 5723 ἰ
425 5596 492 5667 (e)
510 5595 629 5652 lme
649 5602 773 5654 erat
794 5603 1013 5657 sororis
1035 5595 1299 5660 Mauricii
1330 5607 1600 5665 maritus.
1619 5607 1734 5664 Cur
1753 5611 2056 5683 suspectus

376 5673 503 5726 oret
531 5683 766 5728 causam
793 5669 959 5729 affert
1000 5672 1402 5747 Theophanes,
1434 5681 1590 5750 quod
1621 5681 1750 5749 ejus
1781 5695 1992 5738 nomen
2023 5695 2060 5736 ι

2209 3207 2293 3262 19.
2345 3205 2568 3271 Quibus
2618 3200 2859 3267 auditis,
2911 3195 3228 3253 Mauricius
3259 3193 3442 3250 Deum
3494 3190 3857 3264 gloriﬁcans.

2136 3296 2536 3369 pmnitentiam
2575 3291 2762 3348 tenuit
2790 3307 2803 3358 ;
2837 3288 2933 3344 sed
2966 3305 3001 3342 a
3031 3283 3367 3357 cupiditatis
3399 3281 3641 3339 avaritia
3673 3295 3862 3351 usque

2139 3389 2283 3444 adeo
2315 3402 2432 3440 non
2467 3381 2729 3448 recessit,
2756 3380 2825 3450 (n
2859 3383 2920 3434 ut
2944 3376 3231 3432 exercitus
3254 3373 3313 3429 in
3347 3371 3692 3445 periculosis
3715 3369 3864 3425 locis

2139 3477 2435 3550 hyemare,
2457 3478 2516 3528 et
2544 3471 2793 3526 transito
2825 3466 3087 3524 Danubio
3128 3465 3345 3520 victum
3377 3460 3491 3518 sibi
3523 3459 3594 3517 de
3623 3458 3856 3516 Sclavo-

2141 3546 2272 3621 rum
2306 3563 2544 3636 regione
2573 3555 3017 3632 periclitabundi
3052 3568 3330 3626 quaerere,
3354 3567 3428 3608 ne
3465 3548 3734 3605 videlicet
3756 3546 3867 3603 ali-

2141 3660 2340 3711 menta
2375 3651 2607 3725 publica
2635 3646 3080 3711 menducarent,
3119 3644 3285 3698 Petro
3318 3639 3546 3714 praetori
3579 3636 3861 3694 feralibus

2143 3743 2353 3800 litteris
2393 3740 2744 3797 immineret.
2791 3737 2897 3802 Qui
2936 3735 3015 3806 (g)
3064 3731 3372 3788 taxiarchis
3425 3727 3671 3797 vocatis,
3720 3727 3805 3781 ait
3847 3741 3864 3782 :

2148 3855 2176 3883 «ι
2205 3831 2389 3887 Nimis
2442 3829 2583 3886 mihi
2609 3828 2879 3883 videntur
2915 3823 3110 3896 gravia
3151 3817 3520 3890 imperatoris
3550 3818 3865 3887 precepts,

2149 3923 2437 3978 Romanos
2468 3922 2526 3975 in
2561 3917 2750 3974 aliena
2788 3920 2936 3970 terra
2965 3912 3238 3984 hyemare
3263 3908 3548 3979 jubentia.
3581 3905 3725 3962 Nam
3769 3903 3868 3960 illi

2147 4028 2263 4069 non
2283 4009 2517 4067 obedire
2538 4021 2753 4064 saevum
2770 4009 2876 4071 est,
2896 4006 2952 4057 et
2975 4016 3176 4057 rursus
3189 3996 3421 4054 obedire
3442 3994 3864 4052 saevissimum.

2151 4100 2386 4158 Nullum
2436 4099 2653 4154 bonum
2707 4093 2856 4165 parit
2903 4089 3158 4154 avaritia,
3213 4087 3310 4158 qui
3359 4091 3543 4142 mater
3589 4081 3862 4139 omnium

2151 4192 2437 4248 malorum
2471 4185 2762 4252 consistit,
2806 4198 2922 4254 qua
2956 4180 3280 4249 imperator
3311 4176 3615 4246 languens,
3649 4172 3864 4227 horum

2152 4280 2541 4338 maximorum
2595 4273 2883 4330 malorum
2941 4285 3115 4326 causa
3174 4265 3456 4322 Romanis
3507 4261 3772 4318 efﬁcitur.
3832 4279 3864 4313 ο

2151 4370 2450 4426 Exercitus
2481 4368 2692 4437 itaque,
2729 4363 2834 4417 hoc
2868 4376 2968 4433 per
2997 4356 3322 4414 taxiarchas
3354 4353 3576 4412 audito,
3612 4350 3683 4405 ad
3715 4349 3871 4404 sedi-

2153 4461 2371 4516 tionem
2443 4454 2818 4520 convertitur,
2877 4449 3313 4517 exaltatumque
3372 4457 3550 4514 super
3593 4439 3868 4510 clypeum

2153 4553 2405 4607 Phoeam
2440 4563 2540 4620 per
2567 4543 2987 4608 centurionem,
3020 4536 3332 4594 exarchum
3371 4531 3870 4598 acclamaverunt,

2159 4618 2470 4711 fugatoque
2520 4640 2784 4708 przetore,
2832 4628 3158 4687 Theodosio
3218 4618 3872 4711 illio_imperatorisnet

2158 4701 2445 4783 Germano
2493 4701 2692 4778 socero
2714 4720 2862 4789 ejus,
2896 4715 3159 4786 dirigunt
3207 4714 3272 4766 ut
3323 4708 3472 4766 alter
3509 4719 3710 4764 eorum
3751 4701 3870 4760 sibi

2159 4817 2447 4888 imperare
2494 4812 2763 4869 studeret.
2824 4806 2911 4863 Illi
2959 4803 3118 4861 nullo
3184 4800 3358 4857 modo
3416 4797 3876 4864 consenserunt,

2157 5035 2349 5092 littera
2381 5031 2440 5088 P.
2473 5029 2774 5092 inciperet.
2807 5023 3115 5093 Acceperat
3155 5017 3311 5093 enim
3363 5016 3691 5093 Imperator
3717 5009 3880 5093 hanc

2160 5081 2406 5177 primam
2428 5081 2848 5158 vesserlritteram
2883 5081 3137 5151 nominis
3169 5089 3326 5144 illius
3367 5106 3401 5142 ιι
3430 5081 3545 5156 quo
3576 5087 3700 5138 erat
3725 5081 3885 5137 occi-

2163 5178 2607 5318 deﬁg‘iitribus
2640 5240 2925 5318 Paris._et_
2944 5237 3000 5291 in
3025 5233 3301 5318 vulgatis,
3328 5235 3384 5318 ut
3415 5226 3772 5318 exercitusin
3790 5241 3888 5295 pe-

2163 5299 2416 5373 riculosis
2446 5317 2731 5387 hyemaret
2775 5310 2871 5387 (al.
2891 5299 3274 5387 hyemafent)
3295 5375 3307 5387 ‘
3329 5309 3382 5358 et
3414 5301 3651 5387 transito
3691 5299 3887 5387 Dams-

2166 5371 2368 5446 bt'c..
2400 5371 2835 5459 periclitabundi
2866 5371 3004 5459 A(al'._
3029 5371 3514 5459 periclitabunda)
3545 5377 3887 5459 quaererent,

2163 5443 2817 5518 ne.....71'nanducarent.
2853 5443 3170 5520 Quod-cum
3221 5448 3499 5502 Petro.....
3548 5443 3889 5520 immineret

2165 5514 2617 5590 iiievi‘axiarchis.
2651 5514 2963 5598 Sequimur
3002 5527 3240 5598 casteros
3274 5535 3418 5574 mss.
3461 5514 3630 5573 codd.

2236 5606 2310 5679 (g)
2343 5604 2458 5661 Hoc
2488 5606 2596 5674 est,
2621 5593 2890 5657 ordinum
2926 5593 3238 5650 Prwfectis.
