4088 6172
224 227 314 284 ὶὸὃ

735 215 798 275 S.
846 207 1212 275 GHEGORII
1260 211 1506 275 MAGNI
1556 213 1761 288 VITA,
1811 212 2038 277 AUCT.
2087 213 2385 276 JOANNE
2433 209 2791 274 DIACONO.
2843 207 2993 268 LIB.
3043 203 3146 267 IV.

3590 199 3702 262 I86

232 361 328 417 imo
371 359 472 414 hoc
517 354 788 412 Mauricio
836 352 1184 410 retulerunt.
1244 354 1318 410 At
1372 353 1470 410 ille
1530 354 1885 410 Germanum
1917 358 1972 423 Α
2001 372 2126 426 qua
2158 372 2273 410 non
2306 360 2444 410 sunt
2474 355 2545 409 ab
2571 354 2653 409 eis
2683 351 2991 407 fraudibus
3015 343 3705 418 acquisita.Reformetur

228 451 434 522 perdere
463 445 653 514 voluit,
685 443 786 515 qui
819 443 1093 516 quoniam
1122 444 1182 499 in
1217 443 1530 500 Ecclesiam
1556 444 1885 515 fugerat,fi-

226 541 344 594 lium
367 542 629 607 tanquam
655 535 1003 604 proditorem
1022 533 1112 589 sui
1135 533 1364 589 consilii
1385 533 1713 606 ﬂageltavit,
1739 533 1887 588 mul-

225 636 403 699 tosque
450 627 517 680 ad
567 624 716 678 hunc
765 622 837 678 ab
887 624 1091 678 eadem
1159 623 1406 679 ecclesia
1462 624 1884 679 extrahendum

224 715 613 781 transmittens,
638 728 941 783 nunquam
963 712 1318 784 permittitur
1345 730 1359 781 ;
1395 714 1510 769 imo
1535 714 1731 769 multis
1753 730 1888 769 cou-

223 809 356 863 viciis
382 824 411 861 a
433 804 640 878 populo
660 803 967 871 laceratus,
988 803 1359 860 Marcionista
1381 804 1681 860 hareticus
1697 803 1889 875 appel-

222 907 369 962 latur.
417 904 479 958 Et
525 908 815 958 commoto
872 902 1025 957 intra
1097 902 1665 974 Constantinopolim
1724 901 1884 972 gravi

222 994 466 1060 tumultu,
501 990 832 1061 Mauricius,
865 991 1241 1047 dissimulato
1273 991 1500 1062 habitu,
1535 1007 1669 1046 cum
1710 1006 1886 1047 uxore

219 1089 264 1139 et
297 1083 413 1138 filiis
443 1092 614 1138 noctu
642 1083 722 1151 (τι)
754 1082 1094 1137 dromonem
1127 1082 1502 1150 conscendit;
1536 1087 1592 1137 et
1633 1082 1885 1153 fugiens,

217 1173 276 1242 ib)
296 1172 435 1242 apud
467 1175 742 1226 sanctum
777 1175 1169 1226 Antonomum
1190 1171 1368 1226 venit.
1399 1175 1470 1226 At
1500 1187 1633 1227 vero
1664 1171 1886 1226 Phocas

216 1278 321 1317 cum
349 1261 592 1317 exercitu
623 1263 696 1331 (cr)
719 1261 776 1316 in
799 1260 1116 1330 septimum
1139 1263 1399 1328 veniens,
1427 1265 1747 1334 imperator
1767 1261 1888 1316 effi-

216 1361 374 1417 citur:
406 1377 436 1414 a
469 1375 586 1431 quo
620 1358 940 1415 Mauricius
988 1374 1122 1414 cum
1171 1375 1366 1427 uxore,
1402 1360 1536 1414 filiis
1566 1365 1622 1414 et
1654 1360 1886 1414 filiabus

215 1465 361 1518 penes
382 1447 1081 1519 Chalcedoniamjussus,
1114 1449 1607 1522 quemadmodum
1650 1449 1760 1505 sibi
1785 1448 1886 1504 de-

217 1539 512 1596 nuntiatum
549 1540 760 1608 fuerat,
788 1538 1130 1595 decollatur.
1157 1540 1224 1594 Et
1248 1540 1386 1611 quia
1407 1541 1591 1596 oratio
1623 1541 1887 1611 Gregorii

215 1629 482 1701 quaillum
508 1628 760 1700 petierat
789 1629 847 1684 in
882 1629 1128 1684 terribili
1161 1629 1261 1685 Dei
1286 1631 1511 1700 judicio
1545 1630 1790 1685 liberum
1816 1629 1885 1684 ab

1991 447 2112 515 jam
2146 443 2398 516 singulis
2432 446 2543 499 sub
2569 446 2713 514 jugo
2768 442 2843 512 pii
2893 437 3121 509 imperii
3155 435 3392 490 libertas
3427 450 3549 488 sua.
3588 432 3704 487 Hoc

1995 551 2249 606 namque
2283 536 2431 589 inter
2463 550 2627 604 reges
2658 532 2922 602 gentium
2947 535 3003 583 et
3035 525 3362 594 reipublica
3397 524 3704 591 imperato-

1995 641 2088 680 res
2112 626 2306 692 distat,
2332 624 2481 694 quod
2506 639 2667 694 reges
2691 620 2949 690 gentium
2976 615 3199 672 domini
3224 629 3514 669 servorum
3544 617 3700 670 sunt.

1998 717 2378 783 Imperatores
2430 729 2561 768 vero
2611 710 2957 781 Reipublicae
3019 704 3248 762 Domini
3298 705 3635 758 liberorum.
3676 719 3704 748 ››

1995 804 2135 872 (Lib.
2171 821 2294 870 xm,
2323 820 2403 873 ep.
2443 802 2556 871 3t.)

2066 895 2155 948 2f.
2184 894 2445 964 Cumque
2495 893 2718 948 Phocas
2761 888 3026 945 mandari
3075 887 3188 942 sibi
3243 886 3522 940 Romana
3551 883 3705 937 sedis

1995 984 2304 1039 diaconum
2338 999 2473 1040 cum
2497 997 2705 1052 magna
2739 978 3088 1034 humilitatis
3113 975 3428 1032 reverentia
3450 971 3706 1044 postula-

1997 1079 2106 1140 ret,
2139 1073 2444 1146 Gregorius
2477 1074 2555 1128 ita
2578 1071 2896 1140 rescripsit:
2933 1093 2958 1119 ‹‹
2994 1067 3375 1125 Considerare
3401 1080 3533 1119 cum
3569 1080 3707 1134 gau-

1997 1163 2109 1220 diis
2139 1173 2192 1218 et
2245 1164 2471 1235 magnis
2518 1161 2845 1218 actionibus
2892 1159 3208 1231 gratiarum
3261 1155 3421 1220 libet,
3455 1159 3706 1225 quantas

1995 1253 2371 1324 omnipotenti
2405 1253 2518 1307 Deo
2550 1251 2750 1306 laudes
2800 1248 3103 1314 debemus,
3146 1247 3295 1316 quod
3349 1248 3570 1299 remoto
3599 1242 3706 1296 tri-

1995 1344 2167 1400 stitia
2195 1346 2359 1414 jugo,
2395 1343 2465 1396 ad
2499 1341 2787 1397 libertatis
2814 1346 3074 1408 tempora
3092 1339 3202 1391 sub
3231 1333 3518 1402 imperiali
3546 1333 3705 1388 beni-

1996 1433 2234 1506 gnitatis
2268 1438 2470 1487 vestra
2521 1432 2732 1501 pietate
2784 1429 3174 1500 pervenimus.
3208 1430 3350 1480 Nam
3390 1425 3542 1494 quod
3576 1438 3703 1494 per-

1996 1539 2232 1580 manere
2281 1524 2340 1578 in
2389 1521 2602 1594 palatio
2645 1522 2816 1591 juxta
2863 1519 3168 1588 antiquam
3216 1514 3704 1570 consuetudinem

1995 1612 2322 1686 apostolica
2353 1613 2507 1668 sedis
2557 1611 2869 1666 diaconum
2915 1614 3101 1663 vestra
3150 1608 3430 1662 serenitas
3465 1620 3577 1657 non
3609 1601 3706 1656 in-

215 1717 454 1774 omnibus
504 1716 741 1772 delictis
791 1716 1033 1772 inveniri
1082 1694 1450 1774 vacua-esse
1509 1735 1621 1774 non
1680 1720 1889 1789 potuit,
1922 1729 1967 1793 Β
1998 1703 2174 1769 venit.
2211 1720 2322 1758 ῠοῐι
2353 1702 2463 1758 hoc
2496 1717 2635 1756 mea
2668 1697 3056 1771 negligentia,
3087 1697 3183 1752 sed
3216 1694 3568 1764 gravissima
3603 1707 3705 1747 ne-

215 1807 340 1860 idem
368 1805 687 1861 Mauricius
715 1805 772 1862 id
805 1805 1021 1876 recepit
1050 1808 1203 1877 quod
1238 1807 1475 1876 meruit,
1497 1812 1552 1862 et
1575 1808 1632 1862 in
1665 1809 1892 1862 cunctis

214 1896 310 1951 suis
356 1894 750 1950 incommodis
799 1894 980 1950 Deum
1043 1896 1412 1964 benedicens,
1457 1913 1490 1952 a
1546 1897 1892 1967 sempiterno

214 1986 460 2058 supplicio
493 1987 712 2043 meruit
743 1985 1001 2042 liberari.

265 2093 340 2147 20.
364 2093 545 2165 Igitur
567 2093 817 2163 septimo
840 2092 1221 2149 kalendarum
1247 2093 1551 2162 Maiarum,
1573 2095 1892 2151 indictione

215 2187 360 2250 sexta,
389 2182 582 2254 imago
637 2183 843 2237 Phoca
883 2187 938 2238 et
985 2183 1256 2254 Leontia,
1302 2191 1706 2257 augustorum,
1758 2201 1888 2241 cum

212 2271 512 2326 earumdem
547 2272 969 2329 favorabilibus
1018 2272 1225 2329 litteris
1267 2275 1504 2330 Romam
1557 2274 1749 2330 delata
1780 2279 1888 2330 est.

215 2369 338 2424 I36
364 2368 429 2426 Et
458 2374 772 2441 postquam
806 2386 839 2425 a
869 2369 1023 2426 clero
1053 2375 1107 2426 et
1139 2377 1348 2427 senatu
1379 2372 1766 2428 acclamatum
1803 2374 1891 2427 est

215 2467 354 2523 eisin
384 2466 628 2523 basilica
660 2466 819 2534 Julii,
844 2469 1019 2538 jussu
1045 2469 1296 2538 Gregorii
1331 2470 1386 2525 in
1420 2470 1672 2526 oratorio
1699 2471 1890 2526 sancti

215 2557 403 2612 (lassi-ii
440 2556 830 2612 Lateranensi
857 2557 1070 2627 palatio
1093 2558 1412 2615 constituto
1443 2559 1758 2630 reponitur.
1781 2559 1888 2625 Qui

216 2646 356 2700 etiam
387 2645 589 2701 Phoca
645 2645 988 2717 imperatori
1040 2647 1113 2701 ita
1162 2649 1496 2720 rescripsit:
1533 2670 1560 2699 «ι
1589 2648 1780 2704 Gloria
1829 2648 1887 2702 in

215 2735 421 2792 excelsis
449 2735 588 2802 Deo,
629 2738 752 2806 qui,
789 2735 956 2806 juxta
1003 2739 1159 2809 quod
1210 2738 1493 2810 scriptum
1543 2743 1652 2806 est,
1703 2741 1890 2794 Mutat

214 2827 413 2896 tempore
461 2829 512 2880 et
563 2826 839 2894 transfert
874 2841 1041 2897 regna
1070 2831 1246 2896 (Dan.
1282 2843 1345 2895 Il,
1375 2829 1507 2899 2t);
1541 2833 1596 2884 et
1634 2828 1731 2897 qui
1781 2827 1890 2884 hoc

218 2913 404 2970 cunctis
435 2914 702 2970 innotuit
731 2915 886 2984 quod
921 2931 1021 2986 per
1052 2916 1392 2987 prophetam
1423 2932 1592 2972 suum
1618 2917 1773 2990 loqui
1793 2918 1890 2972 di-

217 3008 389 3073 gnatus
418 3012 522 3069 est,
554 3003 765 3059 dicens
797 3020 812 3062 :
848 3004 990 3073 Quia
1010 3004 1330 3061 dominatur
1355 3007 1610 3063 Excelsus
1632 3007 1690 3062 in
1725 3023 1888 3078 regno

216 3092 478 3161 hominum,
508 3099 558 3150 et
590 3095 690 3152 cui
721 3095 976 3165 voluerit,
1009 3095 1125 3168 ipse
1153 3096 1244 3152 dat
1284 3097 1426 3153 illud
1462 3099 1624 3168 (Dan.
1661 3115 1733 3167 iv,
1780 3099 1887 3170 14).
1919 3105 1970 3173 C

219 3191 260 3245 In
277 3193 680 3263 omnipotentis
709 3193 922 3264 quippe
941 3193 1036 3249 Dei
1063 3194 1641 3268 incomprehensibili
1664 3197 1892 3268 dispen-

219 3279 399 3338 satione
427 3280 555 3340 vita
579 3281 854 3338 mortalis
887 3284 1286 3341 moderamina
1316 3286 1647 3342 consistunt
1671 3306 1684 3354 ;
1718 3291 1775 3341 et
1793 3286 1893 3341 ali-

219 3372 411 3440 quando
452 3388 584 3428 cum
641 3373 939 3441 justorum
983 3375 1300 3430 multorum
1349 3381 1582 3446 peccata
1636 3377 1893 3432 ferienda

219 3463 345 3551 sunt,
376 3475 529 3551 unus
561 3459 836 3531 erigitur,
863 3477 966 3532 per
982 3462 1152 3532 cujus
1183 3463 1461 3519 duritiam
1494 3463 1892 3519 tribulationis

215 3545 326 3614 jugo
349 3545 754 3616 subjectorum
779 3545 926 3602 colla
954 3549 1379 3620 deprimantur.
1404 3550 1562 3615 Quod
1589 3567 1694 3605 nos
1717 3551 1772 3604 in
1799 3566 1896 3605 no-

221 3637 314 3686 stra
338 3632 551 3690 diutius
584 3634 969 3692 tribulatione
988 3637 1378 3708 probavimus.
1404 3637 1733 3710 Aliquando
1761 3654 1892 3694 vero

219 3739 324 3783 cum
352 3731 689 3788 misericors
718 3736 868 3788 Deus
900 3733 1270 3790 maerentium
1325 3733 1643 3790 multorum
1696 3734 1892 3805 corda,

221 3830 301 3871 sua
328 3819 576 3877 decernit
608 3821 1016 3879 consolatione
1048 3824 1318 3888 refovere,
1355 3841 1532 3881 unum
1564 3827 1634 3882 ad
1661 3825 1892 3898 regimi-

220 3907 287 3959 nis
313 3909 520 3966 culmen
555 3911 854 3982 provehit,
878 3917 935 3968 et
967 3929 1068 3984 per
1090 3915 1219 3984 ejus
1244 3913 1652 3970 misericordia
1674 3916 1895 3971 viscera

220 3994 262 4048 in
287 4005 616 4056 cunctorum
654 4001 948 4058 mentibus
980 4003 1358 4061 exultationis
1387 4021 1503 4060 sua
1528 4005 1772 4074 gratiam
1805 4005 1893 4060 in-

221 4084 390 4143 fundit.
421 4093 497 4146 De
525 4106 652 4162 qua
682 4089 1056 4148 exultationis
1107 4093 1468 4150 abundantia
1499 4094 1754 4151 roborari
1789 4111 1894 4150 nos

221 4182 361 4280 citius
377 4189 712 4280 credimus,
746 4189 850 4261 qui
881 4191 1298 4263 benignitatem
1330 4199 1532 4250 vestra
1565 4193 1790 4266 pietatis
1821 4195 1892 4249 ad

220 4276 476 4344 imperiale
503 4279 815 4351 fastigium
848 4283 1181 4353 pervenisse
1220 4285 1567 4355 gaudemus.
1604 4284 1894 4339 Latentur

221 4362 341 4431 cali,
376 4373 429 4422 et
455 4371 680 4425 exultet
713 4375 867 4426 terra
899 4372 1066 4442 (Psal.
1090 4374 1254 4444 xcv);
1290 4382 1344 4430 et
1386 4375 1456 4430 de
1504 4375 1766 4444 benignis
1796 4388 1894 4428 ve-

2004 1792 2294 1850 cessitatis
2313 1792 2418 1846 fuit
2443 1808 2454 1847 :
2479 1791 2616 1863 quia
2635 1791 2775 1844 dum
2797 1787 3052 1842 ministri
3069 1801 3270 1840 omnes
3294 1783 3475 1852 hujus
3498 1785 3705 1837 nostra

2006 1883 2292 1949 Ecclesia,
2323 1882 2570 1938 contrita
2599 1893 2913 1950 asperaque
2942 1882 3206 1947 tempora
3229 1891 3362 1930 cum
3399 1872 3708 1929 formidine

2004 1971 2366 2027 declinarent
2410 1977 2586 2041 atque
2633 1969 2986 2039 refugerent,
3041 1963 3182 2020 nulli
3233 1977 3433 2020 eorum
3488 1963 3709 2030 poterat

2003 2059 2244 2130 imponi,
2279 2063 2344 2114 ut
2376 2059 2442 2112 ad
2477 2057 2680 2112 urbem
2715 2055 2932 2126 regiam
2968 2054 3026 2108 in
3061 2050 3274 2123 palatio
3298 2063 3709 2119 permansuros

2003 2148 2319 2204 accederet.
2354 2145 2466 2201 Sed
2501 2153 2804 2217 postquam
2831 2147 3084 2197 vestram
3109 2137 3501 2201 clementiam,
3525 2135 3708 2190 omni-

2003 2235 2255 2307 potentis
2288 2233 2386 2290 Dei
2435 2233 2620 2304 gratia
2667 2231 3030 2301 disponente,
3076 2228 3146 2282 ad
3197 2225 3426 2280 culmen
3477 2221 3707 2290 imperii

2003 2327 2337 2398 pervenisse
2357 2326 2773 2395 cognoverunt,
2790 2320 2898 2390 ipsi
2919 2333 3169 2390 quoque,
3189 2316 3459 2372 suadente
3485 2312 3703 2378 latitia,

2001 2418 2072 2471 ad
2106 2421 2296 2473 vestra
2321 2413 2567 2485 vestigia
2585 2413 2780 2468 venire
2808 2411 3100 2473 festinant,
3127 2407 3225 2479 qui
3259 2405 3396 2460 illuc
3421 2403 3584 2475 prius
3612 2418 3708 2458 ac-

2001 2506 2202 2561 cedere
2233 2505 2397 2560 valde
2429 2503 2767 2558 timuerant.
2802 2502 2907 2555 Sed
2959 2499 3098 2570 quia
3139 2512 3333 2553 eorum
3366 2493 3604 2564 quidam
3631 2492 3709 2547 ita

2000 2599 2300 2651 senectute
2331 2598 2471 2650 sunt
2503 2591 2724 2647 debiles
2758 2594 2820 2644 ut
2848 2588 3108 2643 laborem
3157 2587 3301 2640 ferre
3339 2584 3432 2637 vix
3463 2581 3702 2653 possint,

1999 2683 2238 2755 quidam
2287 2700 2419 2738 vero
2467 2682 2616 2736 I37
2672 2676 3080 2734 ecclesiasticis
3139 2673 3295 2730 curis
3341 2672 3708 2727 vehementer

1998 2773 2394 2843 implicantur,
2413 2781 2465 2828 et
2493 2771 2642 2825 lator
2664 2766 3058 2840 prasentium,
3076 2766 3172 2836 qui
3198 2763 3418 2833 primus
3443 2761 3705 2816 omnium

1999 2864 2269 2919 defensor
2309 2862 2436 2926 fuit,
2483 2861 2629 2915 bene
2674 2856 2817 2913 mihi
2867 2871 2935 2910 ex
2978 2856 3151 2925 longa
3180 2851 3517 2907 assiduitate
3547 2867 3706 2907 com-

2000 2957 2200 3024 pertus
2230 2959 2312 3008 est
2341 2950 2478 3016 vita,
2507 2949 2618 3003 fide
2641 2963 2706 3002 ac
2729 2945 2990 3000 moribus
3011 2942 3391 3014 approbatus,
3416 2940 3572 2995 hunc
3604 2956 3707 3009 ap-

1999 3047 2126 3097 tum
2177 3047 2381 3097 vestra
2430 3038 2660 3111 pietatis
2708 3033 2970 3106 vestigiis
3017 3032 3294 3103 judicavi.
3349 3028 3511 3085 Unde
3551 3045 3707 3096 eum,

2001 3137 2233 3187 auctore
2255 3132 2394 3195 Deo,
2429 3131 2735 3184 diaconum
2771 3126 2900 3191 feci,
2937 3128 2992 3180 et
3023 3124 3132 3179 sub
3178 3121 3472 3177 celeritate
3516 3124 3712 3175 trans-

2002 3220 2224 3278 mittere
2254 3218 2469 3283 studui,
2504 3217 2604 3289 qni
2637 3220 2849 3272 cuncta
2879 3230 3006 3285 qua
3038 3215 3093 3267 in
3121 3210 3210 3266 his
3235 3210 3494 3282 partibus
3524 3225 3708 3280 agun-

2001 3314 2116 3377 tur,
2151 3310 2383 3365 invento
2431 3311 2758 3378 opportuno
2809 3308 3090 3374 tempore,
3153 3298 3338 3355 valeat
3385 3298 3708 3354 clementia

2002 3408 2202 3459 vestra
2248 3413 2574 3471 suggerere.
2611 3397 2715 3452 Cui
2755 3411 2894 3467 rogo
2936 3398 3000 3450 ut
3049 3392 3333 3449 serenitas
3364 3394 3556 3445 vestra
3583 3389 3709 3460 pias

2003 3506 2173 3548 aures
2205 3490 2485 3545 inclinare
2517 3486 2826 3556 dignetur:
2859 3488 2926 3538 ut
2947 3487 3109 3538 tanto
3144 3481 3311 3536 nobis
3333 3479 3579 3536 celerius
3613 3496 3708 3535 va-

2003 3581 2116 3638 leat
2147 3580 2431 3646 misereri,
2468 3582 2687 3650 quanto
2719 3573 3093 3631 afﬂictionem
3128 3575 3388 3627 nostram
3423 3569 3614 3624 verius
3643 3585 3710 3624 ex

2003 3673 2132 3742 ejus
2179 3669 2454 3726 relatione
2487 3665 2840 3736 cognoverit.
2875 3663 3133 3728 Qualiter
3165 3662 3321 3717 enim
3350 3659 3708 3730 quotidlanis

2004 3760 2233 3833 gladiis,
2283 3764 2339 3814 et
2387 3756 2625 3829 quantis
2674 3754 3188 3825 Langobardorum
3249 3749 3707 3815 incursionibus,

2003 3867 2132 3908 ecce
2155 3851 2276 3920 jam
2303 3865 2404 3920 per
2426 3847 2664 3917 triginta
2687 3845 2946 3916 quinque
2969 3857 3255 3897 annorum
3281 3839 3709 3909 longitudinem

2004 3942 2338 4012 premimur,
2372 3935 2550 3992 nullis
2579 3934 2806 4004 eXplere
2837 3930 3228 4003 suggestionis
3273 3928 3512 3984 vocibus
3549 3928 3712 3982 vale-

2005 4045 2154 4086 mus.
2179 4029 2285 4086 Sed
2311 4027 2368 4082 in
2393 4025 2784 4094 omnipotente
2806 4021 2920 4076 Deo
2941 4018 3314 4081 confidimus,
3340 4017 3476 4087 quia
3497 4032 3564 4070 ea
3587 4031 3708 4084 qua

2004 4120 2193 4192 capit,
2227 4113 2643 4173 consolationis
2675 4127 2790 4166 sua
2825 4109 2994 4165 nobis
3027 4108 3174 4162 bona
3199 4104 3491 4176 perficiet;
3527 4108 3583 4159 et
3614 4104 3709 4173 qui

2004 4207 2304 4267 suscitavit
2320 4208 2379 4262 in
2403 4202 2700 4275 republica
2723 4198 2846 4271 pios
2869 4197 3161 4262 dominos,
3177 4194 3351 4250 etiam
3375 4192 3710 4265 exstinguet

2005 4295 2271 4356 crudeles
2301 4293 2591 4350 inimicos.
2625 4311 2648 4341 ι
2687 4289 2824 4360 (Lib.
2861 4302 2984 4354 xiii,
3017 4301 3107 4355 ep.
3133 4283 3246 4354 58.)

2074 4387 2164 4441 22.
2199 4389 2341 4442 Item
2375 4383 2623 4439 Leontia
2655 4382 2964 4448 Augusta:
3003 4395 3029 4427 ι
3062 4375 3198 4440 Qua
3250 4371 3450 4445 lingua
3492 4371 3708 4444 eloqui,

223 4455 332 4510 stris
357 4459 578 4516 actibus
617 4460 900 4516 universa
950 4463 1284 4533 reipublicae
1318 4462 1566 4535 pepulus
1609 4480 1762 4520 nunc
1795 4479 1891 4519 us-

2074 4478 2131 4532 ,is
2160 4477 2392 4532 animus
2424 4472 2681 4543 cogitare
2712 4466 2987 4533 sufﬁciat,
3021 4470 3269 4536 quantas
3304 4465 3373 4518 de
3405 4463 3710 4518 serenitate

225 4565 313 4650 tque
347 4556 737 4650 vehementer,
768 4558 1022 4616 afflictus
1062 4560 1390 4619 hilarescat.
1425 4561 1897 4634 Comprimantur

222 4645 336 4712 jugo
360 4645 775 4704 dominationis
803 4653 1004 4706 vestra
1044 4651 1309 4723 superba
1355 4657 1576 4709 mentes
1614 4653 1892 4722 hostium,

228 4729 517 4830 releventur
564 4743 763 4794 vestra
808 4740 1204 4797 misericordia
1251 4740 1487 4797 contriti
1535 4757 1600 4797 ac
1641 4741 1897 4814 depressi

227 4826 393 4879 anima
418 4826 842 4898 subjectorum.
875 4828 1076 4886 Virtus
1125 4829 1372 4887 calcatis
1410 4831 1612 4903 gratia
1642 4831 1898 4888 inimicis

228 4921 307 4964 vos
334 4915 613 4974 terribiles
644 4918 834 4986 faciat,
869 4920 1053 4991 pietas
1079 4921 1334 4978 subditis
1364 4923 1670 4994 benignos.
1703 4922 1900 4987 Quies-

229 5006 297 5053 cat
321 4999 672 5063 felicissimis
719 5008 1082 5080 temporibus
1127 5012 1334 5067 vestris
1385 5011 1652 5068 universa
1691 5027 1900 5083 respu-

231 5085 371 5159 blica,
402 5096 618 5164 prolata
648 5099 758 5154 ub
807 5115 1119 5155 causarum
1175 5101 1428 5170 imagine
1474 5084 1668 5172 prada
1717 5103 1895 5173 pacis.

233 5174 434 5276 Cessent
462 5190 944 5245 testamentorum
993 5190 1238 5259 insidia,
1272 5191 1657 5248 donationum
1700 5192 1901 5264 gratia

233 5268 476 5328 violenter
506 5283 738 5334 exacta.
782 5277 998 5335 Redeat
1046 5280 1274 5336 cunctis
1319 5281 1377 5335 in
1429 5283 1599 5337 rebus
1648 5283 1899 5354 propriis

236 5367 408 5416 secura
436 5366 746 5437 possessio,
779 5373 843 5423 ut
873 5368 1002 5425 sine
1031 5370 1238 5426 timore
1272 5369 1482 5427 habere
1522 5387 1580 5426 se
1610 5373 1901 5442 gaudeant

236 5527 576 5652 C«(ulhtlenus
604 5535 814 5619 navigii
849 5537 1217 5594 celerrimum
1251 5539 1321 5596 de
1354 5557 1467 5612 quo
1498 5540 1718 5614 passim
1747 5543 1900 5615 apud

301 5603 637 5652 SBIOdOPllm_
670 5617 722 5652 nt
757 5626 811 5652 in
847 5609 928 5652 En
983 5610 1051 5652 27
1089 5609 1218 5652 libri
1254 5627 1286 5652 γ

301 5603 642 5677 ssiodornm,
670 5603 814 5666 et'in
847 5609 886 5665 E
937 5653 950 5668 .
983 5610 1051 5664 37
1089 5609 1220 5666 libri
1253 5627 1308 5668 ι.

301 5669 355 5738 ιδ)
381 5671 476 5730 Vel
504 5627 960 5738 Autonomumﬁs
983 5681 1305 5738 Enisconus

294 5669 355 5740 ib)
381 5671 476 5730 Vel
504 5669 960 5738 Autonomumﬂs
983 5681 1305 5754 Episcopus
1327 5688 1385 5742 et
1404 5686 1613 5760 Martyr
1633 5685 1692 5743 in
1716 5685 1908 5761 Bythi-

2005 4565 2182 4623 vestri
2197 4563 2421 4636 imperii
2445 4556 2830 4631 omnipotenti
2855 4558 2966 4611 Deo
2991 4554 3210 4626 gratias
3232 4551 3710 4622 debemus,quod

2007 4661 2126 4712 tam
2157 4656 2301 4710 dura
2350 4650 2507 4722 longi
2556 4647 2836 4720 temporis
2868 4645 3125 4718 pondera
3149 4643 3468 4698 cervicibus
3501 4640 3713 4696 nostris

2008 4755 2200 4802 amota
2228 4751 2384 4812 sunt,
2416 4746 2474 4798 et
2493 4737 2813 4810 imperialis
2847 4733 3126 4792 culminis
3149 4732 3492 4802 levejugum
3519 4731 3712 4785 rediit:

2009 4836 2160 4907 quod
2180 4834 2358 4890 libeat
2384 4836 2612 4902 portare
2629 4825 2912 4897 subjectis
2931 4825 2959 4879 ‘?
2990 4824 3286 4880 Reddatur
3306 4837 3439 4892 ergo
3457 4818 3711 4874 Creatori

2009 4925 2272 4982 omnium
2325 4922 2396 4976 ab
2430 4917 2776 4992 hymuidicis
2825 4912 3165 4986 angelorum
3198 4911 3392 4966 choris
3436 4907 3619 4979 gloria
3649 4907 3710 4963 in

2010 5016 2151 5072 coelo
2179 5032 2192 5070 :
2227 5011 2584 5086 persolvatur
2632 5008 2703 5062 ab
2735 5004 3068 5062 hominibus
3120 4999 3440 5072 gratiarum
3472 4997 3619 5052 actio
3651 4998 3709 5053 in

2011 5116 2182 5171 terra,
2215 5101 2352 5175 quia
2383 5099 2646 5155 universa
2677 5093 3024 5164 respublica,
3060 5104 3189 5160 qua
3233 5087 3420 5140 multa
3451 5087 3710 5142 maroris

2011 5174 2248 5269 pertulit
2289 5189 2546 5255 vulnera,
2571 5187 2698 5256 jam
2740 5198 2895 5238 nunc
2945 5174 3362 5235 consolationis
3391 5182 3590 5230 vestra
3620 5174 3712 5232 in-

2008 5264 2163 5343 venit
2187 5286 2460 5341 fomenta.
2494 5277 2655 5333 Unde
2706 5275 2871 5328 nobis
2914 5283 3148 5325 necesse
3179 5271 3263 5322 est
3303 5264 3715 5336 omnipotentis

2007 5375 2110 5431 Dei
2160 5367 2615 5428 misericordiam
2665 5361 2894 5418 enixius
2938 5370 3197 5422 exorare,
3250 5358 3315 5408 ut
3361 5370 3460 5409 cor
3506 5357 3712 5410 vestra

2012 5545 2110 5601 nia
2141 5541 2246 5597 sub
2279 5535 2654 5601 Diocletiano,
2687 5530 2894 5587 colitur
2924 5527 3017 5583 die
3049 5525 3116 5579 12
3156 5521 3535 5601 Septembris.

2180 5595 2328 5685 ἰθεο
2378 5609 2448 5666 ad
2495 5595 2710 5663 calcem
2762 5601 3153 5676 Epistolarum
3186 5597 3295 5664 §m
3325 5596 3392 5650 de
3421 5595 3598 5650 Phoca
3627 5609 3713 5648 co-

2014 5689 2240 5754 ronato,
2271 5688 2380 5741 etc.
