4088 6172
321 188 434 246 187

852 189 916 248 S.
963 183 1338 246 GREGOBII
1384 181 1637 246 MAGNI
1686 179 1896 246 VITA.
1948 180 2181 243 AUGT.
2234 180 2536 243 ΙΙΟΑΝΝΕ
2583 182 2948 248 DlACONO.
2994 185 3144 248 LIB.
3191 185 3294 250 IV.

3720 187 3838 253 188

317 322 552 394 pietatis
582 340 690 380 sua
720 340 951 395 semper
1000 324 1236 378 dextera
1283 326 1496 390 teneat,
1529 321 1771 392 ejusque
1803 318 2015 391 cogita-
2049 325 2104 389 Α
2131 320 2400 376 scrutari.
2424 321 2493 376 Et
2513 322 2562 376 si
2589 322 2750 380 nulla
2766 339 2862 380 eos
2885 325 3188 383 diversitas
3205 325 3274 380 ab
3293 325 3589 384 electionis
3612 329 3840 384 unitate

318 413 503 467 tiones
535 413 786 469 caelestis
813 414 1013 485 gratiae
1048 430 1154 484 ope
1176 414 1508 482 dispenset:
1543 416 1826 480 quatenus
1860 415 2017 463 tran-

322 501 574 571 quillitas
619 509 807 557 vestra
858 508 1019 557 tanto
1061 502 1277 555 rectius
1331 500 1516 554 valeat
1564 499 1672 553 sibi
1705 499 2016 553 servientes

321 607 534 662 regere,
571 597 785 663 quanto
841 590 1188 646 llominatori
1241 592 1503 645 omnium
1550 588 1772 643 noverit
1827 586 2018 642 verius

316 682 623 738 deservire.
659 685 720 737 ln
754 698 948 736 amore
979 679 1273 736 catholicae
1319 680 1451 734 fidei
1486 678 1657 733 faciat
1687 678 2016 733 defensores

317 786 468 838 sues,
503 788 649 841 quos
674 772 801 826 fecit
824 787 886 825 ex
916 772 1162 842 benigno
1180 786 1348 841 opere
1372 770 1741 838 imperatores
1766 772 2013 822 nostros.

317 859 591 914 Infundat
623 860 678 915 in
712 860 918 916 vestris
953 859 1244 914 mentibus
1263 861 1452 913 zelum
1477 858 1727 913 simulet
1753 872 2017 912 mansue-

318 950 606 1012 tudinem,
639 955 702 1004 ut
733 949 825 1020 pio
843 965 1074 1018 semper
1105 950 1322 1005 fervore
1351 948 1608 1014 valeatis,
1642 951 1698 1004 et
1728 944 2013 1020 quidquid

317 1037 375 1091 in
411 1039 522 1093 Deo
552 1039 868 1104 exceditur,
903 1055 1017 1093 non
1046 1038 1300 1093 inultum
1333 1037 1680 1110 relinquere,
1712 1046 1768 1097 et
1796 1043 1842 1097 si
1874 1044 2017 1114 quid

319 1128 375 1181 in
408 1129 570 1184 vobis
621 1128 1000 1200 delinquitur,
1033 1131 1322 1202 parcendo
1374 1131 1635 1188 tolerare.
1676 1158 1694 1182 α
1729 1135 1870 1203 (Lib.
1894 1153 2014 1206 xm,

316 1234 399 1288 ep.
431 1218 546 1289 39.)

386 1307 475 1361 23.
513 1307 608 1362 llis
630 1307 942 1380 Gregorius
963 1307 1235 1365 laudibus
1257 1315 1358 1366 aut
1382 1312 1506 1368 ideo
1531 1329 1706 1369 novos
1731 1313 2019 1387 principes

318 1395 704 1464 demulcebat,
738 1406 800 1453 ut
851 1399 1154 1456 audientes
1184 1401 1382 1472 quales
1411 1419 1540 1458 esse
1572 1404 1879 1470 debebant,
1912 1407 2017 1461 fie-

315 1489 445 1541 rent
477 1488 739 1544 mitiores
761 1506 938 1560 quam
968 1491 1280 1547 Mauricius
1306 1494 1512 1558 fuerat,
1536 1496 1704 1563 cujus
1726 1500 1812 1551 tot
1833 1497 2021 1552 crimi-

321 1575 494 1632 nibus
526 1578 784 1633 involuta
825 1586 1088 1652 tempora
1119 1585 1581 1650 cognoscebant;
1616 1591 1714 1640 aut
1743 1586 1882 1656 quia
1920 1603 2019 1643 eos

321 1665 428 1719 sibi
463 1683 696 1738 suaeque
745 1671 999 1725 ecclesia:
1033 1673 1442 1728 devotissimos
1474 1691 1733 1740 cernens,
1769 1693 1882 1732 non
1922 1694 2020 1732 eos

318 1755 388 1808 ad
421 1758 782 1827 tyrannidem
818 1761 1073 1816 ruituros
1106 1777 1233 1817 esse
1275 1764 1534 1830 putabat.
1568 1767 1675 1828 Qui
1707 1766 1854 1821 sicut
1885 1782 2021 1834 quo-

315 1843 592 1900 rumlibet
622 1845 762 1902 vitia
795 1846 993 1904 liberis
1025 1851 1263 1905 vocibus
1295 1853 1593 1923 arguebat,
1622 1858 1676 1908 et
1697 1860 1899 1910 contra
1929 1873 2017 1910 ca-

314 1948 495 1988 nones
527 1935 817 2005 priscasve
848 1940 1300 1995 consuetudines
1328 1942 1523 1996 venire
1565 1945 1857 2000 neminem
1888 1962 2015 2015 per-

315 2023 603 2094 mittebat,
638 2026 719 2081 ita
745 2044 869 2098 qua:
892 2032 1333 2086 consuetudinis
1357 2033 1585 2087 fuerant
1615 2035 1760 2089 nulli
1787 2037 2016 2107 penitus

313 2111 656 2184 denegabat.
689 2116 829 2172 Nam
883 2133 1012 2174 mox
1045 2124 1107 2174 ut
1134 2121 1444 2191 episcopus
1484 2122 1812 2192 apostolicae
1859 2127 2014 2182 sedis

313 2201 539 2269 enituit,
557 2205 1294 2274 patriarchalibussedibus
1311 2227 1472 2266 suam
1489 2212 1827 2284 synodicam
1844 2215 2017 2271 desti-

313 2289 486 2360 navit,
520 2299 577 2348 et
605 2298 979 2365 postmodum
1013 2299 1365 2367 Secundino,
1397 2318 1560 2357 servo
1610 2301 1714 2357 Dei
1760 2303 2010 2372 incluso,

309 2379 462 2435 inter
490 2389 696 2439 cetera
725 2386 950 2454 scribit,
983 2389 1184 2444 dicens
1212 2405 1223 2443 :
1255 2411 1282 2439 «
1316 2391 1460 2446 Hinc
1505 2397 1594 2447 est
1625 2393 1822 2460 etiam,
1856 2396 2010 2466 quod

311 2471 542 2540 quoties
587 2473 643 2527 in
686 2481 939 2544 quatuor
970 2478 1278 2549 praacipuis
1318 2481 1558 2536 sedibus
1588 2485 1830 2539 antistes
1857 2486 2010 2540 ordi-

311 2565 501 2630 natur,
538 2564 848 2634 synodales
893 2567 1004 2621 sibi
1054 2568 1331 2639 epistolas
1373 2572 1633 2628 vicissim
1666 2573 1916 2641 mittant,
1952 2575 2008 2630 in

309 2649 521 2717 quibus
554 2667 614 2706 se
646 2659 908 2709 sanctam
954 2656 1482 2715 Chalcedonensem
1535 2663 1825 2733 synodum
1876 2680 2009 2720 cum

305 2736 432 2793 aliis
462 2741 827 2807 generalibus
859 2746 1099 2816 synodis
1129 2750 1421 2805 custodire
1456 2751 1766 2807 fateantur.
1803 2775 1831 2802 »
1863 2756 2006 2823 (Lib.

307 2841 384 2894 ιχ,
415 2842 500 2897 ep.
530 2829 645 2899 5‘2.)
680 2832 822 2886 Item
870 2836 1208 2905 Athanasio,
1261 2839 1593 2908 presbytero
1644 2840 1714 2894 de
1766 2841 2007 2909 lsauria,

304 2920 433 2984 post
464 2918 684 2973 multa:
725 2940 752 2969 ς(
785 2925 965 2977 Fratri
991 2934 1186 2980 nostro
1212 2927 1464 2995 Cyriaco,
1486 2930 2010 3001 Constantinopoli-

303 3008 450 3058 tanaa
482 3007 734 3062 civitatis
760 3011 1029 3081 antistiti,
1060 3013 1161 3084 qui
1186 3031 1372 3084 nuper
1395 3016 1453 3070 in
1477 3016 1721 3074 Joannis
1747 3036 2008 3078 reveren-

2130 408 2519 478 disterminat,
2551 411 2599 466 si
2631 413 2866 483 quidem
2901 416 2959 470 in
2998 416 3266 486 praedicto
3292 417 3408 472 filio
3437 423 3633 474 nostro
3665 419 3842 474 Cons-

2124 498 2303 554 tantio
2325 501 2586 557 omnium
2612 502 2929 561 voluntates
2949 510 3123 577 atque
3142 522 3490 563 consensum
3512 509 3830 578 perdurare

2127 588 2454 657 cognoscis,
2481 595 2618 646 tunc
2650 608 2784 647 eum
2815 611 2847 648 a
2879 596 3126 666 propriis
3157 596 3465 667 episcopis,
3500 598 3654 654 sicut
3683 598 3836 653 anti-

2129 676 2366 745 quitatis
2402 695 2525 734 mos
2556 680 2754 753 exigit,
2787 697 2918 738 cum
2946 689 3150 740 nostra:
3175 686 3538 743 auctoritatis
3561 703 3836 750 assensu,

2128 765 2437 823 solatiante
2481 775 2537 825 et
2583 772 2898 828 auxiliante
2947 774 3214 842 Domino,
3252 777 3427 831 facias
3463 777 3835 833 consecrari:

2128 862 2417 925 quatenus
2443 856 2782 928 bujusmodi
2804 867 3031 916 servata
3054 864 3502 932 consuetudine,
3526 870 3584 920 et
3599 868 3841 937 aposto-

2127 949 2239 1007 lica
2285 950 2450 1007 sedes
2495 949 2796 1019 preprium
2840 951 3095 1023 vigorem
3147 953 3411 1020 retineat,
3444 959 3501 1008 et
3531 971 3563 1009 a
3603 970 3666 1010 se
3695 970 3838 1010 con-

2127 1059 2289 1099 cessa
2321 1041 2452 1097 aliis
2500 1058 2605 1096 sua
2634 1041 2770 1111 jura
2811 1057 2925 1096 non
2971 1042 3218 1098 minuat.
3256 1064 3283 1094 »
3316 1043 3453 1113 (Lib.
3485 1060 3568 1113 ιιι,
3598 1060 3681 1115 ep.
3712 1044 3834 1115 30.)

2199 1133 2331 1198 Sed,
2348 1148 2480 1187 cum
2509 1135 2638 1203 post
2661 1147 2844 1187 annos
2862 1130 3084 1202 aliquot
3105 1133 3478 1189 Constantius
3502 1134 3736 1188 functus
3751 1133 3840 1188 in-

2127 1221 2370 1294 signiter
2387 1220 2682 1292 pontificio
2701 1218 3082 1277 dormissetin
3104 1221 3371 1289 Domino,
3389 1222 3578 1280 clerus
3595 1227 3651 1280 et
3668 1221 3839 1294 plebs

2127 1308 2578 1367 Mediolanensis
2607 1307 2760 1364 Deus
2780 1309 2934 1364 dedit
2958 1309 3263 1366 diaconum
3296 1311 3575 1383 eligentes
3598 1311 3667 1366 ab
3695 1311 3840 1382 Agi-

2127 1401 2267 1457 lulfo
2301 1417 2431 1472 rege
2469 1404 2781 1469 terrentur,
2815 1404 3107 1471 quatenus
3154 1400 3318 1456 illum
3351 1402 3627 1473 eligerent
3658 1417 3834 1472 quem

2130 1490 2640 1563 Langobardorum
2671 1490 2968 1545 barbaries
2990 1490 3288 1547 voluisset.
3313 1493 3384 1546 At.
3416 1491 3497 1546 illi
3530 1491 3832 1546 decretum

2127 1598 2303 1637 suum
2361 1581 2625 1652 Gregorio
2682 1581 3021 1651 dirigentes,
3064 1581 3374 1637 consilium
3425 1589 3477 1635 et
3529 1580 3835 1636 licentiam

2131 1676 2356 1741 petunt.
2382 1671 2604 1733 Quibus
2628 1670 2749 1741 ipse
2771 1670 2923 1725 inter
2937 1676 3146 1726 cmtera
3168 1671 3252 1725 sic
3275 1669 3569 1742 rescripsit
3595 1688 3606 1725 :
3629 1691 3653 1720 α
3683 1670 3834 1726 Illud

2127 1762 2274 1830 quod
2307 1760 2469 1814 vobis
2500 1759 2570 1814 ab
2601 1759 2851 1831 Agilulfo
2884 1759 3183 1814 indicastis
3232 1760 3538 1831 scriptum,
3568 1758 3830 1814 dilectio-

2127 1868 2257 1907 nem
2291 1858 2542 1907 vestram
2596 1867 2711 1906 non
2762 1858 3006 1906 moveat.
3038 1849 3182 1904 Nam
3229 1851 3378 1920 quod
3432 1865 3538 1904 nos
3591 1848 3829 1904 utilitati

2123 1950 2323 2000 vestrae
2356 1942 2665 1998 salubriter
2708 1940 3008 1998 consulere
3059 1940 3330 2010 velimus,
3364 1941 3421 1994 in
3454 1940 3693 1996 homine
3724 1940 3830 2010 qui

2124 2048 2236 2087 non
2296 2049 2329 2087 a
2373 2030 2677 2086 catholicis
2723 2038 2776 2086 et
2825 2029 3079 2084 maxime
3144 2028 3538 2100 Langobardis
3593 2027 3833 2101 eligitur

2124 2119 2286 2175 nulla
2336 2119 2657 2189 praebemus
2707 2120 2929 2174 ratione
2975 2132 3348 2184 consensum,
3386 2116 3525 2188 quia
3573 2116 3830 2171 vicarius

2120 2213 2302 2268 sancti
2347 2210 2635 2266 Ambrosii
2684 2209 2962 2281 indignus
3020 2209 3316 2266 evidenter
3373 2208 3720 2269 ostenditur,
3774 2209 3825 2263 si

2121 2294 2339 2357 electus
2386 2318 2418 2356 a
2472 2301 2682 2355 talibus
2732 2297 3052 2354 ordinatur.
3091 2318 3114 2350 ι
3150 2298 3218 2352 Et
3267 2302 3397 2369 post
3430 2314 3652 2369 pauca:
3688 2319 3716 2347 ‹‹
3751 2299 3828 2352 Ut

2121 2391 2296 2463 igitur
2340 2391 2399 2446 in
2442 2391 2766 2447 ordinando
2798 2388 3116 2444 Deusdedit
3163 2387 3427 2456 diacono,
3461 2388 3560 2458 qui
3592 2405 3623 2443 a
3659 2386 3829 2443 vobis

2120 2481 2335 2538 electus
2367 2487 2470 2547 est,
2506 2480 2669 2536 nulla
2719 2478 2907 2551 possit
2939 2495 3098 2535 mora
3131 2478 3490 2550 contingere,
3524 2476 3831 2533 Pantaleo-

2121 2589 2253 2628 nem
2307 2571 2594 2627 notarium
2647 2575 2908 2625 nostrum
2947 2568 3404 2636 transmisimus,
3441 2566 3538 2638 qui
3569 2582 3726 2635 eum,
3760 2570 3830 2622 ut

2122 2664 2298 2720 moris
2344 2669 2451 2729 est,
2504 2667 2800 2717 annuente
2848 2675 3168 2715 consensus
3217 2658 3401 2714 nostri
3453 2658 3826 2725 auctoritate,

2116 2752 2292 2809 faciat
2321 2751 2664 2808 consecrari.
2707 2772 2734 2798 »
2775 2749 2912 2820 (Lib.
2937 2766 3012 2816 rx,
3040 2764 3124 2819 ep.
3158 2747 3235 2819 4.)

2187 2842 2276 2896 25.
2308 2841 2392 2895 Ab
2423 2841 2682 2894 adversis
2715 2838 3095 2909 potestatibus
3147 2840 3531 2907 praegravatos
3573 2834 3828 2891 fortissi-

2117 2947 2249 2985 mus
2308 2930 2475 2986 miles
2538 2927 2749 2984 Christi
2796 2927 3106 2998 Gregorius
3167 2925 3411 2981 viriliter
3457 2925 3825 2991 defendebat,

2114 3019 2447 3091 injusteque
2500 3019 2754 3089 dejectos
2805 3033 2919 3072 non
2970 3014 3161 3070 solum
3197 3014 3351 3070 inter
3380 3013 3671 3084 depositos
3708 3029 3824 3069 non

304 3092 528 3149 dissimi
562 3097 818 3168 episcopi
852 3099 977 3156 loco
1009 3103 1313 3159 ordinatus
1345 3113 1451 3174 est,
1486 3118 1677 3164 nostra
1708 3111 2002 3169 voluimus
2035 3094 2078 3159 C
2116 3107 2386 3175 habebat,
2422 3125 2620 3165 verum
2652 3108 2826 3163 etiam
2860 3104 3123 3178 pristinis
3152 3103 3436 3176 gradibus
3457 3101 3826 3160 auctoritatis

300 3183 516 3252 scripta
549 3190 944 3245 transmittere
974 3209 986 3258 ;
1019 3195 1111 3246 sed
1137 3194 1272 3264 quia
1304 3211 1417 3250 non
1441 3202 1529 3252 est
1550 3202 1914 3256 consuetudo
1940 3208 2004 3258 ut

299 3274 462 3343 prius
493 3292 670 3346 quam
705 3279 770 3332 ad
800 3295 904 3334 nos
927 3282 1053 3350 ejus
1076 3283 1349 3350 synodica
1367 3285 1660 3342 deferatur
1679 3289 1729 3344 ei
1753 3292 2004 3347 scribere

301 3361 641 3433 debeamus,
684 3365 899 3423 idcirco
949 3385 1104 3426 nunc
1153 3372 1511 3442 distulimus,
1564 3382 1763 3446 postea
1809 3385 1998 3436 autem

298 3453 450 3508 138
484 3453 897 3514 indicabimus.
931 3482 959 3508 »
985 3460 1128 3530 (Lib.
1159 3477 1235 3529 vr,
1267 3479 1350 3534 ep.
1382 3465 1498 3536 66.)
1521 3466 1704 3529 Quam
1735 3468 2002 3525 videlicet

298 3546 796 3612 consuetudinem,
812 3546 966 3603 sicut
988 3551 1170 3606 nostri
1190 3567 1420 3624 quoque
1439 3555 1535 3624 qui
1554 3560 1686 3612 ante
1710 3557 2002 3614 biennium

299 3632 372 3687 ab
405 3633 692 3690 Hadriano
725 3635 1137 3697 liberalissimo
1169 3659 1316 3712 papa
1339 3644 1395 3698 in
1420 3651 1622 3700 sancta
1652 3654 1848 3703 octava
1869 3666 2004 3721 syn-

299 3722 410 3776 odo
444 3724 720 3792 praafuere
752 3732 1058 3800 testantur,
1093 3731 1173 3786 ita
1220 3730 1542 3790 Orientales
1586 3737 1871 3808 praecipue
1904 3755 2000 3794 re-

302 3811 491 3866 tinent
541 3828 724 3886 usque
772 3816 1060 3876 hactenus
1106 3822 1294 3891 sedes,
1327 3829 1390 3878 ut
1436 3824 1493 3878 in
1546 3825 1670 3882 suis
1714 3829 2004 3899 dyptichis

302 3901 521 3958 nullius
554 3907 843 3976 pontificis
877 3927 1087 3968 nomen
1119 3913 1400 3981 scribant,
1429 3932 1734 3990 quousque
1769 3920 2002 3991 synodi-

301 4007 426 4048 cam
463 3993 645 4065 ipsius
678 3999 1024 4072 suscipiant,
1048 4010 1102 4057 et
1141 4005 1344 4060 tandiu
1394 4007 1733 4064 defunctum
1769 4011 1999 4081 pontiﬁ-

299 4098 423 4138 cem
468 4083 619 4141 inter
667 4087 919 4145 viventes
969 4100 1378 4164 annumerent,
1413 4098 1672 4167 quandiu
1707 4116 2004 4159 successor

297 4172 458 4230 illius
489 4192 626 4232 suas
656 4176 875 4235 litteras
905 4182 1197 4237 studuerit
1240 4185 1553 4243 destinare.

370 4263 461 4317 24.
497 4265 638 4320 Hinc
670 4274 754 4323 est
785 4269 1063 4327 nimirum
1099 4275 1254 4344 quod
1296 4275 1604 4345 Gregorius
1635 4297 1668 4334 a
1698 4288 2004 4337 consuetu-

302 4353 436 4406 dine
453 4354 642 4422 prisca
665 4374 776 4412 non
795 4359 1157 4433 discrepans,
1173 4365 1405 4431 Joanni,
1423 4369 1778 4426 subdiacono
1794 4373 2001 4428 rectori

2114 3219 2232 3257 suis
2267 3200 2564 3272 privilegio
2595 3198 2964 3255 reformabat.
3006 3201 3148 3252 Nam
3198 3196 3590 3263 Anastasium,
3623 3194 3824 3249 Antio-

2113 3293 2364 3349 chenum
2401 3289 2814 3363 patriarcham,
2848 3293 2944 3360 qui
2966 3289 3248 3343 Joannem
3283 3281 3824 3356 ConstantinOpoli-

2112 3385 2310 3437 tanum
2329 3380 2631 3453 praesulem
2647 3395 2780 3434 voce
2797 3378 2978 3433 libera
2995 3375 3442 3446 reprehendens,
3459 3372 3830 3445 imperatoris

2109 3471 2528 3540 Justinijussu
2581 3470 2852 3524 detrusus
2899 3466 2955 3521 in
3000 3463 3263 3532 exilium,
3299 3465 3370 3519 ab
3413 3464 3555 3534 ipsis
3585 3461 3828 3517 Joannis

2114 3578 2277 3632 papa:
2310 3559 2693 3631 temporibus,
2721 3573 2903 3627 usque
2936 3556 3004 3611 ad
3031 3556 3118 3610 sui
3155 3553 3528 3625 pontificatus
3560 3556 3826 3622 tempora

2115 3649 2512 3722 permanebat,
2549 3665 2681 3704 mox
2713 3652 2777 3703 ut
2808 3661 3110 3700 summum
3162 3643 3547 3698 sacerdotium
3582 3640 3818 3708 meruit,

2113 3740 2265 3796 inter
2296 3739 2656 3812 patriarchas
2682 3753 2815 3793 eum
2848 3744 3141 3806 reputans,
3174 3731 3410 3805 scriptis
3451 3730 3667 3786 talibus
3700 3729 3828 3784 ani-

2115 3831 2330 3886 mavit:
2366 3852 2392 3879 ‹‹
2427 3829 2729 3897 Praeterea,
2771 3824 2985 3896 inquit,
3017 3825 3172 3879 sicut
3204 3820 3547 3896 patriarchis
3571 3820 3702 3875 aliis
3727 3835 3825 3890 pa-

2115 3921 2274 3976 ribus
2297 3919 2527 3988 vestris,
2565 3917 2906 3990 synodicam
2944 3914 3081 3971 £89
3107 3913 3266 3970 vobis
3287 3912 3588 3983 epistolam
3613 3910 3822 3977 direxi,

2112 4011 2248 4081 quia
2278 4010 2429 4082 apud
2464 4025 2551 4065 me
2581 4023 2814 4080 semper
2843 4006 2952 4062 hoc
2974 4005 3113 4062 esti:l
3137 4005 3284 4074 quod
3308 4019 3374 4059 ex
3396 4002 3821 4072 omnipotentis

2113 4102 2211 4158 Dei
2247 4117 2485 4157 munere
2529 4099 2833 4170 accepistis
2882 4112 3028 4165 esse,
3063 4113 3172 4152 non
3207 4095 3361 4166 quod
3411 4109 3479 4149 ex
3519 4091 3822 4146 voluntate

2112 4190 2414 4246 hominum
2467 4186 2756 4261 putamini
2806 4203 2922 4242 non
2971 4200 3115 4242 esse.
3151 4205 3178 4234 ››
3213 4186 3353 4240 Item
3389 4182 3576 4238 eidem
3609 4181 3666 4236 in
3700 4179 3820 4235 alia

2112 4279 2356 4350 epistola
2407 4285 2534 4351 post
2582 4276 2866 4333 nonnulla
2913 4275 3208 4332 scribens:
3247 4293 3274 4324 «
3307 4271 3671 4328 Fraternitati
3704 4273 3820 4324 tua

2112 4370 2304 4426 indico
2328 4370 2461 4441 quia
2484 4386 2516 4424 a
2534 4366 2923 4424 serenissimis
2940 4363 3219 4432 dominis,
3237 4362 3476 4435 quantis
3513 4359 3668 4416 valui
3690 4373 3820 4430 pre-

300 4441 632 4534 patrimonii
666 4447 930 4518 Liguriae,
964 4452 1168 4508 scribit
1198 4455 1430 4512 dicens:
1462 4481 1489 4508 ‹‹
1523 4461 1750 4524 Quanto
1777 4471 2004 4534 aposto-
2033 4467 2080 4531 Β
2111 4461 2299 4530 cibus,
2335 4458 2622 4530 postulavi
2666 4461 2729 4512 ut
2775 4473 2894 4524 vos,
2929 4457 3144 4512 honore
3193 4453 3479 4516 restituto,
3515 4450 3582 4505 ad
3627 4447 3818 4504 sancti

300 4531 411 4587 lica
441 4533 626 4604 sedes,
665 4537 774 4592 Deo
823 4545 1080 4607 auctore,
1113 4546 1340 4601 cunctis
1386 4549 1622 4619 praelata
1659 4531 1885 4607 constat
1913 4569 2000 4609 ec-

298 4621 512 4692 clesiis,
546 4629 702 4680 tanto
734 4626 884 4683 inter
917 4629 1266 4703 multiplices
1296 4651 1467 4693 curas
1497 4639 1672 4694 etilla
1705 4657 1810 4697 nos
1833 4643 1998 4698 valde

294 4707 587 4778 sollicitat,
623 4713 719 4767 ubi
749 4714 821 4768 ad
851 4718 1307 4776 consecrandum
1341 4725 1688 4794 antistitem,
1728 4734 1995 4785 nostrum

298 4805 666 4870 exspectatur
721 4804 1052 4864 arbitrium.
1101 4807 1384 4868 Defuncto
1439 4815 1618 4886 igitur
1662 4816 1993 4886 Laurentio,

295 4888 565 4947 Ecclesia:
595 4892 1041 4953 Mediolanensis
1069 4900 1359 4972 episcopo,
1393 4921 1500 4959 sua
1533 4907 1696 4962 nobis
1720 4909 1996 4964 relatione

296 4979 487 5069 clerus
517 4980 777 5039 innotuit
807 4984 865 5040 in
891 4986 1169 5045 electione
1200 5007 1261 5046 se
1295 4992 1397 5047 filii
1439 4997 1620 5049 nostri
1645 4995 1994 5069 Constantii,

294 5068 521 5125 diaconi
573 5073 682 5139 sui,
717 5076 1074 5133 unanimiter
1121 5083 1504 5138 consensisse.
1558 5083 1664 5140 Sed
1717 5068 1993 5156 quoniam

295 5159 496 5213 eadem
533 5177 644 5217 non
680 5166 782 5219 fuit
814 5168 1145 5240 subscripta
1176 5170 1397 5239 relatio,
1433 5189 1504 5228 ne
1535 5174 1671 5246 quid
1715 5179 1867 5247 quod
1922 5178 1995 5234 ad

298 5248 580 5303 cautelam
617 5256 865 5321 pertinet
895 5260 1259 5330 omittamus,
1289 5262 1504 5320 idcirco
1530 5266 1702 5336 hujus
1727 5269 1995 5338 praecepti

293 5339 637 5396 auctoritate
692 5344 1019 5415 sufl‘ultum,
1047 5349 1306 5408 Genuam
1337 5359 1392 5408 te
1440 5356 1723 5424 proficisci
1758 5374 1995 5416 necesse

294 5432 404 5482 est.
439 5431 502 5482 Et
534 5431 671 5499 quia
715 5432 834 5488 illic
866 5437 1030 5490 multi
1082 5438 1600 5501 Mediolanensium
1633 5449 1813 5504 coacti
1849 5454 1993 5506 Lan-

291 5517 678 5588 gobardorum
731 5521 1031 5578 barbarica
1065 5527 1286 5585 feritate
1326 5534 1670 5607 consistunt,
1704 5553 1906 5595 eorum
1941 5547 1993 5595 te

288 5607 612 5670 voluntates
644 5617 891 5685 oportet,
923 5619 1254 5676 convocatis
1285 5621 1370 5679 eis
1401 5622 1459 5681 in
1497 5641 1828 5699 commune,
1861 5647 1991 5704 per-

2110 4552 2259 4609 Petri
2294 4549 2688 4623 apostolorum
2717 4546 3001 4619 principis
3023 4544 3227 4600 limina
3254 4541 3475 4608 venire,
3506 4543 3562 4595 et
3595 4554 3818 4610 quous-

2108 4660 2222 4714 que
2250 4644 2331 4698 ita
2366 4643 2474 4698 Deo
2509 4639 2807 4712 placuerit,
2840 4639 2933 4693 hic
2975 4651 3200 4692 mecum
3249 4633 3437 4689 vivere
3468 4629 3816 4694 concedant,

2106 4738 2396 4806 quatenus
2427 4730 2564 4787 dum
2599 4745 2699 4786 vos
2746 4728 2937 4783 videre
2987 4741 3274 4794 meruero,
3330 4718 3818 4794 peregrinationis

2108 4830 2322 4880 nostra:
2352 4821 2617 4888 taedium,
2644 4819 2715 4875 de
2744 4822 2956 4873 aeterna
2988 4816 3176 4888 patria
3216 4813 3464 4869 invicem
3495 4807 3816 4880 loquendo,

2107 4913 2448 4969 relevemus.
2485 4935 2505 4964 ι
2549 4909 2804 4978 Denique
2825 4904 3302 4962 studiosissimus
3325 4908 3485 4973 pater
3502 4895 3817 4968 Gregorius

2106 5002 2308 5058 tandiu
2341 5016 2518 5072 penes
2566 4997 2910 5054 Mauricium
2959 4995 3367 5065 imperatorem
3416 4984 3815 5059 suggestioni-

2105 5093 2210 5148 bus
2255 5092 2377 5148 suis
2425 5087 2744 5156 imminuit,
2777 5088 2958 5142 donec
2999 5088 3132 5155 post
3162 5081 3486 5138 multorum
3519 5089 3811 5133 annorum

2105 5182 2394 5239 curricula
2426 5195 2674 5250 magnus
2702 5175 3043 5234 Anastasius
3074 5173 3135 5230 in
3178 5172 3389 5228 throno
3421 5167 3653 5241 preprio
3685 5165 3815 5220 red-

2104 5275 2354 5329 deretur.
2413 5271 2513 5326 Cui
2564 5265 3140 5341 congratulabundus
3189 5259 3511 5332 rescripsit,
3567 5256 3816 5312 dicens:

2104 5387 2131 5413 ‹‹
2166 5363 2358 5419 Gloria
2388 5362 2446 5418 in
2481 5361 2724 5418 excelsis
2775 5359 2909 5428 Deo,
2944 5366 2997 5413 et
3027 5356 3085 5411 in
3119 5359 3276 5411 terra
3317 5367 3427 5423 pax
3472 5345 3818 5405 hominibus

2103 5453 2267 5508 bonae
2297 5449 2630 5512 voluntatis,
2663 5449 2798 5520 quia
2839 5460 3090 5518 magnus
3121 5442 3217 5498 ille
3249 5439 3455 5496 ﬂuvius
3487 5436 3588 5508 qui
3621 5450 3812 5506 quon-

2103 5542 2238 5596 dam
2267 5541 2486 5596 arentia
2516 5536 2832 5594 Antiochias
2873 5551 3008 5592 saxa
3037 5531 3371 5602 reliquerat,
3399 5528 3470 5583 ad
3505 5523 3808 5600 proprium

2101 5629 2329 5690 alveum
2365 5645 2649 5698 reversus,
2679 5627 2972 5699 subjectae
3002 5628 3059 5682 et
3079 5623 3248 5696 juxta
3277 5619 3492 5694 positas
3522 5614 3700 5672 valles
3733 5611 3813 5668 ri-
