4088 6172
295 201 404 261 189

822 199 897 263 -S.
946 200 1317 263 GREGORII
1371 201 1612 264 MAGNI
1664 200 1864 270 VITA,
1914 201 2141 262 AlfCT.
2191 199 2496 262 JOANNE
2543 199 2907 262 DIACONO.
2955 201 3106 261 LIB.
3155 199 3261 261 IV.

3696 201 3809 260 190

280 344 398 409 gat.
436 347 495 394 ut
531 355 708 396 unum
743 338 1122 412 trigesimum,
1157 338 1310 396 aliud
1345 339 1790 411 sexagesimum,
1833 338 1989 394 aliud
2022 341 2073 406 Α
2106 339 2353 408 plevisse
2384 339 2968 408 remissius,nonjam
2990 341 3217 392 tantum
3242 336 3590 405 injustitiam
3623 337 3725 392 sed
3755 342 3817 392 et

277 446 409 486 vero
441 431 821 487 centesimum
853 430 994 486 ferat
1015 430 1295 486 fructum.
1331 453 1355 478 ›·
1389 431 1524 500 (Lib.
1559 447 1612 498 ν,
1642 447 1726 501 ep.
1761 430 1873 497 39.)

2107 429 2537 485 contumaciam
2574 429 2948 484 fraternitatis
2987 432 3099 482 tuae
3130 442 3466 496 cognoscas,
3499 427 3810 494 adjuvante

348 520 438 573 26.
502 520 888 586 Hadrianum,
930 520 1220 576 Thebanis
1262 520 1514 576 civitatis
1568 520 1928 592 episcopum,
1961 534 1997 572 ιι
2104 523 2374 586 Domino,
2399 522 2650 578 severius
2683 521 3060 591 puniendam.
3087 519 3390 574 Prmfatum
3415 535 3548 573 vero
3575 518 3809 573 Hadria-

275 611 499 663 loanne
533 609 728 680 prima:
758 609 1122 668 Justiniante,
1147 613 1203 665 et
1233 610 1415 665 altero
1445 609 1688 675 Joanne,
1718 608 1990 664 Larissaco

276 700 592 769 episcOpis,
617 698 833 768 injuste
850 699 1199 770 depositum,
1227 716 1338 754 non
1377 699 1566 755 solum
1592 699 1716 754 sedi
1754 699 1992 770 propriae

275 787 555 853 reddidit,
587 801 790 842 verum
812 786 984 841 etiam
1017 787 1200 858 ipsius
1232 787 1538 844 ecclesiam
1584 787 1994 856 Romanojure

274 876 615 943 defendens,
659 893 692 931 a
750 876 1014 932 Larissai
1063 876 1316 948 episcopi
1360 881 1639 948 potestate
1691 878 1992 944 subduxit,

276 966 427 1019 inter
476 970 683 1021 cetera
715 966 944 1020 dicens:
982 986 1009 1014 «
1042 966 1402 1022 Hadrianum
1453 967 1792 1038 episcopum
1833 981 1992 1037 repe-

277 1053 493 1119 rimus,
526 1058 582 1109 et
612 1059 711 1109 tuo
755 1058 956 1111 contra
987 1054 1370 1110 sacerdotales
1419 1070 1604 1111 mores
1651 1055 1782 1109 odio
1833 1054 1992 1111 labo-

275 1159 458 1212 rasae,
492 1147 551 1198 et
596 1143 757 1199 nullo
779 1145 916 1214 jure
975 1144 1324 1216 pecuniariis
1355 1144 1412 1199 in
1471 1145 1665 1201 causis
1706 1161 1839 1200 eum
1881 1147 1992 1201 fra-

271 1233 574 1288 ternitatis
606 1239 716 1289 tua
769 1235 1220 1290 condemnatum
1282 1234 1462 1290 fuisse
1512 1237 1816 1291 sententia.
1845 1237 1991 1303 Quia

268 1326 456 1396 igitur
487 1331 545 1382 et
583 1327 656 1381 ab
689 1326 944 1382 antefato
968 1325 1212 1394 Joanne,
1249 1327 1445 1396 prima:
1477 1327 1810 1383 Iustiniano:
1832 1329 1988 1399 epis-

264 1432 440 1485 copo,
473 1424 675 1472 contra
698 1417 799 1487 jus
820 1433 1189 1489 eanonesque
1248 1417 1570 1488 depositus,
1605 1418 1842 1473 honoris
1899 1417 1989 1472 sui

265 1507 456 1578 gradu
493 1522 690 1562 carere
721 1523 838 1563 non
881 1508 1090 1579 potuit,
1122 1508 1182 1563 in
1215 1525 1327 1564 sua
1374 1524 1508 1563 eum
1563 1507 1863 1565 reformari
1895 1523 1988 1563 ec-

262 1596 469 1660 clesia,
515 1603 686 1667 atque
716 1595 772 1650 in
818 1597 1062 1668 pr0priae
1093 1597 1391 1668 dignitatis
1424 1599 1687 1653 ordinem
1739 1598 1990 1654 decrevi-

260 1701 404 1740 mus
437 1686 713 1741 revocari.
749 1687 817 1740 Et
849 1702 978 1740 cum
1014 1687 1366 1757 oportuisset
1397 1696 1447 1742 te
1478 1703 1546 1742 ex
1590 1703 1655 1743 eo
1697 1687 1987 1742 Dominici

261 1775 535 1845 corporis
586 1775 997 1830 communione
1056 1775 1290 1846 privari,
1360 1777 1536 1847 quod,
1589 1776 1989 1832 admonitione

260 1870 496 1920 sancte
556 1867 851 1920 memorias
918 1865 1241 1922 decessoris
1298 1867 1412 1923 mei
1472 1871 1827 1938 contempta,
1890 1883 1989 1938 per

261 1969 449 2025 quam
484 1969 618 2009 eum
642 1953 1061 2025 ecclesiamque
1117 1957 1243 2024 ejus
1299 1957 1370 2012 de
1429 1959 1534 2011 tuae
1578 1955 1988 2026 jurisdictione

260 2044 583 2115 potestatis
620 2044 853 2112 exemit,
887 2061 1090 2100 rursus
1145 2046 1202 2100 in
1235 2046 1317 2101 eis
1349 2045 1566 2117 aliquid
1601 2047 1702 2101 tibi
1749 2047 1900 2116 juris
1929 2049 1988 2102 et

259 2133 515 2189 ditionis
545 2149 773 2190 servare
801 2136 1266 2207 praesumpseris,
1299 2140 1495 2193 tamen
1528 2152 1634 2192 nos
1666 2137 1983 2193 humanius

257 2223 671 2293 decernentes,
701 2224 1254 2297 communionisquc
1287 2225 1389 2280 tibi
1425 2230 1857 2282 sacramentum
1891 2228 1983 2283 in-

255 2313 437 2367 terim
491 2319 918 2380 conservantes,
966 2315 1331 2371 decernimus
1389 2323 1448 2370 ut
1497 2315 1830 2372 fraternitas
1886 2325 1982 2374 tua

257 2403 335 2456 ab
371 2417 440 2457 eo
472 2402 837 2475 ecclesiaque
859 2406 982 2475 ejus
1004 2420 1237 2461 omnem
1253 2409 1386 2461 ante
1410 2406 1618 2462 habitas
1647 2424 1763 2463 suae
1789 2411 1978 2477 potes.

257 2499 446 2547 talem
481 2493 917 2562 jurisdictionis
970 2493 1277 2565 abstineat,
1309 2500 1365 2550 et
1395 2497 1715 2552 secundum
1759 2497 1979 2566 scripta

254 2582 592 2638 decessoris
627 2582 830 2649 nostri,
857 2583 907 2639 si
939 2597 1056 2655 qua
1086 2600 1266 2640 causa
1289 2584 1379 2640 vel
1415 2585 1547 2641 ﬁdei
1578 2585 1664 2642 vel
1711 2585 1976 2642 criminis

252 2671 349 2726 vel
387 2671 750 2742 pecuniaria,
782 2675 1062 2730 adversus
1085 2675 1386 2747 praefatum
1441 2676 1802 2732 Hadrianum
1837 2693 1974 2732 con-

253 2762 628 2818 sacerdotem
656 2772 919 2818 nostrum
944 2766 1195 2834 potuerit
1224 2765 1480 2832 evenire;
1513 2765 1598 2821 vel
1634 2781 1844 2837 pereos
1875 2766 1973 2836 qui

253 2853 449 2907 nostri
483 2857 625 2907 sunt
653 2853 740 2908 vel
797 2851 1009 2909 fuerint
1033 2854 1092 2908 in
1127 2854 1268 2910 urbe
1295 2854 1451 2926 regia
1507 2855 1894 2928 responsales,
1927 2857 1976 2912 si

255 2942 581 2998 mediocris
650 2948 739 2998 est
795 2944 1058 3013 questio,
1135 2953 1552 3014 cognoscatur;
1604 2946 1689 3001 vel
1739 2946 1851 3002 huc
1906 2947 1976 3001 ad

256 3031 649 3103 apostolicam
681 3033 898 3098 sedem,
929 3033 979 3088 si
1023 3038 1112 3089 est
1142 3034 1346 3103 ardua,
1386 3036 1738 3094 deducatur:
1780 3043 1979 3108 quate-

258 3138 379 3177 nus
403 3129 616 3178 nostrm
668 3124 981 3179 audientiae
1026 3125 1313 3180 sententia
1370 3126 1689 3182 decidatur.
1734 3126 1899 3191 Quod
1930 3127 1979 3182 si

258 3217 473 3268 contra
506 3212 628 3267 haec
687 3230 815 3284 quas
861 3215 1203 3278 statuimus,
1255 3215 1514 3286 quolibet
1569 3222 1829 3288 tempore
1878 3233 1977 3272 seu

256 3301 532 3373 qualibet
561 3304 872 3359 occasione
901 3303 986 3358 vel
1021 3305 1381 3378 surreptione
1412 3306 1604 3361 venire
1645 3307 1975 3374 tentaveris,

255 3406 432 3446 sacra
462 3395 522 3446 te
552 3392 707 3446 scias
756 3392 1170 3449 communione
1202 3393 1526 3462 privatum;
1563 3411 1668 3452 nec
1723 3412 1848 3451 eam
1901 3400 1976 3465 te,

253 3484 504 3549 excepto
535 3478 735 3536 ultimo
767 3481 899 3536 vitae
930 3489 1039 3536 tum
1071 3486 1354 3554 tempore,
1388 3484 1501 3539 nisi
1555 3501 1830 3540 concessa
1865 3487 1977 3540 Ro-

254 3569 414 3621 mani
470 3567 766 3636 pontiﬁcis
811 3568 1183 3625 decernimus
1234 3569 1499 3638 jussioue
1545 3573 1814 3643 recipere.
1849 3573 1976 3627 Haec

253 3655 415 3710 enim
443 3671 704 3712 consona
721 3658 937 3714 sanctis
959 3658 1222 3714 Patribus
1241 3659 1578 3716 definitione
1595 3662 1974 3730 sancivimus,

255 3749 317 3798 ut
352 3746 451 3816 qui
505 3746 686 3802 sacris
734 3747 918 3804 nescit
974 3747 1207 3804 obedire
1255 3749 1600 3818 canonibus,
1634 3767 1738 3806 nec
1797 3752 1978 3807 sacris

253 3835 677 3893 administrare
723 3837 810 3892 vel
861 3839 1324 3894 communionem
1386 3856 1589 3910 capere
1630 3840 1705 3896 sit
1761 3841 1974 3912 dignu

256 3922 570 3980 altaribus.
605 3945 634 3973 ιο
668 3925 784 3984 Lib.
817 3942 904 3987 ιιι.
937 3943 1019 3998 ep.
1052 3929 1130 3997 7.)

328 4014 476 4069 Item
509 4014 745 4084 Joanni,
777 4018 1045 4088 episcopo
1108 4017 1309 4089 prima:
1337 4019 1713 4077 Justinianae:
1751 4042 1778 4070 «
1837 4025 1976 4078 Post

255 4104 460 4176 longas
479 4105 892 4164 tribulationes
905 4124 1055 4180 quas
1073 4108 1403 4167 Hadrianus
1418 4110 1710 4168 Thebanae
1725 4112 1974 4168 civitatis

258 4197 591 4268 episcopus,
622 4215 655 4254 a
684 4202 1198 4258 consacerdotibus
1229 4203 1354 4260 suis
1385 4202 1543 4258 velut
1591 4203 1662 4259 ab
1707 4204 1972 4261 hostibus

257 4287 517 4356 pertulit,
579 4288 638 4343 in
685 4289 1003 4348 Romanam
1060 4292 1352 4349 civitatem
1401 4295 1682 4366 confugit.
1729 4298 1794 4348 Et
1838 4294 1973 4351 licet

256 4384 532 4432 adversus
563 4377 867 4448 Joannem,
890 4381 1232 4438 Larissaum
1266 4383 1630 4454 episcopum,
1663 4385 1818 4439 140
1841 4385 1969 4455 ejus

2107 628 2270 679 num,
2306 613 2538 667 fratrem
2572 620 2625 666 et
2674 610 3078 680 coepisCOpum
3114 612 3400 672 nostrum,
3432 623 3501 661 ex
3547 613 3647 661 tua
3677 623 3814 662 sen-

2103 703 2306 767 tentia,
2368 705 2430 756 ut
2492 701 2771 768 diximus,
2824 716 3191 770 nequaquam
3242 700 3567 754 canonibus
3626 713 3816 767 neque

2101 790 2326 862 legibus
2356 791 2719 847 subsistente
2743 791 3109 856 damnatum,
3135 791 3190 843 in
3217 806 3392 844 suum
3431 790 3618 843 locum
3646 793 3820 857 atque

2103 881 2363 935 ordinem
2400 880 2628 948 reverti,
2661 879 2892 934 Christo
2923 878 3266 945 comitante,
3314 877 3730 947 disponimus:
3765 883 3827 930 ut

2103 985 2209 1025 nec
2241 969 2324 1024 illi
2357 969 2736 1024 fraternitatis
2768 973 2879 1023 tua;
2932 972 3136 1024 noceat
3165 977 3365 1024 contra
3405 967 3649 1037 justitim
3704 971 3792 1020 tra

2103 1059 2302 1115 mitem
2351 1058 2578 1130 prolata
2627 1059 2937 1124 sententia,
2971 1073 3077 1114 nec
3128 1057 3379 1112 cbaritas
3428 1063 3529 1111 tua
3571 1073 3672 1127 pro
3697 1056 3818 1126 pla-

2099 1149 2286 1204 canda
2317 1149 2492 1203 futuri
2543 1147 2946 1218 indignatione
2983 1147 3210 1215 judicia
3261 1145 3582 1201 incorrecta
3636 1161 3824 1199 rema-

2102 1247 2248 1293 neat.
2277 1260 2304 1287 »
2336 1237 2478 1309 (Lib.
2506 1254 2589 1303 ιιι,
2636 1254 2722 1307 ep.
2743 1237 2820 1306 6.)

2168 1331 2257 1382 27.
2293 1329 2438 1384 Hinc
2470 1335 2558 1384 est
2599 1329 2779 1400 quod,
2811 1328 3073 1399 exceptis
3116 1326 3486 1392 criminibus,
3520 1326 3815 1380 neminem

2099 1419 2465 1474 sacerdotum
2510 1418 2826 1489 Gregorius
2877 1417 3218 1488 deponebat,
3253 1415 3370 1470 imo
3405 1432 3504 1486 pro
3563 1414 3816 1485 qualita-

2097 1510 2256 1564 tibus
2309 1509 2650 1564 delictorum
2703 1507 3009 1563 venialiter
3061 1506 3474 1561 communione
3525 1505 3806 1575 privabat.

2099 1597 2262 1653 Unde
2291 1598 2523 1666 Joanni,
2544 1598 2810 1668 episcopo
2838 1596 3268 1667 Callipolitano,
3297 1600 3423 1664 post
3447 1593 3644 1664 aliqua
3667 1593 3814 1648 scri-

2099 1685 2266 1755 bens,
2301 1688 2416 1742 ait:
2452 1709 2480 1737 «
2517 1686 2876 1741 Matriculam
2911 1701 3087 1756 quam
3123 1685 3301 1740 frater
3352 1692 3407 1740 et
3437 1687 3814 1754 coepiscopus

2103 1783 2295 1834 noster
2319 1779 2604 1844 Andreas,
2637 1778 2998 1833 Tarentinus
3029 1777 3361 1848 episcopus,
3396 1774 3530 1829 fecit
3561 1773 3814 1828 fustibus

2099 1869 2391 1938 castigari,
2445 1869 2709 1938 quamvis
2769 1868 2976 1923 exinde
3036 1871 3163 1937 post
3212 1874 3337 1921 octo
3382 1881 3612 1919 menses
3663 1863 3813 1919 hanc

2099 1959 2314 2014 obiisse
2348 1975 2462 2014 non
2513 1958 2842 2022 credamus,
2876 1961 3094 2021 tamen,
3127 1955 3261 2025 quia
3291 1971 3416 2009 eam
3445 1960 3647 2010 contra
3680 1969 3808 2024 pro-

2098 2049 2269 2118 positi
2328 2048 2414 2102 sui
2472 2048 2735 2103 ordinem
2787 2045 3131 2116 bujusmodi
3192 2045 3328 2100 fecit
3355 2044 3811 2116 attligi,duobus

2095 2139 2251 2195 hunc
2271 2139 2572 2196 mensibus
2593 2156 2624 2194 a
2649 2139 2966 2194 missarum
2991 2136 3362 2192 solemnitate
3392 2135 3709 2206 suspende,
3745 2141 3808 2190 ut

2092 2228 2179 2284 vel
2220 2229 2341 2285 bch
2388 2245 2520 2285 cum
2569 2227 3198 2298 verecundia,qualem
3225 2241 3286 2280 se
3327 2227 3398 2281 de
3455 2230 3659 2280 caetero
3709 2240 3806 2278 ex-

2092 2319 2294 2374 hibere
2326 2319 2530 2390 possit,
2565 2318 2855 2372 instituat.
2893 2340 2921 2368 ››
2955 2317 3098 2390 (Lib.
3136 2332 3217 2381 ιιι,
3249 2332 3334 2387 ep.
3366 2314 3482 2383 46.)

2161 2408 2250 2463 28.
2275 2409 2335 2462 Si
2385 2408 2620 2478 quando
2659 2423 2834 2478 super
2867 2407 3242 2462 sacerdotum
3284 2403 3632 2459 criminibus
3680 2407 3804 2458 erat

2090 2497 2311 2569 aliquid
2347 2498 2766 2562 ventilandum,
2799 2513 2933 2551 cum
2959 2512 3187 2552 summa
3209 2494 3594 2557 districtione,
3623 2509 3796 2563 gran-

2093 2589 2266 2658 dique
2299 2587 2525 2642 cautela
2556 2586 2872 2658 Gregorius
2904 2586 3373 2655 uniuscujusque
3403 2583 3642 2654 capituli
3679 2599 3797 2636 mo-

2087 2677 2253 2732 dolos
2296 2692 2582 2747 quaerens,
2644 2675 2992 2730 sententiam
3039 2690 3208 2728 suam
3255 2673 3442 2742 magis
3482 2670 3794 2725 difficulter

2087 2782 2259 2838 quam
2293 2765 2538 2822 faciliter
2563 2764 2989 2837 promulgabat.
3025 2763 3185 2819 Unde
3222 2761 3433 2829 Natali,
3455 2759 3793 2818 Salonitano

2087 2860 2377 2930 episc0po,
2413 2857 2697 2926 scribens,
2731 2857 2846 2911 ait:
2883 2878 2910 2905 «
2942 2857 3082 2910 Cum
3116 2864 3325 2910 cuncta
3347 2853 3596 2924 negotia,
3629 2852 3796 2905 inda-

2089 2949 2289 3020 gandae
2338 2947 2723 3003 sollicitudine
2747 2945 3007 3001 veritatis
3037 2945 3356 3014 indigeant,
3399 2948 3522 2997 tum
3556 2957 3678 3009 quae
3724 2940 3794 2994 ad

2092 3038 2473 3108 dejectionem
2507 3035 2953 3091 sacerdotalium
2992 3035 3280 3106 pertinent
3319 3033 3628 3104 graduum,
3663 3034 3803 3084 sunt

2093 3127 2418 3183 districtius
2436 3127 2801 3192 trutinanda;
2837 3126 2894 3179 in
2923 3125 3130 3194 quibus
3155 3139 3266 3178 non
3292 3127 3407 3177 tam
3431 3122 3500 3176 de
3525 3119 3798 3176 humanis

2091 3217 2421 3273 constitutis
2440 3233 2616 3287 quam
2641 3217 2710 3270 de
2734 3215 2940 3270 divinae
2959 3213 3214 3284 quodam
3240 3213 3412 3267 modo
3435 3208 3794 3266 benedictio-

2091 3309 2182 3364 nis
2205 3308 2589 3378 refragatione
2620 3310 2921 3360 tractatur.
2947 3303 3288 3359 Nuntiatum
3313 3301 3600 3372 siquidem
3628 3297 3796 3354 nobis

2089 3407 2171 3453 est
2204 3397 2583 3462 Florentium,
2616 3393 3044 3466 Epidauritanaa
3094 3391 3344 3447 civitatis
3374 3389 3736 3460 episcopum,
3767 3404 3799 3440 a

2088 3489 2436 3562 quibusdam
2473 3487 2654 3542 fuisse
2683 3485 2741 3540 in
2774 3484 2966 3540 causis
2998 3482 3402 3539 criminalibus
3433 3483 3797 3546 accusatum,

2088 3585 2163 3646 et,
2197 3579 2373 3635 nullis
2401 3576 2697 3632 canonicis
2730 3573 3177 3645 probationibus
3211 3569 3532 3640 exquisitis,
3566 3583 3671 3624 nec
3702 3585 3798 3623 sa-

2092 3667 2401 3724 cerdotalis
2431 3665 2659 3723 consilii
2695 3664 3081 3737 praeveniente
3111 3662 3354 3730 judicio,
3387 3675 3515 3714 eum
3561 3656 3798 3712 honoris

2087 3759 2278 3815 officio
2303 3758 2587 3827 nonjure,
2616 3755 2715 3810 sed
2747 3753 3092 3808 auctoritate
3115 3750 3464 3821 depositum.
3489 3747 3632 3812 Quia
3663 3761 3797 3816 ergo

2088 3867 2203 3907 non
2230 3853 2412 3920 potest
2436 3861 2779 3919 quemquam
2795 3845 2866 3899 ab
2885 3844 3255 3914 episcopatus
3271 3841 3476 3911 gradu,
3494 3840 3602 3894 nisi
3617 3839 3798 3908 justis

2087 3956 2154 3996 ex
2183 3939 2400 4006 causis,
2434 3951 2678 3993 concors
2708 3934 3068 3988 sacerdotum
3093 3944 3457 3985 summovere
3484 3927 3792 3994 sententia,

2087 4032 2388 4087 hortamur
2407 4023 2828 4081 fraternitatem
2849 4026 3103 4078 vestram
3129 4020 3506 4089 ntpraefatum
3523 4016 3710 4071 virum
3730 4030 3797 4068 ex

2087 4120 2295 4176 eodem
2320 4117 2379 4172 in
2403 4116 2555 4187 quod
2589 4115 2862 4170 detrusus
2884 4115 2973 4167 est
3002 4109 3132 4181 ejici
3165 4109 3388 4163 faciatis
3420 4104 3614 4170 exilio,
3654 4120 3800 4158 cau-

2083 4224 2329 4281 samque
2358 4208 2488 4278 ejus
2545 4201 2863 4274 episcopali
2896 4197 3316 4272 disceptatione
3347 4195 3638 4268 perquiri;
3667 4199 3724 4248 et
3747 4193 3794 4248 si

2083 4301 2141 4356 in
2174 4299 2267 4354 his
2287 4299 2344 4353 in
2380 4295 2595 4369 quibus
2618 4297 2924 4350 accusatur
2944 4291 3222 4347 canonica
3252 4287 3428 4342 fuerit
3459 4283 3796 4356 probatione

2083 4389 2405 4457 convictus,
2428 4384 2708 4443 canonica
2741 4382 2939 4454 procul
2973 4379 3147 4435 dubio
3167 4385 3252 4434 est
3285 4377 3503 4433 ultione
3535 4375 3794 4447 plecten-

257 4466 463 4522 fuisset
492 4467 677 4536 prima
697 4471 1016 4542 suggestio,
1049 4488 1164 4528 non
1196 4473 1268 4528 ab
1297 4488 1363 4528 eo
1389 4474 1447 4528 in
1481 4474 1672 4529 causis
1705 4475 1974 4546 pecunia-
2007 4460 2051 4525 Ι)
2083 4479 2213 4534 dus.
2249 4477 2408 4543 Quod
2445 4477 2492 4531 si
2518 4475 2630 4530 alia
2661 4489 2834 4544 quam
2870 4472 2940 4527 de
2972 4486 3038 4526 eo
3082 4469 3428 4524 aestimatum
3488 4470 3577 4521 est
3633 4480 3800 4533 syno-

259 4555 377 4622 riis,
429 4557 740 4613 reservatis
791 4561 1019 4631 legibus
1076 4566 1166 4616 est
1206 4563 1562 4632 judicatum:
1608 4566 1799 4619 tamen
1844 4569 1974 4634 post

261 4647 369 4702 haec
402 4646 595 4721 magis
625 4655 827 4707 contra
849 4668 1154 4720 personam
1204 4655 1579 4711 fraternitatis
1629 4661 1764 4725 tum,
1797 4674 1829 4711 a
1859 4674 1973 4726 qua

257 4751 367 4793 non
392 4738 553 4808 juste
586 4754 646 4795 se
687 4756 719 4795 a
757 4743 1063 4799 sacerdotii
1104 4746 1285 4815 gradu
1330 4745 1629 4817 flagitabat
1685 4762 1812 4802 esse
1867 4747 1972 4802 de-

249 4825 486 4895 jectum,
547 4829 894 4899 gravissime
952 4833 1320 4904 querebatur.
1359 4857 1386 4884 »
1407 4835 1468 4890 Et
1501 4835 1683 4891 infra:
1720 4859 1747 4886 «
1807 4835 1968 4898 Quod

259 4929 413 4982 vero,
445 4916 668 4987 inquit,
700 4918 768 4972 ad
795 4935 1050 4989 praesens
1082 4922 1310 4986 attinet,
1341 4925 1585 4979 cassatis
1609 4923 1766 4995 prius
1799 4929 1971 4994 atque

259 5005 324 5059 ad
350 5004 600 5062 nihilum
633 5007 879 5064 redactis
911 5012 1197 5081 praedicta:
1227 5016 1529 5068 sententia:
1561 5019 1670 5069 tuae
1701 5014 1967 5080 decretis,

257 5107 320 5148 ex
341 5096 496 5151 beati
519 5095 675 5152 Petri
717 5101 1113 5170 apostolorum
1164 5102 1448 5172 principis
1497 5102 1834 5158 auctoritate
1877 5103 1971 5159 de-

261 5183 553 5239 cernimus
574 5186 811 5257 triginta
825 5189 1053 5245 dierum
1077 5191 1264 5261 spatio
1287 5208 1452 5247 sacra
1482 5197 1538 5246 te
1559 5193 1972 5248 communione

261 5271 573 5342 privatum,
603 5275 677 5329 ab
696 5277 1094 5348 omnipotente
1124 5279 1238 5336 Deo
1269 5288 1466 5337 nostro
1495 5282 1644 5338 tanti
1698 5298 1972 5338 excessus

262 5360 479 5416 veniam
515 5378 653 5418 cum
683 5381 910 5421 summa
942 5368 1278 5438 pmnitentia
1306 5386 1375 5425 ac
1409 5369 1680 5441 lacrymis
1711 5387 1968 5427 exorare.

260 5449 422 5512 Quod
452 5452 500 5506 si
534 5452 684 5508 hanc
713 5458 1064 5513 sententiam
1105 5464 1366 5516 nostram
1398 5465 1454 5516 te
1494 5462 1829 5532 cognovarie
1861 5461 1971 5516 im-

2083 4569 2200 4624 dali
2235 4568 2403 4622 fuerit
2433 4563 2821 4636 inquisitione
2863 4564 3252 4632 compertum,
3285 4571 3514 4613 necesse
3545 4563 3630 4611 est
3661 4559 3723 4608 ut
3745 4561 3798 4607 et

2083 4655 2512 4717 criminatores,
2537 4651 2684 4722 justi
2715 4649 3139 4706 districtionem
3164 4645 3316 4716 juris
3341 4643 3709 4706 exhorreant,
3743 4648 3798 4696 et

2082 4743 2455 4800 incriminato
2478 4739 2825 4796 innocentiae
2859 4755 2978 4795 suis
3005 4741 3311 4793 serventur
3343 4732 3566 4789 illibata
3587 4729 3795 4786 suffra-

2081 4833 2194 4904 gia.
2255 4830 2662 4886 Executionem
2713 4843 2844 4883 vero
2909 4826 3144 4882 antefati
3204 4822 3420 4895 negotii
3478 4821 3790 4880 Antonino,

2080 4921 2438 4977 subdiacono
2473 4924 2686 4989 nostro,
2721 4933 2791 4974 ex
2833 4920 3031 4972 nostra
3088 4911 3469 4985 praeceptione
3501 4905 3794 4963 mandavi-

2082 5026 2235 5075 mus,
2256 5010 2402 5064 141
2442 5014 2734 5079 quatenus
2755 5009 2884 5076 ejus
2916 5004 3220 5071 instantia,
3248 5005 3304 5055 et
3334 5014 3461 5068 quis
3492 5004 3628 5052 sunt
3656 4995 3792 5067 legi.

2083 5100 2194 5155 bus
2215 5099 2512 5154 canonicis
2538 5099 2751 5170 placita
2772 5097 3179 5157 decernantur,
3211 5095 3265 5144 et
3287 5089 3534 5152 decreta,
3558 5087 3797 5155 juvante

2080 5189 2347 5258 Domino,
2381 5188 2788 5259 mancipantur
2816 5181 3064 5241 etleclui.
3100 5201 3128 5229 »
3167 5180 3308 5251 χιιι).
3337 5193 3421 5245 ιιι,
3453 5194 3538 5250 ep.
3571 5177 3652 5249 8.)

2160 5281 2305 5336 Item
2359 5278 2719 5345 Constantio,
2772 5275 3040 5345 episcopo
3101 5268 3552 5326 Mediolanensi:
3607 5290 3635 5319 ‹‹
3684 5267 3788 5323 Re-

2081 5370 2246 5427 lectis
2259 5369 2518 5440 epistolis
2533 5383 2679 5437 quas
2701 5367 2771 5420 ad
2803 5379 2906 5418 nos
2921 5363 3000 5433 (α)
3019 5378 3120 5434 per
3146 5358 3792 5416 Mariuianumlatorem

2084 5460 2455 5533 praesentium
2470 5461 2632 5513 trans
2642 5453 2905 5524 misistis,
2921 5457 3143 5526 gratam
3158 5451 3326 5508 nobis
3339 5449 3790 5507 sollicitudinem

350 5613 837 5707 “lxifj'ig‘lp‘gitur
858 5619 1234 5707 bacnomen.
1266 5627 1589 5700 ln_Reg.B.
1627 5626 1815 5686 Mariae
1852 5625 2038 5707 Paris,
2068 5630 2127 5683 et
2175 5624 2387 5696 Bigot.,
2416 5639 2514 5696 per
2564 5623 2868 5681 Marinum.
2903 5622 2966 5680 1n
3014 5621 3267 5694 vulgatis
3301 5635 3399 5691 per
3447 5615 3788 5684 Marianum,

330 5614 408 5740 se)
422 5614 595 5674 Varie
624 5616 837 5692 legitur
858 5619 984 5680 hoc.
998 5638 1234 5706 nomen.

264 5699 327 5742 ve
353 5727 370 5756 ,
407 5702 541 5746 cum
570 5689 758 5763 0011).,
785 5707 886 5764 per
926 5694 1266 5754 ﬂammam.
