4106 6174
318 177 421 241 191

857 190 922 252 S.
972 193 1338 255 GBEGORlI
1388 195 1636 256 MAGNI
1694 194 1905 268 VI'l‘A,
1953 194 2182 258 AUCT.
2232 192 2533 255 JOANNE
2581 189 2948 253 DlAOONO.
2999 187 3142 250 LIB.
3191 184 3288 249 ιν.

3717 177 3836 240 192

309 333 556 383 vestram
590 328 768 389 fuisse
799 336 1223 406 rescripsimus,
1258 341 1404 410 quod
1441 357 1506 395 ea
1536 358 1662 412 qua:
1699 340 1764 394 ad
1802 357 1906 394 nos
1938 339 2007 393 de
2038 345 2094 410 Α
2125 338 2307 393 tentia
2337 336 2568 392 recitata
2595 340 2704 391 est.
2729 334 2889 401 Quod
2922 332 2969 388 si
3001 332 3144 386 forte
3177 328 3293 384 haec
3341 321 3680 381 solemniter
3710 323 3842 375 acta

313 414 486 516 fratre
517 425 571 474 et
592 424 929 496 coepiscopo
959 434 1151 484 nostro
1184 430 1472 501 Pompeio,
1508 431 1604 500 qui
1633 431 1823 484 adhuc
1855 448 1887 484 a
1920 446 2017 483 no-

313 505 399 604 bis
443 513 529 606 ita
575 517 663 565 est
707 516 1125 585 nominandus,
1187 526 1590 590 pervenerunt,
1643 519 2016 576 dissimulare

312 603 553 652 minime
595 603 939 670 pertulistis.
974 606 1078 662 Sed
1132 608 1321 676 qualis
1373 609 1480 663 fuit
1519 610 1575 663 in
1638 608 2016 679 requisitions

309 696 468 752 cura,
495 687 540 740 si
576 689 710 746 talis
744 693 942 748 fuisset
967 699 1022 748 in
1051 697 1420 753 discussione
1453 698 1917 764 subtilitas,nihil
1945 712 2014 750 ex

311 772 417 827 hoc
441 778 592 846 quod
635 779 704 835 de
744 797 808 836 eo
851 783 1071 839 dictum
1118 792 1204 840 est
1253 787 1459 842 fuisset
1516 787 1876 858 ambiguum,
1912 786 2012 841 sed

312 865 507 918 utrum
535 881 734 923 verum
759 886 831 924 an
854 887 981 927 esse
1003 876 1392 944 compositum
1414 876 1713 947 patuisset.
1731 876 2010 946 Quiajam

311 959 513 1054 contra
540 959 732 1054 ipsum
765 961 987 1016 dudum
1020 962 1078 1018 in
1112 964 1311 1019 Sicilia
1343 967 1494 1036 apud
1528 967 1852 1021 reverendae
1888 979 2011 1019 me-

311 1044 505 1141 moriis
557 1044 793 1102 fratrem
849 1057 1114 1107 nostrum
1164 1054 1610 1122 Maximianum,
1645 1056 2010 1125 episcopum,

307 1129 442 1232 talis
456 1137 718 1232 questio,
748 1143 809 1192 ut
826 1144 1226 1211 cognovimus,
1253 1155 1407 1200 mota
1429 1152 1538 1200 est.
1563 1145 1668 1200 Sed
1687 1146 1818 1215 quia
1834 1161 2012 1201 causa

307 1227 494 1289 ipsius
542 1227 740 1282 subtili
772 1231 1011 1286 omnino
1044 1235 1487 1307 investigatione
1509 1237 1752 1306 quaesita
1783 1242 1892 1301 est,
1918 1235 2009 1289 in-

307 1317 512 1367 ventus
545 1321 632 1370 est
662 1317 962 1388 innocens,
991 1325 1088 1394 qui
1109 1325 1292 1380 fuerat
1315 1335 1622 1380 accusatus
1655 1327 1709 1378 in
1736 1326 2003 1380 crimine.

307 1398 468 1455 Nunc
502 1405 696 1474 igitur,
731 1411 1004 1479 quoniam
1031 1412 1129 1468 illa
1161 1431 1287 1485 quae
1312 1421 1514 1470 contra
1537 1430 1671 1469 eum
1695 1415 1848 1469 dicta
1872 1422 2011 1468 sunt

309 1506 422 1545 non
455 1495 565 1548 sub
599 1495 697 1551 illa
728 1514 842 1569 qua
872 1502 1442 1560 decuitdistrictione
1474 1506 1722 1577 quesita
1765 1509 1923 1570 sunt,
1955 1507 2011 1559 et

307 1587 606 1654 gestaquae
628 1588 832 1644 exinde
853 1593 1001 1662 apud
1031 1594 1446 1650 fraternitatem
1471 1609 1718 1650 vesuram
1751 1594 2012 1649 confecta

2124 445 2236 483 non
2263 434 2415 492 sunt,
2452 440 2640 497 neque
2663 441 2840 479 causa
2864 423 3105 493 probata
3145 423 3235 474 est
3264 433 3390 488 quas
3419 412 3589 470 exilio
3623 409 3705 466 vel
3737 409 3838 465 de-

2124 521 2410 593 positione
2431 520 2607 590 digna
2638 519 2735 578 sit.
2770 517 2829 572 in
2860 513 3172 570 Ecclesium
3206 525 3372 565 suam
3411 507 3598 563 modis
3649 502 3835 558 omni~

2125 611 2231 667 bus
2265 617 2574 666 revocetur.
2615 630 2639 661 ι
2673 607 2816 679 (Lib.
2855 622 2978 674 xm,
3012 620 3096 674 ep.
3131 604 3243 670 45.)

2191 702 2280 757 29.
2314 700 2729 757 Auctoritatem
2773 694 3166 769 quorumlibet
3197 704 3565 748 summorum
3602 684 3844 756 pontifi-

2122 806 2252 845 cum
2286 789 2596 862 Gregorius
2649 785 3010 844 auctoritatis
3060 798 3180 838 suss
3226 776 3627 850 magnitudine
3675 772 3840 829 nullo

2123 881 2293 935 modo
2326 879 2646 945 minuebat,
2680 877 2816 949 quin
2843 873 3039 948 potius
3065 868 3464 939 multipliciter
3504 864 3838 921 roborabat.

2121 969 2188 1025 Et
2209 970 2478 1041 quamvis
2510 970 2660 1024 inter
2680 964 3003 1038 culpabiles
3035 960 3438 1019 auctoritatem
3488 956 3578 1011 sui
3620 954 3842 1026 priora-

2121 1067 2212 1114 tus
2271 1063 2632 1131 agnosceret,
2666 1062 2860 1112 tamen
2919 1053 3073 1109 inter
3120 1052 3382 1106 insontes
3429 1045 3732 1118 episcopos
3777 1057 3838 1098 se

2122 1150 2417 1220 praebebat
2447 1165 2686 1220 prorsus
2721 1143 3026 1214 aequalem.
3059 1143 3420 1212 Quapropter
3468 1133 3703 1201 Joanni,
3735 1133 3837 1205 Sy-

2121 1255 2404 1295 racusano
2435 1239 2728 1310 episcopo,
2764 1237 2911 1290 inter
2953 1237 3161 1289 caetera
3182 1230 3448 1285 scribens
3477 1225 3593 1280 ait:
3627 1222 3832 1287 «Quod

2119 1332 2339 1404 primas
2372 1329 2705 1391 Bizacenus,
2740 1326 2914 1382 asuis
2946 1322 3234 1396 episcopis
3258 1317 3586 1388 impetitus,
3617 1331 3680 1371 se
3709 1311 3834 1369 sedi

2118 1417 2445 1488 apostolicae
2463 1417 2607 1472 dicit
2637 1417 2871 1486 subjici,
2907 1414 2954 1468 si
2984 1429 3096 1481 qua
3124 1411 3297 1481 culpa
3324 1407 3383 1463 in
3416 1407 3706 1477 episcopis
3739 1404 3838 1458 in-

2124 1508 2373 1574 venitur,
2403 1508 2596 1563 nescio
2630 1509 2760 1576 quis
2791 1506 2841 1560 ei
2883 1502 3196 1574 episcopus
3233 1498 3531 1568 subjectus
3573 1510 3686 1549 non
3731 1491 3833 1550 sit.

2119 1598 2259 1652 Cum
2292 1614 2424 1652 vero
2473 1596 2645 1667 culpa
2693 1611 2808 1649 non
2855 1593 3277 1661 exigit,omnes
3319 1584 3573 1657 episcopi
3623 1598 3834 1639 secun-

308 1683 686 1783 iujljjlegue
716 1680 783 1733 ad
826 1682 1364 1783 condemnationem
1414 1701 1599 1755 neque
1653 1686 1722 1740 ad
1771 1683 1998 1738 absolu-
2044 1718 2090 1783 Β
2121 1687 2259 1741 dum
2281 1687 2564 1741 rationem
2593 1682 2951 1739 humilitatis
2983 1677 3233 1750 aequales
3257 1689 3479 1730 sumus.
3518 1692 3545 1723 »
3581 1675 3648 1728 Et
3670 1676 3838 1727 caete-

307 1765 522 1862 tionem
556 1765 683 1862 eius
715 1770 1029 1838 probantur
1061 1790 1228 1844 posse
1264 1775 1553 1841 sufficere,
1586 1791 1698 1830 non
1735 1774 1877 1830 levis
1924 1790 2012 1830 res

307 1855 498 1922 agitur
529 1861 590 1909 ut
621 1855 847 1914 incaute
879 1861 964 1916 vel
998 1862 1055 1916 in
1117 1867 1456 1919 transcursu
1517 1865 1722 1920 debeat
1754 1863 2011 1920 definiri.

310 1939 457 2038 {iam
487 1959 660 2014 grave
685 1951 772 2002 est
801 1953 945 2038 satis
969 1957 1025 2006 et
1056 1953 1325 2008 indecens
1357 1962 1436 2019 ut,
1467 1957 1522 2008 in
1555 1971 1615 2009 re
1645 1953 2017 2021 dubia,eerta

309 2029 540 2088 dicatur
569 2036 874 2092 sententia.
909 2038 976 2093 Et
1008 2039 1126 2095 haac
1157 2041 1383 2112 quidem
1407 2047 1572 2112 gesta
1601 2057 1726 2097 esse
1751 2045 2016 2113 poterant

310 2117 384 2172 ad
415 2120 807 2179 definiendum
847 2128 1074 2197 idonea,
1108 2129 1156 2184 si
1188 2133 1447 2186 accusati
1478 2146 1541 2185 ea
1590 2133 1880 2186 confessio
1923 2147 2018 2187 se-

309 2216 600 2279 queretur,
625 2213 671 2267 si
703 2220 898 2271 tamen
943 2221 1208 2274 eamdem
1240 2221 1670 2276 confessionem
1717 2221 2015 2276 subtilitas

310 2299 593 2357 examinis
625 2318 693 2358 ex
734 2305 970 2362 occultis
1016 2308 1267 2376 eliceret,
1302 2317 1357 2366 et
1388 2327 1501 2365 non
1557 2310 1794 2366 afflictio
1843 2309 2012 2365 vehe-

311 2405 475 2446 mens
505 2398 891 2467 extorqueret,
925 2413 1052 2468 quaa
1088 2401 1413 2470 frequenter
1434 2399 1541 2455 hoc
1564 2401 1684 2472 agit
1723 2406 1786 2454 ut
1816 2401 2017 2456 noxios

310 2495 372 2534 se
395 2481 556 2536 fateri
585 2484 757 2539 etiam
790 2488 1308 2557 coganturinnoxi.
1334 2489 1478 2544 Nam
1523 2497 1833 2560 postquam
1872 2505 2016 2561 prm-

311 2568 464 2623 fatus
493 2569 821 2642 episcOpus,
847 2580 906 2629 ut
936 2575 1170 2640 dicitur,
1197 2577 1442 2632 cruciari
1485 2577 1765 2644 custodia,
1786 2595 2017 2634 crema-

309 2657 474 2728 rique
502 2660 653 2716 tame
674 2678 734 2717 se
765 2665 988 2734 asserit,
1021 2671 1166 2721 scire
1196 2667 1440 2731 debetis,
1466 2668 1512 2721 si
1556 2669 1638 2722 ita
1669 2673 1776 2734 est,
1817 2674 2013 2724 utrum

309 2755 531 2817 noceat,
593 2751 640 2806 si
699 2754 783 2809 sic
855 2755 1029 2811 fuerit
1092 2762 1312 2812 extorta
1380 2758 1688 2814 confessio.
1738 2757 2014 2829 Nunquid

309 2841 544 2907 quando
592 2846 945 2900 sententiam
987 2845 1132 2901 tales
1182 2863 1376 2903 causa
1431 2849 1781 2920 suscipiunt,
1833 2857 1886 2903 et
1943 2849 2010 2904 ad

308 2929 506 2983 sedem
535 2932 911 3000 apostolicam
958 2935 1306 3006 appellatur,
1341 2953 1454 2992 non
1503 2946 1554 2992 et
1596 2953 1843 3006 persona
1889 2954 2016 3009 quas

301 3018 602 3088 judicatur
624 3039 876 3092 praesens
897 3030 1006 3094 est,
1033 3028 1544 3083 utdistrictissime
1566 3034 1738 3098 atque
1759 3029 1830 3084 ab
1854 3027 2012 3082 omni

2129 1793 2210 1832 ra.
2245 1777 2387 1846 (Lib.
2414 1791 2492 1845 ιι,
2532 1792 2617 1846 ep.
2656 1774 2768 1844 12.)

2197 1867 2340 1920 Item
2367 1867 2423 1920 in
2458 1865 2603 1920 libro
2646 1861 2878 1934 Regula:
2920 1856 3269 1915 Pastoralis:
3297 1876 3325 1906 α
3359 1854 3585 1924 Liquet,
3617 1851 3832 1922 inquit,

2128 1956 2279 2026 quod
2303 1968 2504 2009 omnes
2537 1951 2800 2006 homines
2835 1953 3040 2004 natura
3075 1943 3328 2016 aequales
3357 1940 3578 2012 genuit,
3606 1939 3703 1994 sed
3735 1955 3834 1994 va-

2127 2043 2313 2099 riante
2343 2043 2671 2098 meritorum
2701 2038 2925 2106 ordine,
2957 2035 3103 2092 alios
3136 2033 3264 2089 aliis
3311 2033 3485 2102 culpa
3515 2029 3835 2101 postponit.

2129 2132 2258 2204 Ipsa
2299 2141 2489 2187 autem
2532 2129 2837 2186 diversitas
2857 2143 2982 2199 qua
3006 2123 3246 2181 accessit
3269 2138 3339 2178 ex
3359 2120 3496 2175 vitio
3521 2117 3834 2187 divinoju-

2127 2222 2279 2278 dicio
2310 2222 2702 2290 dispensatur,
2736 2224 2802 2274 ut
2853 2217 2992 2289 quia
3021 2214 3209 2271 omnis
3252 2212 3427 2266 homo
3475 2223 3633 2279 aeque
3681 2204 3838 2262 stat-0

2130 2326 2244 2365 non
2275 2310 2441 2377 valet,
2489 2308 2635 2365 alter
2676 2310 2910 2378 regatur
2938 2304 3010 2360 ab
3055 2302 3256 2358 altero.
3289 2298 3451 2354 Unde
3497 2293 3690 2352 cuncti
3735 2291 3836 2364 qui

2130 2404 2385 2470 praesunt
2416 2415 2530 2453 non
2574 2398 2634 2452 in
2695 2412 2758 2452 se
2797 2395 3010 2450 debent
3066 2393 3408 2463 potestatem
3456 2383 3700 2450 ordinis,
3735 2382 3836 2438 sed

2128 2488 2515 2560 aequalitatem
2540 2501 2789 2560 pensare
2820 2481 3197 2548 conditionis,
3230 2494 3336 2535 nec
3364 2489 3602 2548 pressae
3633 2489 3695 2529 se
3725 2471 3837 2527 ho-

2130 2579 2390 2633 minibus
2419 2577 2734 2649 gaudeant,
2761 2574 2860 2630 sed
2896 2571 3197 2644 prodesse.
3229 2565 3458 2637 Antiqui
3490 2564 3704 2620 etenim
3726 2561 3837 2617 Pa-

2128 2671 2245 2724 tres
2278 2667 2463 2724 nostri
2503 2683 2616 2722 non
2661 2679 2824 2736 reges
2867 2659 3193 2726 hominum,
3225 2657 3326 2712 sed
3375 2662 3626 2723 pastores
3659 2666 3836 2722 peco-

2129 2773 2281 2824 rum,
2333 2758 2510 2811 fuisse
2575 2756 2992 2809 memorantur.
3053 2748 3123 2804 Et
3173 2761 3308 2802 cum
3363 2742 3481 2799 Noe
3529 2739 3834 2807 Dominus,

2128 2847 2380 2917 ﬁliisque
2407 2847 2555 2916 ejus,
2589 2843 2978 2907 benediceret,
3008 2838 3205 2894 dicens
3236 2851 3250 2892 :
3287 2831 3540 2900 Crescite,
3561 2832 3610 2884 et
3639 2828 3834 2883 mulli.

2126 2934 2436 3007 plicamim',
2472 2941 2527 2990 et
2573 2931 2779 3004 replete
2835 2937 3079 2991 terram;
3125 2925 3388 2998 protinus
3435 2918 3730 3007 adjunsit:
3770 2919 3836 2972 Et

2128 3033 2304 3082 terror
2359 3004 2532 3081 vester
2587 3039 2649 3078 ac
2700 3031 2905 3078 tremor
2951 3017 3024 3074 sit
3062 3030 3228 3087 super
3277 3019 3476 3068 cuncta
3519 3004 3837 3064 animantia

308 3106 490 3164 latere
538 3111 750 3167 veritas
809 3115 1159 3185 requiratur,
1194 3123 1253 3171 ut
1296 3121 1457 3185 tunc,
1486 3117 1530 3171 si
1581 3093 1784 3173 debeat
1835 3133 2014 3173 necne
2045 3093 2087 3160 Ο
2128 3123 2287 3173 terra:
2334 3115 2545 3183 (lienes.
2580 3130 2654 3182 Ix,
2683 3113 2718 3164 7
2765 3116 2817 3167 et
2845 3109 2921 3180 2).
2957 3109 3215 3174 Quorum
3263 3108 3450 3159 terror
3478 3114 3544 3155 ac
3591 3103 3833 3162 tremor,

309 3213 566 3297 manere,
613 3203 903 3297 sententia
951 3206 1300 3260 decernatur
1328 3204 1356 3258 ?
1395 3205 1627 3261 Necnon
1670 3211 1728 3262 et
1775 3210 1825 3262 si
1868 3223 2014 3278 pras-

310 3287 504 3344 dictus
535 3290 844 3362 episcopus
876 3295 945 3348 ad
980 3294 1179 3350 sedem
1211 3294 1584 3366 apostolicam
1609 3295 1898 3367 appellare
1918 3313 2012 3353 vo-

307 3374 499 3445 luerit,
520 3393 697 3434 causa
727 3381 910 3451 ipsius
940 3381 1184 3438 interius
1225 3389 1282 3439 et
1339 3399 1473 3439 cum
1533 3385 1692 3440 omni
1750 3391 1838 3441 est
1879 3385 2013 3441 dili-

308 3467 502 3536 gentia
568 3473 1037 3540 perscrutanda?
1084 3474 1152 3528 Et
1211 3475 1339 3530 ideo
1391 3480 1694 3546 postquam
1767 3491 2014 3547 persona

307 3556 522 3654 absens
554 3565 742 3654 es_t,ret
771 3568 935 3632 gesta
966 3580 1088 3634 quas
1120 3565 1186 3618 ad
1219 3581 1319 3620 nos
1351 3565 1792 3632 transmisistis,
1823 3567 2008 3633 nobis,

305 3649 456 3700 sicut
487 3649 705 3718 praefati
739 3667 959 3720 sumus.
983 3652 1189 3709 idonee
1207 3653 1558 3709 satisfecisse
1590 3671 1704 3709 non
1726 3653 2010 3725 videntur,

308 3741 522 3790 temere
570 3736 790 3808 aliquid
853 3740 921 3793 de
971 3742 1228 3813 episcopi
1254 3759 1497 3814 persona
1545 3743 1876 3810 decernere,
1907 3760 2011 3801 nec

307 3823 588 3882 debemus
642 3843 744 3882 nec
804 3834 1447 3902 possumus:ne,quod
1492 3832 1667 3899 absit,
1697 3833 2010 3904 reprehen-

306 3913 507 3972 sibiles
554 3917 923 3976 inveniamur
964 3921 1022 3976 in
1065 3923 1296 3989 nostris,
1331 3924 1539 3994 quibus
1586 3925 1831 3981 aliorum
1878 3926 2012 3996 jure

305 4005 582 4074 competit
602 4013 911 4064 retractare
945 4012 1287 4069 sententias.
1322 4034 1351 4063 »
1376 4013 1514 4083 (Lib.
1549 4030 1604 4080 κ,
1637 4030 1718 4084 ep.
1751 4014 1869 4085 29.)

378 4093 517 4150 Item
548 4096 755 4152 Joanni
791 4100 1080 4154 defensori
1108 4106 1234 4171 post
1275 4101 1499 4172 aliqua:
1538 4122 1567 4152 ‹‹
1599 4101 1766 4170 Quia,
1798 4103 2008 4173 inquit,

307 4184 658 4256 Stephanus,
691 4188 1021 4259 episcopus,
1054 4190 1112 4245 in
1138 4191 1270 4246 odio
1321 4207 1427 4247 suo
1453 4192 1720 4261 quaedam
1769 4192 1922 4257 ficta,
1956 4201 2011 4248 et

305 4274 376 4327 de
410 4272 568 4328 falsis
592 4292 654 4330 se
685 4278 956 4347 capitulis
989 4284 1346 4348 accusatum,
1370 4296 1558 4350 neque
1606 4281 1825 4350 aliquid
1857 4283 2012 4337 ordi-

304 4360 577 4416 nabiliter
626 4364 863 4434 factum,
896 4368 995 4422 sed
1045 4368 1259 4438 injuste
1307 4385 1370 4424 se
1420 4370 1629 4424 asserit
1674 4370 2010 4426 condemna-

2123 3207 2260 3278 quia
2289 3221 2417 3261 esse
2458 3219 2630 3274 super
2675 3200 2950 3258 animalia
2993 3207 3156 3253 term
3195 3191 3541 3266 praecipitur,
3575 3187 3833 3260 profecto

2123 3276 2299 3369 super
2329 3294 2596 3351 homines
2626 3309 2755 3350 esse
2789 3289 3150 3364 prohibetur.
3187 3284 3370 3340 Homo
3401 3281 3616 3352 quippe
3641 3276 3834 3333 brutis

2124 3385 2498 3452 animalibus,
2535 3401 2649 3440 non
2690 3386 2882 3438 autem
2941 3375 3280 3435 hominibus
3329 3369 3551 3428 caeteris
3619 3372 3834 3422 natura

2123 3476 2394 3548 praelatus
2425 3479 2550 3530 est:
2584 3477 2640 3528 et
2671 3471 2884 3527 idcirco
2917 3467 3220 3530 eidicitur,
3257 3473 3316 3519 ut
3347 3461 3420 3517 ab
3449 3457 3830 3524 animalibus,

2123 3571 2180 3621 et
2211 3581 2324 3619 non
2357 3564 2428 3619 ab
2462 3560 2821 3628 hominibus,
2844 3553 3295 3618 timeatur.Quia
3324 3555 3528 3607 contra
3555 3552 3832 3602 naturam

2124 3654 2421 3727 superbire
2453 3659 2558 3716 est,
2611 3651 2683 3706 ab
2715 3648 2920 3720 aequali
2967 3645 3111 3702 velle
3141 3641 3374 3709 temeri;
3400 3643 3456 3696 et
3475 3643 3666 3694 tamen
3729 3650 3832 3691 ne-

2123 3726 2286 3800 cesse
2317 3749 2406 3799 est
2437 3748 2499 3798 ut
2529 3745 2785 3798 rectores
2805 3756 2840 3795 a
2860 3737 3110 3794 subditis
3131 3734 3473 3797 timeantur,
3495 3726 3731 3800 quando
3755 3726 3830 3781 ab

2123 3834 2204 3891 eis
2237 3833 2420 3889 Deum
2467 3831 2705 3886 minime
2737 3825 2924 3883 timeri
2973 3821 3431 3896 deprehendunt,
3455 3821 3519 3872 ut
3569 3816 3832 3871 humana

2121 3922 2328 3978 saltem
2363 3919 2670 3976 formidine
2693 3931 2927 3990 peccare
2952 3916 3238 3975 metuant.
3269 3909 3367 3981 qui
3390 3902 3830 3976 divinajudicis

2121 4029 2235 4068 non
2271 4009 2605 4068 formidant.
2638 4013 3013 4078 Nequaquam
3046 4007 3242 4059 tamen
3285 3995 3580 4071 praepositi
3608 4010 3677 4051 ex
3717 3992 3829 4048 hoc

2121 4099 2359 4171 quaesito
2383 4098 2591 4154 timore
2621 4097 2988 4166 superbiant,
3009 4091 3068 4148 in
3093 4103 3337 4162 quonon
3364 4100 3530 4142 suam
3556 4081 3826 4154 gloriam,

2120 4170 2218 4247 sed
2247 4191 2641 4260 subjectorum
2657 4185 2976 4257 justitiam.
3000 4183 3290 4254 quierunt.
3310 4178 3371 4233 In
3398 4191 3465 4231 eo
3485 4173 3640 4229 enim
3671 4170 3828 4242 quod

2121 4290 2341 4336 metum
2372 4279 2484 4335 sibi
2517 4295 2551 4334 a
2584 4291 2849 4350 perverse
2878 4272 3208 4330 viventibus
3229 4267 3492 4338 exigunt,
3517 4264 3684 4334 quasi
3706 4275 3828 4318 non

2118 4367 2478 4435 hominibus,
2529 4349 2629 4422 sed
2662 4363 3021 4420 animalibus
3053 4359 3448 4422 dominantur,
3489 4351 3622 4422 quia
3669 4349 3828 4406 vide-

304 4459 445 4515 tum,
478 4450 788 4523 diligenter
841 4459 1220 4526 quaerendum
1266 4466 1348 4514 est
1394 4458 1579 4529 primo
1619 4459 1668 4515 si
1719 4460 2007 4530 judicium
2041 4463 2086 4529 D
2118 4458 2250 4514 licet
2277 4474 2344 4515 ex
2361 4473 2477 4529 qua
2496 4459 2657 4528 parte
2687 4453 2961 4510 bestiales
3004 4455 3142 4506 sunt
3170 4445 3410 4514 subditi,
3433 4460 3503 4500 ex
3522 4458 3588 4530 ea
3609 4441 3829 4496 debent

303 4538 703 4597 ordinabiliter
732 4549 820 4599 est
848 4545 1134 4614 habitum,
1159 4548 1208 4603 si
1239 4547 1333 4602 alii
1357 4558 1741 4614 accusatores,
1765 4549 1863 4606 alii
1895 4556 2008 4607 tes-

303 4633 389 4683 tes
423 4630 675 4687 fuerunt.
724 4633 937 4688 Deinde
987 4651 1299 4692 causarum
1349 4638 1603 4709 qualitas
1651 4643 1736 4694 est
1779 4640 2007 4695 exami-

303 4720 519 4785 nanda,
552 4722 596 4776 si
629 4721 803 4794 digna
833 4725 1026 4792 exilio,
1060 4727 1145 4782 vel
1174 4727 1536 4799 depositione
1568 4729 1706 4798 fuit;
1741 4735 1841 4785 aut
1862 4731 1911 4786 si
1942 4746 2008 4787 eo

302 4817 585 4883 praesente
608 4814 708 4884 qui
740 4821 1048 4872 accusatus
1087 4823 1195 4885 est,
1228 4820 1332 4875 sub
1372 4820 1756 4890 jurejurando
1806 4826 2008 4877 contra

301 4920 431 4959 eum
467 4904 868 4960 testimonium
901 4906 1121 4962 dictum
1156 4914 1280 4974 est;
1306 4910 1355 4963 si
1383 4909 1612 4979 scriptis
1662 4915 1848 4966 actum
1894 4914 2001 4978 est,

304 4994 347 5048 si
372 4995 497 5063 ipse
522 4994 808 5050 licentiam
836 4997 1224 5068 respondendi
1253 5002 1307 5052 et
1329 4997 1674 5054 defendendi
1694 5014 1755 5053 se
1776 4999 1999 5056 habuit.

304 5081 412 5135 Sed
457 5094 508 5138 et
571 5086 641 5139 de
683 5087 946 5158 personis
995 5088 1393 5143 accusantium
1447 5105 1511 5143 ac
1560 5090 2001 5145 testificantium

304 5172 599 5228 subtiliter
625 5178 1000 5245 quaerendum
1025 5188 1132 5245 est,
1166 5181 1334 5251 cujus
1381 5180 1534 5246 vitae,
1587 5182 1759 5248 cujus
1803 5180 2002 5235 condi-

302 5261 790 5337 tionis,cujusque
819 5271 1136 5342 opinionis,
1169 5278 1272 5325 aut
1302 5287 1373 5325 ne
1408 5273 1608 5339 inOpes
1639 5271 1776 5341 sint,
1801 5275 1901 5324 aut
1931 5287 2002 5327 ne

299 5351 443 5405 forte
474 5353 700 5424 aliquas
730 5363 930 5412 contra
961 5362 1262 5429 praefatum
1296 5360 1634 5432 episcopum
1666 5359 2002 5416 inimicitias

299 5441 669 5501 habuissent:
713 5446 864 5501 142
922 5451 978 5502 et
1027 5456 1223 5504 utrum
1257 5450 1657 5506 testimonium
1689 5467 1758 5505 ex
1799 5450 1998 5507 auditu

299 5533 588 5604 dixerunt,
623 5539 723 5590 aut
754 5542 903 5590 certe
923 5551 984 5590 se
1014 5537 1158 5594 scire
1180 5539 1507 5610 specialiter
1528 5540 1720 5596 testati
1751 5545 1923 5610 sunt;
1949 5540 1997 5596 si

298 5623 529 5695 scriptis
551 5624 886 5694 judicatum
918 5630 1027 5692 est,
1060 5633 1108 5680 st
1152 5627 1418 5696 partibus
1454 5629 1840 5701 presentlbu
1866 5646 1998 5688 sen-

2117 4546 2291 4603 etiam
2343 4543 2636 4600 formidini
2696 4543 2886 4612 jacere
2942 4535 3247 4595 substrati.
3301 4532 3412 4589 Sed
3481 4529 3828 4602 plerumque

2118 4644 2303 4690 rector
2331 4649 2397 4690 eo
2423 4633 2550 4706 ipso
2581 4647 2696 4703 quo
2727 4630 2948 4687 caeteris
2987 4625 3341 4699 praeminet,
3372 4620 3619 4678 elatione
3656 4614 3825 4688 cogi-

2114 4721 2348 4778 talionis
2379 4721 2736 4777 intumescit.
2765 4719 2828 4774 Et
2869 4717 3005 4774 dum
3041 4717 3108 4771 ad
3142 4729 3314 4769 usum
3363 4713 3570 4766 cuncta
3615 4707 3824 4779 subje-

2114 4822 2265 4879 cent,
2297 4812 2435 4867 dum
2454 4809 2528 4868 ad
2551 4815 2745 4866 votum
2765 4805 3223 4876 velociterjussa
3254 4799 3646 4871 complentur,
3679 4797 3823 4854 dum

2114 4921 2314 4960 omnes
2342 4902 2583 4969 subditi,
2616 4903 2665 4957 si
2697 4917 2813 4973 qua
2839 4900 2980 4957 bene
3001 4905 3161 4968 gesta
3200 4899 3360 4960 sunt,
3386 4890 3659 4947 laudibus
3687 4890 3826 4946 etre-

2113 5005 2265 5063 runt,
2292 4999 2443 5052 male
2472 4993 2647 5064 gestis
2691 4997 2885 5049 autem
2915 4988 3078 5046 nulla
3123 4984 3468 5044 auctoritate
3520 4980 3825 5038 contradi—

2112 5093 2282 5155 cunt;
2316 5087 2456 5141 dum
2490 5085 2833 5156 plerumque
2866 5079 3109 5136 laudant
3155 5077 3328 5132 etiam
3352 5089 3479 5146 quae
3510 5072 3823 5144 reprobare

2109 5179 2450 5244 debuerant,
2468 5175 2746 5232 seductus
2768 5172 2840 5230 ab
2855 5171 2946 5227 his
2959 5187 3089 5242 quas
3110 5168 3261 5224 infra
3290 5166 3628 5236 suppetunt,
3643 5176 3822 5234 super

2109 5286 2172 5326 se
2202 5269 2436 5323 animus
2468 5266 2720 5331 tollitur;
2752 5270 2808 5320 et
2837 5261 2976 5317 dum
3007 5259 3143 5315 foris
3171 5258 3458 5312 immenso
3490 5254 3682 5309 favore
3702 5250 3822 5307 cir-

2109 5359 2446 5424 cumdatur,
2467 5357 2628 5410 intus
2658 5353 2898 5409 veritate
2926 5356 3227 5413 vacuatur,
3257 5351 3427 5416 atque
3461 5342 3682 5398 oblitus
3722 5340 3820 5396 sui

2106 5449 2166 5504 in
2190 5463 2357 5504 voces
2380 5462 2442 5501 se
2465 5445 2686 5516 spargit
2706 5442 2950 5508 alienas,
2973 5438 3268 5508 talemque
3285 5451 3349 5491 se
3366 5432 3548 5489 credit
3582 5428 3818 5502 qualem

2109 5539 2246 5594 foris
2270 5535 2454 5600 audit,
2487 5551 2602 5590 non
2633 5533 2862 5606 qualem
2891 5531 3052 5586 intus
3081 5528 3410 5583 discernere
3428 5518 3818 5579 debuit.Sub—

2099 5629 2290 5700 jectos
2320 5624 2591 5696 despicit,
2623 5635 2840 5696 eosque
2876 5619 3136 5692 equslss
3181 5615 3294 5673 sibi
3337 5618 3561 5671 natura
3611 5608 3820 5669 ordine
