4106 6174
272 328 371 388 193
782 320 847 384 S.
897 320 1268 385 GREGORII
1313 320 1560 383 MAGNI
1607 321 1810 394 VITA,
1859 319 2096 384 AUCT.
2141 317 2446 381 JOANNE
2492 312 2852 375 DlACONO.
2900 310 3046 372 LIB.
3093 311 3192 371 IV.
3631 305 3748 370 194

273 479 368 518 non
398 458 648 533 agnoscit
670 477 684 525 ;
710 461 767 514 et
796 475 942 530 quos
973 461 1127 515 sorte
1157 457 1193 512 I
1216 457 1330 514 13
1358 461 1656 530 potestatis
1681 478 1935 517 excesse-
1965 462 2017 528 Α
2049 456 2397 514 humilitatis
2429 453 2755 511 custodiam
2787 450 3040 521 aquales
3083 463 3142 506 se
3177 448 3321 522 ipsis
3347 447 3623 505 fratribus
3647 451 3747 522 qui

268 552 348 620 rit,
379 549 796 606 transcendisse
826 565 887 604 se
918 548 1092 603 etiam
1125 547 1251 604 vita
1284 549 1508 606 meritis
1531 551 1732 605 credit.
1785 551 1935 606 Cun-
2045 549 2422 620 corriguntur
2465 548 2807 617 agnoscant,
2860 541 3128 614 quamvis
3177 540 3523 613 plerumque
3572 541 3744 595 etiam

268 641 360 696 etis
381 656 437 695 se
453 641 691 694 astimat
712 636 962 707 amplius
985 638 1411 709 saperequibus
1434 640 1934 711 sevidetamplius
2045 642 2283 712 dignum
2314 644 2404 694 est
2434 643 2498 693 ut
2527 638 2761 692 eosdem
2798 651 2940 703 quos
2986 634 3332 704 corrigimus
3365 633 3539 686 tacita
3584 632 3749 687 nobis

267 745 430 803 posse.
451 728 510 784 In
544 727 792 798 quodam
824 728 1039 798 quippe
1069 742 1132 782 se
1161 730 1465 783 constituit
1496 729 1753 785 culmine
1780 731 1932 802 apud
2045 729 2394 802 cogitatione
2421 727 2814 798 praferamus.
2841 723 3076 778 Illorum
3103 738 3353 793 namque
3371 738 3470 791 per
3493 738 3596 776 nos
3615 722 3752 776 vitia

266 819 635 890 semetipsum,
667 823 726 873 et
753 817 850 889 qui
893 833 1059 887 aqua
1107 817 1330 873 cateris
1358 827 1578 875 natura
1607 821 1936 876 conditione
2045 819 2366 889 disciplina
2397 817 2590 888 vigore
2622 815 2949 878 feriuntur;
3004 813 3062 866 in
3120 811 3209 865 his
3259 828 3389 866 vero
3451 829 3580 882 qua
3641 810 3751 880 ipsi

267 910 658 981 constringitur
688 924 754 964 ex
788 925 952 978 aquo
983 913 1221 964 caterua
1254 909 1541 980 respicere
1563 910 1932 982 dedignatur,
2043 907 2463 963 committimus
2499 920 2568 960 ne
2602 903 2754 958 verbi
2788 902 3026 973 quidem
3061 901 3130 954 ab
3164 901 3359 972 aliquo
3425 900 3750 956 invectione

265 1003 439 1073 sicque
464 1015 650 1071 usque
679 999 748 1053 ad
783 997 911 1068 ejus
952 997 1404 1054 similitudinem
1445 1000 1680 1056 ducitur
1724 1004 1792 1054 de
1823 1017 1935 1072 quo
2046 999 2391 1054 laceramur.
2426 997 2611 1051 Tanto
2653 1009 2788 1064 ergo
2832 993 2979 1063 apud
3021 993 3197 1045 ficum
3249 991 3626 1062 obligatiores
3657 1009 3756 1046 su-

265 1090 508 1160 scriptum
540 1094 628 1143 est
657 1105 670 1142 :
704 1087 873 1142 Omne
901 1088 1133 1142 sublime
1162 1086 1328 1156 videt,
1361 1096 1412 1142 et
1449 1089 1567 1160 ipse
1597 1093 1674 1143 est
1703 1091 1815 1145 Rex
1843 1106 1935 1145 su-
2048 1105 2203 1154 mus,
2235 1092 2452 1159 quanto
2493 1084 2528 1141 I
2550 1084 2658 1140 ιιιι
2696 1084 2846 1154 apud
2884 1082 3141 1137 homines
3172 1081 3352 1135 inulte
3386 1098 3753 1153 peccamus.»

258 1197 340 1255 per
366 1180 639 1234 unt'versos
684 1177 828 1248 ﬁlios
871 1177 1147 1248 superbia
1195 1179 1331 1250 (Job.
1364 1195 1476 1245 xu,
1507 1181 1617 1250 25).
1652 1181 1760 1246 Qui
1811 1180 1936 1236 sin-
2047 1178 2118 1233 Et
2149 1177 2386 1246 reliqua.
2425 1176 2575 1246 (Reg.
2606 1177 2906 1243 Pastorap.
2942 1189 3003 1238 ιι,
3036 1188 3160 1242 εαρ.
3191 1172 3269 1239 6.)

261 1269 437 1342 gulare
451 1267 684 1324 culmen
709 1272 1013 1339 appetens,
1029 1272 1086 1322 et
1116 1267 1389 1324 socialem
1406 1270 1742 1341 angelorum
1760 1271 1936 1326 vitam

262 1358 584 1431 despiciens,
627 1357 748 1413 ait:
783 1359 991 1414 Ponam
1020 1357 1200 1413 sedem
1248 1374 1430 1414 meam
1477 1359 1547 1414 ad
1589 1359 1940 1432 Aquilonem,

261 1453 302 1504 et
351 1464 432 1504 ero
477 1448 685 1503 similis
723 1447 999 1503 Auissimo
1031 1447 1183 1516 (lsai.
1216 1464 1330 1515 xiv,
1368 1449 1474 1517 13).
1509 1449 1648 1506 Miro
1675 1467 1804 1520 ergo
1837 1451 1942 1521 ju—

263 1535 566 1592 diciointus
597 1536 820 1592 foveam
872 1535 1209 1608 dejectionis
1255 1536 1497 1605 invenit,
1531 1539 1669 1593 dum
1711 1539 1844 1595 foris
1883 1556 1944 1595 se

263 1628 311 1684 in
337 1626 584 1681 culmine
617 1626 922 1697 potestatis
950 1626 1196 1682 extollit.
1245 1629 1522 1699 Apostata
1578 1629 1795 1701 quippe
1840 1647 1942 1686 an-

261 1716 369 1789 gelo
398 1715 610 1771 similis
639 1716 914 1784 efficitur,
947 1716 1090 1771 dum
1125 1714 1300 1772 homo
1333 1715 1674 1774 hominibus
1707 1735 1834 1775 esse
1864 1720 1947 1774 si-

261 1805 394 1861 milis
427 1804 801 1876 dedignatur.
829 1805 922 1861 Sic
950 1803 1087 1860 Saul
1108 1809 1242 1877 post
1269 1805 1619 1862 humilitatis
1653 1808 1944 1877 meritum,
1978 1842 2023 1877 ι)
2058 1805 2253 1875 pimus
2297 1810 2356 1857 ut
2389 1801 2495 1857 hoc
2537 1802 2726 1856 denuo
2773 1802 2958 1854 facere
3009 1815 3123 1854 non
3174 1815 3529 1869 prasumas;
3576 1799 3679 1854 sed
3710 1799 3758 1854 si

259 1894 307 1950 in
327 1899 608 1950 tumorem
647 1895 935 1965 superbia
963 1893 1219 1950 culmine
1252 1894 1948 1965 potestatisexcrevit.Per
1977 1888 2025 1908 "
2055 1894 2185 1966 quis
2243 1898 2441 1949 contra
2489 1889 2809 1962 quemlibet
2866 1888 3134 1944 clericum
3181 1904 3416 1943 causam
3471 1889 3759 1957 habuerit,

259 1983 628 2039 humilitatem
674 1984 891 2055 quippe
923 1983 1200 2055 pralatus
1227 1988 1333 2051 est,
1366 1987 1421 2039 et
1455 2001 1556 2055 per
1605 1987 1943 2056 superbiam
2053 1984 2387 2055 episcopum
2423 1981 2609 2052 ipsius
2641 1981 2830 2046 adeat,
2865 1983 2927 2033 ut
2978 1984 3078 2034 aut
3109 1979 3232 2046 ipse
3274 1984 3608 2049 cognoscat,
3659 1984 3761 2035 aut

262 2073 605 2144 reprobatus,
649 2073 890 2128 Domino
929 2079 1256 2138 attestante,
1292 2074 1388 2144 qui
1422 2073 1536 2128 ait:
1589 2074 1777 2129 Nonne
1818 2091 1946 2130 cum
2056 2078 2210 2130 certe
2241 2072 2312 2126 ab
2361 2071 2488 2142 ipso
2511 2070 2739 2141 judices
2771 2069 3147 2138 deputentur.
3181 2070 3295 2122 Aut
3325 2067 3372 2121 si
3405 2068 3476 2122 ob
3513 2070 3616 2123 hoc
3650 2069 3761 2124 for-

259 2177 376 2218 mes
394 2163 663 2232 parvulus
683 2164 738 2216 in
772 2162 938 2218 oculis
979 2165 1106 2230 tuis,
1140 2165 1302 2231 caput
1341 2164 1392 2218 te
1440 2162 1699 2218 constitui
1746 2163 1806 2218 in
1839 2164 1941 2218 lri-
2056 2167 2214 2218 tasse
2248 2162 2317 2215 ad
2346 2161 2595 2216 arbitros
2639 2158 2895 2214 eundum
2929 2165 3035 2224 est,
3073 2165 3262 2227 partes
3310 2157 3380 2211 ad
3421 2158 3760 2229 eligendum

261 2250 408 2305 bubus
432 2250 655 2307 Israel?
685 2252 733 2322 (ι
754 2253 878 2321 Reg.
916 2267 1006 2317 xv,
1043 2252 1153 2321 17.)
1200 2250 1514 2306 Parvulum
1565 2269 1627 2307 se
1676 2252 1836 2322 prius
1883 2253 1944 2308 in
2049 2251 2306 2321 judicem
2339 2249 2409 2305 ab
2442 2249 2568 2319 ipso
2600 2248 2860 2302 executio
2884 2247 3159 2316 deputata
3189 2245 3594 2315 compellat.Si
3628 2251 3761 2319 quis

262 2342 365 2398 suis
394 2343 578 2399 oculis
609 2343 854 2411 viderat,
888 2344 988 2399 sed
1007 2343 1185 2399 fultus
1209 2346 1516 2417 temporali
1542 2347 1794 2417 potentia
1819 2348 1943 2418 jam
2057 2356 2210 2404 vero,
2244 2339 2329 2394 vel
2362 2338 2631 2403 clericus,
2664 2339 2748 2391 vel
2783 2334 2992 2397 laicus.
3024 2341 3224 2390 contra
3256 2336 3596 2406 episcopum
3621 2352 3761 2391 cau-

263 2446 312 2485 se
339 2431 641 2502 parvulum
679 2448 788 2487 non
821 2433 1071 2488 videbat.
1105 2436 1454 2492 Caterorum
1499 2453 1754 2509 namque
1785 2453 1947 2492 com-
2057 2446 2182 2485 sam
2219 2428 2508 2494 habuerit,
2532 2433 2672 2482 tunc
2705 2432 2758 2482 te
2783 2427 3149 2494 interponere
3179 2425 3374 2485 debes.
3405 2431 3466 2479 ut
3496 2425 3762 2481 intereos

263 2521 522 2590 partitioni
550 2537 617 2577 se
672 2522 998 2593 praferens,
1052 2524 1189 2596 quia
1240 2525 1370 2595 plus
1418 2527 1644 2582 cunctis
1703 2531 1947 2598 poterat,
2063 2523 2164 2573 aut
2197 2516 2320 2588 ipse
2355 2532 2696 2588 cognoscas,
2730 2521 2828 2569 aut
2861 2519 3035 2577 certe,
3061 2523 3111 2567 Ie
3140 2513 3637 2581 admonente,sibi
3667 2515 3769 2583 ju-

264 2625 515 2679 magnum
571 2627 641 2666 se
690 2628 804 2683 pra
850 2612 1121 2668 omnibus
1164 2614 1510 2671 astimabal,
1563 2615 1707 2671 Miro
1753 2622 1946 2672 autem
2057 2609 2214 2663 dices
2255 2607 2493 2676 eligant.
2526 2605 2670 2660 Nam
2705 2605 2752 2659 si
2787 2622 2890 2659 sua
2925 2603 3241 2674 unicuique
3271 2606 3541 2674 episcOpo
3579 2606 3762 2674 juris-

268 2699 434 2768 modo,
468 2717 601 2755 cum
643 2700 796 2770 apud
831 2717 891 2756 se
925 2703 1221 2772 parvulus,
1252 2704 1407 2775 apud
1440 2705 1619 2760 Deum
1656 2721 1945 2776 magnus;
2059 2697 2235 2752 dictio
2269 2714 2380 2751 non
2414 2709 2693 2759 servatur,
2748 2696 2886 2767 quid
2936 2695 3090 2748 aliud
3144 2695 3351 2763 agitur,
3408 2695 3536 2762 nisi,
3573 2701 3635 2749 ut
3666 2712 3769 2765 per

266 2805 378 2843 cum
407 2805 534 2845 vero
568 2791 730 2860 apud
764 2806 828 2844 se
851 2806 1099 2862 magnus
1123 2793 1412 2864 apparuit,
1437 2795 1584 2862 apud
1620 2795 1799 2850 Deum
1824 2813 1950 2867 par-
2059 2805 2203 2860 quos
2234 2787 2670 2843 ecclesiasticus
2701 2785 2978 2840 custodiri
3029 2786 3168 2839 ordo
3195 2786 3487 2854 debuerat,
3517 2787 3764 2842 confun-

267 2876 414 2934 vulus
454 2879 581 2933 fuit.
645 2879 992 2949 Plerumque
1049 2896 1185 2952 ergo
1233 2882 1368 2937 dum
1424 2899 1490 2938 ex
1548 2885 1946 2954 subjectorum

2082 2879 2232 2933 tatur
2251 2879 2278 2933 ?
2301 2899 2329 2926 »
2361 2878 2584 2945 (Πιερίδι.
2620 2877 2715 2930 lib.
2741 2893 2819 2940 xi,
2847 2891 2930 2945 ep.
2966 2874 3078 2946 37.)

271 2961 544 3017 affluentia
574 2963 820 3021 animus
850 2966 1110 3033 inﬂatur,
1142 2968 1202 3022 in
1251 2967 1451 3024 luxum
1485 2971 1770 3042 superbia
1822 2972 1948 3044 ipso
2129 2970 2218 3023 31.
2250 2969 2407 3023 Sicut
2440 2970 2767 3023 convictum
2801 2969 2870 3022 de
2892 2968 3136 3023 crimine
3163 2967 3286 3022 sine
3313 2968 3568 3023 vindicta
3589 2985 3766 3024 cano-

267 3052 507 3121 potentia
539 3053 778 3124 fastigio
809 3053 1174 3110 lenocinante
1203 3059 1621 3130 corrumpitur.
1646 3060 1830 3124 Quam
1860 3063 1953 3116 vi—
2061 3058 2194 3116 nica
2220 3058 2531 3129 Gregorius
2565 3059 2858 3113 neminem
2915 3056 3301 3126 relinquebat,
3352 3058 3433 3113 sic
3487 3057 3767 3113 nimirum

267 3139 443 3196 delicet
466 3141 790 3212 potentiam
817 3143 958 3200 bene
990 3145 1156 3216 regit,
1189 3147 1291 3217 qui
1323 3151 1379 3202 et
1409 3153 1605 3204 tenere
1655 3150 1813 3206 illam
1847 3168 1947 3207 no-
2062 3147 2361 3203 falsarium
2381 3149 2698 3203 delatorem
2724 3147 2968 3219 regulari
3017 3148 3250 3201 tramite
3277 3147 3572 3216 puniebat.
3601 3147 3768 3203 Unde

268 3231 408 3298 verit,
437 3238 493 3286 et
522 3233 896 3303 impugnare.
932 3235 1079 3290 Bene
1129 3237 1274 3291 hanc
1329 3238 1495 3309 regit,
1541 3240 1640 3310 qui
1691 3240 1801 3296 scit
1851 3259 1952 3313 per
1979 3219 2024 3283 (ἶ
2064 3238 2375 3292 Anthemio
2430 3238 2786 3292 subdiacorzo
2850 3236 3133 3301 scribens,
3184 3237 3302 3290 ait:
3339 3239 3529 3291 «Cum
3567 3239 3771 3291 fortius

272 3317 412 3376 illam
442 3337 622 3393 super
677 3322 880 3395 culpas
931 3325 1093 3396 erigi,
1146 3327 1256 3381 scit
1306 3332 1362 3381 et
1392 3344 1523 3382 cum
1574 3329 1675 3383 illa
1732 3332 1953 3386 cateris
2065 3328 2358 3398 punienda
2387 3328 2507 3381 sint
2535 3327 2782 3382 crimina
2804 3343 2925 3396 qua
2958 3326 3288 3380 insontibus
3318 3331 3373 3380 et
3401 3327 3650 3381 maxime
3683 3343 3772 3380 sa-

272 3410 568 3480 aqualitate
601 3413 900 3482 componi.
935 3417 1205 3470 Humana
1245 3417 1459 3472 etenim
1507 3434 1672 3475 mens
1707 3419 1954 3488 plerum-
2064 3415 2176 3470 cris
2193 3415 2494 3470 ordinibus
2518 3415 3216 3486 ingt~runtur,quamsitis
3233 3414 3552 3485 culpabiles
3570 3431 3773 3471 omnes

274 3513 366 3568 que
394 3499 714 3566 extollitur,
750 3501 921 3557 etiam
965 3518 1098 3558 cum
1133 3503 1295 3560 nulla
1347 3511 1631 3576 potestate
1680 3509 1954 3565 fulcitur:
2066 3504 2167 3575 qui
2201 3505 2260 3560 in
2312 3522 2485 3560 causa
2517 3505 2761 3560 Joannis
2793 3505 3020 3559 diaconi
3057 3505 3374 3572 resedistis,
3400 3505 3679 3560 attendite
3715 3508 3774 3559 ut

2121 1267 2209 1321 30.
2264 1265 2378 1321 Hac
2443 1262 2755 1334 Gregorius
2830 1261 3160 1331 aqualitate
3199 1267 3443 1328 servata,
3497 1260 3756 1316 Romano

2052 1355 2341 1411 defensori
2392 1353 2602 1409 Sicilia
2634 1350 2858 1415 scribit,
2895 1351 3130 1405 dicens:
3168 1373 3193 1398 «
3226 1349 3491 1405 Pervenit
3519 1352 3588 1406 ad
3625 1368 3757 1422 nos,

2053 1447 2207 1516 quod
2239 1444 2282 1498 si
2299 1443 2424 1514 quis
2454 1448 2653 1498 contra
2677 1440 2970 1513 quoslibet
2997 1439 3236 1494 clericos
3259 1457 3498 1496 causam
3526 1441 3754 1508 habeat,

2053 1535 2339 1604 despectis
2373 1549 2573 1587 eorum
2637 1532 2947 1601 episcopis,
2991 1530 3224 1586 eosdem
3285 1530 3523 1586 clericos
3549 1530 3608 1584 in
3656 1536 3755 1588 tuo

2057 1625 2233 1679 facias
2256 1621 2479 1692 judicio
2522 1620 2801 1676 exhiberi.
2852 1619 3010 1681 Quod
3044 1618 3091 1673 si
3151 1618 3227 1672 ita
3257 1624 3366 1686 est,
3416 1619 3553 1690 quia
3593 1619 3757 1675 valde

2057 1717 2288 1769 constat
2318 1727 2446 1767 esse
2477 1712 2889 1782 incongruum,
2923 1708 3029 1763 hac
3054 1708 3158 1764 tibi
3189 1709 3534 1764 auctoritate
3567 1710 3761 1780 praci-

278 3595 468 3658 quante
503 3590 701 3662 magis
733 3590 789 3644 in
842 3591 1025 3648 altum
1059 3610 1120 3649 se
1142 3595 1329 3664 erigit,
1351 3612 1484 3650 cum
1518 3613 1579 3651 se
1611 3597 1784 3653 etiam
1807 3605 1958 3670 pote-

278 3683 376 3734 stas
429 3681 475 3736 ei
537 3680 860 3752 adjungit‘?
910 3683 1090 3746 Quam
1149 3688 1345 3740 tamen
1405 3692 1750 3757 potestatem
1810 3697 1958 3745 recte

282 3765 574 3835 dispensat,
613 3769 715 3838 qui
747 3767 996 3825 sollicite
1045 3772 1265 3826 noverit
1321 3778 1379 3827 et
1421 3790 1718 3830 assumere
1748 3792 1814 3830 ex
1862 3777 1960 3831 illa

277 3855 408 3924 quod
429 3855 691 3926 adjuvat,
725 3865 776 3913 et
808 3873 1140 3930 expugnare
1171 3860 1323 3931 quod
1357 3867 1555 3927 tentat,
1589 3869 1644 3918 et
1674 3864 1957 3934 aqualem

280 3958 328 3998 se
353 3961 471 4000 cum
500 3945 604 4000 illa
641 3947 860 4002 cateris
890 3965 1145 4014 cernere,
1178 3959 1234 4006 et
1265 3957 1444 4006 tamen
1479 3968 1538 4007 se
1585 3955 1962 4023 peccantibus

276 4033 375 4090 zelo
406 4035 647 4092 ultionis
673 4039 1103 4096 anteferre.Sed
1126 4038 1275 4095 hanc
1294 4041 1699 4098 discretionem
1730 4042 1962 4115 plenius

279 4128 653 4194 agnoscimus,
687 4127 736 4180 si
785 4128 1036 4197 pastoris
1087 4128 1260 4200 primi
1318 4131 1580 4203 exempla
1627 4147 1961 4189 cernamus.

278 4211 454 4270 Petrus
485 4231 767 4286 namque,
821 4221 1056 4272 auctore
1106 4223 1238 4282 Deo,
1285 4226 1498 4274 sancta
1550 4219 1648 4275 Dei
1698 4223 1962 4278 Ecclesia

282 4306 651 4377 principatum
689 4313 914 4371 tenens,
941 4325 976 4364 a
1005 4309 1150 4366 bene
1181 4319 1386 4381 agente
1419 4313 1703 4380 Cornelio,
1749 4318 1804 4368 et
1837 4331 1966 4370 sese

283 4392 322 4445 ei
350 4393 646 4452 humiliter
679 4402 1075 4468 prosternente
1107 4398 1554 4456 immoderatius
1587 4404 1842 4458 venerari
1877 4419 1964 4457 re-

284 4487 494 4551 cusavit,
530 4502 717 4557 seque
748 4487 830 4541 illi
855 4487 1106 4544 similem
1137 4491 1488 4558 recognovit,
1509 4493 1742 4549 dicens:
1771 4495 1964 4562 Surge,

2071 3593 2374 3662 Hilarium,
2410 3595 2842 3648 criminatorem
2893 3594 3051 3663 ejus,
3105 3593 3267 3649 nulla
3323 3609 3390 3648 ex
3438 3594 3773 3650 deﬁnitione

2070 3689 2253 3739 vestra
2288 3701 2454 3755 pana
2485 3685 2722 3738 veniens
2753 3683 3082 3753 castigaret.
3115 3683 3230 3739 Nec
3261 3681 3399 3738 illud
3436 3684 3506 3737 ad
3531 3699 3771 3738 excusa-

2070 3773 2287 3828 tionem
2321 3781 2572 3827 vestram
2600 3789 2724 3827 esse
2766 3771 3017 3827 credatis
3067 3773 3364 3840 idoneum,
3399 3774 3549 3842 quod
3585 3773 3771 3843 vobis,

2070 3863 2238 3933 quasi
2259 3862 2520 3932 judicare
2553 3861 2902 3926 volentibus,
2930 3861 3090 3914 solus
3115 3863 3286 3915 frater
3317 3867 3373 3914 et
3395 3863 3775 3932 coepiscopus

2072 3957 2269 4007 noster
2300 3951 2647 4006 Paschasius
2681 3952 2894 4004 dicitur
2924 3949 3243 4004 distulisse.
3272 3950 3414 4004 Nam
3447 3951 3496 4004 si
3528 3950 3686 4004 zelus
3717 3951 3774 4003 in

2073 4042 2234 4096 vobis
2267 4042 2629 4096 rectitudinis
2668 4041 2971 4112 viguisset,
3003 4039 3231 4094 facilius
3265 4041 3360 4094 uni
3398 4057 3429 4094 a
3463 4040 3664 4095 multis
3697 4057 3781 4094 ra-

2076 4132 2427 4187 tionabiliter
2460 4132 2693 4186 suaderi
2716 4147 2884 4199 quam
2922 4128 3086 4184 multi
3121 4129 3192 4183 ab
3227 4145 3341 4183 uno
3367 4129 3778 4201 poterantsine

2076 4239 2254 4277 causa
2284 4222 2523 4276 differri.
2560 4221 2703 4284 Quia
2733 4236 2868 4287 ergo
2896 4228 3062 4273 tanta
3099 4219 3368 4290 nequitia
3403 4217 3620 4273 malum
3654 4219 3779 4272 sine

2074 4315 2250 4384 digna
2283 4329 2395 4367 non
2428 4312 2596 4365 debet
2628 4311 2843 4365 ultione
2876 4312 3144 4373 transire,
3171 4311 3631 4380 suprascriptum
3668 4309 3782 4364 fra-

2076 4409 2225 4458 trem
2280 4407 2541 4456 nostrum
2603 4399 2987 4454 Paschasium
3041 4399 3310 4452 volumus
3363 4399 3683 4465 admoneri,
3717 4403 3780 4453 ut

2076 4492 2348 4547 eumdem
2397 4490 2677 4545 Hilarium
2733 4490 2891 4560 prius
2923 4488 3305 4554 subdiaconii,
3343 4505 3457 4559 quo
3504 4489 3782 4557 indignus

291 4587 343 4624 ne
367 4576 582 4641 feceris;
616 4583 670 4631 et
713 4592 810 4646 ego
858 4579 970 4647 ipse
1019 4578 1175 4634 homo
1223 4595 1339 4633 sum
1401 4581 1538 4652 (Act.
1590 4599 1645 4646 χ,
1698 4583 1808 4654 26).
1837 4585 1970 4652 Sed,
2003 4583 2047 4646 D
2083 4582 2366 4652 fungitur,
2402 4581 2581 4652 privet
2613 4581 2825 4658 officio,
2852 4586 3024 4651 atque
3056 4579 3392 4634 verberibus
3427 4579 3653 4648 publice
3685 4596 3783 4632 ca-

289 4676 397 4718 cum
427 4667 665 4722 Anania
697 4672 752 4721 et
778 4667 1077 4738 Sapphira
1108 4667 1338 4740 culpam
1365 4671 1968 4743 reperit,moxquanta

290 4754 517 4818 potentia
549 4772 729 4828 super
759 4763 997 4813 eateros
1043 4759 1396 4816 excrevisset
1436 4763 1691 4817 ostendit
1717 4765 1852 4832 (Act.
1885 4764 1964 4834 v).

288 4837 451 4899 Verbo
483 4861 740 4916 namque
779 4862 979 4902 eorum
1025 4847 1200 4903 vitam
1234 4848 1496 4919 perculit,
1531 4867 1704 4922 quam
1756 4852 1966 4923 spiritu

292 4939 674 4999 perscrutante
697 4935 1098 5007 deprehendit;
1120 4942 1176 4993 et
1205 4955 1508 4994 summum
1533 4939 1756 4996 seintra
1775 4942 1970 4998 Eccle-

294 5018 415 5076 siam
446 5032 644 5080 contra
677 5030 913 5095 peccata
945 5026 1218 5095 recoluit;
1255 5030 1434 5101 quod,
1475 5029 1694 5085 honore
1727 5031 1837 5086 sibi
1870 5048 1972 5086 ve-

293 5104 570 5168 hementer
600 5114 886 5186 impenso,
917 5132 1114 5171 coram
1159 5117 1304 5173 bene
1345 5119 1649 5190 agentibus
1690 5120 1971 5176 fratribus

297 5211 394 5253 non
423 5202 668 5272 agnovit.
708 5203 831 5260 Illic
865 5204 1082 5278 quippe
1106 5209 1580 5263 communionem
1616 5210 1971 5281 aqualitatis

303 5290 487 5345 meruit
515 5292 790 5349 sanctitas
819 5295 1093 5363 actionis,
1127 5295 1222 5352 hic
1256 5296 1418 5352 zelus
1445 5297 1684 5352 ultionis
1709 5301 1810 5369 jus
1840 5317 1976 5370 ope-

304 5377 402 5432 ruit
451 5382 764 5450 potestatis.
794 5403 818 5434 n
854 5382 915 5439 Et
949 5384 1122 5456 paulo
1171 5390 1330 5458 post:
1375 5387 1531 5443 «Sed
1590 5405 1722 5443 cum
1784 5389 1977 5446 delin-

305 5473 525 5535 quentes
548 5472 804 5528 subditos
834 5475 1128 5546 prapositi
1163 5477 1480 5548 corrigunt,
1515 5483 1714 5544 restat,
1742 5496 1976 5535 necesse

305 5557 396 5622 est,
422 5564 479 5610 ut
508 5557 750 5617 sollicite
768 5562 1090 5632 attendant,
1116 5570 1403 5637 quatenus
1427 5583 1526 5637 per
1548 5567 1867 5639 disciplina
1884 5570 1978 5624 de-

307 5640 471 5700 bitum
503 5646 694 5722 culpas
723 5653 962 5726 quidem
987 5653 1121 5726 jure
1155 5655 1461 5729 potestatis
1488 5657 1718 5727 feriant,
1745 5660 1842 5714 sed
1879 5675 1981 5732 per

2077 4672 2355 4740 stigatum
2391 4671 2563 4724 faciat
2594 4670 2652 4723 in
2684 4669 2952 4724 exsilium
2986 4669 3300 4740 deportari,
3326 4675 3388 4722 ut
3421 4669 3593 4722 unius
3620 4685 3787 4738 pana

2081 4760 2392 4815 multorum
2419 4759 2601 4828 possit
2631 4775 2753 4812 esse
2783 4760 3080 4814 correctio.
3115 4759 3296 4828 Cujus
3329 4758 3378 4813 si
3403 4759 3546 4812 forte
3575 4756 3787 4811 lenita-

2077 4856 2195 4907 tem
2228 4847 2456 4903 diaconi
2478 4847 2568 4902 sui
2592 4849 2782 4902 adhuc
2799 4849 2994 4918 opinio
3015 4847 3262 4901 lacerata
3287 4864 3398 4901 non
3434 4848 3782 4908 commovet,

2079 4943 2136 4996 et
2167 4938 2226 4993 in
2259 4937 2369 4992 hoc
2388 4939 2541 5008 quod
2575 4954 2686 4992 non
2709 4938 3264 5003 eredimustorpens
3281 4933 3591 4997 exstiterit,
3618 4948 3785 5000 expe-

2081 5028 2290 5086 rientia
2320 5033 2425 5082 tua
2456 5027 2576 5082 hac
2609 5043 2734 5099 qua
2766 5027 3020 5082 diximus
3043 5025 3233 5093 faciat,
3265 5029 3321 5078 et
3353 5022 3598 5077 deillius
3621 5023 3788 5078 nobis

2084 5121 2349 5191 neglectu
2385 5118 2668 5172 renuntiet
2700 5140 2718 5164 η
2755 5116 2981 5186 (Regist.
3018 5114 3111 5169 lib.
3140 5130 3220 5180 xx,
3254 5129 3337 5183 ep.
3367 5114 3484 5182 71.)

2157 5211 2374 5266 Idcirco
2406 5207 2717 5278 Gregorius
2751 5223 2861 5259 non
2898 5204 3239 5276 probantem
3291 5203 3443 5274 quod
3497 5202 3790 5272 objecerat

2087 5300 2515 5356 aubdiaconum
2549 5295 2738 5351 officio
2769 5294 2937 5363 jubet
2968 5292 3195 5361 privari,
3219 5292 3374 5360 quia,
3424 5293 3590 5361 juxta
3620 5309 3790 5348 cane-

2091 5388 2251 5445 nicas
2284 5387 2513 5441 Patrum
2546 5383 2879 5447 sententias,
2905 5380 3004 5452 qui
3038 5379 3389 5434 calumniam
3424 5379 3643 5435 illatam
3676 5398 3790 5435 non

2090 5478 2291 5551 probat
2327 5491 2549 5546 poenam
2582 5473 2752 5528 debet
2798 5472 3114 5538 incurrere,
3149 5487 3345 5540 quam,
3383 5471 3430 5525 si
3467 5471 3792 5541 probasset,

2089 5583 2223 5622 reus
2259 5566 2455 5637 utique
2483 5565 2814 5619 sustineret.
2846 5566 2924 5618 Ac
2965 5578 3064 5634 per
3094 5561 3200 5617 hoc
3227 5561 3368 5633 quia
3400 5560 3793 5615 subdiaconus

2092 5656 2312 5714 crimen
2348 5655 2592 5711 diacono
2625 5655 2870 5730 probare
2890 5669 3004 5709 non
3031 5652 3235 5728 potuit,
3259 5650 3535 5723 quoniam
3561 5649 3794 5722 imposi-
