4106 6174
288 285 405 348 195

834 279 895 340 s.
944 274 1310 340 GREGOttll
1360 272 1601 335 MAGNI
1646 272 1852 344 VITA,
1899 272 2124 335 AUCT.
2175 272 2481 334 manus
2527 275 2895 339 DIACONO.
2943 277 3091 342 LIB.
3138 277 3242 343 Iv.

3683 285 3806 348 196

281 425 500 482 tionem
529 435 738 476 manus
770 433 886 489 qua
916 430 1107 470 carere
1136 412 1426 485 potuisset
1457 425 1570 465 non
1607 407 1833 474 habuit,
1866 423 1980 463 non
2014 412 2065 479 Α
2097 410 2508 466 continentiam
2556 412 2701 469 sicut
2768 422 3189 472 consueverant
3242 420 3398 486 ante,
3458 419 3803 492 percipiant,

282 511 628 576 sacerdotio,
662 509 762 564 sed
796 504 984 561 officio
1017 504 1222 569 caruit,
1245 506 1302 556 et
1334 505 1614 569 tanquam
1661 514 1853 552 revera
1883 498 1980 552 in-

284 603 457 660 famis
477 602 687 655 meruit
707 595 1043 652 verberibus
1067 588 1508 662 castigari.Nam
1527 587 1618 640 cui
1638 603 1704 641 cu
1723 602 1778 640 m
1795 587 1983 641 tribus

277 695 525 750 testibus
555 690 729 746 veluti
779 687 927 742 laico
975 684 1191 740 crimen
1253 679 1551 752 quodlibet
1607 678 1982 748 approbatur,

275 802 390 841 non
423 787 511 838 est
541 783 758 836 mirum
791 775 942 847 quod
987 772 1198 843 objecit
1229 769 1367 824 dum
1403 770 1646 839 probare
1668 784 1779 822 non
1814 767 1982 820 suffi-

278 875 377 943 cit,
409 873 457 928 si
510 865 791 941 corporali
841 863 1118 930 infamias,
1144 859 1635 932 quemadmodum
1672 856 1878 922 laicus,
1911 873 1980 912 ex

272 966 428 1038 juris
459 958 848 1017 similitudine
882 953 1247 1022 subjugatur.
1280 949 1444 1012 Quod
1473 947 1628 1038 enim
1662 946 1982 1038 esset_dia-

277 1036 422 1110 cono
453 1049 701 1121 gradum
752 1043 1035 1106 amittere,
1087 1041 1195 1095 hoc
1253 1039 1360 1093 fuit
1417 1037 1772 1092 subdiacono
1821 1036 1984 1090 fama:

277 1138 645 1213 plenitudine
676 1134 950 1189 caruisse.

345 1232 435 1286 32.
477 1224 733 1283 Crimina
792 1221 969 1279 semel
1021 1220 1221 1275 audita
1278 1215 1590 1287 Gregorius
1649 1214 1984 1269 indiscussa

275 1319 434 1377 nullo
468 1317 640 1372 modo
677 1308 1282 1385 praeteribat,etiamsi
1313 1309 1790 1370 accusatus,cum
1818 1318 1986 1358 accu-

273 1416 463 1467 satore
496 1424 602 1464 suo
635 1405 874 1460 redisset
905 1402 963 1455 in
1013 1401 1273 1473 gratiam.
1310 1400 1662 1467 Quapropter
1697 1393 1984 1450 universis

274 1497 562 1572 episcOpis
620 1492 882 1550 Corinthi
917 1491 1197 1553 scribens,
1259 1488 1372 1540 ait:
1408 1509 1434 1534 ‹‹
1467 1483 1750 1572 Desiderii
1802 1481 1983 1572 nostri

277 1571 364 1646 eet
395 1589 462 1643 ad
493 1583 866 1640 concordiam
887 1579 1141 1650 redigere
1165 1575 1480 1638 discordes,
1511 1578 1567 1628 et
1591 1573 1627 1628 I
1650 1571 1760 1628 15
1787 1571 1983 1626 unitos

276 1696 402 1736 esse
431 1679 489 1733 in
524 1675 996 1746 gratiaeos,quos
1027 1667 1245 1722 divisos
1274 1666 1344 1720 ab
1379 1665 1655 1719 alterutra
1678 1663 1983 1716 dilectione

275 1767 592 1824 voluntatis
627 1763 763 1818 facit
792 1776 921 1816 esse
945 1756 1273 1811 diversitas.
1303 1754 1532 1824 Scripta
1563 1752 1739 1822 igitur
1780 1752 1983 1804 frater-

276 1858 475 1916 uitatis
509 1859 713 1909 vestra:
771 1850 1112 1919 relegentes,
1175 1847 1522 1915 agnovimus
1573 1842 1727 1912 quod
1794 1839 1832 1894 ii
1887 1838 1986 1910 qui

277 1955 479 2004 contra
510 1943 864 2000 Hadrianum
899 1939 1132 1992 fratrem
1167 1941 1223 1989 et
1262 1932 1675 2004 coepiscopum
1711 1941 1985 1985 nostrum

281 2039 478 2108 aliqua
510 2037 774 2088 dixerant
799 2028 966 2083 modo
999 2041 1127 2080 cum
1152 2023 1350 2078 eodem
1396 2023 1664 2093 episcopo
1704 2023 1760 2076 in
1794 2022 1990 2078 amici-

281 2128 421 2183 tiam
452 2123 878 2186 convenissent,
907 2123 962 2172 et
986 2131 1196 2186 magna
1227 2111 1394 2167 nobis
1425 2112 1494 2165 ad
1538 2126 1794 2182 praesens
1838 2112 1988 2167 facta

281 2222 371 2271 est
400 2218 465 2269 de
497 2228 698 2268 eorum
743 2209 966 2263 unitate
1011 2202 1228 2258 laetitia.
1270 2203 1377 2255 Sed
1431 2201 1705 2272 quoniam
1748 2215 1812 2254 ea
1856 2217 1982 2271 quas

280 2307 436 2361 dicta
466 2311 598 2358 sunt
631 2298 964 2356 indiscussa
995 2307 1296 2348 remanere
1344 2305 1457 2344 non
1506 2289 1782 2360 patimur,
1825 2289 1986 2344 sedis

279 2399 492 2452 nostrai
521 2391 831 2445 diaconum
866 2385 934 2440 ad
969 2400 1036 2439 ea
1063 2378 1465 2448 investiganda
1495 2377 1820 2445 dirigimus,
1848 2378 1986 2449 quia

284 2481 535 2540 nuntiati
571 2495 677 2534 nos
703 2473 973 2532 facinoris
993 2471 1249 2542 qualitas
1280 2467 1987 2538 vehementerimpellitut

286 2590 351 2631 ea
383 2589 510 2645 quas
543 2567 868 2624 audivimus
889 2559 1263 2618 dissimulare
1287 2556 1623 2613 nullatenus
1644 2557 1983 2622 debeamus,

283 2661 604 2736 praesertim
663 2673 796 2711 cum
853 2657 1221 2708 accusatores
1278 2652 1335 2703 et
1365 2651 1701 2702 accusatum
1735 2646 1885 2702 inter
1923 2663 1984 2736 se

283 2735 490 2810 fecisse
523 2748 769 2821 gratiam
803 2740 1127 2798 indicastis.
1163 2738 1278 2794 Hoc
1295 2737 1463 2791 nobis
1496 2751 1730 2791 necesse
1751 2735 1983 2790 estsub-

282 2843 442 2898 tilius
493 2835 866 2910 perscrutari,
912 2847 981 2886 ne
1013 2832 1251 2886 fortasse
1283 2843 1483 2884 eorum
1533 2827 1613 2880 sit
1640 2830 1975 2897 comparata

280 2930 622 2987 concordia:
658 2942 783 2996 quae
817 2923 883 2990 si,
917 2923 1066 2992 quod
1102 2918 1270 2983 absit,
1304 2934 1417 2970 non
1449 2932 1516 2969 ex
1546 2915 1850 2982 charitate,
1882 2915 1982 2970 sed

273 3039 338 3076 ex
374 3019 604 3090 praemio
640 3018 787 3070 facta
819 3011 1166 3076 constiterit,
1199 3007 1404 3077 majori
1437 3007 1546 3062 hoc
1575 3007 1982 3061 emendatione

268 3108 639 3182 plectendum
689 3109 796 3159 est.
852 3101 999 3156 Nam
1051 3116 1156 3153 nos
1207 3097 1304 3168 qui
1349 3096 1644 3158 canonice,
1698 3094 1978 3150 revelante

269 3205 405 3266 Deo,
460 3196 634 3262 mala,
685 3194 734 3249 si
793 3191 1025 3263 quidem
1075 3204 1208 3242 vera
1262 3195 1421 3253 sunt,
1477 3200 1732 3239 resecare
1776 3201 1978 3254 praece-

267 3289 462 3344 dentia
496 3286 866 3350 festinamus,
900 3278 1274 3333 commissam
1325 3274 1698 3346 postmodum
1743 3275 1975 3345 culpam

263 3379 392 3434 sine
445 3374 702 3430 vindicta
761 3369 923 3425 nulla
973 3369 1196 3423 ratione
1264 3363 1685 3419 dimittimus.»
1745 3365 1973 3433 (Reg-ist.

262 3470 356 3525 lib.
393 3485 479 3532 Ill,
507 3483 588 3536 ep.
624 3463 737 3532 39.)

338 3558 478 3612 Item
511 3555 741 3616 Joanni,
775 3551 1042 3622 episcopo
1090 3548 1524 3604 Corinthiorum
1575 3550 1705 3617 post
1735 3544 1971 3616 aliqua:

264 3645 576 3709 «Paulum,
629 3641 843 3711 inquit,
889 3638 1232 3707 Diaconum,
1283 3637 1524 3692 latorem
1577 3635 1973 3707 praesentium,

263 3734 530 3810 quamvis
563 3731 734 3802 culpa
766 3747 871 3784 sua
900 3728 1273 3782 vehementer
1302 3727 1621 3781 confundat
1670 3730 1845 3796 atque
1891 3740 1972 3779 re-

263 3827 512 3897 darguat
545 3821 722 3896 quod,
757 3819 1037 3886 deceptus
1062 3816 1471 3887 promissione,
1501 3815 1572 3869 ab
1601 3813 1973 3870 accusatione

260 3932 444 3987 nuper
474 3910 720 3983 depositi
775 3907 1069 3978 quondam
1121 3905 1377 3978 episcopi
1421 3905 1509 3959 sui
1562 3903 1869 3969 destiterit,
1919 3907 1974 3959 et

264 4001 607 4076 cupiditatis
637 3998 834 4054 studio
868 3997 1041 4052 silere
1071 3997 1272 4050 contra
1293 3999 1551 4049 animum
1579 4009 1744 4048 suam
1775 3992 1971 4063 potius

260 4113 433 4170 quam
467 4094 706 4166 prodere
738 4107 870 4145 vera
901 4087 1220 4154 consensit,
1263 4093 1482 4153 tamen,
1525 4085 1659 4157 quia
1692 4083 1825 4155 plus
1869 4101 1972 4138 nos

267 4203 391 4245 esse
423 4182 690 4240 convenit
723 4180 848 4252 pios
881 4194 1054 4248 quam
1105 4177 1422 4243 districtos,
1453 4175 1601 4230 hanc
1633 4176 1682 4230 ei
1734 4174 1970 4243 culpam

265 4273 647 4347 ignoscimus,
689 4275 860 4340 atque
891 4285 1026 4324 eum
1060 4267 1118 4321 in
1168 4267 1371 4322 ordine
1413 4265 1654 4337 locoque
1687 4281 1790 4321 suo
1821 4265 1969 4320 reci-

264 4362 547 4435 piendum
579 4374 909 4413 ceusemu.
953 4356 1097 4411 Nam
1133 4356 1181 4410 ei
1215 4373 1248 4411 a
1279 4360 1537 4426 tempore
1569 4355 1806 4427 prolatae
1837 4369 1969 4410 sen-

261 4454 463 4512 tentia:
491 4450 862 4505 atﬂictionem
896 4464 1073 4520 quam
1124 4448 1360 4520 pertulit
1402 4448 1694 4503 credimus
1730 4447 1800 4502 ad
1850 4447 1969 4502 vin-

263 4546 477 4602 dictam
511 4541 685 4608 hujus
727 4513 1428 4609 culpas-posse-sufficere.
1457 4538 1845 4608 Euphemium
1874 4555 1968 4593 ve-
2003 4513 2046 4577 D

265 4653 326 4692 ro
358 4639 532 4703 atque
562 4628 872 4696 Thomam,
919 4626 1019 4696 qui
1070 4643 1170 4696 pro
1226 4627 1547 4680 deserenda
1604 4627 1968 4684 accusatione

266 4739 458 4783 sacros
490 4718 720 4776 ordines
752 4720 1117 4786 acceperunt,
1149 4715 1366 4772 eisdem
1392 4717 1695 4772 ordinibus
1717 4717 1966 4788 privatos

264 4833 412 4882 esse,
444 4818 617 4883 atque
650 4809 731 4863 ita
761 4806 930 4861 sicuti
965 4811 1105 4861 sunt
1135 4806 1406 4877 depositi,
1431 4807 1703 4862 volumus
1736 4824 1968 4878 perma-

269 4922 434 4972 nere;
470 4917 574 4957 nec
627 4912 885 4970 unquam
937 4911 1035 4950 eos
1096 4895 1205 4950 sub
1256 4894 1517 4966 qualibet
1573 4897 1964 4952 excusationis

266 4993 455 5067 specie
485 4991 541 5046 in
577 5004 772 5045 sacros
801 4985 1034 5041 ordines
1084 4982 1338 5039 revocari
1387 4982 1776 5042 decernimus.
1821 4985 1962 5042 Nam

263 5084 441 5140 nimis
467 5082 796 5152 indignum,
821 5081 877 5133 et
910 5079 1115 5133 contra
1147 5073 1549 5131 ecclesiastica
1583 5074 1840 5148 regulam
1875 5077 1965 5131 di-

269 5171 526 5242 sciplinte
559 5176 669 5238 est,
702 5174 764 5225 ut
796 5169 1018 5224 honore
1068 5181 1238 5239 quem
1293 5180 1404 5219 non
1447 5178 1514 5219 ex
1569 5163 1812 5235 meritis,
1864 5166 1968 5222 sed

265 5277 366 5335 pro
405 5259 636 5313 sceleris
671 5257 901 5328 praemio
949 5271 1274 5330 percepero,
1307 5253 1644 5327 fungantur.
1691 5252 1837 5317 Quia
1881 5258 1966 5309 ta-

265 5366 398 5407 men
434 5347 563 5419 plus
596 5346 1004 5404 misericordia
1035 5363 1210 5419 quam
1244 5345 1522 5402 districta
1557 5361 1669 5400 non
1703 5344 1969 5400 convenit

259 5452 493 5510 operam
535 5435 672 5489 dare
724 5437 991 5505 justitiaa,
1048 5439 1282 5493 eosdem
1336 5435 1729 5509 Euphemiam
1790 5438 1969 5507 atque

257 5531 566 5592 Thomam,
599 5524 658 5578 in
690 5524 953 5580 ordinem
986 5524 1306 5598 locumque
1342 5525 1778 5591 tantummodo,
1812 5526 1968 5581 unde

258 5621 328 5679 ad
361 5633 558 5676 sacros
589 5614 825 5672 ordines
856 5615 1099 5686 promoti
1137 5615 1383 5682 fuerant,
1419 5615 1693 5672 volumus
1737 5631 1964 5670 revoca-

262 5711 330 5775 ri,
364 5716 416 5766 et
456 5703 682 5764 cunctis
704 5702 911 5760 diebus
970 5703 1096 5758 vita
1153 5719 1270 5760 sua
1321 5705 1658 5761 eorumdem
1709 5703 1966 5762 locorum

2096 494 2442 552 Clematium
2465 515 2596 554 vero
2616 499 2886 556 lectorem
2902 502 3169 558 similiter
3184 503 3565 574 benignitatis
3586 507 3804 562 intuitu

2093 584 2151 638 in
2183 585 2443 642 ordinem
2478 587 2793 662 locumque
2825 608 2995 646 suum
3019 597 3545 650 revocandumesse
3575 597 3802 652 consti-

2094 676 2213 727 tuo.
2249 677 2470 740 Quibus
2501 677 2675 732 etiam
2703 680 2992 749 omnibus,
3019 682 3075 735 id
3105 683 3376 738 estPaulo
3399 682 3673 751 Diacono,
3694 685 3805 740 Eu-

2095 761 2353 832 phemio,
2379 765 2634 836 Thema,
2653 772 2820 838 atque
2838 768 3117 825 Clematio
3135 771 3441 826 commoda
3462 788 3567 826 sua
3588 788 3804 828 secun-

2097 852 2235 905 dum
2269 851 2459 908 locum
2493 860 2546 909 et
2579 857 2866 927 ordinem,
2900 859 2958 914 in
2992 875 3107 930 qua
3151 861 3402 932 quisque
3434 876 3636 917 eorum
3687 871 3799 930 est,

2096 941 2248 995 sicut
2278 944 2483 998 solitus
2516 951 2636 999 erat
2667 947 2946 1018 accipere,
2982 966 3014 1003 a
3046 951 3308 1019 praesenti
3340 950 3660 1006 indictione
3692 952 3809 1008 fra-

2093 1031 2336 1086 ternitas
2358 1041 2544 1088 vestra
2576 1036 2701 1090 sine
2731 1037 2930 1109 aliqua
2958 1040 3191 1094 studeat
3212 1040 3620 1096 imminutione
3654 1058 3801 1112 prae-

2096 1119 2246 1174 bere.
2277 1141 2304 1168 ››
2339 1123 2535 1193 (Regis.
2571 1125 2664 1178 lib.
2700 1142 2753 1190 v,
2780 1142 2863 1197 ep.
2891 1128 3007 1198 52.)

2165 1209 2255 1264 33.
2291 1209 2584 1268 Consueta
2614 1215 2956 1271 clericorum
2986 1217 3280 1288 stipendia
3312 1219 3486 1275 nullis
3517 1237 3807 1291 quarum-

2095 1297 2230 1353 libet
2248 1300 2652 1370 aagritudinem
2670 1305 3078 1362 occasionibus
3101 1308 3685 1364 misericordissimus
3706 1326 3809 1381 pa-

2096 1396 2179 1441 ter
2233 1391 2547 1460 Gregorius
2589 1394 2934 1448 retrahebat.
2991 1396 3150 1452 Unde
3207 1397 3482 1465 Candido,
3529 1398 3805 1471 episcOpo

2098 1477 2259 1531 urbis
2292 1480 2524 1543 veteris,
2559 1483 2843 1552 scribens,
2878 1483 2995 1539 ait:
3034 1506 3056 1537 α
3083 1485 3227 1540 Cum
3254 1486 3551 1558 percussio
3595 1503 3802 1559 corpo-

2096 1567 2260 1628 ralis,
2296 1578 2488 1624 utrum
2524 1587 2626 1640 pro
2660 1574 3004 1644 purgatione
3034 1591 3105 1628 an
3139 1591 3241 1647 pro
3273 1576 3528 1631 vindicta
3571 1579 3806 1633 contin-

2096 1661 2216 1723 gat,
2240 1657 2338 1710 Dei
2364 1656 2421 1712 in
2444 1658 2547 1713 hoc
2571 1661 2864 1730 judicium
2903 1665 3227 1734 ignoratur,
3262 1683 3376 1721 non
3395 1667 3563 1722 debet
3584 1683 3614 1721 a
3635 1667 3803 1723 nobis

2095 1745 2226 1797 addi
2279 1745 2582 1817 flagellatis
2631 1751 2889 1818 afflictio,
2951 1771 3021 1809 ne
3053 1771 3157 1810 nos
3205 1757 3406 1824 culpas,
3440 1756 3593 1827 quod
3626 1758 3802 1826 absit,

2099 1833 2319 1888 ofiensa
2351 1837 2642 1907 respiciat.
2680 1840 2744 1894 Et
2784 1842 2919 1911 quia
2944 1843 3313 1914 praesentium
3349 1843 3498 1897 lator
3553 1843 3800 1898 Calum-

2099 1921 2323 1993 niosus,
2358 1941 2461 1995 pro
2487 1925 2596 1982 hac
2628 1931 3004 1998 percussione
3035 1947 3206 2003 quam
3244 1933 3805 2002 sustinet,consueta

2095 2012 2202 2066 sibi
2235 2017 2534 2070 commoda
2589 2018 2659 2071 ab
2712 2018 2965 2075 Ecclesia
3013 2028 3207 2077 vestra
3250 2023 3457 2078 asserit
3504 2023 3800 2093 denegari,

2095 2102 2306 2159 idcirco
2339 2107 2754 2165 fraternitatem
2787 2115 2942 2165 tuam
2986 2111 3022 2166 I
3044 2110 3158 2168 46
3191 2113 3570 2183 praesentibus
3601 2114 3801 2169 horta-

2095 2209 2230 2249 mur
2259 2197 2536 2268 epistolis,
2571 2206 2857 2271 quatenus
2909 2202 3054 2257 nihil
3110 2219 3244 2258 eum
3303 2205 3374 2260 ad
3427 2204 3804 2276 percipienda

2093 2300 2220 2353 quas
2254 2294 2533 2344 consueta
2586 2291 2871 2347 sunthaec
2913 2293 3195 2364 aegritudo
3227 2294 3437 2350 debeat
3481 2293 3794 2365 impedire,

2092 2374 2228 2444 quia
2261 2377 2505 2434 diversis
2539 2384 2596 2435 in
2631 2381 2882 2438 Ecclesia
2929 2383 3799 2454 militantibusvaria,sicutno—

2092 2465 2185 2528 sti,
2219 2471 2667 2540 saepecontingit
2698 2472 3116 2529 infirmitas.Et
3145 2473 3193 2529 si
3223 2474 3333 2530 hoc
3356 2475 3570 2532 fuerint
3600 2493 3796 2532 exem-

2093 2553 2184 2622 plo
2218 2557 2496 2625 deterriti,
2525 2559 2725 2616 nullus
2756 2563 2825 2617 de
2857 2572 3062 2618 caetero
3098 2563 3197 2634 qui
3240 2564 3509 2620 Ecclesiae
3559 2566 3794 2633 militet,

2091 2645 2300 2712 poterit
2331 2647 2606 2715 inveniri;
2642 2651 2737 2706 sed
2791 2653 3113 2708 secundum
3167 2654 3274 2709 loci
3325 2654 3453 2724 ejus
3502 2654 3791 2720 ordinem,

2089 2751 2333 2807 quaeque
2379 2740 2450 2805 ei,
2501 2741 2549 2796 si
2598 2758 2776 2797 sanus
2826 2746 2998 2807 esset,
3046 2747 3311 2815 poterant
3341 2745 3684 2812 ministrari,
3719 2747 3793 2802 de

2090 2824 2216 2893 ipsa
2238 2826 2550 2898 exiguitate
2575 2847 2698 2901 quas
2731 2832 2996 2888 Ecclesiae
3044 2839 3228 2904 potest
3275 2835 3536 2890 accidere
3586 2835 3792 2891 fratcr-

2089 2913 2244 2969 nitas
2270 2924 2366 2970 tua
2389 2918 2566 2973 divini
2592 2921 3081 2992 contemplatione
3099 2922 3308 2993 judicii
3331 2923 3626 2996 aegrotanti
3647 2941 3790 2995 pras-

2090 2999 2223 3055 bere
2255 3020 2368 3058 non
2403 3005 2649 3062 desinat.
2678 3029 2703 3056 ››
2738 3009 2971 3081 (Regist.
3009 3007 3114 3065 lib.
3154 3027 3216 3077 ιι,
3249 3025 3332 3082 ep.
3364 3012 3452 3081 8.)

2164 3091 2253 3145 34.
2287 3093 2704 3165 Episcoporum
2738 3097 3156 3153 venerabilium
3191 3100 3367 3155 factas
3399 3099 3644 3171 propriis
3677 3099 3796 3155 cle-

2095 3180 2227 3235 ricis
2259 3184 2598 3252 sponsiones
2629 3185 2941 3257 Gregorius
2975 3189 3299 3258 apostolicae
3348 3190 3503 3244 sedis
3535 3191 3792 3245 auctori-

2089 3273 2304 3329 tatibus
2338 3277 2666 3331 roborabat.
2717 3277 2879 3334 Unde
2926 3279 3161 3346 Joanni,
3211 3279 3619 3336 Panormitano
3664 3282 3796 3353 cpi-

2087 3378 2284 3434 scopo,
2319 3365 2545 3434 scribit,
2581 3368 2818 3424 dicens:
2857 3391 2883 3417 ‹‹
2913 3369 3212 3441 lmplenda
3236 3386 3469 3438 semper
3499 3377 3638 3426 sunt
3687 3387 3795 3442 po-

2087 3453 2434 3511 stulantium
2469 3457 2779 3527 desideria,
2813 3461 3041 3531 quoties
3091 3460 3190 3514 illa
3238 3464 3559 3532 poscuntur
3597 3477 3726 3532 quas
3761 3479 3796 3516 a

2087 3547 2311 3600 ratione
2343 3563 2457 3602 non
2491 3549 2740 3604 deviant.
2774 3550 2839 3604 Et
2869 3551 3019 3616 ideo,
3053 3550 3190 3621 quia
3221 3550 3485 3621 quaedam
3531 3552 3797 3622 capitula

2085 3649 2208 3704 quae
2241 3641 2606 3691 servaturum
2635 3646 2684 3693 le
2701 3638 2926 3693 clericis
2959 3638 3075 3693 tuis
3097 3639 3423 3708 petentibus
3445 3639 3797 3710 promisisti,

2085 3731 2282 3779 nostra
2315 3729 2385 3781 ab
2418 3728 2500 3782 eis
2527 3730 2855 3800 postulatur
2886 3732 3222 3785 auctoritate
3246 3730 3486 3798 firmari,
3513 3732 3792 3786 fraterni-

2085 3816 2258 3870 tatem
2305 3821 2462 3872 tuam
2509 3818 2601 3872 his
2652 3818 2958 3874 hortamur
2987 3819 3278 3889 affatibus,
3313 3826 3375 3876 ut
3407 3837 3474 3876 ea
3495 3838 3618 3891 quas
3650 3838 3795 3891 pras-

2087 3905 2272 3960 scntia
2305 3910 2522 3978 scripta
2555 3911 3000 3966 continentsine
3022 3911 3433 3983 aliquadebeat
3457 3911 3798 3984 refragatio-

2088 4011 2156 4048 ne
2189 4012 2435 4051 servare.
2466 3998 2752 4067 Primum,
2783 4004 2844 4053 ut
2875 4001 2942 4054 de
2989 4001 3269 4056 reditibus
3319 4001 3585 4057 Ecclesiae
3619 4019 3797 4072 quar-

2084 4087 2201 4137 tam
2254 4084 2309 4136 in
2344 4085 2569 4158 integro
2627 4093 2950 4159 portionem
2985 4088 3240 4145 ecclesiae
3275 4095 3384 4144 tum
3417 4090 3660 4157 clericis,
3698 4108 3792 4145 se-

2084 4174 2344 4226 cundum
2382 4177 2653 4229 meritum
2690 4178 2772 4231 vel
2800 4177 3059 4234 officium
3078 4179 3194 4233 sive
3228 4179 3482 4234 laborem
3517 4195 3711 4245 suum,
3737 4188 3798 4234 ut

2083 4262 2206 4332 ipse
2239 4263 2555 4335 unicuique
2587 4267 2724 4321 dare
2759 4267 3150 4339 prospexeris,
3188 4269 3313 4324 sine
3355 4268 3551 4340 aliqua
3579 4269 3796 4326 debeas

2082 4356 2334 4425 praebere
2367 4357 2657 4412 tarditate.
2726 4358 2805 4414 De
2832 4358 2940 4413 hoc
2972 4375 3103 4413 vero
3145 4361 3296 4430 quod
3338 4375 3403 4414 ex
3436 4359 3690 4416 fidelium
3726 4377 3793 4417 o-

2085 4445 2338 4500 blatione
2369 4449 2699 4513 accesserit,
2733 4449 2784 4503 id
2828 4455 2916 4505 est
2947 4455 3208 4522 quartam
3245 4455 3465 4523 partem
3501 4451 3556 4505 in
3589 4450 3794 4507 solidis

2080 4534 2168 4588 vel
2204 4535 2464 4603 cellario,
2491 4539 2573 4592 eis
2601 4539 2766 4607 juxta
2801 4540 3101 4610 pristinam
3139 4541 3618 4596 consuetudinem
3656 4540 3797 4595 dare

2082 4641 2192 4680 non
2229 4625 2483 4682 differas.
2522 4628 2764 4699 Reliqua
2791 4634 2985 4684 autem
3020 4629 3217 4685 omnia
3251 4629 3569 4684 mobiliain
3595 4633 3797 4684 tuere-

2078 4717 2264 4772 tineas
2300 4723 2617 4788 potestate;
2651 4720 2973 4775 immobilia
3023 4725 3233 4777 cuncta
3263 4719 3669 4777 ecclesiasticis
3698 4739 3793 4777 re-

2079 4807 2295 4860 ditibus
2331 4815 2738 4880 aggregentur,
2772 4815 2834 4863 ut
2885 4809 3268 4881 multiplicata
3299 4811 3644 4878 quantitate,
3675 4810 3795 4867 cle-

2079 4896 2326 4950 ricorum
2388 4901 2617 4951 tuorum
2673 4899 2899 4964 usibus,
2929 4900 3038 4954 Deo
3097 4899 3398 4971 largiente,
3458 4899 3790 4968 proficiant.

2065 4979 2458 5041 'Tabularium
2497 4992 2713 5056 autem,
2744 5005 2858 5042 una
2890 5005 3020 5043 cum
3055 5004 3344 5044 consensu
3391 4989 3679 5044 seniorum
3733 4996 3793 5045 et

2079 5076 2237 5141 cieri,
2273 5078 2608 5133 memineris
2640 5079 3030 5134 ordinandum
3082 5078 3181 5151 qui
3232 5079 3401 5134 annis
3435 5076 3683 5150 singulis
3714 5079 3788 5134 ad

2079 5165 2501 5235 amputandam
2528 5165 2744 5220 fraudis
2759 5165 3151 5237 suspicionem
3177 5165 3664 5221 solemnitersuas
3695 5165 3791 5220 de-

2080 5255 2206 5308 beat
2240 5255 2491 5310 rationes
2525 5272 2828 5327 exponere.
2879 5255 3319 5310 Vindemiarum
3353 5271 3485 5310 vero
3527 5260 3790 5326 tempore

2078 5345 2232 5399 idem
2273 5347 2462 5400 clerus
2491 5346 2719 5402 emendi
2755 5347 2951 5401 irinum
2985 5347 3053 5401 de
3088 5345 3564 5417 possessionibus
3595 5343 3790 5401 eccle—

2065 5427 2172 5488 ~sise
2207 5439 2318 5488 tuae
2349 5436 2417 5488 ad
2450 5437 2610 5505 justa
2642 5438 2843 5507 pretia,
2869 5437 2929 5491 in
2964 5440 3246 5507 quantum
3278 5433 3642 5490 vendendum
3675 5437 3786 5500 est,

2079 5524 2402 5579 remedium
2437 5529 2848 5596 consequatur.
2883 5527 3020 5580 Nam
3076 5525 3218 5580 satis
3250 5529 3448 5580 contra
3499 5525 3785 5580 rationem

2079 5617 2186 5681 est,
2219 5621 2299 5680 ut,
2342 5613 2500 5685 quod
2551 5617 2738 5686 potest
2789 5613 3076 5669 extraneis
3121 5612 3469 5680 venundari,
3527 5611 3784 5681 clericis;

2078 5703 2213 5759 dato
2257 5705 2458 5776 pretio,
2517 5704 2852 5777 denegatur.
2887 5702 3292 5762 Possesliones
3341 5702 3544 5776 igitur,
3598 5700 3784 5760 vel'si
