4132 6172
257 285 367 349 197

789 286 868 363 ,s.
916 276 1287 344 GREGORJI
1334 275 1567 338 MAGNl
1618 275 1823 347 VITA,
1870 272 2102 334 AUCT.
2150 273 2453 334 JUANNE
2501 274 2871 336 DIACONO.
2919 275 3067 336 LIB.
3115 277 3211 339 tv.

3658 280 3774 343 198

251 440 368 494 qua
399 428 540 480 sunt
570 422 686 480 alia
746 419 1134 478 ecclesiastico
1191 417 1312 488 juri
1353 414 1767 486 competentia,
1802 420 1859 470 et
1890 413 1962 469 ab
1995 415 2045 480 Α
2077 411 2354 468 donensis
2386 412 2650 469 Ecclesiae
2697 415 3124 488 presbyterum,
3155 436 3188 475 a
3217 420 3379 476 vobis
3411 421 3635 479 fuerant
3675 424 3778 480 de-

253 515 544 568 extraneis
576 511 830 568 indebile
863 512 1214 573 detinentur,
1250 523 1382 561 cum
1416 505 1578 561 omni
1611 505 1809 560 studio
1841 520 1963 558 ser-

250 611 382 658 vata
422 604 721 669 civilitate,
757 603 931 672 iujus
958 599 1215 655 ecclesiae
1247 603 1353 654 tua;
1403 613 1670 668 reparare
1724 594 1960 660 festina,

251 701 311 749 ut
342 693 647 764 negligens
678 693 736 746 in
768 691 962 764 aliquo
993 689 1172 746 videri
1210 706 1324 745 non
1357 688 1568 744 valeas.
1603 687 1662 742 Si
1695 686 1836 757 quid
1873 700 1966 739 ve-

251 801 310 840 ro
343 784 416 838 de
447 798 821 854 quocumque
869 781 1077 836 clerico
1108 780 1178 834 ad
1231 795 1399 834 aures
1440 782 1566 832 tuas
1616 775 1965 847 pervenerit,

251 874 406 944 quod
443 880 498 927 te
522 874 685 942 juste
716 871 900 943 possit
931 869 1241 934 offendere,
1278 867 1442 924 facile
1468 883 1579 920 non
1599 865 1823 928 credas,
1856 879 1960 918 nec

250 964 321 1018 ad
357 962 678 1017 vindictam
704 967 756 1016 te
780 977 872 1016 res
903 961 1182 1015 accendat
1205 958 1500 1030 incognita
1522 974 1535 1018 :
1558 959 1680 1021 sed,
1717 971 1965 1026 praesen-

255 1052 412 1106 tibus
459 1052 719 1106 ecclesia:
771 1058 878 1104 tum
912 1049 1262 1116 senioribus,
1296 1048 1604 1119 diligenter
1636 1052 1725 1103 est
1755 1048 1965 1102 veritas

251 1138 694 1211 perscrutanda,
737 1144 792 1194 et
839 1143 980 1193 tunc
1013 1139 1056 1192 si
1089 1137 1340 1210 qualitas
1373 1136 1452 1191 rei
1485 1133 1832 1208 peposcerit,
1866 1152 1964 1190 ca-

249 1230 462 1284 nonica
488 1229 778 1283 districtio
810 1230 1014 1300 culpas
1046 1228 1209 1284 feriat
1257 1226 1663 1296 delinquentis.
1700 1225 1828 1280 Haec
1859 1225 1964 1281 ita‘

245 1334 361 1390 que
393 1318 596 1374 omnia
627 1317 710 1373 sic
731 1317 980 1374 sollicite
1015 1335 1080 1374 ac
1113 1321 1417 1374 mansuete
1450 1315 1631 1371 studii
1658 1317 1739 1369 tui
1767 1316 1844 1370 sit
1868 1332 1962 1370 cu-

247 1408 492 1476 stodire,
527 1416 816 1480 quatenus
872 1427 978 1467 nec
1006 1415 1069 1466 tu
1124 1410 1535 1482 promissionis
1565 1414 1679 1465 tua:
1714 1410 1963 1465 videaris

248 1499 571 1553 immemor
587 1500 905 1567 exstitisse,
933 1516 1037 1556 nec
1061 1500 1145 1556 illi
1163 1502 1385 1572 justam
1411 1509 1612 1556 contra
1630 1507 1684 1556 te
1707 1501 1964 1556 occasio-

246 1605 388 1644 nem
442 1589 706 1645 invenire
763 1592 993 1646 valeant
1048 1591 1476 1646 murmurandi.
1512 1612 1541 1640 »
1574 1592 1817 1662 (Reg-ist.
1865 1591 1963 1645 lib.

247 1693 379 1746 xm,
421 1693 511 1746 ep.
563 1678 678 1750 44.)

2073 501 2279 572 putati,
2313 504 2671 573 negligentes
2706 505 3026 575 veritatem,
3077 510 3335 577 Opinioni
3382 513 3772 582 crediderunt,

2073 598 2125 645 et
2166 592 2398 646 credere
2455 592 2714 648 districte
2777 597 3066 664 profitenti
3109 597 3468 654 noluerunt:
3535 605 3780 659 maxime

2072 695 2206 734 cum
2232 687 2593 736 accusatores
2618 683 2800 753 ipsius
2827 685 2902 755 (ιι)
2932 686 3426 744 Marcionistarum
3455 707 3631 762 quam
3662 710 3779 748 me-

2076 770 2377 824 morabant
2410 771 2695 836 hasresim,
2723 774 2874 827 unde
2903 790 3033 830 eum
3077 792 3236 832 reum
3273 780 3661 836 moliebantur
3707 785 3785 839 ef-

2075 861 2265 928 ficere,
2316 861 2650 932 interrogati
2683 880 2808 933 qtltB
2868 873 3037 934 esset,
3073 868 3293 924 nescire
3353 886 3413 926 se
3479 873 3783 930 manifesta

2074 950 2434 1018 professione
2459 952 2883 1020 responderint.
2917 955 2994 1008 Ex
3031 971 3147 1026 qua
3178 974 3238 1012 re
3270 958 3562 1015 evidenter
3602 980 3780 1034 agno-

2075 1045 2256 1100 scitur
2313 1045 2451 1114 quia
2512 1059 2813 1112 personam
2851 1046 3034 1115 ipsius
3070 1048 3197 1102 sine
3227 1049 3328 1104 Dei
3361 1061 3631 1122 respectu
3667 1074 3780 1112 non

2067 1134 2247 1203 juste,
2281 1134 2379 1188 sed
2413 1138 2609 1188 contra
2635 1135 2861 1188 animas
2894 1151 3030 1190 suas
3060 1135 3182 1191 sola
3213 1153 3450 1208 gravare
3482 1143 3780 1200 voluntate

2073 1225 2480 1280 tantummodo
2521 1222 2842 1280 voluerunt.
2903 1225 3018 1280 Nos
3081 1226 3291 1298 itaque,
3323 1230 3468 1285 facto
3511 1235 3782 1302 concilio,

2074 1313 2225 1369 sicut
2255 1319 2550 1383 gestorum
2597 1314 2748 1384 apud
2786 1331 2887 1368 nos
2922 1314 3249 1371 habitorum
3302 1325 3463 1374 tenor
3507 1324 3784 1391 ostendit,

2073 1412 2282 1459 cuncta
2313 1419 2439 1473 quas
2472 1407 2634 1456 erant
2668 1403 2993 1459 necessaria
3026 1405 3324 1462 subtiliter
3357 1416 3786 1476 perscrutantes

2075 1510 2139 1547 ac
2174 1498 2504 1560 tractantes,
2527 1493 2804 1563 quoniam
2839 1494 2894 1548 in
2923 1494 3082 1549 nullo
3135 1497 3491 1553 antedictum
3544 1502 3782 1575 presby-

2074 1594 2264 1645 terum
2297 1597 2458 1636 reum
2488 1582 2743 1637 invenire
2785 1584 3106 1654 potuimus,
3141 1587 3421 1658 praecipue
3453 1590 3590 1659 quia
3621 1590 3787 1649 libel-

2075 1668 2168 1727 lus
2208 1688 2380 1743 quem
2415 1671 2696 1743 delegatis
2761 1690 2795 1727 a
2821 1673 2977 1728 vobis
3005 1675 3300 1743 judicibus
3349 1677 3556 1734 obtulit
3616 1689 3782 1738 rectae

319 1765 466 1822 item
499 1768 872 1835 Maximiano,
906 1771 1274 1841 Syracusano
1331 1771 1624 1842 episcopo,
1655 1780 1778 1840 post
1831 1787 1969 1841 pan-
2000 1787 2047 1851 Β
2080 1763 2209 1818 fidei
2261 1779 2360 1832 per
2404 1765 2599 1818 omnia
2628 1764 2948 1819 sinceritati
2983 1767 3317 1831 concordat,
3349 1777 3652 1841 eapropter
3681 1791 3780 1829 eo-

245 1872 310 1911 ca
349 1875 362 1910 :
393 1879 420 1905 ‹‹
448 1857 840 1930 Cognovimus
871 1860 942 1915 de
973 1861 1257 1916 reditibus
1305 1861 1568 1917 Ecclesia
1621 1862 1842 1917 noviter
1885 1878 1974 1917 ac-

249 1945 494 2018 quisitis
525 1949 856 2004 canonicam
892 1949 1335 2020 dispositionem
1361 1957 1702 2023 quartarum
1737 1952 1976 2008 minime

245 2037 586 2107 provenire,
619 2039 718 2094 sed
744 2040 1048 2110 episcOpus
1073 2041 1329 2096 locorum
1357 2043 1760 2098 tantummodo
1778 2041 1974 2098 distri-

247 2124 437 2179 buere
489 2130 756 2196 quartam
826 2129 1200 2200 antiquorum
1256 2131 1573 2197 redituum,
1634 2146 1788 2186 nunc
1841 2147 1974 2188 vero

250 2213 514 2283 quaesita
564 2215 688 2269 suis
750 2217 951 2272 usibus
999 2221 1264 2274 retinere.
1302 2221 1690 2285 Quamobrem
1738 2238 1974 2294 pravam

250 2301 778 2360 subintroductam
802 2308 1288 2363 consuetudinem
1333 2310 1659 2366 fraternitas
1690 2316 1786 2367 tua
1818 2311 1976 2366 viva-

247 2392 403 2446 citer
428 2393 744 2448 emendare
779 2394 1031 2463 festinet,
1067 2403 1148 2463 ut,
1181 2398 1302 2454 sive
1333 2401 1401 2454 de
1444 2400 1748 2470 praeteritis
1781 2402 1978 2457 rediti-

243 2481 389 2549 bus,
423 2482 549 2538 sive
579 2484 648 2539 de
683 2484 771 2540 his
805 2503 933 2558 quae
964 2488 1186 2544 noviter
1209 2491 1514 2561 obvenere,
1549 2492 1632 2548 vel
1665 2493 1975 2548 obvenien-

243 2571 446 2637 tibus,
485 2579 696 2643 quarta
744 2577 1072 2632 secundum
1125 2579 1602 2636 distributionem
1636 2582 1975 2638 canonicam

246 2661 652 2730 dispensetur.
713 2665 861 2719 147
921 2666 1317 2738 Incongruum
1369 2686 1620 2740 namque
1679 2675 1768 2726 est
1801 2688 1976 2728 unam

240 2752 645 2822 eamdemque
705 2753 970 2812 Ecclesiae
1009 2758 1398 2815 substantiam
1448 2761 1664 2831 duplici
1724 2763 1974 2833 quodam

249 2843 440 2896 modo
468 2844 598 2911 jure
621 2846 863 2916 censeri,
897 2847 952 2902 id
979 2861 1066 2904 est
1099 2851 1498 2920 usurpationis
1529 2858 1585 2907 et
1610 2868 1920 2910 canonum.
1948 2874 1975 2900 »

240 2931 407 2999 (Lib.
446 2946 530 2994 Ill,
564 2947 648 3002 ep.
679 2934 789 3004 11.)

321 3019 421 3072 35.
466 3019 551 3072 Ab
584 3019 714 3075 aliis
739 3021 1028 3094 episcopis
1062 3028 1475 3084 communione
1533 3029 1788 3100 privatos
1841 3030 1976 3086 Gre-

2085 1852 2642 1923 rumdemjudiciurn
2670 1855 3047 1924 reprobantes
3065 1858 3784 1928 seutentiam,nostraeum

2083 1944 2418 2001 definitione
2449 1944 2822 2014 catholicum,
2847 1952 2902 2000 et
2932 1948 3004 2000 ab
3047 1947 3206 2001 omni
3243 1948 3509 2007 haeretico
3541 1953 3790 2012 crimine

2085 2035 2331 2091 liberum
2364 2052 2507 2102 esse,
2542 2036 2751 2091 Christi
2779 2035 2878 2091 Dei
2911 2036 3310 2107 Redemptoris
3347 2042 3529 2096 nostri
3563 2044 3787 2100 miseri-

2085 2126 2279 2180 cordia
2310 2131 2367 2180 et
2392 2126 2576 2198 gratia
2616 2125 2923 2194 revelante,
2959 2125 3451 2187 denuntiavimus.
3485 2152 3512 2181 »δ
3541 2133 3677 2201 (Lib.
3711 2151 3784 2202 vn,

2085 2231 2168 2286 ep.
2208 2216 2316 2282 15.)

2157 2305 2293 2359 Item
2339 2303 2615 2361 Mauricio
2664 2306 3001 2378 imperatori
3036 2313 3161 2377 post
3190 2325 3377 2379 pauca
3410 2327 3422 2364 :
3451 2330 3476 2364 ι
3537 2312 3786 2370 Relectis

2087 2395 2144 2448 in
2176 2395 2421 2449 concilio
2454 2411 2577 2466 quas
2609 2401 2810 2450 contra
2836 2395 3146 2467 Joannem,
3178 2398 3431 2455 ecclesia
3473 2402 3788 2460 Chalcedo-

2087 2482 2286 2538 nensis
2319 2485 2733 2555 presbyterum,
2755 2493 2882 2540 acta
2905 2492 3066 2555 sunt,
3085 2487 3258 2541 simul
3280 2494 3334 2544 et
3360 2491 3788 2563 seriejudicati,

2088 2574 2364 2641 majorem
2410 2572 2574 2628 illum
2611 2574 2958 2644 injustitiam
3009 2575 3358 2633 sustinuisse
3389 2582 3787 2651 cognovimus,

2086 2664 2296 2734 quippe
2319 2678 2485 2733 quem
2519 2664 2862 2719 clamantem
2895 2681 2957 2719 se
2986 2674 3158 2735 atque
3205 2673 3627 2726 monstrantem
3661 2688 3788 2728 esse

2086 2751 2457 2817 catholicum,
2493 2768 2603 2805 non
2640 2757 2834 2807 reatus
2865 2752 3056 2822 culpa,
3089 2756 3184 2810 sed
3218 2755 3318 2810 diu
3361 2760 3651 2814 accusatio
3699 2761 3791 2816 in-

2085 2849 2240 2896 certa
2271 2841 2559 2905 contrivit,
2594 2841 2652 2896 in
2702 2849 2952 2909 tantum,
3003 2845 3140 2913 quia
3181 2854 3549 2903 accusatores
3581 2850 3788 2919 ipsius,

2087 2932 2577 2986 Marcionistaruin
2612 2948 2784 3002 quam
2839 2933 3243 2989 memorabant
3272 2935 3536 2992 haeresim
3571 2940 3792 2995 nescire

2085 3037 2148 3074 se
2179 3029 2377 3090 aperta
2407 3023 2784 3093 responsione
2818 3021 3061 3092 professi
3098 3031 3256 3092 sunt,
3310 3033 3366 3079 et
3397 3027 3494 3097 qui
3547 3027 3699 3084 illico
3733 3030 3791 3082 in

241 3107 467 3178 gorius
498 3111 1174 3183 communionipristinae
1209 3118 1578 3174 reformabat.
1611 3122 1965 3190 Quapropter

251 3196 484 3222 [Ian—ﬁ
536 3199 863 3222 -_--L_-A..._-
903 3201 1047 3222 ‘._J!
1093 3204 1105 3222 ι
1300 3205 1310 3216 ι
1483 3207 1493 3222 ι
1569 3209 1578 3218 .
1788 3209 1820 3222 ..

2088 3109 2290 3179 judicti
2321 3111 2550 3165 fuerant
2584 3110 2784 3166 limine
2817 3110 3129 3180 repellendi
3165 3113 3220 3167 in
3255 3115 3622 3172 accusatione
3665 3119 3793 3187 ejus

246 3196 506 3265 Magno,
536 3199 868 3270 presbytero
901 3201 1348 3262 Mediolanensis
1378 3207 1654 3276 ecclesia,
1687 3209 1971 3278 scribens,

243 3285 328 3339 ait
374 3301 386 3338 :
427 3308 446 3332 -
479 3284 663 3353 Sicut,
695 3289 955 3359 exigente
985 3294 1180 3365 culpa,
1211 3296 1380 3366 digne
1403 3298 1538 3368 quis
1561 3304 1975 3354 asacramento

244 3376 701 3432 communionis
768 3381 1042 3452 abigitur,
1105 3385 1183 3439 ita
1239 3385 1577 3442 insontibus
1612 3388 1772 3443 nullo
1805 3390 1977 3444 modo

240 3462 395 3518 talis
417 3463 663 3532 irrogari
696 3466 864 3524 debet
916 3470 1189 3528 vindicta.
1225 3473 1631 3545 Comperimus
1682 3476 1973 3548 siquidem

239 3553 412 3623 quod
446 3552 819 3624 Laurentius,
853 3562 1151 3630 quondam
1182 3562 1354 3620 frater
1377 3569 1434 3621 et
1457 3565 1840 3638 coepiscopus
1870 3583 1974 3622 no-

241 3647 399 3705 ster,
438 3641 617 3698 nullis
648 3649 702 3700 te
727 3648 914 3718 culpis
942 3653 1304 3709 exstantibus
1335 3657 1752 3711 communione
1794 3655 1977 3725 priva-

239 3731 418 3799 verit,
456 3731 706 3804 ideoque
737 3735 916 3809 hujus
954 3743 1224 3813 praecepti
1259 3745 1438 3799 nostri
1471 3746 1814 3800 auctoritate
1847 3762 1971 3799 mu-

243 3822 446 3890 nitus,
482 3822 741 3880 officium
773 3831 932 3883 tuum
957 3846 1198 3887 securus
1244 3849 1474 3904 perage,
1525 3839 1580 3890 et
1611 3835 1974 3890 communio-

245 3927 389 3966 nem
425 3909 560 3966 sine
588 3912 784 3985 aliqua
812 3932 982 3974 sume
1022 3921 1353 3979 formidine.
1387 3946 1416 3972 ››
1447 3923 1590 3994 (Lib.
1624 3940 1708 3991 IlI,
1748 3940 1834 3995 ep.
1863 3925 1978 3993 26.)

321 4000 420 4054 36.
461 4000 787 4072 Purgantes
809 4021 871 4061 se
903 4023 936 4062 a
959 4008 1204 4064 crimine
1225 4011 1541 4081 cujuslibet
1567 4012 1797 4067 haeresis
1832 4013 1970 4068 Gre-

244 4090 468 4160 gorius
502 4107 618 4146 non
651 4093 842 4150 solum
903 4098 1236 4170 recipiebat,
1273 4101 1387 4157 imo
1435 4103 1610 4157 etiam
1653 4103 1972 4158 catholicos

246 4178 622 4235 declarabat.
669 4181 828 4240 Unde
871 4186 1106 4256 Joanni,
1148 4190 1792 4263 Constantinopolitano
1849 4192 1976 4262 epi-

244 4283 470 4339 scopo,
503 4269 727 4338 scribit,
762 4273 964 4332 dicens
997 4292 1064 4331 τα
1101 4278 1265 4333 Sicut
1293 4279 1696 4336 haereticorum
1720 4280 1977 4351 pravitas

243 4355 378 4412 zelo
413 4361 589 4412 rectae
623 4359 757 4415 ﬁdei
789 4365 1252 4436 comprimenda,
1284 4367 1362 4423 ita
1391 4385 1532 4424 verae
1592 4369 1976 4425 confessionis

245 4453 337 4501 est
375 4447 693 4519 integritas
737 4454 1186 4524 complectenda.
1219 4459 1364 4514 Nam
1424 4459 1474 4514 si
1513 4461 1666 4514 credi
1732 4459 1979 4515 fideliter

2090 3201 2293 3254 incerti
2328 3217 2667 3270 permanere
2711 3201 2977 3270 permissi
3011 3208 3165 3256 sunt.
3201 3203 3335 3269 Sed,
3368 3221 3438 3259 ne
3469 3206 3624 3261 dicta
3655 3223 3790 3263 eum

2091 3288 2240 3344 148
2275 3289 2479 3344 saltem
2511 3289 2762 3344 lacerare
2795 3291 3072 3358 potuisset
3113 3292 3327 3360 opinio.
3363 3291 3622 3348 libellum
3660 3296 3790 3352 fidei

2088 3375 2315 3442 obtulit,
2345 3377 2402 3432 in
2435 3393 2548 3448 quo
2583 3394 2641 3431 se
2668 3381 2930 3449 patenter
2960 3381 3262 3436 ostendere
3296 3381 3426 3436 fidei
3460 3388 3627 3438 rectas
3661 3401 3790 3454 pro-

2088 3465 2363 3522 fessorem
2389 3467 2602 3522 studuit
2633 3472 2690 3522 et
2716 3483 3046 3537 sequacem.
3092 3470 3200 3523 Sed
3255 3469 3408 3525 hunc
3437 3489 3466 3524 a
3500 3475 3795 3531 sanctissi-

2089 3573 2183 3611 mo
2211 3556 2455 3624 Joanne,
2488 3557 2655 3611 fratre
2703 3562 2758 3611 et
2789 3558 3129 3628 coepiscopo
3177 3567 3396 3624 nostro,
3421 3561 3651 3631 judices
3691 3565 3789 3620 de-

2089 3646 2289 3716 putati,
2310 3645 2527 3716 injuste
2559 3663 2624 3701 ac
2653 3646 3128 3702 irrationabiliter
3152 3648 3527 3718 negligentes,
3562 3651 3698 3708 dum
3733 3654 3789 3708 in

2087 3736 2213 3806 ejus
2243 3751 2304 3789 se
2335 3735 2446 3790 nisi
2494 3741 2632 3790 sunt
2680 3750 2963 3806 occupare
2993 3737 3345 3804 gravamine,
3381 3753 3442 3793 se
3481 3742 3673 3810 potius
3696 3759 3794 3798 re-

2089 3824 2510 3896 prehensibiles
2540 3825 2934 3879 ostenderunt.
2966 3828 3109 3878 Nam
3144 3825 3340 3881 nullus
3391 3830 3791 3900 ambigitinfi-

2087 3913 2382 3969 delitatem
2411 3929 2562 3979 esse,
2597 3913 2766 3968 fidem
2799 3912 3069 3968 fidelibus
3104 3930 3216 3968 non
3238 3915 3469 3971 habere.
3491 3939 3517 3964 »
3539 3919 3677 3987 (Lib.
3713 3937 3787 3986 νῐ,

2087 4019 2170 4074 ep.
2197 4003 2307 4072 16.)

2161 4093 2296 4148 Item
2321 4092 2488 4147 Narsi
2519 4092 2718 4148 comiti
2747 4092 2814 4145 de
2844 4092 3038 4147 eodem
3069 4096 3197 4163 post
3223 4092 3372 4146 alia:
3413 4112 3433 4140 ι
3459 4094 3538 4148 De
3567 4096 3792 4153 Joanne

2088 4200 2218 4240 vero
2249 4184 2586 4255 presbytero
2618 4183 2946 4254 cognoscite
2977 4184 3114 4254 quia
3143 4183 3301 4238 illius
3333 4201 3513 4240 causa
3535 4202 3636 4257 per
3655 4205 3790 4260 syn-

2089 4275 2266 4330 odum
2315 4275 2508 4329 decisa
2536 4283 2640 4340 est,
2675 4275 2734 4328 in
2780 4291 2893 4345 qua
2937 4281 3134 4345 aperte
3191 4276 3429 4344 cognovi
3500 4276 3636 4346 quia
3667 4280 3793 4348 ejus

2089 4364 2403 4420 adversarii
2438 4379 2571 4418 eum
2635 4365 2819 4419 facere
2872 4363 3205 4418 haereticum
3252 4365 3575 4431 voluerunt,
3607 4372 3662 4421 et
3693 4369 3790 4423 diu

2070 4454 2283 4510 .conati
2315 4459 2469 4520 sunt,
2517 4453 2614 4509 sed
2676 4455 2918 4509 minime
2975 4459 3302 4525 potuerunt.
3341 4477 3367 4504 ››
3425 4455 3567 4524 (Lib.
3603 4474 3677 4524 γι,
3709 4473 3793 4529 ep.

245 4534 585 4591 conﬁtendi
617 4537 949 4611 despicitur,
980 4550 1324 4602 cunctorum
1359 4547 1413 4602 in
1436 4548 1680 4603 dubium
1713 4549 1858 4603 fides
1874 4550 1978 4603 ad-
2011 4532 2056 4596 D
2093 4546 2201 4613 16-)

246 4622 524 4693 ducitur,
558 4633 728 4698 atque
759 4646 982 4688 errores
1011 4650 1079 4690 ex
1105 4635 1334 4692 incauta
1365 4637 1732 4693 dictrictione
1781 4638 1980 4693 morti-

248 4713 366 4768 feri
402 4723 777 4786 generantur,
811 4727 866 4777 et
896 4722 1034 4780 hinc
1079 4742 1190 4782 non
1239 4726 1425 4782 solum
1457 4732 1713 4784 errantes
1745 4743 1877 4783 oves
1906 4729 1978 4784 ad

251 4800 470 4858 caulas
498 4803 741 4863 minime
771 4808 1108 4869 Dominicas
1139 4821 1503 4883 revocantur,
1535 4817 1631 4874 sed
1684 4818 1858 4874 etiam
1890 4820 1980 4874 in-

251 4897 360 4948 tus
395 4893 602 4963 posita
636 4895 836 4956 ferinis
866 4900 1135 4959 dentibus
1166 4904 1458 4963 lanianda
1477 4907 1792 4964 crudeliter
1810 4923 1981 4979 expo-

254 4986 519 5040 nuntur.
553 4982 669 5040 Hoc
699 5003 836 5060 ergo
865 4991 1178 5060 subtiliter,
1215 4994 1390 5050 frater
1439 4996 1808 5065 charissima,
1840 5013 1980 5069 per-

254 5072 621 5144 pendamus,
655 5079 841 5134 etsub
871 5086 1151 5151 praetextu
1183 5084 1422 5141 heresis
1443 5087 1620 5160 afﬂigi
1645 5089 1980 5161 quempiam

253 5163 550 5219 veraciter
579 5168 945 5236 profitentem
977 5173 1153 5230 ﬁdem
1176 5174 1520 5232 catholicam
1555 5193 1668 5233 non
1694 5179 1981 5244 sinamus,

253 5268 363 5349 ne,
398 5253 554 5354 quod
600 5253 1072 5354 absit,-beresim
1106 5264 1230 5322 fieri
1262 5265 1372 5320 sub
1405 5267 1831 5324 emendationis
1865 5285 1984 5324 ma-

253 5348 363 5439 gis
393 5348 590 5442 specie
612 5348 1042 5442 permittamus.
1062 5352 1240 5411 Valde
1263 5361 1456 5412 autem
1481 5357 1609 5412 irati
1632 5373 1861 5425 sumus,
1881 5375 1986 5415 cur

253 5436 295 5483 ii
339 5436 442 5500 qui
479 5436 537 5485 in
573 5447 746 5491 causa
767 5436 897 5494 fidei
921 5441 1156 5510 judices
1188 5449 1392 5501 contra
1417 5446 1724 5516 Joannem,
1747 5447 1986 5505 Chalce-

2160 4636 2302 4690 Item
2334 4634 2674 4702 Athanasio,
2709 4637 3040 4708 presbytero
3072 4637 3139 4690 de
3170 4637 3389 4692 Isauria
3421 4653 3434 4693 :
3470 4660 3498 4686 ‹‹
3532 4637 3698 4695 Sicut
3727 4639 3798 4695 de

2089 4726 2170 4782 eis
2201 4742 2346 4797 quos
2380 4727 2451 4780 ab
2479 4726 2700 4780 unitate
2742 4725 3006 4780 Ecclesiae
3038 4725 3322 4782 hareticze
3375 4728 3675 4798 pravitatis
3707 4745 3795 4784 er-

2091 4832 2186 4871 ror
2214 4815 2461 4871 abscidit
2494 4815 2813 4887 affligimur
2841 4825 2897 4870 et
2926 4817 3212 4883 dolemus,
3249 4817 3328 4872 ita
3346 4817 3434 4872 his
3465 4835 3613 4889 quos
3645 4818 3797 4873 intra

2089 4906 2286 4961 sinum
2319 4920 2488 4961 suum
2548 4904 2842 4961 catholicm
2874 4905 3004 4960 fidei
3039 4906 3318 4976 professio
3368 4907 3623 4961 continet
3664 4923 3795 4961 con-

2091 4996 2415 5067 gaudemus
2446 5013 2460 5062 ;
2495 5001 2550 5052 et
2582 5000 2645 5051 ut
2690 4994 2964 5066 pastorali
2997 4995 3390 5050 sollicitudine
3422 4996 3655 5051 illorum
3691 5013 3796 5053 nos

2091 5089 2316 5157 oportet
2373 5085 2767 5154 impietatibus
2797 5085 3048 5151 obviare,
3083 5085 3167 5139 sic
3200 5084 3307 5154 piis
3341 5101 3541 5139 eorum
3575 5086 3799 5156 profes-

2092 5177 2355 5236 sionibus
2388 5176 2658 5249 congruit
2691 5179 2938 5232 favorem
2961 5173 3318 5247 impendere,
3342 5179 3400 5230 et
3419 5176 3645 5232 sincera
3675 5192 3801 5234 esse

2093 5283 2221 5339 qum
2273 5265 2508 5337 sapiunt
2564 5265 2872 5321 declarare.
2906 5268 3096 5334 Atque
3128 5263 3276 5330 ideo,
3307 5266 3445 5320 dum
3486 5265 3590 5321 tibi
3620 5267 3799 5323 Atha-

2094 5358 2259 5415 nasio
2290 5357 2623 5430 presbytero
2656 5353 2991 5411 monasterii
3041 5357 3228 5411 sancti
3256 5355 3427 5423 Milie,
3461 5357 3553 5413 cui
3584 5366 3668 5413 est
3699 5375 3800 5414 vo-

2096 5448 2370 5505 cabulum
2428 5448 2720 5512 Tannaco,
2755 5444 2907 5518 quod
2961 5444 3019 5500 in
3055 5445 3340 5518 Lycaonia
3384 5453 3476 5504 est
3506 5448 3800 5521 provincia

444 5640 679 5736 ³Ι-τι-οριιξΣ
712 5645 1087 5736 epi§tolarum
1109 5653 1338 5736 legitur,
1371 5659 1883 5718 Marcianiuarum.
1917 5662 2134 5722 Verum
2159 5663 2382 5736 optima
2403 5666 2489 5720 est
2518 5661 2688 5721 lectio
2720 5661 3224 5734 Marcionistarum,
3266 5667 3328 5720 ut
3381 5664 3553 5723 etiam
3598 5661 3796 5720 inani.

262 5728 413 5769 mue
444 5711 503 5770 in
528 5713 680 5772 notis
707 5711 776 5774 ad
805 5718 954 5779 hanc
985 5725 1160 5799 epist.
