4106 6174
389 289 504 349 199

923 287 997 346 8.
1045 283 1416 346 GREGORII
1467 283 1710 343 MAGNI
1758 282 1962 356 VlTA,
2010 282 2237 343 AUCT.
2285 280 2583 342 JOANNE
2630 280 2994 343 DIACONO.
3042 279 3196 343 LIB.
3240 278 3347 342 ιν.

3796 278 3921 340 200

385 422 790 490 constitutum,
815 421 1106 480 contraria
1130 421 1368 493 integrae
1396 421 1525 475 fidei
1549 423 1674 475 orta
1695 419 1953 492 suspicio
1983 423 2091 485 est,
2127 423 2177 490 Α
2208 419 2382 477 tionis
2439 419 2698 488 stimulo,
2733 420 3002 476 satisﬁeri
3060 420 3224 476 vobis
3255 419 3538 476 veraciter
3565 419 3638 475 de
3696 418 3789 475 his
3849 420 3921 474 de

387 520 451 571 ut
475 514 850 585 professionis
892 519 1004 568 tuas
1039 514 1322 583 potuisset
1351 511 1652 580 integritas
1692 527 1988 582 apparere,
2021 511 2091 566 ad

385 604 766 676 apostolicam
827 605 1046 669 sedem,
1077 604 1169 656 cui
1208 602 1605 672 praesidemus,
1632 600 1856 671 elegisti
1893 616 2094 654 recur-

386 712 533 764 rere,
582 711 845 750 asserens
887 693 1062 748 etiam
1096 700 1148 746 te
1191 691 1568 763 corporaliter
1587 691 1952 746 verberatum
1988 690 2094 744 ali-

385 803 499 858 qua
544 786 756 855 injuste
801 801 867 838 ac
923 783 1206 838 violenter
1256 782 1480 838 fecisse.
1514 782 1578 836 Et
1627 797 1965 853 quanquam
2027 797 2096 835 ea

386 894 512 948 qua
541 876 591 930 vi
628 871 1001 944 impulsionis
1035 873 1182 927 fiunt
1219 888 1509 926 canonum
1565 871 1810 926 minime
1852 887 2096 926 censura

387 966 645 1036 recipiat,
677 968 734 1018 et
756 964 888 1034 jure
920 961 1246 1016 habeantur
1274 960 1526 1029 infirma,
1569 962 1704 1030 quia
1736 961 1859 1031 ipse
1881 977 1948 1014 ea
1977 959 2094 1014 dis-

385 1056 559 1111 solvit
602 1054 700 1125 qui
737 1053 1016 1120 injustum
1064 1049 1224 1105 fateri
1271 1049 1588 1121 compellit,
1625 1050 1726 1104 sed
1780 1049 1966 1121 magis
1998 1047 2095 1104 illa

386 1148 471 1200 est
524 1142 898 1206 suscipienda
953 1143 1009 1195 et
1057 1139 1460 1209 amplectenda
1519 1137 1805 1195 confessio
1855 1154 1979 1210 qua
2025 1154 2094 1192 ex

384 1241 704 1306 spontanee
727 1235 1088 1287 monstratur
1105 1229 1402 1285 voluntate
1422 1231 1746 1299 procedere,
1767 1229 1920 1284 sicut
1935 1228 2093 1299 apud

385 1341 492 1380 nos
537 1322 744 1378 fecisse
791 1319 1166 1391 dignosceris.
1206 1319 1288 1373 Ne
1311 1318 1448 1390 quid
1485 1323 1675 1373 tamen
1713 1317 1878 1372 nobis
1909 1316 2091 1372 ambi-

383 1429 566 1486 guum
617 1408 904 1483 potuisset
952 1406 1215 1474 existere,
1250 1406 1618 1461 sanctissimo
1640 1405 1871 1472 Joanni,
1906 1421 2089 1477 quon-

384 1505 518 1560 dam
553 1501 716 1556 fratri
750 1509 947 1554 nostro
977 1496 1636 1568 Constantinopolitanae
1666 1497 1913 1551 civitatis
1941 1497 2090 1552 anti-

383 1593 522 1659 stiti,
553 1592 624 1647 de
653 1595 710 1645 te
742 1587 1115 1661 praevidimus
1139 1587 1535 1651 scribendum,
1561 1590 1626 1640 ut
1656 1587 1779 1640 suis
1814 1602 1916 1641 nos
1947 1585 2087 1657 quid

383 1686 579 1737 actum
627 1685 777 1734 esset
806 1675 1068 1748 epistolis
1124 1675 1484 1730 informaret.
1518 1674 1626 1738 Qui
1683 1690 1833 1744 saepe
1863 1693 1893 1727 a
1921 1674 2089 1728 nobis

382 1771 736 1834 admonitus,
771 1765 1115 1830 rcscribens,
1166 1763 1420 1820 innotuit
1461 1764 1771 1836 quemdam
1833 1763 2088 1819 codicem

383 1861 540 1932 apud
583 1865 640 1914 te
680 1858 860 1913 fuisse
910 1856 1209 1910 inventum
1245 1871 1360 1924 quo
1420 1854 1583 1924 plura
1640 1853 2090 1910 continebantur

382 1951 667 2018 haeretica,
692 1955 749 2005 et
777 1950 848 2004 ob
881 1947 988 2001 hoc
1013 1947 1290 2001 adversus
1323 1945 1693 2002 dilectionem
1720 1949 1876 2000 tuam
1914 1945 2088 2000 fuisse

381 2047 766 2100 commotum.
802 2040 982 2104 Quem
1044 2037 1181 2107 quia
1213 2035 1284 2089 ad
1317 2052 1423 2091 nos
1470 2035 1696 2090 studuit
1724 2053 1824 2106 pro
1856 2035 2088 2091 satisfa-

381 2134 569 2192 ctione
600 2131 1017 2195 transmittere,
1053 2127 1271 2198 priores
1315 2127 1442 2197 ejus
1475 2131 1665 2198 partes
1704 2125 1948 2181 sollicita
2005 2126 2087 2180 le-

383 2223 571 2280 ctione
603 2219 998 2292 percurrimus
1027 2235 1040 2286 ;
1074 2216 1420 2289 etquoniam
1449 2216 1761 2270 manifesta
1785 2215 1842 2270 in
1876 2232 1941 2270 eo
1975 2214 2087 2270 has-

382 2313 568 2370 reticaa
603 2307 903 2383 pravitatis
925 2322 1144 2361 venena
1170 2304 1518 2375 reperimus,
1541 2320 1611 2358 ne
1637 2305 1827 2360 denuo
1853 2303 2090 2358 debuis-

383 2409 471 2460 set
518 2401 630 2473 legi
695 2398 1002 2454 vetuimus.
1037 2397 1146 2452 Sed
1190 2395 1324 2466 quia
1366 2395 1520 2450 hunc
1553 2400 1607 2449 te
1639 2393 1982 2465 simpliciter
2010 2392 2088 2448 le-

379 2495 537 2565 gisse
567 2494 806 2547 testatus
838 2505 922 2552 es,
955 2495 1006 2541 et
1038 2488 1105 2541 ad
1137 2487 1552 2555 amputandam
1588 2485 1873 2556 ambiguas
1908 2483 2092 2556 suspi-

381 2583 564 2640 cionis
591 2579 886 2636 materiam
922 2575 1181 2631 libellum
1219 2574 1388 2630 nobis
1441 2591 1614 2629 manu
1649 2579 1749 2629 tua
1782 2573 2090 2646 porrexisti

381 2671 794 2746 perscriptum,
828 2667 884 2720 in
947 2682 1082 2736 quo,
1144 2664 1316 2718 fidem
1349 2671 1505 2718 tuam
1547 2680 1864 2735 exponens,
1890 2679 2092 2717 omnes

383 2761 731 2839 generaliter
761 2758 1030 2820 haereses,
1063 2754 1148 2809 vel
1183 2753 1473 2826 quidquid
1506 2755 1784 2809 adversus
1800 2753 2092 2809 catholica:

384 2851 759 2926 professionis
793 2846 1183 2916 integritatem
1209 2849 1316 2912 est,
1342 2843 1710 2913 apertissime
1743 2844 2092 2899 condemna-

385 2943 479 3007 sti,
514 2949 566 2995 et
593 2941 806 2994 cuncta
839 2951 966 3006 quae
991 2939 1206 2988 sancta:
1233 2937 1484 3002 quatuor
1509 2932 1862 2987 universales
1892 2931 2092 3004 synodi

385 3029 674 3100 recipiunt
725 3031 780 3078 te
839 3037 1067 3088 semper
1128 3019 1415 3091 recepisse
1473 3036 1536 3075 ac
1579 3020 1853 3091 recipere,
1883 3025 1938 3075 et
1969 3035 2094 3090 qua:

384 3116 919 3175 condemnaverunt
961 3111 1380 3165 condemnasse
1425 3110 1928 3180 condemuareque
1962 3124 2095 3178 pro-

2205 511 2416 582 quibus
2438 516 2526 566 est
2543 511 2829 578 dubietas,
2850 509 3190 568 intendatis.
3208 509 3542 567 Remeantis
3564 513 3764 565 autem
3785 511 3918 565 Cas-

2202 600 2334 656 torii
2395 602 2600 656 notarii
2662 602 2771 657 mei
2804 603 3041 657 edoctus
3090 601 3367 656 relatione
3399 616 3553 670 sum,
3587 599 3925 656 fraternita-

2203 694 2316 745 tem
2350 695 2602 745 vestram
2641 691 2712 745 ad
2767 707 2858 745 me
2890 690 3101 747 habere
3145 691 3501 747 desiderium
3533 689 3830 754 veniendi,
3869 690 3920 744 si

2206 778 2555 848 promissum
2591 778 2761 834 fuerit
2787 779 2925 850 quia
2967 779 3188 834 nullam
3222 778 3549 834 molestiam
3582 777 3917 833 sustinebit.

2203 868 2321 924 Hoc
2351 886 2454 941 ego
2487 885 2865 941 cognoscens,
2898 875 2954 925 et
3000 879 3154 940 opto,
3205 874 3284 938 et,
3335 885 3651 926 succensus
3711 870 3917 926 ardore

2204 961 2527 1030 charitatis,
2561 960 2740 1016 invito
2765 965 2825 1015 ut
2856 961 2927 1016 ad
2960 977 3047 1017 me
3070 961 3337 1017 veniendi
3371 960 3628 1018 debeatis
3653 959 3914 1016 laborem

2205 1065 2497 1105 assumere
2523 1066 2534 1105 :
2569 1058 2855 1119 quatenus
2879 1052 3089 1119 pariter
3119 1051 3501 1116 conferentes,
3533 1067 3666 1123 quas
3697 1064 3833 1104 vera
3860 1055 3918 1105 et

2204 1138 2574 1210 Rcdemptori
2633 1149 2828 1195 nostro
2880 1144 3020 1195 sunt
3051 1139 3285 1212 placita,
3320 1145 3377 1196 et
3408 1139 3802 1195 communiter
3833 1138 3917 1194 lo-

2203 1244 2476 1298 quamur,
2509 1231 2565 1281 et
2597 1227 2783 1282 modis
2812 1228 3088 1284 omnibus
3136 1233 3462 1284 teneamus.
3498 1227 3613 1300 Ego
3644 1243 3799 1292 vero,
3827 1227 3916 1282 di-

2201 1316 2345 1370 vinas
2375 1316 2748 1386 protectionis
2779 1317 2965 1388 gratia
2987 1317 3366 1388 suffragante,
3388 1317 3723 1374 satisfacere
3749 1317 3916 1373 vobis

2203 1406 2273 1460 de
2296 1407 2511 1477 quibus
2543 1407 2819 1461 dubitatis
2853 1413 3093 1478 paratus
3124 1423 3275 1473 sum,
3296 1413 3352 1463 et
3378 1407 3604 1463 confido
3636 1406 3707 1461 de
3731 1407 3917 1462 omni-

2203 1495 2457 1567 potentis
2489 1494 2584 1550 Dei
2619 1495 2798 1550 nostri
2831 1496 3160 1563 clementia,
3195 1496 3330 1568 quia
3360 1497 3440 1551 ita
3465 1496 3624 1553 vobis
3683 1495 3914 1551 satisfa-

2202 1585 2314 1640 ctio
2340 1601 2469 1640 mea
2501 1585 2745 1641 interius
2768 1585 3095 1656 inhaerebit,
3130 1591 3194 1640 ut
3220 1585 3363 1642 nihil
3398 1585 3674 1642 charitati
3704 1588 3908 1640 vestras

2201 1672 2271 1727 de
2305 1677 2506 1728 caetero
2539 1673 2718 1743 possit
2749 1673 3092 1744 ambiguum
3115 1689 3439 1729 remanere.
3472 1673 3617 1729 Nam
3651 1671 3752 1727 illa
3781 1686 3908 1743 quae

2200 1762 2583 1818 sanctissimae
2617 1767 2869 1834 quatuor
2895 1763 3098 1836 synodi
3132 1771 3455 1836 sapuerunt
3475 1768 3645 1833 atque
3667 1762 3905 1817 definie-

2199 1857 2356 1918 runt,
2398 1852 2570 1907 sicuti
2620 1853 3013 1923 pradecessor
3075 1858 3275 1908 noster
3335 1853 3446 1909 Leo
3500 1851 3910 1908 sanctissimus

2199 1958 2368 2013 papa,
2399 1941 2480 1994 ita
2508 1957 2575 1996 ea
2604 1947 2660 1996 et
2690 1957 2793 1996 nos
2844 1941 3124 2012 sapimus,
3161 1942 3484 2014 sequimur,
3515 1957 3582 1998 ac
3611 1945 3912 2006 tenemus,

2198 2046 2306 2087 nec
2327 2031 2396 2084 ab
2429 2047 2623 2086 earum
2655 2030 2765 2085 ﬁde
2798 2030 2992 2102 aliquo
3012 2033 3184 2087 modo
3216 2031 3620 2087 dissentimus.
3643 2030 3749 2086 Sed
3768 2030 3912 2101 quia

2201 2119 2330 2192 plus
2362 2137 2610 2192 persona
2641 2137 2892 2191 presens
2933 2138 3108 2192 quam
3142 2121 3391 2192 epistola
3436 2121 3743 2186 satisfecit,
3774 2119 3914 2175 hor-

2201 2218 2309 2276 tor,
2350 2209 2712 2265 dilectissimi
2749 2211 2972 2278 fratres,
3008 2218 3069 2265 ut
3101 2211 3168 2265 ad
3205 2226 3295 2266 me
3324 2211 3541 2278 venire,
3574 2212 3728 2267 sicut
3758 2225 3914 2281 prai-

2203 2299 2355 2355 fatus
2383 2315 2536 2366 sum,
2570 2300 2852 2360 debeatis.
2887 2302 3227 2366 dummodo,
3266 2301 3489 2356 ratione
3523 2305 3818 2372 percepta,
3879 2315 3914 2353 a

2203 2390 2504 2446 concordia
2535 2400 2744 2446 sanctas
2807 2391 3151 2446 universalis
3185 2391 3445 2446 Ecclesiae
3487 2390 3774 2446 dissensio
3809 2405 3915 2444 vos

2204 2480 2364 2534 nulla
2409 2479 2694 2535 dissociet.
2721 2479 2838 2535 Hoc
2865 2485 3060 2534 tamen
3093 2484 3248 2535 certa
3277 2480 3355 2535 sit
3403 2485 3596 2535 vestra
3651 2479 3916 2534 charitas

2202 2569 2341 2641 quia
2369 2585 2470 2624 vos
2501 2577 2552 2624 et
2584 2585 2715 2625 cum
2749 2569 2956 2624 affectu
2990 2585 3104 2639 quo
3133 2569 3298 2625 decet
3328 2569 3650 2640 suscipiam
3684 2573 3740 2623 et
3772 2583 3916 2625 cum

2204 2659 2387 2732 gratia
2430 2658 2718 2725 relaxatio,
2753 2675 2858 2714 nec
2892 2659 3148 2730 aliquam
3197 2675 3298 2714 vos
3353 2659 3442 2714 vel
3501 2674 3917 2731 quoscumque

2204 2749 2350 2803 alios
2382 2749 2482 2820 qui
2516 2764 2618 2820 pro
2642 2747 2750 2803 hac
2769 2749 2837 2803 ad
2865 2763 2955 2803 me
2985 2748 3054 2803 ad
3081 2764 3257 2804 causa
3277 2749 3471 2805 venire
3494 2749 3917 2814 voluerint,af-

2205 2839 2456 2894 flictione
2482 2838 2565 2893 vel
2591 2837 2919 2894 molestiam
2952 2840 3237 2895 sustinere
3269 2839 3672 2909 permitto,ed
3703 2855 3806 2893 seu
3842 2841 3918 2894 ad

2205 2929 2686 2984 consentiendum
2719 2927 2864 2982 mihi
2915 2944 3012 2984 cor
3058 2934 3316 2984 vestrum
3369 2927 3766 2985 misericordia
3817 2927 3915 2983 di-

2204 3019 2341 3074 vina
2371 3018 2794 3089 compunxerit,
2823 3018 2966 3086 sive,
2990 3019 3145 3090 quod
3179 3019 3350 3086 absit,
3380 3019 3439 3073 in
3463 3035 3529 3074 ea
3551 3035 3650 3075 vos
3699 3019 3920 3073 durare

2209 3108 2577 3163 dissensione
2651 3107 2978 3178 contigerit,
3029 3108 3099 3162 ad
3152 3107 3386 3180 propria
3471 3124 3570 3163 vos
3659 3124 3920 3165 remeare

385 3209 574 3266 fessus
607 3220 698 3272 es;
731 3217 856 3256 cam
884 3215 1115 3270 quoque
1146 3199 1430 3268 synodum
1458 3215 1584 3270 quin
1609 3198 1973 3266 imperatoris
1997 3196 2092 3252 Ju-
2122 3172 2166 3239 Ο
2206 3197 2439 3270 quando
2466 3196 2784 3262 volueritis,
2840 3199 3006 3267 juxta
3051 3197 3498 3270 promissionem
3542 3211 3752 3263 meam,
3786 3196 3922 3253 sine

385 3296 623 3353 stiniani
661 3291 1024 3362 temporibus
1058 3289 1126 3342 de
1158 3288 1344 3342 tribus
1367 3288 1643 3358 capitulis
1669 3289 1816 3342 facta
1838 3292 1926 3342 est
1955 3292 2009 3342 te
2040 3291 2097 3341 et

385 3386 685 3456 suscipere
715 3386 772 3436 et
831 3379 1126 3434 custodire
1178 3377 1517 3449 promisisti,
1579 3383 1653 3445 et,
1687 3376 2009 3449 prohibitus
2067 3392 2100 3430 a

387 3476 554 3532 nobis
601 3474 854 3528 codicem
888 3469 1078 3539 ipsum
1112 3467 1300 3533 legere
1350 3467 1406 3520 in
1441 3484 1552 3537 quo
1605 3468 1889 3538 pestiferae
1938 3466 2098 3522 virus

387 3565 611 3623 fraudis
643 3563 918 3616 innexum
951 3563 1060 3626 est,
1093 3557 1480 3611 libentissime
1503 3556 1870 3620 consensisti,
1904 3571 2099 3627 repro-

390 3655 533 3708 bans
563 3650 734 3705 etiam
770 3657 941 3718 atque
973 3646 1364 3699 condemnans
1385 3644 1582 3699 omnia
1614 3661 1741 3715 quae
1781 3647 1981 3698 contra
2011 3659 2100 3698 ca-

388 3741 615 3797 tholica:
675 3737 809 3792 fidei
867 3735 1257 3807 integritatem
1297 3733 1358 3789 in
1417 3750 1481 3788 eo
1513 3733 1670 3788 dicta
1718 3731 1805 3788 vel
1852 3732 2103 3788 latenter

386 3831 608 3888 inserta
657 3832 812 3892 sunt,
869 3841 973 3880 nec
1013 3840 1147 3880 eum
1181 3831 1234 3878 te
1287 3821 1471 3893 legere
1504 3825 1693 3879 denuo
1739 3822 2096 3894 promisisti:

391 3923 494 3978 hac
527 3918 744 3974 ratione
778 3914 1047 3986 permoti,
1077 3916 1386 3984 postquam
1415 3912 1679 3983 (a)etiam
1703 3929 1770 3968 ex
1801 3911 2100 3983 exprobati

387 4015 505 4068 ate
553 4006 733 4063 libelli
780 4006 932 4060 149
966 4005 1200 4076 pagina,
1237 4003 1381 4058 fides
1433 4007 1534 4057 tua
1585 4002 1753 4056 nobis
1799 4001 2099 4061 catholica,

385 4103 501 4159 Deo
536 4098 920 4166 custodiente,
965 4093 1305 4166 perclaruit,
1365 4094 1436 4148 ab
1497 4090 1656 4146 omni
1707 4096 1762 4146 te
1822 4091 2098 4146 haereticis

388 4188 787 4262 perversitatis
820 4184 1048 4241 macula
1096 4187 1264 4255 juxta
1306 4181 1716 4251 professionem
1762 4186 1922 4236 tuam
1957 4181 2098 4237 libe-

389 4297 518 4336 rum
551 4294 678 4334 esse
720 4276 1113 4340 decernimus,
1148 4277 1205 4327 et
1237 4269 1609 4337 catholicum,
1644 4275 1817 4341 atque
1861 4270 2099 4326 sincerae

390 4370 447 4423 in
483 4367 756 4421 omnibus
813 4364 946 4418 fidei
1008 4362 1417 4433 professorem,
1479 4377 1544 4415 ac
1601 4377 1907 4431 sequacem
1959 4359 2095 4415 Jesu

389 4453 602 4511 Christi
633 4452 949 4506 Salvatoris
1003 4448 1189 4521 gratia
1221 4446 1498 4503 claruisse
1534 4447 1997 4517 pronuntiamus,
2029 4447 2096 4502 li-

2210 3289 2442 3344 lazsione
2483 3288 2569 3344 vel
2604 3288 2870 3344 molestia
2928 3287 3186 3344 relaxare
3235 3287 3597 3344 curabimus.
3625 3310 3652 3337 ι»
3683 3289 3825 3358 (Lib.
3858 3306 3918 3354 v,

2207 3392 2291 3449 ep.
2323 3377 2438 3447 51.)

2280 3467 2369 3520 38.
2406 3467 2708 3534 Severum,
2757 3466 3190 3536 Aquileiensem
3232 3465 3592 3538 episcopum,
3625 3471 3798 3539 caput
3831 3471 3923 3524 to-

2209 3558 2327 3611 tius
2358 3555 2696 3611 scbismatis
2719 3556 3086 3621 existentem,
3112 3557 3352 3612 Romam
3376 3559 3570 3615 venire
3596 3557 3920 3630 compellit,

2209 3646 2443 3702 dicens:
2471 3669 2498 3695 ‹‹
2529 3646 2690 3701 Sicut
2720 3647 3078 3718 gradientem
3115 3663 3214 3717 per
3241 3647 3424 3718 devia,
3456 3653 3786 3720 carpentem
3821 3650 3922 3706 dc-

2209 3751 2323 3791 nuo
2380 3740 2601 3790 rectum
2663 3735 2972 3803 tramitem,
2999 3740 3117 3791 tota
3146 3735 3429 3792 Dominus
3459 3736 3728 3793 aviditate
3758 3755 3920 3794 com-

2211 3823 2500 3895 plectitur,
2538 3823 2618 3879 ita
2638 3823 2878 3879 domum
2905 3823 2973 3879 de
3005 3823 3302 3880 deserente
3334 3827 3620 3895 cognitam
3655 3826 3920 3884 veritatis

2207 3914 2362 3968 viam
2415 3912 2622 3983 majori
2669 3929 2911 3968 mmrore
2951 3929 3128 3984 quam
3161 3914 3368 3984 gaudio
3402 3930 3512 3986 quo
3558 3917 3626 3972 de
3668 3933 3923 3973 conver-

2209 4007 2369 4059 tente
2401 4003 2624 4057 Izetatus
2648 4003 2833 4058 fuerat
2863 4005 3260 4072 contristatur,
3285 4004 3421 4075 quia
3445 4005 3686 4062 minoris
3716 4023 3919 4064 exces-

2210 4110 2312 4149 sus
2343 4097 2430 4147 est
2479 4091 2784 4146 veritatem
2817 4108 2932 4147 non
2983 4108 3331 4163 cognoscere
3362 4109 3536 4164 quam
3597 4094 3655 4150 in
3708 4096 3918 4152 eadem

2209 4181 2409 4252 agnita
2441 4197 2552 4236 non
2615 4197 2871 4248 manere,
2907 4180 3184 4252 aliudque
3241 4186 3329 4237 est
3360 4183 3514 4253 quod
3565 4183 3637 4238 ab
3685 4191 3923 4242 errante

2208 4270 2615 4334 committitur,
2652 4270 2806 4325 aliud
2842 4271 2994 4340 quod
3023 4286 3125 4339 per
3180 4271 3490 4327 scientiam
3532 4280 3919 4344 perpetratur.

2209 4363 2275 4417 Et
2306 4378 2411 4415 nos
2444 4360 2754 4432 siquidem,
2781 4362 2934 4417 150
2957 4369 3236 4432 quantum
3265 4362 3689 4432 incorporatum
3722 4366 3920 4434 tejam

2209 4453 2429 4524 pridem
2456 4453 2633 4508 fuisse
2683 4452 2738 4506 in
2798 4452 3018 4505 unitate
3061 4451 3328 4507 Ecclesia:
3360 4451 3544 4524 gavisi
3595 4454 3920 4521 fueramus,

387 4545 584 4599 heram
608 4539 1159 4611 quoquetribucnde
1190 4537 1482 4594 licentiam
1502 4539 1569 4592 ad
1605 4544 1771 4593 tuum
1801 4542 2100 4594 monaste—
2135 4541 2178 4607 D
2212 4543 2604 4598 abundantius
2639 4558 2792 4596 nunc
2840 4541 3214 4595 dissociatum
3249 4559 3282 4596 a
3313 4541 3595 4597 catholica
3643 4545 3921 4600 societate

389 4635 539 4690 rium
574 4632 630 4685 in
682 4637 781 4686 tuo
814 4635 869 4685 te
923 4629 1046 4684 loco
1104 4630 1192 4684 vel
1227 4629 1429 4684 ordine
1463 4628 1846 4684 nihilominus
1878 4645 2100 4684 remea-

389 4741 468 4781 re.
506 4742 532 4775 θ
557 4721 702 4792 (Lib.
740 4737 819 4785 v1,
866 4737 952 4789 ep.
984 4719 1097 4790 66.)

459 4815 550 4870 37.
584 4810 1000 4869 Schismaticos
1019 4811 1084 4863 ad
1114 4807 1506 4876 recipiendam
1532 4807 1988 4864 satisfactionem
2005 4823 2101 4862 ve-

391 4904 517 4962 nire
548 4900 858 4974 Gregorius
892 4897 1192 4966 invitabat,
1225 4897 1442 4968 quibus
1490 4897 1687 4965 etiam,
1721 4900 1770 4953 si
1820 4913 2103 4970 nusquam

393 4996 463 5051 ad
499 4992 782 5047 unitatem
812 4987 1074 5044 Ecclesiae
1102 4988 1291 5042 redire
1315 4986 1890 5056 voluissent,nullam
1908 5005 1968 5043 se
1992 4989 2107 5042 fac-

392 5089 591 5139 turum
627 5078 964 5134 violentiam
1001 5077 1400 5148 promittebat.
1434 5074 1596 5131 Unde
1638 5075 1804 5132 Petro
1838 5086 1887 5132 et
1921 5077 2107 5133 Provi-

396 5171 613 5234 dentio,
647 5167 933 5238 episcopis
973 5167 1040 5220 de
1074 5164 1263 5234 Istria,
1290 5164 1571 5233 scribens,
1596 5164 1678 5218 ait
1714 5181 1726 5218 :
1761 5187 1788 5214 «
1823 5166 1973 5222 Deus
2007 5167 2105 5239 qui

396 5259 697 5314 laetaturin
732 5257 952 5311 unitate
987 5254 1246 5312 fidelium
1275 5261 1330 5311 et
1361 5255 1575 5311 revelat
1597 5256 1992 5329 quaerentibus
2015 5273 2103 5312 ve-

398 5349 650 5413 ritatem,
710 5346 868 5401 cordi
928 5350 1140 5413 vestro,
1175 5344 1538 5401 dilectissimi
1600 5346 1827 5412 fratres,
1887 5345 2109 5416 aperiat

399 5441 614 5507 quanto
648 5451 745 5488 vos
768 5433 1055 5488 desiderio
1097 5433 1150 5488 in
1199 5433 1423 5506 gremio
1454 5434 1682 5504 cupiam
1717 5438 1931 5491 sancta
1975 5438 2104 5492 uni-

400 5523 636 5581 versalis
665 5521 929 5579 Ecclesize
963 5522 1267 5588 contineri,
1302 5527 1356 5578 et
1379 5523 1436 5579 in
1471 5524 1596 5594 ejus
1623 5540 1856 5580 manere
1885 5526 2106 5583 unitate

400 5615 735 5675 concordes.
771 5612 930 5676 Quod
966 5612 1082 5667 fore
1112 5628 1225 5668 non
1280 5613 1481 5668 dubito
1513 5613 1582 5682 si,
1616 5614 1836 5685 abjecto
1873 5618 2106 5673 conten-

2212 4632 2644 4687 confundimur.
2681 4634 2788 4688 Pro
2821 4647 2933 4702 qua
2988 4646 3046 4685 re
3085 4631 3424 4688 imminente
3457 4633 3632 4690 latore
3666 4651 3920 4706 praesen.

2212 4722 2382 4789 tium,
2407 4722 2571 4792 iuxta
2603 4720 3071 4777 christianissimi
3103 4726 3158 4777 et
3187 4724 3549 4779 serenissimi
3589 4742 3782 4780 rerum
3818 4728 3922 4782 do-

2216 4813 2358 4868 mini
2387 4811 2737 4882 jussionem,
2772 4812 2840 4864 ad
2877 4811 3024 4865 beati
3066 4811 3218 4866 Petri
3254 4813 3501 4883 apostoli
3552 4815 3758 4870 limina
3787 4833 3920 4872 cum

2214 4902 2328 4956 tuis
2362 4901 2708 4973 sequacibus
2741 4900 2935 4955 venire
2969 4905 3024 4954 te
3075 4900 3364 4968 volumus,
3401 4908 3482 4968 ut,
3519 4908 3751 4959 auctore
3783 4905 3922 4970 Deo,

2214 4996 2522 5063 aggregata
2565 4989 2802 5063 synodo,
2837 4991 2906 5045 de
2954 5007 3020 5046 ea
3053 5008 3176 5061 quas
3208 4991 3356 5046 inter
3387 5009 3490 5048 vos
3539 4995 3781 5050 vertitur
3815 4998 3895 5051 du

2215 5083 2427 5138 bietate
2449 5081 2838 5151 quodjustum
2876 5080 3368 5149 fueritjudicetur.
3403 5102 3429 5130 υ
3461 5083 3598 5152 (Lib.
3627 5100 3665 5150 ι,
3688 5100 3773 5155 ep.
3812 5086 3924 5156 16.)

2215 5173 2285 5226 At
2315 5171 2580 5236 Severus,
2625 5169 2943 5239 apostolica
2974 5168 3150 5223 simul
3211 5170 3613 5241 imperialique
3659 5173 3924 5242 jussione

2215 5265 2472 5327 coactus,
2497 5259 2838 5314 imminente
2859 5259 3171 5328 Smaragdo
3189 5260 3456 5325 exarcho,
3491 5261 3785 5334 simulque
3807 5267 3920 5319 An-

2214 5351 2436 5415 tonino,
2470 5349 2735 5404 Ecclesiae.
2771 5348 3039 5402 Romanis
3074 5349 3398 5414 defensore,
3439 5351 3765 5408 [levennam
3801 5370 3924 5426 per-

2215 5441 2460 5494 ducitur.
2491 5437 2595 5494 Ubi
2632 5437 2844 5492 veritus
2879 5453 3012 5493 cum
3047 5437 3321 5511 Gregorio
3354 5441 3687 5512 synodalem
3722 5445 3925 5499 subire

2215 5529 2576 5595 conflictum,
2600 5527 2667 5581 ad
2703 5527 2989 5582 unitatem
3032 5531 3244 5583 sanctae
3285 5528 3596 5586 universali
3632 5531 3924 5600 Ecclesitr,

2215 5618 2503 5675 mediante
2547 5617 2771 5673 Joanne
2804 5614 3120 5672 Ravennati
3154 5617 3442 5687 pontifice,
3485 5621 3772 5679 remeavit.
3805 5623 3922 5679 Sed

471 5741 554 5815 (α)
581 5737 790 5800 Exeusi
814 5753 949 5796 eum
982 5737 1171 5796 tribus
1208 5736 1386 5794 Paris.
1423 5741 1585 5809 Nam,
1624 5741 1794 5795 etiam
1821 5742 2157 5813 api-obruta
2183 5751 2265 5806 ut
2295 5761 2331 5800 α
2353 5749 2406 5801 to
2435 5741 2628 5800 libelli
2655 5743 2877 5814 pagina,
2910 5745 2961 5798 el
2989 5741 3144 5813 ﬁdes.
