4106 6174
201 283 292 344 201

685 275 724 337 S
764 322 777 337 .
831 272 1212 337 GREGORII
1259 272 1519 334 MAGNI
1561 271 1770 342 VITA,
1817 271 2046 333 AUCT.
2091 270 2393 335 JOANNE
2439 274 2799 337 DIACONO.
2851 276 2996 336 LIB.
3047 275 3150 338 IV.

3583 273 3702 338 202

209 431 314 472 cum
339 416 459 486 post
481 409 607 469 anni
639 408 890 482 spatium
924 408 994 465 ad
1030 407 1261 480 propria
1304 407 1592 472 rediisset,
1625 406 1695 461 ab
1727 406 1855 462 aliis
1887 411 1940 476 Α
1973 407 2218 462 rendnm
2250 410 2340 461 est
2374 411 2455 473 nt,
2492 407 2536 461 si
2582 407 2632 462 is
2663 408 2763 479 qui
2815 412 2905 465 est
2961 409 3018 464 in
3079 409 3362 481 regimine
3415 415 3657 482 agrotat
3681 457 3697 484 ,

209 504 552 560 schismaticis
583 517 924 573 persuasus,
958 516 1072 554 non
1106 498 1301 554 solum
1336 499 1405 554 ad
1441 497 1745 570 pristinum
1778 514 1878 552 vo-

203 595 378 650 mitum
409 593 587 656 rediit,
621 606 819 646 verum
850 590 1026 644 etiam
1059 588 1344 654 Mauricii,
1379 587 1493 642 Deo
1525 603 1755 658 semper
1772 588 1869 642 ad-

200 680 604 752 versi,jussione
635 683 900 745 surrepta
934 693 1047 750 qua
1071 677 1382 746 jubebatur
1413 683 1474 731 ut
1504 675 1868 731 schismatici

202 772 352 828 redire
381 772 446 827 ad
471 771 747 826 unitatem
781 769 1045 825 Ecclesia
1090 767 1334 822 minime
1379 770 1742 838 cogerentur,
1784 783 1872 822 re-

200 862 344 934 liquis
373 861 648 933 episcopis
666 859 928 916 Ecclesize
949 857 1438 929 scjungentibus,
1469 857 1746 912 maximas
1776 873 1866 912 e-

199 950 407 1006 ditiones
453 949 758 1004 conﬂabat.
797 949 1159 1018 Quapropter
1218 943 1526 1013 Gregorius
1568 945 1862 999 neminem

190 1041 287 1110 jam
330 1038 727 1094 revertentium
786 1037 911 1093 sine
958 1035 1228 1091 cautione
1280 1034 1572 1104 jnratoria
1629 1033 1864 1105 penitus

199 1127 450 1199 suscipere
479 1126 803 1198 satagebat.
837 1127 961 1192 Qua
993 1123 1251 1196 praestita
1284 1122 1621 1193 hnjnsmodi
1658 1121 1862 1177 litteris

193 1218 338 1273 eidem
365 1215 605 1271 Patricio
638 1215 885 1271 exarcho
935 1211 1389 1270 commendabat
1418 1227 1432 1266 :
1463 1232 1492 1260 «
1539 1211 1862 1276 Firminus,

193 1308 335 1361 frater
360 1311 411 1361 et
440 1304 819 1378 coepiscopus
851 1311 1063 1371 noster,
1093 1302 1432 1374 Trigestinte
1478 1301 1726 1356 antistes
1756 1317 1856 1355 ec-

191 1398 362 1464 clesiae,
394 1405 523 1450 ante
541 1397 856 1451 adventum
883 1401 1084 1449 vestrae
1105 1390 1459 1448 excellentiae
1475 1390 1697 1446 salubri
1719 1407 1856 1446 con-

190 1486 294 1541 silio
321 1485 385 1539 ab
414 1484 752 1550 schismate,
784 1483 876 1538 cui
903 1482 1235 1550 inhmserat,
1283 1480 1650 1552 resipiscens,
1683 1486 1856 1551 atque

189 1576 242 1630 ad
271 1574 532 1630 unitatem
570 1573 772 1629 matris
809 1571 1072 1628 Ecclesiae
1098 1571 1350 1637 rediens,
1375 1569 1588 1625 nostris
1619 1577 1701 1625 est
1726 1571 1853 1640 epi-

187 1663 318 1720 stolis
345 1663 748 1731 confirmatus,
771 1668 1062 1734 quatenus
1080 1661 1136 1716 in
1173 1677 1315 1717 veras
1337 1675 1511 1731 qnam
1543 1664 1855 1730 agnoverat

1978 496 2352 568 dispensator
2381 497 2465 551 illi
2485 497 2618 552 talis
2639 498 2985 567 requiratur,
3006 500 3105 569 qui
3133 500 3317 570 possit
3338 501 3467 570 ejus
3490 517 3686 556 curam

1977 602 2207 642 omnem
2241 602 2426 655 agere,
2458 596 2507 641 et
2543 586 2730 641 locum
2775 587 2935 642 illius
2977 588 3036 643 in
3084 589 3368 660 regimine
3415 589 3698 655 ecclesiae,

1975 678 2101 743 ipso
2137 693 2250 732 non
2291 677 2575 747 deposito,
2610 693 2674 730 ac
2709 679 2764 730 in
2817 679 3079 732 custodia
3132 679 3382 734 civitatis
3427 678 3687 750 implere,

1976 772 2042 822 ut
2074 783 2260 839 neque
2294 767 2446 822 Deus
2494 768 2866 837 omnipotens
2918 769 3266 836 offendatur,
3302 787 3492 842 neque
3546 771 3687 826 civi-

1975 862 2066 912 tas
2099 858 2430 912 inveniatur
2450 874 2578 913 esse
2609 858 2890 928 neglecta.
2927 859 2986 914 Si
3031 876 3165 915 vero
3215 860 3369 915 idem
3423 877 3688 917 reveren-

1973 948 2261 1002 dissimns
2287 947 2544 1002 Joannes
2577 949 2820 1003 fortasse
2855 965 2954 1018 pro
2988 948 3253 1004 molestia
3301 966 3407 1005 sua
3454 952 3690 1022 petierit

1971 1041 2037 1088 ut
2069 1039 2140 1090 ab
2172 1035 2544 1106 episcOpalns
2576 1037 2796 1091 honore
2831 1035 3040 1092 debeat
3090 1053 3314 1106 vacare,
3346 1054 3412 1093 eo
3466 1040 3690 1108 petitio-

1971 1142 2101 1181 nem
2138 1127 2311 1180 dante
2357 1127 2598 1196 scripto,
2633 1127 3077 1181 concedendum
3111 1135 3217 1183 est.
3258 1128 3440 1182 Aliter
3487 1134 3684 1184 autem

1969 1235 2072 1272 nos
2107 1218 2162 1270 id
2190 1218 2372 1272 facere
2401 1234 2500 1288 pro
2529 1218 2953 1288 omnipotentis
2978 1218 3078 1273 Dei
3107 1219 3312 1274 timore
3332 1220 3492 1274 omni
3520 1223 3685 1276 modo

1968 1322 2081 1362 non
2116 1304 2400 1360 valemus.
2436 1306 2593 1368 Quod
2631 1307 2677 1360 si
2713 1306 2821 1360 hoc
2855 1313 3046 1377 petere
3081 1306 3179 1361 ille
3228 1307 3480 1363 noluerit
3528 1311 3680 1378 quod

1965 1395 2226 1466 piissimo
2253 1396 2580 1466 imperatori
2605 1396 2943 1464 complacet,
2971 1396 3256 1466 quidquid
3283 1397 3454 1467 jubet
3495 1399 3684 1454 facere

1963 1484 2017 1539 in
2052 1486 2181 1553 ejus
2219 1491 2308 1540 est
2374 1494 2698 1554 potestate:
2735 1486 2889 1540 sicut
2947 1485 3125 1552 novit,
3171 1486 3296 1556 ipse
3342 1487 3676 1557 provideat;

1964 1590 2069 1629 nos
2101 1576 2504 1630 tantummodo
2538 1575 2593 1629 in
2630 1574 3049 1644 depositionem
3082 1574 3334 1630 insontis
3367 1592 3482 1631 non
3509 1576 3683 1632 faciat

1962 1663 2319 1735 permisceri.
2347 1664 2508 1727 Quod
2532 1679 2663 1718 vero
2699 1664 2825 1734 ipse
2868 1663 3082 1727 fecerit,
3105 1665 3153 1718 si
3190 1665 3538 1720 canonicum
3571 1674 3677 1733 est,

186 1754 288 1808 sinu
317 1753 510 1809 matris
543 1752 814 1808 Ecclesiae
842 1750 1182 1807 fortitudine
1205 1749 1385 1803 animi
1411 1749 1557 1803 tixus
1587 1765 1652 1803 ac
1674 1749 1854 1803 stabi-
1888 1775 1932 1841 Β
1965 1755 2306 1825 sequimur;
2340 1755 2384 1809 si
2415 1769 2550 1810 vero
2594 1755 2943 1809 canonicum
2997 1771 3110 1809 non
3157 1759 3265 1821 est,
3289 1757 3348 1808 in
3394 1759 3674 1822 quantum

184 1843 236 1896 lis
276 1847 652 1914 permaneret.
688 1841 808 1904 Quo
839 1840 1037 1896 audito
1090 1839 1356 1905 Severus,
1382 1838 1694 1893 Gradensis
1731 1839 1851 1909 epi-

185 1945 374 2000 scapus,
405 1932 671 2000 ejusdem
704 1938 876 2002 caput
907 1928 1271 1995 schismatis,
1303 1942 1434 1982 eum
1469 1926 1710 1982 diversis
1736 1926 1858 1997 pri-

185 2038 312 2076 mum
341 2021 501 2093 cepit,
546 2021 601 2077 si
651 2028 866 2093 posset,
893 2019 1268 2076 suasionibus
1312 2035 1345 2072 a
1393 2019 1545 2073 bono
1593 2033 1858 2073 revocare

185 2110 452 2182 proposito.
486 2109 655 2174 Quod
689 2109 828 2166 dum
865 2108 1156 2180 perficere,
1189 2111 1422 2162 auctore
1455 2105 1592 2174 Deo,
1621 2105 1857 2160 minime

183 2200 434 2265 valuisset,
469 2201 822 2256 seditionem
850 2198 929 2253 illi
972 2214 1209 2254 suorum
1237 2199 1443 2253 civium
1469 2196 1713 2252 excitare
1743 2212 1852 2250 non

184 2289 356 2343 timuit.
390 2291 623 2355 Quanta
652 2305 784 2344 vero
820 2289 1129 2359 praedictus
1161 2287 1341 2340 frater
1371 2291 1428 2340 et
1471 2287 1850 2356 coepiscopus

189 2382 344 2433 uoster
385 2377 687 2434 Firminus
738 2393 804 2432 ex
854 2376 1055 2432 eadem
1106 2374 1474 2430 immissione
1523 2373 1849 2444 pertulerit,

186 2467 350 2536 plenus
379 2467 492 2521 illic
525 2484 598 2522 ac
629 2467 823 2522 verius
854 2484 883 2521 e
933 2467 1124 2520 vicino
1176 2464 1472 2535 poteribus
1519 2480 1850 2535 agnoscere.

187 2557 395 2613 Directis
420 2557 625 2629 itaque
647 2557 1000 2613 excellentiae
1027 2555 1632 2626 vestrzejussionibns,
1658 2555 1728 2610 iis
1753 2555 1853 2625 qui

183 2645 225 2700 in
251 2645 410 2700 Istrie
444 2647 718 2718 partibus
753 2646 945 2701 locum
972 2654 1226 2700 vestrum
1249 2660 1438 2716 agere,
1464 2643 1576 2698 Deo
1596 2650 1852 2712 auctore,

185 2740 483 2803 noscuntur,
517 2734 854 2792 districtius
885 2735 1169 2806 jnhetote,
1195 2739 1487 2805 quatenus
1517 2741 1574 2787 et
1595 2749 1746 2804 saepe
1770 2732 1856 2786 di-

186 2834 307 2878 ctum
330 2825 558 2881 fratrem
590 2833 850 2880 nostrum
869 2826 940 2879 ab
959 2824 1136 2879 illatis
1155 2824 1712 2878 debeantdefensare
1728 2838 1855 2877 mo-

188 2912 351 2983 lestiis,
380 2919 433 2970 et
463 2915 726 2986 quietem
764 2914 923 2969 illius
958 2913 1154 2968 multis
1202 2915 1270 2968 ad
1325 2914 1671 2968 imitandum
1725 2928 1848 2982 pro-

191 3003 402 3059 futuram
451 3002 656 3059 modis
703 3004 975 3059 omnibus
1027 3017 1355 3075 procurare,
1392 3008 1455 3056 ut
1501 3002 1619 3057 haec
1667 3012 1854 3058 vestra

190 3093 418 3163 provisio,
450 3099 506 3151 et
538 3109 964 3150 conversorum
994 3094 1066 3148 sit
1099 3101 1296 3164 optata
1326 3093 1629 3158 securitas,
1663 3098 1719 3147 et
1762 3109 1853 3148 oc-

192 3185 312 3238 casio
339 3185 534 3239 oborta
562 3185 963 3254 sequentium.
1000 3204 1026 3231 »
1060 3181 1202 3253 (Lib.
1237 3197 1358 3248 xm,
1385 3198 1468 3252 ep.
1501 3181 1619 3250 33.)

241 3271 470 3344 Denique
502 3274 786 3338 Severus,
811 3273 946 3345 quia
970 3273 1041 3328 ad
1074 3272 1356 3327 unitatem
1381 3279 1593 3326 sanctae
1621 3271 1853 3325 univer-

191 3359 294 3417 salis
346 3362 612 3418 Ecclesiee
665 3363 851 3418 redire
907 3378 1022 3418 non
1075 3363 1304 3426 meruit,
1347 3360 1420 3415 ad
1471 3361 1850 3416 scindendum

190 3463 378 3523 quoque
423 3469 540 3506 suae
603 3449 790 3521 ipsius
837 3451 1154 3506 dimceseos
1195 3450 1471 3504 unitatem
1520 3449 1850 3504 Romanum

189 3541 470 3605 pontificem
505 3556 624 3595 sua
671 3539 938 3595 vecordia
985 3540 1304 3604 suscitavit,
1335 3544 1405 3593 ad
1439 3555 1503 3594 eo
1539 3544 1601 3592 ut
1621 3540 1692 3593 ab
1724 3539 1851 3608 ipso

190 3625 311 3681 illius
351 3629 532 3684 obitus
591 3634 881 3698 tempore,
915 3629 1296 3700 Aquileiensis
1325 3629 1590 3684 dimcesis
1622 3627 1683 3683 in
1704 3629 1852 3682 duos

192 3719 645 3789 metropolitanos,
682 3717 1100 3774 catholicorum
1140 3717 1422 3786 videlicet,
1448 3718 1849 3772 schismatico-

191 3821 397 3878 rumque
426 3809 615 3864 divisa
638 3809 740 3872 sit,
767 3825 951 3880 neque
983 3809 1169 3880 potuit
1191 3810 1588 3878 postmodum,
1611 3809 1682 3878 (a)
1717 3807 1852 3862 licet

187 3911 346 3953 omnes
365 3901 716 3970 generaliter
743 3899 813 3954 ad
849 3900 1130 3954 unitatem
1165 3900 1236 3954 de
1268 3899 1591 3956 schismate
1619 3899 1852 3969 repeda-

189 3988 352 4055 terint,
381 3993 444 4045 ad
471 3992 734 4063 pristinae
758 3991 1182 4060 conjunctionis
1210 3991 1478 4047 unionem
1506 4005 1689 4060 usque
1712 3989 1847 4044 hac-

190 4078 329 4134 tenus
359 4081 682 4137 reformari.

241 4166 309 4222 39.
338 4171 488 4226 Sicut
520 4169 675 4227 nulli
704 4169 1046 4226 clericorum
1083 4187 1183 4241 pro
1216 4171 1556 4225 infirmitate
1589 4169 1848 4239 corporis

193 4263 488 4325 quartarum
539 4259 809 4316 subsidia
865 4259 1177 4332 Gregorius
1223 4260 1543 4324 minuebat,
1579 4258 1659 4312 ita
1703 4256 1849 4311 nulli

190 4349 480 4413 pontificum
507 4367 612 4421 pro
633 4349 973 4420 aegritudine.
995 4349 1255 4421 qualibet
1280 4348 1711 4404 succedendum
1733 4348 1850 4402 fore

187 4434 402 4496 docebat.
430 4440 592 4497 Unde
612 4438 904 4510 Anatolio,
927 4440 1573 4510 Constantinopolitano
1606 4437 1847 4492 subdia-

1963 1845 2090 1900 sine
2146 1849 2380 1914 peccato
2428 1849 2629 1900 nostro
2682 1843 2960 1908 valemus,
2999 1850 3324 1915 portamus.
3362 1866 3388 1892 ι»
3424 1844 3571 1913 (Lib.
3601 1862 3679 1910 χι,

1962 1948 2052 2002 ep.
2085 1933 2200 2002 47.)

2035 2022 2414 2078 Pontificibus
2439 2023 2760 2078 voluntarie
2786 2021 2909 2077 suis
2935 2022 3415 2078 renuntiantibus
3440 2022 3675 2079 sedibus

1963 2125 2329 2167 successores
2353 2111 2661 2181 Gregorius
2690 2110 2849 2166 nullo
2878 2112 3048 2167 modo
3091 2112 3432 2184 denegabat,
3457 2127 3677 2184 eosque

1963 2204 2334 2271 postmodum
2369 2203 2443 2255 de
2479 2201 2767 2255 reditibus
2801 2200 3011 2256 relictae
3043 2201 3294 2256 ecclesiae
3317 2201 3676 2256 sufficienter

1962 2291 2306 2347 nutriendos
2338 2307 2466 2346 esse
2503 2291 2795 2345 censebat.
2850 2291 3011 2346 Unde
3054 2290 3396 2360 Mariniano,
3448 2291 3672 2346 Raven-

1963 2381 2083 2436 nati
2115 2381 2408 2451 episcopo,
2435 2381 2792 2451 signiticans,
2830 2381 2909 2434 ait
2944 2398 2956 2435 :
2994 2401 3019 2429 α
3053 2380 3310 2446 Qualiter
3339 2379 3590 2436 ordinati
3641 2397 3674 2435 a

1961 2470 2129 2525 nobis
2162 2469 2498 2533 sacerdotis,
2535 2469 2794 2540 corporis
2827 2487 2942 2540 qua
2974 2475 3179 2525 notum
3211 2474 3300 2525 est
3323 2469 3673 2541 impediente

1961 2558 2252 2622 molestia,
2291 2559 2672 2613 Ariminensis
2696 2559 2942 2614 ecclesia
2975 2558 3250 2629 pastorali
3284 2559 3564 2613 hactenus
3593 2559 3670 2614 sit

1960 2649 2243 2718 regimine
2262 2648 2558 2715 destituta,
2577 2649 2608 2702 d
2621 2649 2692 2701 ud
2705 2664 2733 2701 u
2745 2665 2798 2701 m
2824 2649 3152 2704 fraternitas
3168 2651 3358 2703 vestra
3373 2648 3664 2718 cognovit.

1961 2740 2136 2804 Quem
2170 2738 2308 2791 dum
2343 2736 2742 2792 habitatorum
2774 2736 2884 2791 loci
2917 2736 3074 2792 illius
3115 2737 3382 2808 precibus
3422 2736 3670 2806 permoti

1959 2827 2170 2898 saepius
2195 2829 2555 2882 hortaremur
2578 2831 2665 2894 ut,
2713 2826 2760 2881 si
2783 2827 2853 2880 de
2877 2828 3079 2882 eadem
3121 2826 3326 2896 capitis
3358 2842 3474 2896 qua
3505 2826 3658 2882 deti-

1962 2921 2209 2972 nebatnr
2266 2917 2529 2972 molestia
2582 2916 2949 2972 melioratum
3003 2932 3066 2971 se
3114 2932 3238 2972 esse
3286 2916 3546 2981 sentiret,
3588 2917 3658 2970 ad

1960 3025 2152 3075 suam,
2195 3009 2512 3062 auxiliante
2571 3006 2841 3075 Domino,
2890 3012 3269 3063 reverteretur
3322 3005 3666 3070 Ecclesiam,

1967 3099 2117 3153 datis
2149 3097 2421 3163 induciis,
2456 3097 2514 3150 in
2539 3095 2647 3151 hoc
2696 3095 3079 3167 quadriennio
3145 3099 3512 3166 exspectatus
3560 3104 3666 3150 est.

1967 3188 2147 3252 Quem
2179 3190 2320 3241 dum
2356 3202 2458 3240 nos
2483 3185 2850 3252 clericorum,
2874 3184 2959 3239 vel
2992 3185 3204 3238 civium
3230 3183 3389 3239 illinc
3433 3183 3669 3239 venien-

1959 3277 2104 3331 tium
2121 3275 2197 3345 (ὁ)
2219 3291 2440 3345 nosque
2462 3275 2732 3344 precibus
2753 3274 3108 3345 urgentium,
3139 3273 3458 3328 instantius
3483 3273 3671 3328 horta-

1959 3380 2157 3419 remur
2189 3371 2252 3418 ut
2284 3365 2331 3418 si
2366 3363 2601 3428 valeret,
2622 3361 2938 3418 auxiliante
2968 3361 3231 3427 Domino,
3263 3377 3397 3416 cum
3442 3361 3526 3415 eis
3579 3377 3670 3417 re-

1960 3463 2194 3516 mearet,
2220 3455 2353 3507 data
2385 3453 2619 3522 scriptis
2649 3451 3214 3521 supplicatione,nos
3240 3450 3404 3521 petiit
3438 3455 3501 3505 nt
3532 3450 3667 3521 quia

1957 3545 2026 3600 ad
2052 3545 2314 3614 ejusdem
2339 3542 2592 3598 ecclesiae
2618 3543 2875 3612 regimen
2913 3541 2997 3596 vel
3031 3546 3370 3612 susceptum
3407 3540 3667 3596 ofticium

1956 3651 2060 3706 pro
2091 3635 2292 3688 eadem
2327 3649 2444 3703 qua
2474 3631 2842 3686 detinebatur
2883 3629 3146 3686 molestia
3186 3645 3496 3700 assurgere
3542 3629 3671 3684 nul-

1955 3725 2180 3780 latenus
2206 3727 2420 3794 posset,
2447 3721 2703 3777 ecclesias
2733 3722 2840 3788 ipsi
2885 3722 3156 3776 ordinare
3191 3722 3533 3792 episcopum
3580 3721 3674 3775 de-

1955 3814 2248 3869 beremus.
2278 3811 2439 3866 Unde
2463 3811 2598 3882 quia
2620 3816 2963 3866 cunctarum
2990 3810 3371 3866 ecclesiarum
3409 3811 3671 3879 injuncta

1957 3919 2060 3957 nos
2092 3901 2512 3956 sollicitudinis
2545 3915 2686 3953 cura
2733 3899 3104 3969 constringit.
3131 3914 3202 3952 ne
3250 3898 3471 3953 diutius
3511 3899 3668 3969 gregi

1957 3992 2213 4046 fidelium
2239 3990 2390 4044 desit
2420 3988 2690 4043 custodia
2725 3987 3055 4057 pastoralis,
3088 3986 3319 4041 illorum
3371 3987 3670 4057 precibus,

1953 4080 2252 4150 hujusque
2277 4095 2345 4133 ex
2365 4077 2454 4132 sui
2499 4075 2974 4148 impossibilitate
3024 4075 3458 4130 renuntiatione
3506 4091 3666 4130 com-

1954 4169 2126 4241 pulsi,
2149 4169 2338 4223 visum
2364 4167 2532 4221 nobis
2555 4171 2644 4221 est
2665 4165 2847 4220 eidem
2885 4164 3240 4219 Ariminensi
3275 4163 3532 4219 ecclesia:
3568 4164 3667 4220 de-

1952 4261 2087 4315 bere
2110 4262 2446 4332 episcopum
2476 4256 2731 4313 ordinari
2761 4282 2774 4323 ;
2805 4261 2860 4312 et
2882 4257 3035 4312 datis
3057 4272 3124 4311 ex
3144 4271 3302 4311 more
3341 4256 3665 4327 preceptis,

1953 4347 2168 4403 clerum
2207 4348 2550 4418 plebemque
2581 4347 2838 4416 ejusdem
2877 4344 3138 4400 Ecclesiae
3173 4362 3288 4400 non
3329 4344 3664 4400 destitimus

1953 4439 2284 4501 admonere,
2321 4441 2611 4506 quatenus
2661 4436 2729 4490 ad
2780 4435 3110 4505 eligendum
3162 4434 3273 4490 sibi
3326 4435 3662 4491 Antistitem

187 4539 314 4592 cono,
358 4531 697 4597 rescribens,
735 4530 815 4585 ait
846 4547 859 4585 :
892 4508 926 4579 -α
959 4530 1204 4601 Scripsit
1251 4508 1389 4584 mihi
1439 4528 1672 4584 dilectio
1722 4532 1842 4590 tua,
1880 4508 1922 4572 D
1955 4526 2226 4582 concordi
2278 4526 2604 4594 provisione
2644 4529 3067 4581 concurrant.»
3106 4525 3245 4594 (Lib.
3277 4543 3376 4593 vix,
3407 4542 3494 4596 ep.
3548 4527 3668 4595 t9.)

191 4613 470 4679 piissimum
504 4619 811 4674 dominum
849 4628 1108 4675 nostrum
1154 4619 1630 4674 reverendissimo
1677 4617 1842 4672 fratri

2027 4617 2170 4670 Item
2197 4615 2430 4670 Etherio
2453 4615 2728 4686 episc0po
2757 4632 2770 4669 :
2797 4637 2825 4665 ‹‹
2854 4616 3128 4680 Quamvis
3168 4616 3335 4670 triste
3371 4615 3540 4670 nobis
3591 4617 3669 4670 sit

188 4717 284 4759 meo
312 4708 502 4775 primae
523 4708 876 4764 Justinianze
900 4709 1172 4780 episcopo
1198 4725 1298 4778 pro
1323 4711 1466 4765 151
1498 4709 1843 4780 aegritudine
1949 4703 2120 4759 valde
2151 4706 2304 4776 quod
2337 4703 2650 4772 loquimur,
2671 4711 2842 4772 atque
2868 4705 3124 4757 fraterna
3155 4720 3262 4758 nos
3286 4703 3478 4772 potius
3507 4718 3665 4756 com-

187 4793 354 4860 capitis
383 4814 553 4868 quam
589 4798 806 4868 patitur
836 4797 1142 4868 praecipere
1167 4799 1419 4863 succedi,
1455 4816 1523 4852 ne
1543 4799 1683 4853 forte
1705 4799 1840 4852 dum

188 4880 393 4952 Pvlli-scopi
416 4886 546 4954 jura
566 4887 768 4940 eadem
796 4885 998 4941 civitas
1023 4903 1134 4941 non
1162 4886 1357 4953 habet,
1388 4888 1534 4956 quod
1564 4887 1734 4952 absit,
1769 4888 1840 4942 ab

191 4966 412 5027 hostibus
445 4980 659 5045 pereat.
694 4975 762 5029 Et
795 4975 915 5029 hac
960 4975 1197 5045 quidem
1257 4992 1544 5047 nusquam
1596 4993 1844 5032 canones

192 5060 502 5132 precipiunt,
527 5069 590 5118 ut
624 5081 726 5135 pro
759 5065 1102 5135 aegritudine
1123 5064 1396 5136 episcopi,
1423 5067 1692 5138 episc0po
1712 5083 1842 5122 suc-

190 5145 411 5218 cedatur;
435 5157 490 5207 et
510 5153 748 5209 omnino
771 5152 1062 5223 injustum
1087 5162 1175 5210 est
1208 5156 1341 5210 utsi
1399 5157 1670 5211 molestia
1721 5173 1842 5212 cor-

193 5236 315 5319 poris
368 5240 552 5308 irruit,
617 5242 830 5298 honore
880 5259 984 5299 suo
1045 5245 1304 5315 privetur
1335 5250 1606 5316 agrotus.
1658 5251 1844 5319 Atque

191 5318 291 5378 ideo
310 5326 401 5383 hoc
425 5347 522 5399 per
543 5347 646 5387 nos
669 5332 790 5386 fieri
829 5332 1163 5389 nullatenus
1197 5339 1404 5403 potest,
1431 5351 1499 5390 ne
1543 5318 1842 5406 peccatum

192 5408 234 5464 in
262 5429 366 5471 mea
385 5418 574 5475 anima
595 5437 658 5476 ex
683 5421 813 5490 ejus
835 5423 1196 5493 depositione
1221 5424 1436 5480 veniat.
1474 5425 1585 5481 Sed
1629 5443 1845 5499 sugge-

247 5582 312 5662 (9)
330 5582 560 5662 Yiv_eute
583 5587 855 5662 Gregorio
878 5589 1140 5646 schiema
1158 5591 1304 5646 illud
1325 5592 1562 5650 minime
1578 5595 1844 5662 cessavit,

197 5655 309 5708 utin
332 5657 382 5710 S.
409 5657 661 5715 Doctoris
683 5655 800 5717 v'ita
823 5662 974 5717 infra
997 5664 1392 5733 probabimus.

478 5758 735 5823 Parim.
787 5762 1008 5824 LXXV.

1953 4809 2222 4866 passtone
2245 4800 2448 4863 urgeat
2470 4809 2648 4864 quam
2677 4792 2900 4862 aliquid
2927 4795 2996 4847 de
3023 4794 3234 4847 auditis
3259 4791 3500 4846 definire
3538 4807 3662 4860 per-

1953 4884 2161 4949 mittat,
2188 4883 2438 4949 suscepti
2474 4890 2664 4935 tamen
2689 4881 3019 4936 sollicitudo
3073 4881 3373 4953 regiminis
3421 4895 3518 4934 cor
3565 4895 3667 4934 no-

1952 4981 2134 5028 strum
2185 4972 2429 5026 instanti
2482 4971 2672 5041 pulsat
2725 4971 2949 5038 aculeo,
2986 4987 3195 5039 magna
3243 4985 3350 5024 nos
3403 4966 3668 5023 ecclesiis

1953 5080 2086 5119 cura
2120 5062 2475 5133 prospicere,
2510 5067 2569 5116 et
2600 5070 2910 5132 antequam
2957 5060 3168 5114 harum
3217 5058 3404 5129 possit
3446 5055 3668 5112 utilitas

1953 5153 2400 5225 deperire,quid
2458 5151 2578 5206 fieri
2631 5151 2855 5216 debeat,
2886 5151 2996 5204 Deo
3049 5157 3302 5216 auctore,
3336 5146 3661 5216 disponere.

1955 5246 2218 5300 Pervenit
2263 5243 2438 5315 igitur
2486 5243 2555 5296 ad
2607 5257 2727 5306 nos,
2763 5241 3069 5310 quemdam
3123 5241 3277 5297 I52
3325 5239 3664 5312 episcopum

1955 5334 2036 5388 ita
2072 5333 2401 5403 passionem
2434 5332 2640 5402 capitis
2667 5329 3003 5396 incurrisse,
3036 5335 3100 5385 ut
3131 5331 3269 5403 quid
3303 5336 3497 5388 mente
3527 5331 3664 5389 alie-

1956 5429 2094 5480 nata
2139 5439 2309 5495 agere
2353 5421 2558 5485 soleat,
2590 5419 2841 5491 gemitus
2889 5428 2943 5474 et
2980 5420 3155 5477 ﬂetus
3203 5422 3405 5479 audire
3433 5423 3529 5478 sit.
3579 5423 3661 5478 Ne

2028 5592 2104 5660 (ὁ)
2135 5593 2197 5645 In
2223 5589 2412 5669 tribus
2437 5587 2573 5644 Mss.
2603 5587 2782 5643 Paris.
2807 5593 2863 5644 et
2895 5590 2951 5644 in
2977 5589 3239 5661 Excusis,
3273 5607 3442 5662 usque
3469 5593 3663 5662 praeci-

1961 5667 2056 5717 bus
2090 5667 2462 5732 arguentium.

3311 5765 3347 5823 Ἰ
