  <div class='ocr_page' id='page_1' title='image "/cluster/home/n/w/nwhite01/storage/ocr_20150623/75/hvd.32044054758800/107.png"; bbox 0 0 2053 3087; ppageno 0'>
   <div class='ocr_carea' id='block_1_1' title="bbox 150 144 211 176">
    <p class='ocr_par' dir='ltr' id='par_1_1' title="bbox 150 144 211 176">
     <span class='ocr_line' id='line_1_1' title="bbox 150 144 211 176; baseline 0.016 -1"><span class='ocrx_word' id='word_1_1' title='bbox 150 144 211 176; x_wconf 71' lang='grc'><strong>203</strong></span> 
     </span>
    </p>
   </div>
   <div class='ocr_carea' id='block_1_2' title="bbox 431 139 1628 178">
    <p class='ocr_par' dir='ltr' id='par_1_2' title="bbox 431 139 1628 178">
     <span class='ocr_line' id='line_1_2' title="bbox 431 139 1628 178; baseline -0.003 -3"><span class='ocrx_word' id='word_1_2' title='bbox 431 143 462 175; x_wconf 89' lang='lat' dir='ltr'><strong>S.</strong></span> <span class='ocrx_word' id='word_1_3' title='bbox 485 143 673 176; x_wconf 78' lang='lat' dir='ltr'><strong>GREGORII</strong></span> <span class='ocrx_word' id='word_1_4' title='bbox 696 142 818 173; x_wconf 81' lang='lat' dir='ltr'><strong>MAGNI</strong></span> <span class='ocrx_word' id='word_1_5' title='bbox 838 141 945 178; x_wconf 83' lang='lat' dir='ltr'><strong>VlTA,</strong></span> <span class='ocrx_word' id='word_1_6' title='bbox 966 139 1083 172; x_wconf 79' lang='lat' dir='ltr'><strong>AUCT.</strong></span> <span class='ocrx_word' id='word_1_7' title='bbox 1105 140 1254 172; x_wconf 78' lang='lat' dir='ltr'><strong>JOANNE</strong></span> <span class='ocrx_word' id='word_1_8' title='bbox 1276 140 1457 171; x_wconf 83' lang='lat' dir='ltr'><strong>DIACONO.</strong></span> <span class='ocrx_word' id='word_1_9' title='bbox 1481 140 1554 172; x_wconf 83' lang='lat' dir='ltr'><strong>LIB.</strong></span> <span class='ocrx_word' id='word_1_10' title='bbox 1577 140 1628 171; x_wconf 83' lang='lat' dir='ltr'><strong>IV.</strong></span> 
     </span>
    </p>
   </div>
   <div class='ocr_carea' id='block_1_3' title="bbox 1850 140 1911 172">
    <p class='ocr_par' dir='ltr' id='par_1_3' title="bbox 1850 140 1911 172">
     <span class='ocr_line' id='line_1_3' title="bbox 1850 140 1911 172; baseline -0.016 0"><span class='ocrx_word' id='word_1_11' title='bbox 1850 140 1911 172; x_wconf 69' lang='grc' dir='ltr'><strong>2οι</strong></span> 
     </span>
    </p>
   </div>
   <div class='ocr_carea' id='block_1_4' title="bbox 149 207 1910 248">
    <p class='ocr_par' dir='ltr' id='par_1_4' title="bbox 149 207 1910 248">
     <span class='ocr_line' id='line_1_4' title="bbox 149 207 1910 248; baseline -0.003 -8"><span class='ocrx_word' id='word_1_12' title='bbox 149 219 218 247; x_wconf 86' lang='lat' dir='ltr'><strong>ergo</strong></span> <span class='ocrx_word' id='word_1_13' title='bbox 227 211 385 248; x_wconf 91' lang='lat' dir='ltr'><strong>languente</strong></span> <span class='ocrx_word' id='word_1_14' title='bbox 396 212 522 248; x_wconf 76' lang='lat' dir='ltr'><strong>pastore,</strong></span> <span class='ocrx_word' id='word_1_15' title='bbox 534 218 613 247; x_wconf 84' lang='lat' dir='ltr'><strong>grex,</strong></span> <span class='ocrx_word' id='word_1_16' title='bbox 626 209 702 246; x_wconf 90' lang='lat' dir='ltr'><strong>quod</strong></span> <span class='ocrx_word' id='word_1_17' title='bbox 716 209 803 242; x_wconf 83' lang='lat' dir='ltr'><strong>absit,</strong></span> <span class='ocrx_word' id='word_1_18' title='bbox 816 207 999 237; x_wconf 74' lang='lat' dir='ltr'><strong>insidiatoris</strong></span> <span class='ocrx_word' id='word_1_19' title='bbox 1015 207 1042 241; x_wconf 80' lang='grc' dir='ltr'><strong>Α</strong></span> <span class='ocrx_word' id='word_1_20' title='bbox 1056 207 1910 241; x_wconf 80' lang='lat' dir='ltr'><strong>auratusestredderedebcss,omniexeusationecesssnte:</strong></span> 
     </span>
    </p>
   </div>
   <div class='ocr_carea' id='block_1_5' title="bbox 150 252 1000 291">
    <p class='ocr_par' dir='ltr' id='par_1_5' title="bbox 150 252 1000 291">
     <span class='ocr_line' id='line_1_5' title="bbox 150 252 1000 291; baseline -0.005 -8"><span class='ocrx_word' id='word_1_21' title='bbox 150 255 287 283; x_wconf 88' lang='lat' dir='ltr'><strong>dentibus</strong></span> <span class='ocrx_word' id='word_1_22' title='bbox 297 255 453 283; x_wconf 84' lang='lat' dir='ltr'><strong>laniandos</strong></span> <span class='ocrx_word' id='word_1_23' title='bbox 463 257 633 291; x_wconf 77' lang='lat' dir='ltr'><strong>exponetur,</strong></span> <span class='ocrx_word' id='word_1_24' title='bbox 645 253 688 281; x_wconf 88' lang='lat' dir='ltr'><strong>vel</strong></span> <span class='ocrx_word' id='word_1_25' title='bbox 699 254 829 281; x_wconf 65' lang='lat' dir='ltr'><strong>ecclesia</strong></span> <span class='ocrx_word' id='word_1_26' title='bbox 840 252 934 288; x_wconf 89' lang='lat' dir='ltr'><strong>ipsius</strong></span> <span class='ocrx_word' id='word_1_27' title='bbox 945 252 1000 279; x_wconf 90' lang='lat' dir='ltr'><strong>uti-</strong></span> 
     </span>
    </p>
   </div>
   <div class='ocr_carea' id='block_1_6' title="bbox 148 296 1001 334">
    <p class='ocr_par' dir='ltr' id='par_1_6' title="bbox 148 296 1001 334">
     <span class='ocr_line' id='line_1_6' title="bbox 148 296 1001 334; baseline -0.005 -7"><span class='ocrx_word' id='word_1_28' title='bbox 148 298 245 327; x_wconf 87' lang='lat' dir='ltr'><strong>litates</strong></span> <span class='ocrx_word' id='word_1_29' title='bbox 268 299 433 334; x_wconf 74' lang='lat' dir='ltr'><strong>deponant,</strong></span> <span class='ocrx_word' id='word_1_30' title='bbox 455 301 540 327; x_wconf 89' lang='lat' dir='ltr'><strong>cauta</strong></span> <span class='ocrx_word' id='word_1_31' title='bbox 559 306 614 326; x_wconf 87' lang='lat' dir='ltr'><strong>nos</strong></span> <span class='ocrx_word' id='word_1_32' title='bbox 637 305 756 325; x_wconf 87' lang='lat' dir='ltr'><strong>necesse</strong></span> <span class='ocrx_word' id='word_1_33' title='bbox 780 299 824 324; x_wconf 84' lang='lat' dir='ltr'><strong>est</strong></span> <span class='ocrx_word' id='word_1_34' title='bbox 836 296 1001 332; x_wconf 78' lang='lat' dir='ltr'><strong>provisione</strong></span> 
     </span>
    </p>
   </div>
   <div class='ocr_carea' id='block_1_7' title="bbox 148 341 999 380">
    <p class='ocr_par' dir='ltr' id='par_1_7' title="bbox 148 341 999 380">
     <span class='ocr_line' id='line_1_7' title="bbox 148 341 999 380; baseline -0.005 -8"><span class='ocrx_word' id='word_1_35' title='bbox 148 345 283 372; x_wconf 89' lang='lat' dir='ltr'><strong>tractare.</strong></span> <span class='ocrx_word' id='word_1_36' title='bbox 300 344 333 372; x_wconf 86' lang='lat' dir='ltr'><strong>Et</strong></span> <span class='ocrx_word' id='word_1_37' title='bbox 348 344 413 372; x_wconf 91' lang='lat' dir='ltr'><strong>ideo</strong></span> <span class='ocrx_word' id='word_1_38' title='bbox 428 343 508 380; x_wconf 88' lang='lat' dir='ltr'><strong>quia,</strong></span> <span class='ocrx_word' id='word_1_39' title='bbox 525 343 638 371; x_wconf 89' lang='lat' dir='ltr'><strong>vivente</strong></span> <span class='ocrx_word' id='word_1_40' title='bbox 652 343 788 378; x_wconf 86' lang='lat' dir='ltr'><strong>episcopo</strong></span> <span class='ocrx_word' id='word_1_41' title='bbox 803 349 891 377; x_wconf 82' lang='lat' dir='ltr'><strong>quem</strong></span> <span class='ocrx_word' id='word_1_42' title='bbox 908 341 944 369; x_wconf 84' lang='lat' dir='ltr'><strong>ab</strong></span> <span class='ocrx_word' id='word_1_43' title='bbox 956 341 999 368; x_wconf 92' lang='lat' dir='ltr'><strong>of-</strong></span> 
     </span>
    </p>
   </div>
   <div class='ocr_carea' id='block_1_8' title="bbox 147 386 998 419">
    <p class='ocr_par' dir='ltr' id='par_1_8' title="bbox 147 386 998 419">
     <span class='ocr_line' id='line_1_8' title="bbox 147 386 998 419; baseline -0.005 -2"><span class='ocrx_word' id='word_1_44' title='bbox 147 389 214 417; x_wconf 86' lang='lat' dir='ltr'><strong>ﬁcio</strong></span> <span class='ocrx_word' id='word_1_45' title='bbox 223 397 277 417; x_wconf 88' lang='lat' dir='ltr'><strong>suo</strong></span> <span class='ocrx_word' id='word_1_46' title='bbox 289 390 450 417; x_wconf 90' lang='lat' dir='ltr'><strong>necessitas</strong></span> <span class='ocrx_word' id='word_1_47' title='bbox 465 388 646 416; x_wconf 86' lang='lat' dir='ltr'><strong>inﬁrmitatis</strong></span> <span class='ocrx_word' id='word_1_48' title='bbox 663 395 719 415; x_wconf 90' lang='lat' dir='ltr'><strong>non</strong></span> <span class='ocrx_word' id='word_1_49' title='bbox 736 387 846 414; x_wconf 87' lang='lat' dir='ltr'><strong>crimen</strong></span> <span class='ocrx_word' id='word_1_50' title='bbox 868 386 998 419; x_wconf 87' lang='lat' dir='ltr'><strong>abducit,</strong></span> 
     </span>
    </p>
   </div>
   <div class='ocr_carea' id='block_1_9' title="bbox 146 430 997 469">
    <p class='ocr_par' dir='ltr' id='par_1_9' title="bbox 146 430 997 469">
     <span class='ocr_line' id='line_1_9' title="bbox 146 430 997 469; baseline -0.004 -8"><span class='ocrx_word' id='word_1_51' title='bbox 146 433 236 461; x_wconf 89' lang='lat' dir='ltr'><strong>alium</strong></span> <span class='ocrx_word' id='word_1_52' title='bbox 253 433 315 462; x_wconf 91' lang='lat' dir='ltr'><strong>loco</strong></span> <span class='ocrx_word' id='word_1_53' title='bbox 327 433 401 469; x_wconf 86' lang='lat' dir='ltr'><strong>ejus,</strong></span> <span class='ocrx_word' id='word_1_54' title='bbox 414 436 564 461; x_wconf 85' lang='lat' dir='ltr'><strong>recusante</strong></span> <span class='ocrx_word' id='word_1_55' title='bbox 574 439 618 465; x_wconf 90' lang='lat' dir='ltr'><strong>eo,</strong></span> <span class='ocrx_word' id='word_1_56' title='bbox 630 431 712 460; x_wconf 89' lang='lat' dir='ltr'><strong>nulla</strong></span> <span class='ocrx_word' id='word_1_57' title='bbox 731 432 802 459; x_wconf 90' lang='lat' dir='ltr'><strong>sinit</strong></span> <span class='ocrx_word' id='word_1_58' title='bbox 823 431 896 459; x_wconf 88' lang='lat' dir='ltr'><strong>ratio</strong></span> <span class='ocrx_word' id='word_1_59' title='bbox 920 430 997 459; x_wconf 90' lang='lat' dir='ltr'><strong>ordi-</strong></span> 
     </span>
    </p>
   </div>
   <div class='ocr_carea' id='block_1_10' title="bbox 147 476 997 514">
    <p class='ocr_par' dir='ltr' id='par_1_10' title="bbox 147 476 997 514">
     <span class='ocr_line' id='line_1_10' title="bbox 147 476 997 514; baseline -0.004 -7"><span class='ocrx_word' id='word_1_60' title='bbox 147 478 222 514; x_wconf 89' lang='lat' dir='ltr'><strong>nari,</strong></span> <span class='ocrx_word' id='word_1_61' title='bbox 234 479 258 507; x_wconf 89' lang='lat' dir='ltr'><strong>si</strong></span> <span class='ocrx_word' id='word_1_62' title='bbox 269 478 420 507; x_wconf 88' lang='lat' dir='ltr'><strong>intervalla</strong></span> <span class='ocrx_word' id='word_1_63' title='bbox 430 478 612 514; x_wconf 64' lang='lat' dir='ltr'><strong>mgritudinis</strong></span> <span class='ocrx_word' id='word_1_64' title='bbox 624 478 729 506; x_wconf 86' lang='lat' dir='ltr'><strong>habere</strong></span> <span class='ocrx_word' id='word_1_65' title='bbox 741 481 783 506; x_wconf 88' lang='lat' dir='ltr'><strong>est</strong></span> <span class='ocrx_word' id='word_1_66' title='bbox 797 476 912 511; x_wconf 88' lang='lat' dir='ltr'><strong>solitus,</strong></span> <span class='ocrx_word' id='word_1_67' title='bbox 924 477 997 512; x_wconf 86' lang='lat' dir='ltr'><strong>ipse,</strong></span> 
     </span>
    </p>
   </div>
   <div class='ocr_carea' id='block_1_11' title="bbox 146 522 998 560">
    <p class='ocr_par' dir='ltr' id='par_1_11' title="bbox 146 522 998 560">
     <span class='ocr_line' id='line_1_11' title="bbox 146 522 998 560; baseline -0.002 -9"><span class='ocrx_word' id='word_1_68' title='bbox 146 523 213 552; x_wconf 89' lang='lat' dir='ltr'><strong>data</strong></span> <span class='ocrx_word' id='word_1_69' title='bbox 222 522 370 560; x_wconf 87' lang='lat' dir='ltr'><strong>petitione,</strong></span> <span class='ocrx_word' id='word_1_70' title='bbox 381 531 434 551; x_wconf 90' lang='lat' dir='ltr'><strong>nec</strong></span> <span class='ocrx_word' id='word_1_71' title='bbox 443 531 474 551; x_wconf 91' lang='lat' dir='ltr'><strong>se</strong></span> <span class='ocrx_word' id='word_1_72' title='bbox 486 522 609 551; x_wconf 87' lang='lat' dir='ltr'><strong>ulterius</strong></span> <span class='ocrx_word' id='word_1_73' title='bbox 621 522 657 550; x_wconf 91' lang='lat' dir='ltr'><strong>ad</strong></span> <span class='ocrx_word' id='word_1_74' title='bbox 668 522 724 551; x_wconf 88' lang='lat' dir='ltr'><strong>hoc</strong></span> <span class='ocrx_word' id='word_1_75' title='bbox 736 522 932 550; x_wconf 78' lang='lat' dir='ltr'><strong>ministerium</strong></span> <span class='ocrx_word' id='word_1_76' title='bbox 950 522 998 549; x_wconf 93' lang='lat' dir='ltr'><strong>in-</strong></span> 
     </span>
    </p>
   </div>
   <div class='ocr_carea' id='block_1_12' title="bbox 147 566 998 600">
    <p class='ocr_par' dir='ltr' id='par_1_12' title="bbox 147 566 998 600">
     <span class='ocr_line' id='line_1_12' title="bbox 147 566 998 600; baseline -0.004 -4"><span class='ocrx_word' id='word_1_77' title='bbox 147 567 323 597; x_wconf 79' lang='lat' dir='ltr'><strong>tellectualis</strong></span> <span class='ocrx_word' id='word_1_78' title='bbox 340 567 452 596; x_wconf 90' lang='lat' dir='ltr'><strong>scilicet</strong></span> <span class='ocrx_word' id='word_1_79' title='bbox 475 568 583 600; x_wconf 81' lang='lat' dir='ltr'><strong>ofﬁcia,</strong></span> <span class='ocrx_word' id='word_1_80' title='bbox 603 567 791 596; x_wconf 85' lang='lat' dir='ltr'><strong>subvertente</strong></span> <span class='ocrx_word' id='word_1_81' title='bbox 813 566 998 599; x_wconf 84' lang='lat' dir='ltr'><strong>infirmitate,</strong></span> 
     </span>
    </p>
   </div>
   <div class='ocr_carea' id='block_1_13' title="bbox 147 611 998 649">
    <p class='ocr_par' dir='ltr' id='par_1_13' title="bbox 147 611 998 649">
     <span class='ocr_line' id='line_1_13' title="bbox 147 611 998 649; baseline -0.002 -8"><span class='ocrx_word' id='word_1_82' title='bbox 147 621 206 641; x_wconf 91' lang='lat' dir='ltr'><strong>non</strong></span> <span class='ocrx_word' id='word_1_83' title='bbox 222 620 306 647; x_wconf 86' lang='lat' dir='ltr'><strong>posse</strong></span> <span class='ocrx_word' id='word_1_84' title='bbox 321 613 446 640; x_wconf 86' lang='lat' dir='ltr'><strong>fateatur</strong></span> <span class='ocrx_word' id='word_1_85' title='bbox 461 620 626 649; x_wconf 85' lang='lat' dir='ltr'><strong>assurgere,</strong></span> <span class='ocrx_word' id='word_1_86' title='bbox 642 615 671 640; x_wconf 91' lang='lat' dir='ltr'><strong>et</strong></span> <span class='ocrx_word' id='word_1_87' title='bbox 686 611 777 640; x_wconf 89' lang='lat' dir='ltr'><strong>alium</strong></span> <span class='ocrx_word' id='word_1_88' title='bbox 793 611 857 640; x_wconf 88' lang='lat' dir='ltr'><strong>loco</strong></span> <span class='ocrx_word' id='word_1_89' title='bbox 873 619 927 639; x_wconf 88' lang='lat' dir='ltr'><strong>suo</strong></span> <span class='ocrx_word' id='word_1_90' title='bbox 948 619 998 639; x_wconf 83' lang='lat' dir='ltr'><strong>ex-</strong></span> 
     </span>
    </p>
   </div>
   <div class='ocr_carea' id='block_1_14' title="bbox 147 656 999 695">
    <p class='ocr_par' dir='ltr' id='par_1_14' title="bbox 147 656 999 695">
     <span class='ocr_line' id='line_1_14' title="bbox 147 656 999 695; baseline -0.002 -9"><span class='ocrx_word' id='word_1_91' title='bbox 147 660 224 695; x_wconf 88' lang='lat' dir='ltr'><strong>petat</strong></span> <span class='ocrx_word' id='word_1_92' title='bbox 238 657 445 686; x_wconf 86' lang='lat' dir='ltr'><strong>ordinandum.</strong></span> <span class='ocrx_word' id='word_1_93' title='bbox 460 659 522 691; x_wconf 87' lang='lat' dir='ltr'><strong>Quo</strong></span> <span class='ocrx_word' id='word_1_94' title='bbox 542 658 627 692; x_wconf 84' lang='lat' dir='ltr'><strong>facto,</strong></span> <span class='ocrx_word' id='word_1_95' title='bbox 640 657 772 686; x_wconf 90' lang='lat' dir='ltr'><strong>omnium</strong></span> <span class='ocrx_word' id='word_1_96' title='bbox 788 656 931 685; x_wconf 84' lang='lat' dir='ltr'><strong>electione</strong></span> <span class='ocrx_word' id='word_1_97' title='bbox 954 664 999 684; x_wconf 87' lang='lat' dir='ltr'><strong>so-</strong></span> 
     </span>
    </p>
   </div>
   <div class='ocr_carea' id='block_1_15' title="bbox 146 702 997 739">
    <p class='ocr_par' dir='ltr' id='par_1_15' title="bbox 146 702 997 739">
     <span class='ocr_line' id='line_1_15' title="bbox 146 702 997 739; baseline -0.002 -9"><span class='ocrx_word' id='word_1_98' title='bbox 146 702 325 735; x_wconf 79' lang='lat' dir='ltr'><strong>lemni,slter</strong></span> <span class='ocrx_word' id='word_1_99' title='bbox 338 703 388 739; x_wconf 90' lang='lat' dir='ltr'><strong>qui</strong></span> <span class='ocrx_word' id='word_1_100' title='bbox 404 703 511 738; x_wconf 84' lang='lat' dir='ltr'><strong>dignus</strong></span> <span class='ocrx_word' id='word_1_101' title='bbox 527 703 615 731; x_wconf 83' lang='lat' dir='ltr'><strong>fuerit</strong></span> <span class='ocrx_word' id='word_1_102' title='bbox 630 702 786 739; x_wconf 89' lang='lat' dir='ltr'><strong>episcopus</strong></span> <span class='ocrx_word' id='word_1_103' title='bbox 803 705 997 736; x_wconf 86' lang='lat' dir='ltr'><strong>consecretur,</strong></span> 
     </span>
    </p>
   </div>
   <div class='ocr_carea' id='block_1_16' title="bbox 148 746 999 784">
    <p class='ocr_par' dir='ltr' id='par_1_16' title="bbox 148 746 999 784">
     <span class='ocr_line' id='line_1_16' title="bbox 148 746 999 784; baseline -0.002 -9"><span class='ocrx_word' id='word_1_104' title='bbox 148 747 191 776; x_wconf 89' lang='lat' dir='ltr'><strong>sic</strong></span> <span class='ocrx_word' id='word_1_105' title='bbox 207 749 316 781; x_wconf 87' lang='lat' dir='ltr'><strong>tamen,</strong></span> <span class='ocrx_word' id='word_1_106' title='bbox 333 752 363 775; x_wconf 90' lang='lat' dir='ltr'><strong>nt</strong></span> <span class='ocrx_word' id='word_1_107' title='bbox 378 755 531 784; x_wconf 89' lang='lat' dir='ltr'><strong>quousque</strong></span> <span class='ocrx_word' id='word_1_108' title='bbox 544 747 679 775; x_wconf 88' lang='lat' dir='ltr'><strong>eumdem</strong></span> <span class='ocrx_word' id='word_1_109' title='bbox 699 747 869 783; x_wconf 87' lang='lat' dir='ltr'><strong>episcopum</strong></span> <span class='ocrx_word' id='word_1_110' title='bbox 893 746 924 774; x_wconf 97' lang='lat' dir='ltr'><strong>in</strong></span> <span class='ocrx_word' id='word_1_111' title='bbox 944 746 999 774; x_wconf 90' lang='lat' dir='ltr'><strong>hoc</strong></span> 
     </span>
    </p>
   </div>
   <div class='ocr_carea' id='block_1_17' title="bbox 148 791 997 828">
    <p class='ocr_par' dir='ltr' id='par_1_17' title="bbox 148 791 997 828">
     <span class='ocr_line' id='line_1_17' title="bbox 148 791 997 828; baseline -0.001 -8"><span class='ocrx_word' id='word_1_112' title='bbox 148 792 256 820; x_wconf 60' lang='lat' dir='ltr'><strong>saeculo</strong></span> <span class='ocrx_word' id='word_1_113' title='bbox 268 792 328 820; x_wconf 88' lang='lat' dir='ltr'><strong>vita</strong></span> <span class='ocrx_word' id='word_1_114' title='bbox 342 792 480 827; x_wconf 85' lang='lat' dir='ltr'><strong>tenuerit,</strong></span> <span class='ocrx_word' id='word_1_115' title='bbox 491 794 629 828; x_wconf 85' lang='lat' dir='ltr'><strong>sumptus</strong></span> <span class='ocrx_word' id='word_1_116' title='bbox 639 791 665 820; x_wconf 91' lang='lat' dir='ltr'><strong>ei</strong></span> <span class='ocrx_word' id='word_1_117' title='bbox 676 791 766 819; x_wconf 88' lang='lat' dir='ltr'><strong>debiti</strong></span> <span class='ocrx_word' id='word_1_118' title='bbox 778 792 814 819; x_wconf 91' lang='lat' dir='ltr'><strong>de</strong></span> <span class='ocrx_word' id='word_1_119' title='bbox 824 791 926 819; x_wconf 89' lang='lat' dir='ltr'><strong>eadem</strong></span> <span class='ocrx_word' id='word_1_120' title='bbox 950 799 997 819; x_wconf 86' lang='lat' dir='ltr'><strong>ec-</strong></span> 
     </span>
    </p>
   </div>
   <div class='ocr_carea' id='block_1_18' title="bbox 147 835 997 871">
    <p class='ocr_par' dir='ltr' id='par_1_18' title="bbox 147 835 997 871">
     <span class='ocr_line' id='line_1_18' title="bbox 147 835 997 871; baseline -0.001 -7"><span class='ocrx_word' id='word_1_121' title='bbox 147 836 232 864; x_wconf 86' lang='lat' dir='ltr'><strong>clesia</strong></span> <span class='ocrx_word' id='word_1_122' title='bbox 248 836 462 864; x_wconf 85' lang='lat' dir='ltr'><strong>ministrentur.</strong></span> <span class='ocrx_word' id='word_1_123' title='bbox 478 836 643 870; x_wconf 84' lang='lat' dir='ltr'><strong>Enimvero,</strong></span> <span class='ocrx_word' id='word_1_124' title='bbox 661 837 687 864; x_wconf 89' lang='lat' dir='ltr'><strong>si</strong></span> <span class='ocrx_word' id='word_1_125' title='bbox 702 835 782 864; x_wconf 89' lang='lat' dir='ltr'><strong>nullo</strong></span> <span class='ocrx_word' id='word_1_126' title='bbox 806 837 936 871; x_wconf 89' lang='lat' dir='ltr'><strong>tempore</strong></span> <span class='ocrx_word' id='word_1_127' title='bbox 961 835 997 863; x_wconf 90' lang='lat' dir='ltr'><strong>ad</strong></span> 
     </span>
    </p>
   </div>
   <div class='ocr_carea' id='block_1_19' title="bbox 148 880 1039 922">
    <p class='ocr_par' dir='ltr' id='par_1_19' title="bbox 148 880 1039 922">
     <span class='ocr_line' id='line_1_19' title="bbox 148 880 1039 922; baseline -0.001 -14"><span class='ocrx_word' id='word_1_128' title='bbox 148 889 226 909; x_wconf 65' lang='lat' dir='ltr'><strong>sane</strong></span> <span class='ocrx_word' id='word_1_129' title='bbox 238 881 345 909; x_wconf 79' lang='lat' dir='ltr'><strong>mentis</strong></span> <span class='ocrx_word' id='word_1_130' title='bbox 361 881 436 909; x_wconf 90' lang='lat' dir='ltr'><strong>redit</strong></span> <span class='ocrx_word' id='word_1_131' title='bbox 451 881 592 914; x_wconf 85' lang='lat' dir='ltr'><strong>officium,</strong></span> <span class='ocrx_word' id='word_1_132' title='bbox 609 889 734 916; x_wconf 88' lang='lat' dir='ltr'><strong>persona</strong></span> <span class='ocrx_word' id='word_1_133' title='bbox 744 883 787 909; x_wconf 90' lang='lat' dir='ltr'><strong>est</strong></span> <span class='ocrx_word' id='word_1_134' title='bbox 799 881 895 908; x_wconf 85' lang='lat' dir='ltr'><strong>fidelis</strong></span> <span class='ocrx_word' id='word_1_135' title='bbox 911 888 944 908; x_wconf 90' lang='lat' dir='ltr'><strong>ac</strong></span> <span class='ocrx_word' id='word_1_136' title='bbox 958 880 998 907; x_wconf 91' lang='lat' dir='ltr'><strong>vi-</strong></span> <span class='ocrx_word' id='word_1_137' title='bbox 1016 889 1039 922; x_wconf 77' lang='grc' dir='ltr'>Β</span> 
     </span>
    </p>
   </div>
   <div class='ocr_carea' id='block_1_20' title="bbox 148 924 999 962">
    <p class='ocr_par' dir='ltr' id='par_1_20' title="bbox 148 924 999 962">
     <span class='ocr_line' id='line_1_20' title="bbox 148 924 999 962; baseline 0 -9"><span class='ocrx_word' id='word_1_138' title='bbox 148 927 183 953; x_wconf 76' lang='grc' dir='ltr'><strong>ιω</strong></span> <span class='ocrx_word' id='word_1_139' title='bbox 199 925 358 961; x_wconf 80' lang='lat' dir='ltr'><strong>probabilis</strong></span> <span class='ocrx_word' id='word_1_140' title='bbox 373 925 517 962; x_wconf 81' lang='lat' dir='ltr'><strong>eligenda,</strong></span> <span class='ocrx_word' id='word_1_141' title='bbox 534 934 597 961; x_wconf 67' lang='lat' dir='ltr'><strong>qua:</strong></span> <span class='ocrx_word' id='word_1_142' title='bbox 609 926 643 953; x_wconf 93' lang='lat' dir='ltr'><strong>ad</strong></span> <span class='ocrx_word' id='word_1_143' title='bbox 656 925 781 960; x_wconf 79' lang='lat' dir='ltr'><strong>regimen</strong></span> <span class='ocrx_word' id='word_1_144' title='bbox 797 924 923 953; x_wconf 77' lang='lat' dir='ltr'><strong>ecclesiae</strong></span> <span class='ocrx_word' id='word_1_145' title='bbox 936 925 999 953; x_wconf 89' lang='lat' dir='ltr'><strong>ido-</strong></span> 
     </span>
    </p>
   </div>
   <div class='ocr_carea' id='block_1_21' title="bbox 148 969 999 1006">
    <p class='ocr_par' dir='ltr' id='par_1_21' title="bbox 148 969 999 1006">
     <span class='ocr_line' id='line_1_21' title="bbox 148 969 999 1006; baseline 0 -9"><span class='ocrx_word' id='word_1_146' title='bbox 148 978 203 998; x_wconf 86' lang='lat' dir='ltr'><strong>nea</strong></span> <span class='ocrx_word' id='word_1_147' title='bbox 218 970 309 1005; x_wconf 86' lang='lat' dir='ltr'><strong>possit</strong></span> <span class='ocrx_word' id='word_1_148' title='bbox 323 970 454 1004; x_wconf 82' lang='lat' dir='ltr'><strong>existere,</strong></span> <span class='ocrx_word' id='word_1_149' title='bbox 467 972 556 1006; x_wconf 89' lang='lat' dir='ltr'><strong>atque</strong></span> <span class='ocrx_word' id='word_1_150' title='bbox 571 970 606 997; x_wconf 92' lang='lat' dir='ltr'><strong>de</strong></span> <span class='ocrx_word' id='word_1_151' title='bbox 621 970 783 997; x_wconf 82' lang='lat' dir='ltr'><strong>animarum</strong></span> <span class='ocrx_word' id='word_1_152' title='bbox 800 969 925 997; x_wconf 87' lang='lat' dir='ltr'><strong>utilitate</strong></span> <span class='ocrx_word' id='word_1_153' title='bbox 948 977 999 998; x_wconf 89' lang='lat' dir='ltr'><strong>co-</strong></span> 
     </span>
    </p>
   </div>
   <div class='ocr_carea' id='block_1_22' title="bbox 148 1014 999 1051">
    <p class='ocr_par' dir='ltr' id='par_1_22' title="bbox 148 1014 999 1051">
     <span class='ocr_line' id='line_1_22' title="bbox 148 1014 999 1051; baseline 0.001 -9"><span class='ocrx_word' id='word_1_154' title='bbox 148 1014 251 1051; x_wconf 88' lang='lat' dir='ltr'><strong>gitare,</strong></span> <span class='ocrx_word' id='word_1_155' title='bbox 268 1014 413 1051; x_wconf 89' lang='lat' dir='ltr'><strong>inquietos</strong></span> <span class='ocrx_word' id='word_1_156' title='bbox 433 1015 488 1043; x_wconf 87' lang='lat' dir='ltr'><strong>sub</strong></span> <span class='ocrx_word' id='word_1_157' title='bbox 504 1014 664 1051; x_wconf 66' lang='lat' dir='ltr'><strong>disciplina</strong></span> <span class='ocrx_word' id='word_1_158' title='bbox 673 1015 803 1043; x_wconf 85' lang='lat' dir='ltr'><strong>vindicta</strong></span> <span class='ocrx_word' id='word_1_159' title='bbox 814 1015 999 1051; x_wconf 86' lang='lat' dir='ltr'><strong>restringere,</strong></span> 
     </span>
    </p>
   </div>
   <div class='ocr_carea' id='block_1_23' title="bbox 149 1059 997 1095">
    <p class='ocr_par' dir='ltr' id='par_1_23' title="bbox 149 1059 997 1095">
     <span class='ocr_line' id='line_1_23' title="bbox 149 1059 997 1095; baseline -0.001 -7"><span class='ocrx_word' id='word_1_160' title='bbox 149 1059 416 1088; x_wconf 79' lang='lat' dir='ltr'><strong>ecclesiasticarum</strong></span> <span class='ocrx_word' id='word_1_161' title='bbox 432 1068 531 1087; x_wconf 90' lang='lat' dir='ltr'><strong>rerum</strong></span> <span class='ocrx_word' id='word_1_162' title='bbox 547 1067 648 1087; x_wconf 91' lang='lat' dir='ltr'><strong>curam</strong></span> <span class='ocrx_word' id='word_1_163' title='bbox 670 1067 780 1095; x_wconf 84' lang='lat' dir='ltr'><strong>gerere,</strong></span> <span class='ocrx_word' id='word_1_164' title='bbox 797 1063 824 1087; x_wconf 89' lang='lat' dir='ltr'><strong>et</strong></span> <span class='ocrx_word' id='word_1_165' title='bbox 847 1062 997 1088; x_wconf 85' lang='lat' dir='ltr'><strong>maturum</strong></span> 
     </span>
    </p>
   </div>
   <div class='ocr_carea' id='block_1_24' title="bbox 147 1104 997 1139">
    <p class='ocr_par' dir='ltr' id='par_1_24' title="bbox 147 1104 997 1139">
     <span class='ocr_line' id='line_1_24' title="bbox 147 1104 997 1139; baseline 0 -8"><span class='ocrx_word' id='word_1_166' title='bbox 147 1106 235 1139; x_wconf 88' lang='lat' dir='ltr'><strong>atque</strong></span> <span class='ocrx_word' id='word_1_167' title='bbox 250 1104 396 1132; x_wconf 85' lang='lat' dir='ltr'><strong>efficacem</strong></span> <span class='ocrx_word' id='word_1_168' title='bbox 412 1112 443 1132; x_wconf 88' lang='lat' dir='ltr'><strong>se</strong></span> <span class='ocrx_word' id='word_1_169' title='bbox 457 1104 487 1132; x_wconf 91' lang='lat' dir='ltr'><strong>in</strong></span> <span class='ocrx_word' id='word_1_170' title='bbox 500 1104 637 1132; x_wconf 87' lang='lat' dir='ltr'><strong>omnibus</strong></span> <span class='ocrx_word' id='word_1_171' title='bbox 655 1104 808 1137; x_wconf 83' lang='lat' dir='ltr'><strong>exhibere;</strong></span> <span class='ocrx_word' id='word_1_172' title='bbox 825 1104 874 1139; x_wconf 87' lang='lat' dir='ltr'><strong>qui</strong></span> <span class='ocrx_word' id='word_1_173' title='bbox 897 1105 997 1139; x_wconf 90' lang='lat' dir='ltr'><strong>etiam,</strong></span> 
     </span>
    </p>
   </div>
   <div class='ocr_carea' id='block_1_25' title="bbox 149 1147 1001 1185">
    <p class='ocr_par' dir='ltr' id='par_1_25' title="bbox 149 1147 1001 1185">
     <span class='ocr_line' id='line_1_25' title="bbox 149 1147 1001 1185; baseline 0 -9"><span class='ocrx_word' id='word_1_174' title='bbox 149 1147 174 1176; x_wconf 89' lang='lat' dir='ltr'><strong>si</strong></span> <span class='ocrx_word' id='word_1_175' title='bbox 196 1148 333 1184; x_wconf 84' lang='lat' dir='ltr'><strong>episcopo</strong></span> <span class='ocrx_word' id='word_1_176' title='bbox 362 1149 411 1185; x_wconf 89' lang='lat' dir='ltr'><strong>qui</strong></span> <span class='ocrx_word' id='word_1_177' title='bbox 439 1157 517 1176; x_wconf 93' lang='lat' dir='ltr'><strong>nunc</strong></span> <span class='ocrx_word' id='word_1_178' title='bbox 541 1150 662 1185; x_wconf 69' lang='lat' dir='ltr'><strong>aegrotat</strong></span> <span class='ocrx_word' id='word_1_179' title='bbox 690 1152 836 1184; x_wconf 82' lang='lat' dir='ltr'><strong>superstes</strong></span> <span class='ocrx_word' id='word_1_180' title='bbox 863 1149 1001 1182; x_wconf 84' lang='lat' dir='ltr'><strong>extiterit,</strong></span> 
     </span>
    </p>
   </div>
   <div class='ocr_carea' id='block_1_26' title="bbox 149 1192 912 1228">
    <p class='ocr_par' dir='ltr' id='par_1_26' title="bbox 149 1192 912 1228">
     <span class='ocr_line' id='line_1_26' title="bbox 149 1192 912 1228; baseline 0.001 -8"><span class='ocrx_word' id='word_1_181' title='bbox 149 1192 211 1220; x_wconf 91' lang='lat' dir='ltr'><strong>loco</strong></span> <span class='ocrx_word' id='word_1_182' title='bbox 225 1193 290 1228; x_wconf 84' lang='lat' dir='ltr'><strong>ejus</strong></span> <span class='ocrx_word' id='word_1_183' title='bbox 305 1193 409 1221; x_wconf 85' lang='lat' dir='ltr'><strong>debeat</strong></span> <span class='ocrx_word' id='word_1_184' title='bbox 423 1194 598 1221; x_wconf 85' lang='lat' dir='ltr'><strong>consecrari.</strong></span> <span class='ocrx_word' id='word_1_185' title='bbox 614 1204 628 1218; x_wconf 75' lang='grc' dir='ltr'><strong>ιι</strong></span> <span class='ocrx_word' id='word_1_186' title='bbox 647 1193 718 1228; x_wconf 81' lang='lat' dir='ltr'><strong>(Lib.</strong></span> <span class='ocrx_word' id='word_1_187' title='bbox 734 1201 795 1226; x_wconf 81' lang='lat' dir='ltr'><strong>xm,</strong></span> <span class='ocrx_word' id='word_1_188' title='bbox 811 1202 855 1227; x_wconf 80' lang='lat' dir='ltr'><strong>ep.</strong></span> <span class='ocrx_word' id='word_1_189' title='bbox 872 1194 912 1228; x_wconf 78' lang='lat'><strong>5.)</strong></span> 
     </span>
    </p>
   </div>
   <div class='ocr_carea' id='block_1_27' title="bbox 184 1237 1000 1274">
    <p class='ocr_par' dir='ltr' id='par_1_27' title="bbox 184 1237 1000 1274">
     <span class='ocr_line' id='line_1_27' title="bbox 184 1237 1000 1274; baseline 0.002 -11"><span class='ocrx_word' id='word_1_190' title='bbox 184 1237 227 1264; x_wconf 70' lang='grc' dir='ltr'><strong>ιο.</strong></span> <span class='ocrx_word' id='word_1_191' title='bbox 245 1237 394 1272; x_wconf 76' lang='lat' dir='ltr'><strong>Virginem</strong></span> <span class='ocrx_word' id='word_1_192' title='bbox 405 1241 570 1273; x_wconf 88' lang='lat' dir='ltr'><strong>stupratam</strong></span> <span class='ocrx_word' id='word_1_193' title='bbox 582 1238 870 1274; x_wconf 89' lang='lat' dir='ltr'><strong>Gregoriusjubebat</strong></span> <span class='ocrx_word' id='word_1_194' title='bbox 882 1244 1000 1265; x_wconf 81' lang='lat' dir='ltr'><strong>uxorem</strong></span> 
     </span>
    </p>
   </div>
   <div class='ocr_carea' id='block_1_28' title="bbox 149 1281 1002 1318">
    <p class='ocr_par' dir='ltr' id='par_1_28' title="bbox 149 1281 1002 1318">
     <span class='ocr_line' id='line_1_28' title="bbox 149 1281 1002 1318; baseline 0.001 -9"><span class='ocrx_word' id='word_1_195' title='bbox 149 1281 305 1317; x_wconf 89' lang='lat' dir='ltr'><strong>percipere.</strong></span> <span class='ocrx_word' id='word_1_196' title='bbox 314 1286 362 1309; x_wconf 91' lang='lat' dir='ltr'><strong>aut</strong></span> <span class='ocrx_word' id='word_1_197' title='bbox 369 1284 564 1318; x_wconf 85' lang='lat' dir='ltr'><strong>stupratorem</strong></span> <span class='ocrx_word' id='word_1_198' title='bbox 573 1282 638 1318; x_wconf 84' lang='lat' dir='ltr'><strong>ejus</strong></span> <span class='ocrx_word' id='word_1_199' title='bbox 654 1282 770 1317; x_wconf 82' lang='lat' dir='ltr'><strong>castigat</strong></span> <span class='ocrx_word' id='word_1_200' title='bbox 776 1290 825 1310; x_wconf 90' lang='lat' dir='ltr'><strong>um</strong></span> <span class='ocrx_word' id='word_1_201' title='bbox 832 1282 1002 1311; x_wconf 82' lang='lat' dir='ltr'><strong>verberibus</strong></span> 
     </span>
    </p>
   </div>
   <div class='ocr_carea' id='block_1_29' title="bbox 149 1326 1002 1363">
    <p class='ocr_par' dir='ltr' id='par_1_29' title="bbox 149 1326 1002 1363">
     <span class='ocr_line' id='line_1_29' title="bbox 149 1326 1002 1363; baseline 0.001 -10"><span class='ocrx_word' id='word_1_202' title='bbox 149 1326 178 1353; x_wconf 91' lang='lat' dir='ltr'><strong>in</strong></span> <span class='ocrx_word' id='word_1_203' title='bbox 195 1326 372 1354; x_wconf 85' lang='lat' dir='ltr'><strong>monasterio</strong></span> <span class='ocrx_word' id='word_1_204' title='bbox 385 1327 534 1362; x_wconf 86' lang='lat' dir='ltr'><strong>deputare.</strong></span> <span class='ocrx_word' id='word_1_205' title='bbox 553 1326 634 1354; x_wconf 86' lang='lat' dir='ltr'><strong>Unde</strong></span> <span class='ocrx_word' id='word_1_206' title='bbox 651 1326 749 1360; x_wconf 85' lang='lat' dir='ltr'><strong>Felici,</strong></span> <span class='ocrx_word' id='word_1_207' title='bbox 766 1326 919 1362; x_wconf 87' lang='lat' dir='ltr'><strong>Sipontino</strong></span> <span class='ocrx_word' id='word_1_208' title='bbox 939 1327 1002 1363; x_wconf 90' lang='lat' dir='ltr'><strong>epi-</strong></span> 
     </span>
    </p>
   </div>
   <div class='ocr_carea' id='block_1_30' title="bbox 149 1370 1002 1407">
    <p class='ocr_par' dir='ltr' id='par_1_30' title="bbox 149 1370 1002 1407">
     <span class='ocr_line' id='line_1_30' title="bbox 149 1370 1002 1407; baseline 0.001 -9"><span class='ocrx_word' id='word_1_209' title='bbox 149 1378 248 1407; x_wconf 87' lang='lat' dir='ltr'><strong>scopo,</strong></span> <span class='ocrx_word' id='word_1_210' title='bbox 273 1370 381 1405; x_wconf 86' lang='lat' dir='ltr'><strong>scribit,</strong></span> <span class='ocrx_word' id='word_1_211' title='bbox 397 1371 518 1399; x_wconf 84' lang='lat' dir='ltr'><strong>dicens:</strong></span> <span class='ocrx_word' id='word_1_212' title='bbox 542 1371 815 1407; x_wconf 82' lang='lat' dir='ltr'><strong>«Exspectabamus</strong></span> <span class='ocrx_word' id='word_1_213' title='bbox 833 1371 1002 1400; x_wconf 82' lang='lat' dir='ltr'><strong>fraternita-</strong></span> 
     </span>
    </p>
   </div>
   <div class='ocr_carea' id='block_1_31' title="bbox 149 1415 1002 1452">
    <p class='ocr_par' dir='ltr' id='par_1_31' title="bbox 149 1415 1002 1452">
     <span class='ocr_line' id='line_1_31' title="bbox 149 1415 1002 1452; baseline 0.001 -10"><span class='ocrx_word' id='word_1_214' title='bbox 149 1420 207 1442; x_wconf 87' lang='lat' dir='ltr'><strong>tem</strong></span> <span class='ocrx_word' id='word_1_215' title='bbox 224 1417 305 1443; x_wconf 86' lang='lat' dir='ltr'><strong>tuam</strong></span> <span class='ocrx_word' id='word_1_216' title='bbox 322 1423 373 1443; x_wconf 87' lang='lat' dir='ltr'><strong>sua</strong></span> <span class='ocrx_word' id='word_1_217' title='bbox 385 1415 500 1452; x_wconf 88' lang='lat' dir='ltr'><strong>aliquos</strong></span> <span class='ocrx_word' id='word_1_218' title='bbox 513 1416 548 1443; x_wconf 90' lang='lat' dir='ltr'><strong>ad</strong></span> <span class='ocrx_word' id='word_1_219' title='bbox 559 1416 652 1443; x_wconf 89' lang='lat' dir='ltr'><strong>Deum</strong></span> <span class='ocrx_word' id='word_1_220' title='bbox 664 1416 869 1452; x_wconf 59' lang='lat' dir='ltr'><strong>praedicatione</strong></span> <span class='ocrx_word' id='word_1_221' title='bbox 879 1424 1002 1444; x_wconf 85' lang='lat' dir='ltr'><strong>conver-</strong></span> 
     </span>
    </p>
   </div>
   <div class='ocr_carea' id='block_1_32' title="bbox 150 1459 1003 1495">
    <p class='ocr_par' dir='ltr' id='par_1_32' title="bbox 150 1459 1003 1495">
     <span class='ocr_line' id='line_1_32' title="bbox 150 1459 1003 1495; baseline 0.004 -9"><span class='ocrx_word' id='word_1_222' title='bbox 150 1462 219 1491; x_wconf 87' lang='lat' dir='ltr'><strong>tere,</strong></span> <span class='ocrx_word' id='word_1_223' title='bbox 235 1461 263 1487; x_wconf 88' lang='lat' dir='ltr'><strong>et</strong></span> <span class='ocrx_word' id='word_1_224' title='bbox 279 1459 355 1486; x_wconf 88' lang='lat' dir='ltr'><strong>male</strong></span> <span class='ocrx_word' id='word_1_225' title='bbox 370 1462 489 1495; x_wconf 87' lang='lat' dir='ltr'><strong>agentes</strong></span> <span class='ocrx_word' id='word_1_226' title='bbox 505 1460 540 1487; x_wconf 84' lang='lat' dir='ltr'><strong>ad</strong></span> <span class='ocrx_word' id='word_1_227' title='bbox 558 1460 764 1488; x_wconf 83' lang='lat' dir='ltr'><strong>rectitudinem</strong></span> <span class='ocrx_word' id='word_1_228' title='bbox 781 1467 923 1487; x_wconf 87' lang='lat' dir='ltr'><strong>revocare.</strong></span> <span class='ocrx_word' id='word_1_229' title='bbox 940 1461 1003 1493; x_wconf 86' lang='lat' dir='ltr'><strong>Qua</strong></span> 
     </span>
    </p>
   </div>
   <div class='ocr_carea' id='block_1_33' title="bbox 150 1503 1002 1540">
    <p class='ocr_par' dir='ltr' id='par_1_33' title="bbox 150 1503 1002 1540">
     <span class='ocr_line' id='line_1_33' title="bbox 150 1503 1002 1540; baseline 0.002 -10"><span class='ocrx_word' id='word_1_230' title='bbox 150 1503 187 1530; x_wconf 88' lang='lat' dir='ltr'><strong>de</strong></span> <span class='ocrx_word' id='word_1_231' title='bbox 211 1503 334 1530; x_wconf 89' lang='lat' dir='ltr'><strong>renimis</strong></span> <span class='ocrx_word' id='word_1_232' title='bbox 357 1503 578 1537; x_wconf 86' lang='lat' dir='ltr'><strong>contristamur,</strong></span> <span class='ocrx_word' id='word_1_233' title='bbox 593 1504 662 1540; x_wconf 87' lang='lat' dir='ltr'><strong>quia</strong></span> <span class='ocrx_word' id='word_1_234' title='bbox 677 1512 693 1532; x_wconf 88' lang='lat' dir='ltr'><strong>e</strong></span> <span class='ocrx_word' id='word_1_235' title='bbox 713 1504 827 1532; x_wconf 86' lang='lat' dir='ltr'><strong>diverso</strong></span> <span class='ocrx_word' id='word_1_236' title='bbox 841 1504 871 1532; x_wconf 90' lang='lat' dir='ltr'><strong>in</strong></span> <span class='ocrx_word' id='word_1_237' title='bbox 888 1505 1002 1540; x_wconf 83' lang='lat' dir='ltr'><strong>nepotis</strong></span> 
     </span>
    </p>
   </div>
   <div class='ocr_carea' id='block_1_34' title="bbox 150 1547 1000 1585">
    <p class='ocr_par' dir='ltr' id='par_1_34' title="bbox 150 1547 1000 1585">
     <span class='ocr_line' id='line_1_34' title="bbox 150 1547 1000 1585; baseline 0.001 -10"><span class='ocrx_word' id='word_1_238' title='bbox 150 1548 193 1575; x_wconf 87' lang='lat' dir='ltr'><strong>tui</strong></span> <span class='ocrx_word' id='word_1_239' title='bbox 206 1547 307 1574; x_wconf 78' lang='lat' dir='ltr'><strong>Felicis</strong></span> <span class='ocrx_word' id='word_1_240' title='bbox 321 1548 461 1582; x_wconf 82' lang='lat' dir='ltr'><strong>pravitate</strong></span> <span class='ocrx_word' id='word_1_241' title='bbox 474 1551 523 1575; x_wconf 82' lang='lat' dir='ltr'><strong>tua</strong></span> <span class='ocrx_word' id='word_1_242' title='bbox 535 1549 693 1583; x_wconf 83' lang='lat' dir='ltr'><strong>evidenter,</strong></span> <span class='ocrx_word' id='word_1_243' title='bbox 705 1549 754 1585; x_wconf 87' lang='lat' dir='ltr'><strong>qui</strong></span> <span class='ocrx_word' id='word_1_244' title='bbox 771 1548 856 1577; x_wconf 86' lang='lat' dir='ltr'><strong>talem</strong></span> <span class='ocrx_word' id='word_1_245' title='bbox 870 1549 1000 1583; x_wconf 88' lang='lat' dir='ltr'><strong>nutristi,</strong></span> 
     </span>
    </p>
   </div>
   <div class='ocr_carea' id='block_1_35' title="bbox 152 1591 1003 1630">
    <p class='ocr_par' dir='ltr' id='par_1_35' title="bbox 152 1591 1003 1630">
     <span class='ocr_line' id='line_1_35' title="bbox 152 1591 1003 1630; baseline 0.006 -12"><span class='ocrx_word' id='word_1_246' title='bbox 152 1591 236 1626; x_wconf 88' lang='lat' dir='ltr'><strong>culpa</strong></span> <span class='ocrx_word' id='word_1_247' title='bbox 249 1595 409 1620; x_wconf 80' lang='lat' dir='ltr'><strong>monstrata</strong></span> <span class='ocrx_word' id='word_1_248' title='bbox 421 1598 472 1620; x_wconf 85' lang='lat' dir='ltr'><strong>est.</strong></span> <span class='ocrx_word' id='word_1_249' title='bbox 487 1593 618 1621; x_wconf 83' lang='lat' dir='ltr'><strong>Pervenit</strong></span> <span class='ocrx_word' id='word_1_250' title='bbox 629 1593 727 1629; x_wconf 82' lang='lat' dir='ltr'><strong>itaque</strong></span> <span class='ocrx_word' id='word_1_251' title='bbox 742 1594 777 1621; x_wconf 89' lang='lat' dir='ltr'><strong>ad</strong></span> <span class='ocrx_word' id='word_1_252' title='bbox 794 1602 846 1621; x_wconf 89' lang='lat' dir='ltr'><strong>nos</strong></span> <span class='ocrx_word' id='word_1_253' title='bbox 863 1595 939 1630; x_wconf 92' lang='lat' dir='ltr'><strong>quod</strong></span> <span class='ocrx_word' id='word_1_254' title='bbox 955 1602 1003 1623; x_wconf 87' lang='lat' dir='ltr'><strong>su-</strong></span> 
     </span>
    </p>
   </div>
   <div class='ocr_carea' id='block_1_36' title="bbox 151 1637 1002 1674">
    <p class='ocr_par' dir='ltr' id='par_1_36' title="bbox 151 1637 1002 1674">
     <span class='ocr_line' id='line_1_36' title="bbox 151 1637 1002 1674; baseline 0.004 -11"><span class='ocrx_word' id='word_1_255' title='bbox 151 1637 330 1672; x_wconf 85' lang='lat' dir='ltr'><strong>prascriptus</strong></span> <span class='ocrx_word' id='word_1_256' title='bbox 343 1638 419 1665; x_wconf 85' lang='lat' dir='ltr'><strong>Felix</strong></span> <span class='ocrx_word' id='word_1_257' title='bbox 432 1639 578 1674; x_wconf 80' lang='lat' dir='ltr'><strong>Evangeli,</strong></span> <span class='ocrx_word' id='word_1_258' title='bbox 589 1638 703 1666; x_wconf 89' lang='lat' dir='ltr'><strong>diaconi</strong></span> <span class='ocrx_word' id='word_1_259' title='bbox 715 1638 769 1672; x_wconf 89' lang='lat' dir='ltr'><strong>tui,</strong></span> <span class='ocrx_word' id='word_1_260' title='bbox 787 1637 878 1666; x_wconf 80' lang='lat' dir='ltr'><strong>ﬁliam</strong></span> <span class='ocrx_word' id='word_1_261' title='bbox 900 1640 1002 1674; x_wconf 88' lang='lat' dir='ltr'><strong>stupro</strong></span> 
     </span>
    </p>
   </div>
   <div class='ocr_carea' id='block_1_37' title="bbox 150 1681 1003 1719">
    <p class='ocr_par' dir='ltr' id='par_1_37' title="bbox 150 1681 1003 1719">
     <span class='ocr_line' id='line_1_37' title="bbox 150 1681 1003 1719; baseline 0.005 -12"><span class='ocrx_word' id='word_1_262' title='bbox 150 1681 305 1715; x_wconf 84' lang='lat' dir='ltr'><strong>deceperit.</strong></span> <span class='ocrx_word' id='word_1_263' title='bbox 319 1682 399 1714; x_wconf 87' lang='lat' dir='ltr'><strong>Quod</strong></span> <span class='ocrx_word' id='word_1_264' title='bbox 412 1683 437 1710; x_wconf 90' lang='lat' dir='ltr'><strong>si</strong></span> <span class='ocrx_word' id='word_1_265' title='bbox 447 1691 548 1710; x_wconf 88' lang='lat' dir='ltr'><strong>verum</strong></span> <span class='ocrx_word' id='word_1_266' title='bbox 561 1687 614 1717; x_wconf 90' lang='lat' dir='ltr'><strong>est,</strong></span> <span class='ocrx_word' id='word_1_267' title='bbox 626 1683 759 1718; x_wconf 85' lang='lat' dir='ltr'><strong>quamvis</strong></span> <span class='ocrx_word' id='word_1_268' title='bbox 770 1683 851 1719; x_wconf 82' lang='lat' dir='ltr'><strong>gravi</strong></span> <span class='ocrx_word' id='word_1_269' title='bbox 866 1685 943 1711; x_wconf 86' lang='lat' dir='ltr'><strong>esset</strong></span> <span class='ocrx_word' id='word_1_270' title='bbox 967 1683 1003 1711; x_wconf 87' lang='lat' dir='ltr'><strong>de</strong></span> 
     </span>
    </p>
   </div>
   <div class='ocr_carea' id='block_1_38' title="bbox 149 1726 1004 1764">
    <p class='ocr_par' dir='ltr' id='par_1_38' title="bbox 149 1726 1004 1764">
     <span class='ocr_line' id='line_1_38' title="bbox 149 1726 1004 1764; baseline 0.004 -11"><span class='ocrx_word' id='word_1_271' title='bbox 149 1726 211 1761; x_wconf 85' lang='lat' dir='ltr'><strong>lege</strong></span> <span class='ocrx_word' id='word_1_272' title='bbox 223 1734 306 1762; x_wconf 71' lang='lat' dir='ltr'><strong>poena</strong></span> <span class='ocrx_word' id='word_1_273' title='bbox 316 1727 495 1762; x_wconf 83' lang='lat' dir='ltr'><strong>plectendas,</strong></span> <span class='ocrx_word' id='word_1_274' title='bbox 504 1736 555 1755; x_wconf 84' lang='lat' dir='ltr'><strong>nos</strong></span> <span class='ocrx_word' id='word_1_275' title='bbox 565 1730 663 1756; x_wconf 88' lang='lat' dir='ltr'><strong>tamen</strong></span> <span class='ocrx_word' id='word_1_276' title='bbox 675 1727 862 1764; x_wconf 75' lang='lat' dir='ltr'><strong>aliquatenus</strong></span> <span class='ocrx_word' id='word_1_277' title='bbox 871 1727 943 1764; x_wconf 84' lang='lat' dir='ltr'><strong>legis</strong></span> <span class='ocrx_word' id='word_1_278' title='bbox 952 1728 1004 1756; x_wconf 90' lang='lat' dir='ltr'><strong>du-</strong></span> 
     </span>
    </p>
   </div>
   <div class='ocr_carea' id='block_1_39' title="bbox 148 1771 1003 1809">
    <p class='ocr_par' dir='ltr' id='par_1_39' title="bbox 148 1771 1003 1809">
     <span class='ocr_line' id='line_1_39' title="bbox 148 1771 1003 1809; baseline 0.004 -11"><span class='ocrx_word' id='word_1_279' title='bbox 148 1772 246 1799; x_wconf 87' lang='lat' dir='ltr'><strong>ritiam</strong></span> <span class='ocrx_word' id='word_1_280' title='bbox 258 1771 435 1806; x_wconf 82' lang='lat' dir='ltr'><strong>mollientes,</strong></span> <span class='ocrx_word' id='word_1_281' title='bbox 447 1773 650 1808; x_wconf 82' lang='lat' dir='ltr'><strong>hujuscemodi</strong></span> <span class='ocrx_word' id='word_1_282' title='bbox 662 1773 857 1809; x_wconf 88' lang='lat' dir='ltr'><strong>disponendo,</strong></span> <span class='ocrx_word' id='word_1_283' title='bbox 870 1772 1003 1809; x_wconf 70' lang='lat' dir='ltr'><strong>principi-</strong></span> 
     </span>
    </p>
   </div>
   <div class='ocr_carea' id='block_1_40' title="bbox 149 1818 1001 1853">
    <p class='ocr_par' dir='ltr' id='par_1_40' title="bbox 149 1818 1001 1853">
     <span class='ocr_line' id='line_1_40' title="bbox 149 1818 1001 1853; baseline 0.001 -9"><span class='ocrx_word' id='word_1_284' title='bbox 149 1824 213 1844; x_wconf 87' lang='lat' dir='ltr'><strong>mus</strong></span> <span class='ocrx_word' id='word_1_285' title='bbox 229 1820 258 1843; x_wconf 89' lang='lat' dir='ltr'><strong>nt</strong></span> <span class='ocrx_word' id='word_1_286' title='bbox 275 1819 326 1844; x_wconf 89' lang='lat' dir='ltr'><strong>aut</strong></span> <span class='ocrx_word' id='word_1_287' title='bbox 337 1824 424 1853; x_wconf 86' lang='lat' dir='ltr'><strong>quam</strong></span> <span class='ocrx_word' id='word_1_288' title='bbox 439 1818 583 1853; x_wconf 81' lang='lat' dir='ltr'><strong>stupravit</strong></span> <span class='ocrx_word' id='word_1_289' title='bbox 594 1826 710 1846; x_wconf 89' lang='lat' dir='ltr'><strong>uxorem</strong></span> <span class='ocrx_word' id='word_1_290' title='bbox 720 1818 834 1853; x_wconf 86' lang='lat' dir='ltr'><strong>habeat,</strong></span> <span class='ocrx_word' id='word_1_291' title='bbox 845 1820 896 1846; x_wconf 90' lang='lat' dir='ltr'><strong>aut</strong></span> <span class='ocrx_word' id='word_1_292' title='bbox 915 1821 1001 1852; x_wconf 83' lang='lat' dir='ltr'><strong>certe,</strong></span> 
     </span>
    </p>
   </div>
   <div class='ocr_carea' id='block_1_41' title="bbox 148 1860 1003 1897">
    <p class='ocr_par' dir='ltr' id='par_1_41' title="bbox 148 1860 1003 1897">
     <span class='ocr_line' id='line_1_41' title="bbox 148 1860 1003 1897; baseline 0.004 -10"><span class='ocrx_word' id='word_1_293' title='bbox 148 1860 173 1888; x_wconf 89' lang='lat' dir='ltr'><strong>si</strong></span> <span class='ocrx_word' id='word_1_294' title='bbox 190 1860 369 1888; x_wconf 89' lang='lat' dir='ltr'><strong>renuendum</strong></span> <span class='ocrx_word' id='word_1_295' title='bbox 385 1860 538 1896; x_wconf 89' lang='lat' dir='ltr'><strong>putaverit,</strong></span> <span class='ocrx_word' id='word_1_296' title='bbox 549 1861 702 1890; x_wconf 87' lang='lat' dir='ltr'><strong>districtus</strong></span> <span class='ocrx_word' id='word_1_297' title='bbox 713 1870 747 1890; x_wconf 88' lang='lat' dir='ltr'><strong>ao</strong></span> <span class='ocrx_word' id='word_1_298' title='bbox 758 1861 946 1897; x_wconf 84' lang='lat' dir='ltr'><strong>corporaliter</strong></span> <span class='ocrx_word' id='word_1_299' title='bbox 957 1869 1003 1890; x_wconf 85' lang='lat' dir='ltr'><strong>ca-</strong></span> 
     </span>
    </p>
   </div>
   <div class='ocr_carea' id='block_1_42' title="bbox 148 1905 1001 1944">
    <p class='ocr_par' dir='ltr' id='par_1_42' title="bbox 148 1905 1001 1944">
     <span class='ocr_line' id='line_1_42' title="bbox 148 1905 1001 1944; baseline 0.002 -11"><span class='ocrx_word' id='word_1_300' title='bbox 148 1905 654 1941; x_wconf 78' lang='lat' dir='ltr'><strong>stigatus,excommunicatusqne,in</strong></span> <span class='ocrx_word' id='word_1_301' title='bbox 666 1907 874 1935; x_wconf 88' lang='lat' dir='ltr'><strong>monasterium</strong></span> <span class='ocrx_word' id='word_1_302' title='bbox 891 1907 921 1935; x_wconf 91' lang='lat' dir='ltr'><strong>in</strong></span> <span class='ocrx_word' id='word_1_303' title='bbox 944 1915 1001 1944; x_wconf 92' lang='lat' dir='ltr'><strong>quo</strong></span> 
     </span>
    </p>
   </div>
   <div class='ocr_carea' id='block_1_43' title="bbox 148 1950 1001 1987">
    <p class='ocr_par' dir='ltr' id='par_1_43' title="bbox 148 1950 1001 1987">
     <span class='ocr_line' id='line_1_43' title="bbox 148 1950 1001 1987; baseline 0.002 -9"><span class='ocrx_word' id='word_1_304' title='bbox 148 1950 348 1986; x_wconf 78' lang='lat' dir='ltr'><strong>pmnitentiam</strong></span> <span class='ocrx_word' id='word_1_305' title='bbox 360 1954 480 1987; x_wconf 84' lang='lat' dir='ltr'><strong>peragat</strong></span> <span class='ocrx_word' id='word_1_306' title='bbox 492 1952 670 1986; x_wconf 84' lang='lat' dir='ltr'><strong>retrudatur,</strong></span> <span class='ocrx_word' id='word_1_307' title='bbox 684 1952 720 1980; x_wconf 90' lang='lat' dir='ltr'><strong>de</strong></span> <span class='ocrx_word' id='word_1_308' title='bbox 741 1960 797 1987; x_wconf 90' lang='lat' dir='ltr'><strong>quo</strong></span> <span class='ocrx_word' id='word_1_309' title='bbox 811 1951 837 1980; x_wconf 87' lang='lat' dir='ltr'><strong>ei</strong></span> <span class='ocrx_word' id='word_1_310' title='bbox 859 1952 940 1980; x_wconf 90' lang='lat' dir='ltr'><strong>nulla</strong></span> <span class='ocrx_word' id='word_1_311' title='bbox 962 1952 1001 1981; x_wconf 87' lang='lat' dir='ltr'><strong>sit</strong></span> 
     </span>
    </p>
   </div>
   <div class='ocr_carea' id='block_1_44' title="bbox 148 1995 999 2033">
    <p class='ocr_par' dir='ltr' id='par_1_44' title="bbox 148 1995 999 2033">
     <span class='ocr_line' id='line_1_44' title="bbox 148 1995 999 2033; baseline 0.004 -11"><span class='ocrx_word' id='word_1_312' title='bbox 148 1995 312 2030; x_wconf 85' lang='lat' dir='ltr'><strong>egrediendi</strong></span> <span class='ocrx_word' id='word_1_313' title='bbox 321 1995 385 2023; x_wconf 86' lang='lat' dir='ltr'><strong>sine</strong></span> <span class='ocrx_word' id='word_1_314' title='bbox 395 1999 494 2024; x_wconf 87' lang='lat' dir='ltr'><strong>nostra</strong></span> <span class='ocrx_word' id='word_1_315' title='bbox 506 1996 697 2032; x_wconf 59' lang='lat' dir='ltr'><strong>praeceptione</strong></span> <span class='ocrx_word' id='word_1_316' title='bbox 707 1996 834 2025; x_wconf 86' lang='lat' dir='ltr'><strong>licentia.</strong></span> <span class='ocrx_word' id='word_1_317' title='bbox 848 2007 862 2022; x_wconf 73' lang='grc' dir='ltr'><em>η</em></span> <span class='ocrx_word' id='word_1_318' title='bbox 873 1997 944 2033; x_wconf 76' lang='lat' dir='ltr'><strong>(Lib.</strong></span> <span class='ocrx_word' id='word_1_319' title='bbox 956 2005 999 2032; x_wconf 84' lang='grc' dir='ltr'><strong>ιιι,</strong></span> 
     </span>
    </p>
   </div>
   <div class='ocr_carea' id='block_1_45' title="bbox 146 2040 266 2074">
    <p class='ocr_par' dir='ltr' id='par_1_45' title="bbox 146 2040 266 2074">
     <span class='ocr_line' id='line_1_45' title="bbox 146 2040 266 2074; baseline 0 -6"><span class='ocrx_word' id='word_1_320' title='bbox 146 2048 191 2074; x_wconf 77' lang='lat' dir='ltr'><strong>ep.</strong></span> <span class='ocrx_word' id='word_1_321' title='bbox 208 2040 266 2074; x_wconf 76' lang='grc'><strong>43.)</strong></span> 
     </span>
    </p>
   </div>
   <div class='ocr_carea' id='block_1_46' title="bbox 181 2084 1000 2122">
    <p class='ocr_par' dir='ltr' id='par_1_46' title="bbox 181 2084 1000 2122">
     <span class='ocr_line' id='line_1_46' title="bbox 181 2084 1000 2122; baseline 0.002 -10"><span class='ocrx_word' id='word_1_322' title='bbox 181 2084 226 2113; x_wconf 76' lang='grc'><strong>41.</strong></span> <span class='ocrx_word' id='word_1_323' title='bbox 241 2084 341 2113; x_wconf 85' lang='lat' dir='ltr'><strong>Virum</strong></span> <span class='ocrx_word' id='word_1_324' title='bbox 358 2085 423 2114; x_wconf 86' lang='lat' dir='ltr'><strong>sine</strong></span> <span class='ocrx_word' id='word_1_325' title='bbox 442 2086 541 2114; x_wconf 74' lang='lat' dir='ltr'><strong>uxoris</strong></span> <span class='ocrx_word' id='word_1_326' title='bbox 566 2086 688 2122; x_wconf 74' lang='lat' dir='ltr'><strong>propriis</strong></span> <span class='ocrx_word' id='word_1_327' title='bbox 708 2087 859 2114; x_wconf 86' lang='lat' dir='ltr'><strong>voluntate</strong></span> <span class='ocrx_word' id='word_1_328' title='bbox 882 2094 1000 2115; x_wconf 87' lang='lat' dir='ltr'><strong>conver-</strong></span> 
     </span>
    </p>
   </div>
   <div class='ocr_carea' id='block_1_47' title="bbox 149 2129 999 2166">
    <p class='ocr_par' dir='ltr' id='par_1_47' title="bbox 149 2129 999 2166">
     <span class='ocr_line' id='line_1_47' title="bbox 149 2129 999 2166; baseline 0.005 -11"><span class='ocrx_word' id='word_1_329' title='bbox 149 2129 351 2159; x_wconf 72' lang='lat' dir='ltr'><strong>sum.otbunsi</strong></span> <span class='ocrx_word' id='word_1_330' title='bbox 363 2130 532 2165; x_wconf 82' lang='lat' dir='ltr'><strong>fnissetjam</strong></span> <span class='ocrx_word' id='word_1_331' title='bbox 549 2132 731 2163; x_wconf 83' lang='lat' dir='ltr'><strong>tonsuratus,</strong></span> <span class='ocrx_word' id='word_1_332' title='bbox 744 2130 901 2166; x_wconf 85' lang='lat' dir='ltr'><strong>Gregorius</strong></span> <span class='ocrx_word' id='word_1_333' title='bbox 918 2132 999 2159; x_wconf 82' lang='lat' dir='ltr'><strong>uxori</strong></span> 
     </span>
    </p>
   </div>
   <div class='ocr_carea' id='block_1_48' title="bbox 148 2172 999 2210">
    <p class='ocr_par' dir='ltr' id='par_1_48' title="bbox 148 2172 999 2210">
     <span class='ocr_line' id='line_1_48' title="bbox 148 2172 999 2210; baseline 0.005 -10"><span class='ocrx_word' id='word_1_334' title='bbox 148 2172 230 2200; x_wconf 83' lang='lat' dir='ltr'><strong>reddi</strong></span> <span class='ocrx_word' id='word_1_335' title='bbox 253 2173 385 2208; x_wconf 61' lang='lat' dir='ltr'><strong>jnbebat.</strong></span> <span class='ocrx_word' id='word_1_336' title='bbox 403 2174 586 2210; x_wconf 83' lang='lat' dir='ltr'><strong>Quapropter</strong></span> <span class='ocrx_word' id='word_1_337' title='bbox 611 2175 767 2208; x_wconf 76' lang='lat' dir='ltr'><strong>Hadriano,</strong></span> <span class='ocrx_word' id='word_1_338' title='bbox 792 2176 999 2204; x_wconf 78' lang='lat' dir='ltr'><strong>Panormitano</strong></span> 
     </span>
    </p>
   </div>
   <div class='ocr_carea' id='block_1_49' title="bbox 149 2217 999 2256">
    <p class='ocr_par' dir='ltr' id='par_1_49' title="bbox 149 2217 999 2256">
     <span class='ocr_line' id='line_1_49' title="bbox 149 2217 999 2256; baseline 0.006 -12"><span class='ocrx_word' id='word_1_339' title='bbox 149 2217 274 2251; x_wconf 82' lang='lat' dir='ltr'><strong>notario,</strong></span> <span class='ocrx_word' id='word_1_340' title='bbox 286 2218 431 2253; x_wconf 81' lang='lat' dir='ltr'><strong>scribens,</strong></span> <span class='ocrx_word' id='word_1_341' title='bbox 441 2219 498 2247; x_wconf 87' lang='lat' dir='ltr'><strong>ait:</strong></span> <span class='ocrx_word' id='word_1_342' title='bbox 511 2231 524 2244; x_wconf 79' lang='grc' dir='ltr'><strong>ι(</strong></span> <span class='ocrx_word' id='word_1_343' title='bbox 540 2220 695 2256; x_wconf 84' lang='lat' dir='ltr'><strong>Agathosa,</strong></span> <span class='ocrx_word' id='word_1_344' title='bbox 706 2219 792 2248; x_wconf 87' lang='lat' dir='ltr'><strong>latrix</strong></span> <span class='ocrx_word' id='word_1_345' title='bbox 810 2222 999 2256; x_wconf 66' lang='lat' dir='ltr'><strong>praesentium</strong></span> 
     </span>
    </p>
   </div>
   <div class='ocr_carea' id='block_1_50' title="bbox 146 2262 1039 2299">
    <p class='ocr_par' dir='ltr' id='par_1_50' title="bbox 146 2262 1039 2299">
     <span class='ocr_line' id='line_1_50' title="bbox 146 2262 1039 2299; baseline 0.008 -11"><span class='ocrx_word' id='word_1_346' title='bbox 146 2262 253 2299; x_wconf 85' lang='lat' dir='ltr'><strong>questa</strong></span> <span class='ocrx_word' id='word_1_347' title='bbox 267 2265 310 2289; x_wconf 86' lang='lat' dir='ltr'><strong>est</strong></span> <span class='ocrx_word' id='word_1_348' title='bbox 326 2263 463 2291; x_wconf 80' lang='lat' dir='ltr'><strong>maritum</strong></span> <span class='ocrx_word' id='word_1_349' title='bbox 475 2271 561 2292; x_wconf 84' lang='lat' dir='ltr'><strong>suum</strong></span> <span class='ocrx_word' id='word_1_350' title='bbox 574 2267 675 2293; x_wconf 87' lang='lat' dir='ltr'><strong>contra</strong></span> <span class='ocrx_word' id='word_1_351' title='bbox 686 2265 862 2293; x_wconf 86' lang='lat' dir='ltr'><strong>voluntatem</strong></span> <span class='ocrx_word' id='word_1_352' title='bbox 877 2274 959 2294; x_wconf 88' lang='lat' dir='ltr'><strong>suam</strong></span> <span class='ocrx_word' id='word_1_353' title='bbox 971 2267 1000 2295; x_wconf 90' lang='lat' dir='ltr'><strong>in</strong></span> <span class='ocrx_word' id='word_1_354' title='bbox 1018 2262 1039 2294; x_wconf 80' lang='grc' dir='ltr'><strong>Ι)</strong></span> 
     </span>
    </p>
   </div>
   <div class='ocr_carea' id='block_1_51' title="bbox 145 2306 999 2347">
    <p class='ocr_par' dir='ltr' id='par_1_51' title="bbox 145 2306 999 2347">
     <span class='ocr_line' id='line_1_51' title="bbox 145 2306 999 2347; baseline 0.005 -12"><span class='ocrx_word' id='word_1_355' title='bbox 145 2306 323 2335; x_wconf 78' lang='lat' dir='ltr'><strong>monasterio</strong></span> <span class='ocrx_word' id='word_1_356' title='bbox 334 2306 431 2335; x_wconf 85' lang='lat' dir='ltr'><strong>Urbici</strong></span> <span class='ocrx_word' id='word_1_357' title='bbox 441 2308 554 2336; x_wconf 83' lang='lat' dir='ltr'><strong>abbatis</strong></span> <span class='ocrx_word' id='word_1_358' title='bbox 569 2316 633 2337; x_wconf 86' lang='lat' dir='ltr'><strong>esse</strong></span> <span class='ocrx_word' id='word_1_359' title='bbox 643 2310 914 2343; x_wconf 84' lang='lat' dir='ltr'><strong>conversum.0uod</strong></span> <span class='ocrx_word' id='word_1_360' title='bbox 929 2312 999 2347; x_wconf 84' lang='lat' dir='ltr'><strong>quia</strong></span> 
     </span>
    </p>
   </div>
   <div class='ocr_carea' id='block_1_52' title="bbox 145 2350 1000 2388">
    <p class='ocr_par' dir='ltr' id='par_1_52' title="bbox 145 2350 1000 2388">
     <span class='ocr_line' id='line_1_52' title="bbox 145 2350 1000 2388; baseline 0.006 -9"><span class='ocrx_word' id='word_1_361' title='bbox 145 2350 179 2379; x_wconf 81' lang='lat' dir='ltr'><strong>ad</strong></span> <span class='ocrx_word' id='word_1_362' title='bbox 190 2350 323 2386; x_wconf 83' lang='lat' dir='ltr'><strong>ejusdem</strong></span> <span class='ocrx_word' id='word_1_363' title='bbox 335 2351 448 2381; x_wconf 84' lang='lat' dir='ltr'><strong>abbatis</strong></span> <span class='ocrx_word' id='word_1_364' title='bbox 459 2352 575 2388; x_wconf 87' lang='lat' dir='ltr'><strong>culpam</strong></span> <span class='ocrx_word' id='word_1_365' title='bbox 591 2356 619 2381; x_wconf 90' lang='lat' dir='ltr'><strong>et</strong></span> <span class='ocrx_word' id='word_1_366' title='bbox 633 2354 771 2382; x_wconf 85' lang='lat' dir='ltr'><strong>invidiam</strong></span> <span class='ocrx_word' id='word_1_367' title='bbox 793 2363 850 2383; x_wconf 91' lang='lat' dir='ltr'><strong>non</strong></span> <span class='ocrx_word' id='word_1_368' title='bbox 876 2358 921 2383; x_wconf 81' lang='lat' dir='ltr'><strong>est</strong></span> <span class='ocrx_word' id='word_1_369' title='bbox 943 2357 1000 2384; x_wconf 91' lang='lat' dir='ltr'><strong>du-</strong></span> 
     </span>
    </p>
   </div>
   <div class='ocr_carea' id='block_1_53' title="bbox 143 2395 1000 2435">
    <p class='ocr_par' dir='ltr' id='par_1_53' title="bbox 143 2395 1000 2435">
     <span class='ocr_line' id='line_1_53' title="bbox 143 2395 1000 2435; baseline 0.008 -13"><span class='ocrx_word' id='word_1_370' title='bbox 143 2395 226 2423; x_wconf 88' lang='lat' dir='ltr'><strong>bium</strong></span> <span class='ocrx_word' id='word_1_371' title='bbox 238 2396 391 2431; x_wconf 82' lang='lat' dir='ltr'><strong>pertinere,</strong></span> <span class='ocrx_word' id='word_1_372' title='bbox 402 2397 586 2432; x_wconf 70' lang='lat' dir='ltr'><strong>experientiae</strong></span> <span class='ocrx_word' id='word_1_373' title='bbox 597 2400 652 2426; x_wconf 74' lang='lat' dir='ltr'><strong>ture</strong></span> <span class='ocrx_word' id='word_1_374' title='bbox 675 2399 863 2435; x_wconf 64' lang='lat' dir='ltr'><strong>pracipimus</strong></span> <span class='ocrx_word' id='word_1_375' title='bbox 882 2403 914 2428; x_wconf 85' lang='lat' dir='ltr'><strong>ut</strong></span> <span class='ocrx_word' id='word_1_376' title='bbox 936 2401 1000 2429; x_wconf 88' lang='lat' dir='ltr'><strong>dili-</strong></span> 
     </span>
    </p>
   </div>
   <div class='ocr_carea' id='block_1_54' title="bbox 143 2439 998 2480">
    <p class='ocr_par' dir='ltr' id='par_1_54' title="bbox 143 2439 998 2480">
     <span class='ocr_line' id='line_1_54' title="bbox 143 2439 998 2480; baseline 0.008 -13"><span class='ocrx_word' id='word_1_377' title='bbox 143 2439 423 2478; x_wconf 68' lang='lat' dir='ltr'><strong>gentiinqnisitione</strong></span> <span class='ocrx_word' id='word_1_378' title='bbox 431 2441 581 2476; x_wconf 86' lang='lat' dir='ltr'><strong>discutiat,</strong></span> <span class='ocrx_word' id='word_1_379' title='bbox 593 2451 629 2471; x_wconf 87' lang='lat' dir='ltr'><strong>ne</strong></span> <span class='ocrx_word' id='word_1_380' title='bbox 641 2443 713 2471; x_wconf 88' lang='lat' dir='ltr'><strong>forte</strong></span> <span class='ocrx_word' id='word_1_381' title='bbox 723 2452 790 2472; x_wconf 85' lang='lat' dir='ltr'><strong>cum</strong></span> <span class='ocrx_word' id='word_1_382' title='bbox 809 2445 872 2480; x_wconf 75' lang='lat' dir='ltr'><strong>eius</strong></span> <span class='ocrx_word' id='word_1_383' title='bbox 892 2445 998 2474; x_wconf 88' lang='lat' dir='ltr'><strong>volun-</strong></span> 
     </span>
    </p>
   </div>
   <div class='ocr_carea' id='block_1_55' title="bbox 143 2485 998 2525">
    <p class='ocr_par' dir='ltr' id='par_1_55' title="bbox 143 2485 998 2525">
     <span class='ocr_line' id='line_1_55' title="bbox 143 2485 998 2525; baseline 0.006 -12"><span class='ocrx_word' id='word_1_384' title='bbox 143 2486 202 2513; x_wconf 73' lang='lat' dir='ltr'><strong>tate</strong></span> <span class='ocrx_word' id='word_1_385' title='bbox 211 2493 371 2514; x_wconf 72' lang='lat' dir='ltr'><strong>conventas</strong></span> <span class='ocrx_word' id='word_1_386' title='bbox 381 2486 431 2521; x_wconf 86' lang='lat' dir='ltr'><strong>sit,</strong></span> <span class='ocrx_word' id='word_1_387' title='bbox 442 2485 484 2515; x_wconf 86' lang='lat' dir='ltr'><strong>vel</strong></span> <span class='ocrx_word' id='word_1_388' title='bbox 503 2486 567 2523; x_wconf 88' lang='lat' dir='ltr'><strong>ipsa</strong></span> <span class='ocrx_word' id='word_1_389' title='bbox 585 2496 616 2516; x_wconf 83' lang='lat' dir='ltr'><strong>se</strong></span> <span class='ocrx_word' id='word_1_390' title='bbox 640 2490 753 2516; x_wconf 87' lang='lat' dir='ltr'><strong>mutare</strong></span> <span class='ocrx_word' id='word_1_391' title='bbox 769 2489 953 2525; x_wconf 85' lang='lat' dir='ltr'><strong>promiserit;</strong></span> <span class='ocrx_word' id='word_1_392' title='bbox 970 2493 998 2518; x_wconf 90' lang='lat' dir='ltr'><strong>et</strong></span> 
     </span>
    </p>
   </div>
   <div class='ocr_carea' id='block_1_56' title="bbox 144 2529 996 2570">
    <p class='ocr_par' dir='ltr' id='par_1_56' title="bbox 144 2529 996 2570">
     <span class='ocr_line' id='line_1_56' title="bbox 144 2529 996 2570; baseline 0.006 -13"><span class='ocrx_word' id='word_1_393' title='bbox 144 2529 168 2557; x_wconf 84' lang='lat' dir='ltr'><strong>si</strong></span> <span class='ocrx_word' id='word_1_394' title='bbox 179 2529 232 2558; x_wconf 84' lang='lat' dir='ltr'><strong>hoe</strong></span> <span class='ocrx_word' id='word_1_395' title='bbox 238 2530 387 2566; x_wconf 81' lang='lat' dir='ltr'><strong>repererit,</strong></span> <span class='ocrx_word' id='word_1_396' title='bbox 395 2532 422 2558; x_wconf 87' lang='lat' dir='ltr'><strong>et</strong></span> <span class='ocrx_word' id='word_1_397' title='bbox 432 2530 515 2559; x_wconf 87' lang='lat' dir='ltr'><strong>illum</strong></span> <span class='ocrx_word' id='word_1_398' title='bbox 527 2532 557 2560; x_wconf 87' lang='lat' dir='ltr'><strong>in</strong></span> <span class='ocrx_word' id='word_1_399' title='bbox 565 2533 742 2561; x_wconf 88' lang='lat' dir='ltr'><strong>monasterio</strong></span> <span class='ocrx_word' id='word_1_400' title='bbox 753 2542 923 2569; x_wconf 83' lang='lat' dir='ltr'><strong>permanere</strong></span> <span class='ocrx_word' id='word_1_401' title='bbox 931 2543 996 2570; x_wconf 79' lang='lat' dir='ltr'><strong>pro-</strong></span> 
     </span>
    </p>
   </div>
   <div class='ocr_carea' id='block_1_57' title="bbox 143 2572 996 2613">
    <p class='ocr_par' dir='ltr' id='par_1_57' title="bbox 143 2572 996 2613">
     <span class='ocr_line' id='line_1_57' title="bbox 143 2572 996 2613; baseline 0.008 -13"><span class='ocrx_word' id='word_1_402' title='bbox 143 2572 250 2608; x_wconf 85' lang='lat' dir='ltr'><strong>videat,</strong></span> <span class='ocrx_word' id='word_1_403' title='bbox 262 2576 291 2602; x_wconf 90' lang='lat' dir='ltr'><strong>et</strong></span> <span class='ocrx_word' id='word_1_404' title='bbox 301 2574 388 2609; x_wconf 89' lang='lat' dir='ltr'><strong>hanc,</strong></span> <span class='ocrx_word' id='word_1_405' title='bbox 398 2575 473 2603; x_wconf 86' lang='lat' dir='ltr'><strong>sicut</strong></span> <span class='ocrx_word' id='word_1_406' title='bbox 492 2576 637 2612; x_wconf 82' lang='lat' dir='ltr'><strong>promisit,</strong></span> <span class='ocrx_word' id='word_1_407' title='bbox 653 2580 767 2605; x_wconf 88' lang='lat' dir='ltr'><strong>mutare</strong></span> <span class='ocrx_word' id='word_1_408' title='bbox 786 2578 950 2613; x_wconf 86' lang='lat' dir='ltr'><strong>compellat.</strong></span> <span class='ocrx_word' id='word_1_409' title='bbox 967 2579 996 2608; x_wconf 90' lang='lat' dir='ltr'><strong>Si</strong></span> 
     </span>
    </p>
   </div>
   <div class='ocr_carea' id='block_1_58' title="bbox 143 2617 997 2657">
    <p class='ocr_par' dir='ltr' id='par_1_58' title="bbox 143 2617 997 2657">
     <span class='ocr_line' id='line_1_58' title="bbox 143 2617 997 2657; baseline 0.008 -13"><span class='ocrx_word' id='word_1_410' title='bbox 143 2624 211 2645; x_wconf 82' lang='lat' dir='ltr'><strong>vero</strong></span> <span class='ocrx_word' id='word_1_411' title='bbox 223 2617 295 2649; x_wconf 76' lang='grc' dir='ltr'><strong>υιιιιι</strong></span> <span class='ocrx_word' id='word_1_412' title='bbox 308 2618 412 2648; x_wconf 86' lang='lat' dir='ltr'><strong>borum</strong></span> <span class='ocrx_word' id='word_1_413' title='bbox 428 2624 480 2654; x_wconf 77' lang='lat' dir='ltr'><strong>est,</strong></span> <span class='ocrx_word' id='word_1_414' title='bbox 498 2629 549 2649; x_wconf 90' lang='lat' dir='ltr'><strong>nec</strong></span> <span class='ocrx_word' id='word_1_415' title='bbox 565 2622 711 2657; x_wconf 90' lang='lat' dir='ltr'><strong>quondam</strong></span> <span class='ocrx_word' id='word_1_416' title='bbox 724 2622 924 2651; x_wconf 87' lang='lat' dir='ltr'><strong>fornicationis</strong></span> <span class='ocrx_word' id='word_1_417' title='bbox 937 2624 997 2651; x_wconf 88' lang='lat' dir='ltr'><strong>cri-</strong></span> 
     </span>
    </p>
   </div>
   <div class='ocr_carea' id='block_1_59' title="bbox 145 2664 997 2703">
    <p class='ocr_par' dir='ltr' id='par_1_59' title="bbox 145 2664 997 2703">
     <span class='ocr_line' id='line_1_59' title="bbox 145 2664 997 2703; baseline 0.008 -15"><span class='ocrx_word' id='word_1_418' title='bbox 145 2668 224 2694; x_wconf 87' lang='lat' dir='ltr'><strong>men,</strong></span> <span class='ocrx_word' id='word_1_419' title='bbox 236 2664 350 2697; x_wconf 80' lang='lat' dir='ltr'><strong>propter</strong></span> <span class='ocrx_word' id='word_1_420' title='bbox 362 2665 438 2700; x_wconf 89' lang='lat' dir='ltr'><strong>quod</strong></span> <span class='ocrx_word' id='word_1_421' title='bbox 453 2665 511 2693; x_wconf 89' lang='lat' dir='ltr'><strong>viro</strong></span> <span class='ocrx_word' id='word_1_422' title='bbox 523 2665 589 2694; x_wconf 86' lang='lat' dir='ltr'><strong>licet</strong></span> <span class='ocrx_word' id='word_1_423' title='bbox 600 2675 718 2695; x_wconf 87' lang='lat' dir='ltr'><strong>uxorem</strong></span> <span class='ocrx_word' id='word_1_424' title='bbox 735 2666 910 2703; x_wconf 85' lang='lat' dir='ltr'><strong>relinquere,</strong></span> <span class='ocrx_word' id='word_1_425' title='bbox 927 2677 997 2703; x_wconf 74' lang='lat' dir='ltr'><strong>prea-</strong></span> 
     </span>
    </p>
   </div>
   <div class='ocr_carea' id='block_1_60' title="bbox 144 2705 996 2748">
    <p class='ocr_par' dir='ltr' id='par_1_60' title="bbox 144 2705 996 2748">
     <span class='ocr_line' id='line_1_60' title="bbox 144 2705 996 2748; baseline 0.011 -16"><span class='ocrx_word' id='word_1_426' title='bbox 144 2705 253 2734; x_wconf 85' lang='lat' dir='ltr'><strong>dictam</strong></span> <span class='ocrx_word' id='word_1_427' title='bbox 261 2706 411 2736; x_wconf 87' lang='lat' dir='ltr'><strong>mulierem</strong></span> <span class='ocrx_word' id='word_1_428' title='bbox 421 2710 603 2739; x_wconf 83' lang='lat' dir='ltr'><strong>commisisse</strong></span> <span class='ocrx_word' id='word_1_429' title='bbox 609 2711 791 2748; x_wconf 84' lang='lat' dir='ltr'><strong>cognoveris,</strong></span> <span class='ocrx_word' id='word_1_430' title='bbox 800 2720 835 2740; x_wconf 86' lang='lat' dir='ltr'><strong>ne</strong></span> <span class='ocrx_word' id='word_1_431' title='bbox 843 2711 921 2740; x_wconf 89' lang='lat' dir='ltr'><strong>illius</strong></span> <span class='ocrx_word' id='word_1_432' title='bbox 928 2720 996 2741; x_wconf 90' lang='lat' dir='ltr'><strong>con-</strong></span> 
     </span>
    </p>
   </div>
   <div class='ocr_carea' id='block_1_61' title="bbox 143 2750 995 2793">
    <p class='ocr_par' dir='ltr' id='par_1_61' title="bbox 143 2750 995 2793">
     <span class='ocr_line' id='line_1_61' title="bbox 143 2750 995 2793; baseline 0.011 -17"><span class='ocrx_word' id='word_1_433' title='bbox 143 2750 239 2778; x_wconf 90' lang='lat' dir='ltr'><strong>versio</strong></span> <span class='ocrx_word' id='word_1_434' title='bbox 246 2750 327 2778; x_wconf 88' lang='lat' dir='ltr'><strong>uxori</strong></span> <span class='ocrx_word' id='word_1_435' title='bbox 334 2751 437 2780; x_wconf 66' lang='lat' dir='ltr'><strong>relictae</strong></span> <span class='ocrx_word' id='word_1_436' title='bbox 447 2752 474 2780; x_wconf 91' lang='lat' dir='ltr'><strong>in</strong></span> <span class='ocrx_word' id='word_1_437' title='bbox 484 2754 590 2782; x_wconf 69' lang='lat' dir='ltr'><strong>saeculo</strong></span> <span class='ocrx_word' id='word_1_438' title='bbox 597 2755 658 2783; x_wconf 84' lang='lat' dir='ltr'><strong>ﬁeri</strong></span> <span class='ocrx_word' id='word_1_439' title='bbox 669 2757 939 2793; x_wconf 86' lang='lat' dir='ltr'><strong>possitperditionis</strong></span> <span class='ocrx_word' id='word_1_440' title='bbox 946 2766 995 2786; x_wconf 92' lang='lat' dir='ltr'><strong>oc-</strong></span> 
     </span>
    </p>
   </div>
   <div class='ocr_carea' id='block_1_62' title="bbox 144 2794 991 2837">
    <p class='ocr_par' dir='ltr' id='par_1_62' title="bbox 144 2794 991 2837">
     <span class='ocr_line' id='line_1_62' title="bbox 144 2794 991 2837; baseline 0.011 -14"><span class='ocrx_word' id='word_1_441' title='bbox 144 2794 373 2830; x_wconf 84' lang='lat' dir='ltr'><strong>casio,volumus</strong></span> <span class='ocrx_word' id='word_1_442' title='bbox 384 2799 414 2824; x_wconf 85' lang='lat' dir='ltr'><strong>ut</strong></span> <span class='ocrx_word' id='word_1_443' title='bbox 426 2798 560 2827; x_wconf 87' lang='lat' dir='ltr'><strong>maritum</strong></span> <span class='ocrx_word' id='word_1_444' title='bbox 572 2808 658 2828; x_wconf 81' lang='lat' dir='ltr'><strong>suum</strong></span> <span class='ocrx_word' id='word_1_445' title='bbox 669 2801 722 2836; x_wconf 89' lang='lat' dir='ltr'><strong>illi,</strong></span> <span class='ocrx_word' id='word_1_446' title='bbox 732 2802 847 2831; x_wconf 87' lang='lat' dir='ltr'><strong>etiamsi</strong></span> <span class='ocrx_word' id='word_1_447' title='bbox 858 2803 916 2837; x_wconf 87' lang='lat' dir='ltr'><strong>iam</strong></span> <span class='ocrx_word' id='word_1_448' title='bbox 926 2805 991 2832; x_wconf 86' lang='lat' dir='ltr'><strong>ton-</strong></span> 
     </span>
    </p>
   </div>
   <div class='ocr_carea' id='block_1_63' title="bbox 1058 252 1911 288">
    <p class='ocr_par' dir='ltr' id='par_1_63' title="bbox 1058 252 1911 288">
     <span class='ocr_line' id='line_1_63' title="bbox 1058 252 1911 288; baseline 0.001 -9"><span class='ocrx_word' id='word_1_449' title='bbox 1058 252 1127 288; x_wconf 91' lang='lat' dir='ltr'><strong>quia</strong></span> <span class='ocrx_word' id='word_1_450' title='bbox 1141 253 1194 280; x_wconf 92' lang='lat' dir='ltr'><strong>etsi</strong></span> <span class='ocrx_word' id='word_1_451' title='bbox 1210 252 1286 281; x_wconf 72' lang='lat'><strong>158</strong></span> <span class='ocrx_word' id='word_1_452' title='bbox 1311 253 1461 280; x_wconf 86' lang='lat' dir='ltr'><strong>mundana.</strong></span> <span class='ocrx_word' id='word_1_453' title='bbox 1482 252 1526 281; x_wconf 84' lang='lat' dir='ltr'><strong>lex</strong></span> <span class='ocrx_word' id='word_1_454' title='bbox 1547 252 1688 288; x_wconf 69' lang='lat' dir='ltr'><strong>praecipit,</strong></span> <span class='ocrx_word' id='word_1_455' title='bbox 1710 252 1911 281; x_wconf 89' lang='lat' dir='ltr'><strong>conversionis</strong></span> 
     </span>
    </p>
   </div>
   <div class='ocr_carea' id='block_1_64' title="bbox 1055 297 1911 334">
    <p class='ocr_par' dir='ltr' id='par_1_64' title="bbox 1055 297 1911 334">
     <span class='ocr_line' id='line_1_64' title="bbox 1055 297 1911 334; baseline 0.001 -10"><span class='ocrx_word' id='word_1_456' title='bbox 1055 297 1159 333; x_wconf 86' lang='lat' dir='ltr'><strong>gratia,</strong></span> <span class='ocrx_word' id='word_1_457' title='bbox 1171 297 1309 325; x_wconf 89' lang='lat' dir='ltr'><strong>utrolibet</strong></span> <span class='ocrx_word' id='word_1_458' title='bbox 1321 297 1421 330; x_wconf 88' lang='lat' dir='ltr'><strong>invito,</strong></span> <span class='ocrx_word' id='word_1_459' title='bbox 1437 297 1509 325; x_wconf 88' lang='lat' dir='ltr'><strong>solvi</strong></span> <span class='ocrx_word' id='word_1_460' title='bbox 1521 305 1605 334; x_wconf 86' lang='lat' dir='ltr'><strong>posse</strong></span> <span class='ocrx_word' id='word_1_461' title='bbox 1616 298 1800 334; x_wconf 88' lang='lat' dir='ltr'><strong>conjugium,</strong></span> <span class='ocrx_word' id='word_1_462' title='bbox 1812 297 1911 325; x_wconf 85' lang='lat' dir='ltr'><strong>divina</strong></span> 
     </span>
    </p>
   </div>
   <div class='ocr_carea' id='block_1_65' title="bbox 1054 341 1907 378">
    <p class='ocr_par' dir='ltr' id='par_1_65' title="bbox 1054 341 1907 378">
     <span class='ocr_line' id='line_1_65' title="bbox 1054 341 1907 378; baseline 0.001 -9"><span class='ocrx_word' id='word_1_463' title='bbox 1054 341 1100 369; x_wconf 80' lang='lat' dir='ltr'><strong>lex</strong></span> <span class='ocrx_word' id='word_1_464' title='bbox 1121 342 1181 370; x_wconf 83' lang='lat' dir='ltr'><strong>ﬁeri</strong></span> <span class='ocrx_word' id='word_1_465' title='bbox 1207 350 1264 370; x_wconf 86' lang='lat' dir='ltr'><strong>non</strong></span> <span class='ocrx_word' id='word_1_466' title='bbox 1288 342 1442 378; x_wconf 86' lang='lat' dir='ltr'><strong>permittit.</strong></span> <span class='ocrx_word' id='word_1_467' title='bbox 1458 342 1531 370; x_wconf 84' lang='lat' dir='ltr'><strong>Nam</strong></span> <span class='ocrx_word' id='word_1_468' title='bbox 1558 345 1677 378; x_wconf 88' lang='lat' dir='ltr'><strong>excepta</strong></span> <span class='ocrx_word' id='word_1_469' title='bbox 1702 342 1907 371; x_wconf 82' lang='lat' dir='ltr'><strong>fornicationis</strong></span> 
     </span>
    </p>
   </div>
   <div class='ocr_carea' id='block_1_66' title="bbox 1054 386 1907 423">
    <p class='ocr_par' dir='ltr' id='par_1_66' title="bbox 1054 386 1907 423">
     <span class='ocr_line' id='line_1_66' title="bbox 1054 386 1907 423; baseline 0 -8"><span class='ocrx_word' id='word_1_470' title='bbox 1054 394 1153 419; x_wconf 84' lang='lat' dir='ltr'><strong>causa,</strong></span> <span class='ocrx_word' id='word_1_471' title='bbox 1165 386 1258 414; x_wconf 90' lang='lat' dir='ltr'><strong>virum</strong></span> <span class='ocrx_word' id='word_1_472' title='bbox 1271 394 1389 415; x_wconf 87' lang='lat' dir='ltr'><strong>uxorem</strong></span> <span class='ocrx_word' id='word_1_473' title='bbox 1401 386 1564 423; x_wconf 84' lang='lat' dir='ltr'><strong>relinquere</strong></span> <span class='ocrx_word' id='word_1_474' title='bbox 1579 386 1662 415; x_wconf 88' lang='lat' dir='ltr'><strong>nulla</strong></span> <span class='ocrx_word' id='word_1_475' title='bbox 1678 387 1790 415; x_wconf 89' lang='lat' dir='ltr'><strong>ratione</strong></span> <span class='ocrx_word' id='word_1_476' title='bbox 1806 395 1907 415; x_wconf 90' lang='lat' dir='ltr'><strong>conce-</strong></span> 
     </span>
    </p>
   </div>
   <div class='ocr_carea' id='block_1_67' title="bbox 1052 430 1904 468">
    <p class='ocr_par' dir='ltr' id='par_1_67' title="bbox 1052 430 1904 468">
     <span class='ocr_line' id='line_1_67' title="bbox 1052 430 1904 468; baseline 0.002 -10"><span class='ocrx_word' id='word_1_477' title='bbox 1052 430 1105 464; x_wconf 90' lang='lat' dir='ltr'><strong>dit,</strong></span> <span class='ocrx_word' id='word_1_478' title='bbox 1112 431 1182 466; x_wconf 88' lang='lat' dir='ltr'><strong>quia</strong></span> <span class='ocrx_word' id='word_1_479' title='bbox 1193 433 1346 467; x_wconf 84' lang='lat' dir='ltr'><strong>postquam</strong></span> <span class='ocrx_word' id='word_1_480' title='bbox 1354 431 1539 467; x_wconf 84' lang='lat' dir='ltr'><strong>copulatione</strong></span> <span class='ocrx_word' id='word_1_481' title='bbox 1547 431 1677 468; x_wconf 75' lang='lat' dir='ltr'><strong>conjugii</strong></span> <span class='ocrx_word' id='word_1_482' title='bbox 1685 432 1739 460; x_wconf 85' lang='lat' dir='ltr'><strong>viri</strong></span> <span class='ocrx_word' id='word_1_483' title='bbox 1746 436 1831 467; x_wconf 90' lang='lat' dir='ltr'><strong>atque</strong></span> <span class='ocrx_word' id='word_1_484' title='bbox 1840 440 1904 460; x_wconf 87' lang='lat' dir='ltr'><strong>mu-</strong></span> 
     </span>
    </p>
   </div>
   <div class='ocr_carea' id='block_1_68' title="bbox 1053 474 1909 512">
    <p class='ocr_par' dir='ltr' id='par_1_68' title="bbox 1053 474 1909 512">
     <span class='ocr_line' id='line_1_68' title="bbox 1053 474 1909 512; baseline 0.001 -9"><span class='ocrx_word' id='word_1_485' title='bbox 1053 474 1132 503; x_wconf 89' lang='lat' dir='ltr'><strong>lieris</strong></span> <span class='ocrx_word' id='word_1_486' title='bbox 1143 484 1234 504; x_wconf 87' lang='lat' dir='ltr'><strong>unum</strong></span> <span class='ocrx_word' id='word_1_487' title='bbox 1245 483 1352 511; x_wconf 86' lang='lat' dir='ltr'><strong>corpus</strong></span> <span class='ocrx_word' id='word_1_488' title='bbox 1362 475 1495 507; x_wconf 83' lang='lat' dir='ltr'><strong>efﬁcitur,</strong></span> <span class='ocrx_word' id='word_1_489' title='bbox 1510 484 1569 504; x_wconf 92' lang='lat' dir='ltr'><strong>non</strong></span> <span class='ocrx_word' id='word_1_490' title='bbox 1582 478 1674 510; x_wconf 90' lang='lat' dir='ltr'><strong>potest</strong></span> <span class='ocrx_word' id='word_1_491' title='bbox 1684 484 1720 504; x_wconf 82' lang='lat' dir='ltr'><strong>ex</strong></span> <span class='ocrx_word' id='word_1_492' title='bbox 1736 479 1817 512; x_wconf 91' lang='lat' dir='ltr'><strong>parte</strong></span> <span class='ocrx_word' id='word_1_493' title='bbox 1836 484 1909 504; x_wconf 88' lang='lat' dir='ltr'><strong>con-</strong></span> 
     </span>
    </p>
   </div>
   <div class='ocr_carea' id='block_1_69' title="bbox 1053 520 1908 556">
    <p class='ocr_par' dir='ltr' id='par_1_69' title="bbox 1053 520 1908 556">
     <span class='ocr_line' id='line_1_69' title="bbox 1053 520 1908 556; baseline 0.002 -9"><span class='ocrx_word' id='word_1_494' title='bbox 1053 520 1137 553; x_wconf 81' lang='lat' dir='ltr'><strong>verti,</strong></span> <span class='ocrx_word' id='word_1_495' title='bbox 1153 522 1181 548; x_wconf 90' lang='lat' dir='ltr'><strong>et</strong></span> <span class='ocrx_word' id='word_1_496' title='bbox 1196 528 1230 548; x_wconf 83' lang='lat' dir='ltr'><strong>ex</strong></span> <span class='ocrx_word' id='word_1_497' title='bbox 1260 522 1341 556; x_wconf 89' lang='lat' dir='ltr'><strong>parte</strong></span> <span class='ocrx_word' id='word_1_498' title='bbox 1368 520 1398 548; x_wconf 89' lang='lat' dir='ltr'><strong>in</strong></span> <span class='ocrx_word' id='word_1_499' title='bbox 1428 520 1532 549; x_wconf 66' lang='lat' dir='ltr'><strong>seculo</strong></span> <span class='ocrx_word' id='word_1_500' title='bbox 1558 528 1720 549; x_wconf 88' lang='lat' dir='ltr'><strong>remanere.</strong></span> <span class='ocrx_word' id='word_1_501' title='bbox 1739 521 1838 556; x_wconf 71' lang='lat' dir='ltr'><strong>a(Lib.</strong></span> <span class='ocrx_word' id='word_1_502' title='bbox 1867 529 1908 554; x_wconf 82' lang='lat' dir='ltr'><strong>x1,</strong></span> 
     </span>
    </p>
   </div>
   <div class='ocr_carea' id='block_1_70' title="bbox 1054 565 1171 600">
    <p class='ocr_par' dir='ltr' id='par_1_70' title="bbox 1054 565 1171 600">
     <span class='ocr_line' id='line_1_70' title="bbox 1054 565 1171 600; baseline 0 -7"><span class='ocrx_word' id='word_1_503' title='bbox 1054 573 1096 600; x_wconf 76' lang='lat' dir='ltr'><strong>ap.</strong></span> <span class='ocrx_word' id='word_1_504' title='bbox 1110 565 1171 600; x_wconf 82' lang='lat'><strong>50.)</strong></span> 
     </span>
    </p>
   </div>
   <div class='ocr_carea' id='block_1_71' title="bbox 1089 609 1906 647">
    <p class='ocr_par' dir='ltr' id='par_1_71' title="bbox 1089 609 1906 647">
     <span class='ocr_line' id='line_1_71' title="bbox 1089 609 1906 647; baseline 0.001 -10"><span class='ocrx_word' id='word_1_505' title='bbox 1089 609 1314 638; x_wconf 68' lang='lat' dir='ltr'><strong>42.1udasorum</strong></span> <span class='ocrx_word' id='word_1_506' title='bbox 1331 610 1483 646; x_wconf 87' lang='lat' dir='ltr'><strong>perfidiam</strong></span> <span class='ocrx_word' id='word_1_507' title='bbox 1505 610 1669 638; x_wconf 88' lang='lat' dir='ltr'><strong>rationibus</strong></span> <span class='ocrx_word' id='word_1_508' title='bbox 1697 610 1792 647; x_wconf 82' lang='lat' dir='ltr'><strong>magis</strong></span> <span class='ocrx_word' id='word_1_509' title='bbox 1818 619 1906 645; x_wconf 84' lang='lat' dir='ltr'><strong>quam</strong></span> 
     </span>
    </p>
   </div>
   <div class='ocr_carea' id='block_1_72' title="bbox 1053 653 1910 691">
    <p class='ocr_par' dir='ltr' id='par_1_72' title="bbox 1053 653 1910 691">
     <span class='ocr_line' id='line_1_72' title="bbox 1053 653 1910 691; baseline 0.002 -10"><span class='ocrx_word' id='word_1_510' title='bbox 1053 653 1199 682; x_wconf 88' lang='lat' dir='ltr'><strong>violentiis</strong></span> <span class='ocrx_word' id='word_1_511' title='bbox 1215 656 1349 683; x_wconf 85' lang='lat' dir='ltr'><strong>excutere</strong></span> <span class='ocrx_word' id='word_1_512' title='bbox 1364 654 1521 690; x_wconf 89' lang='lat' dir='ltr'><strong>Gregorius</strong></span> <span class='ocrx_word' id='word_1_513' title='bbox 1536 654 1713 682; x_wconf 87' lang='lat' dir='ltr'><strong>decertabat.</strong></span> <span class='ocrx_word' id='word_1_514' title='bbox 1731 655 1910 691; x_wconf 89' lang='lat' dir='ltr'><strong>Quapropter</strong></span> 
     </span>
    </p>
   </div>
   <div class='ocr_carea' id='block_1_73' title="bbox 1053 698 1911 736">
    <p class='ocr_par' dir='ltr' id='par_1_73' title="bbox 1053 698 1911 736">
     <span class='ocr_line' id='line_1_73' title="bbox 1053 698 1911 736; baseline 0.002 -11"><span class='ocrx_word' id='word_1_515' title='bbox 1053 698 1174 735; x_wconf 89' lang='lat' dir='ltr'><strong>Virgilio</strong></span> <span class='ocrx_word' id='word_1_516' title='bbox 1190 701 1219 727; x_wconf 92' lang='lat' dir='ltr'><strong>et</strong></span> <span class='ocrx_word' id='word_1_517' title='bbox 1238 700 1401 732; x_wconf 86' lang='lat' dir='ltr'><strong>Theodoro,</strong></span> <span class='ocrx_word' id='word_1_518' title='bbox 1422 699 1567 736; x_wconf 84' lang='lat' dir='ltr'><strong>episcopis</strong></span> <span class='ocrx_word' id='word_1_519' title='bbox 1584 699 1756 733; x_wconf 63' lang='lat' dir='ltr'><strong>Galliarum,</strong></span> <span class='ocrx_word' id='word_1_520' title='bbox 1773 702 1839 736; x_wconf 86' lang='lat' dir='ltr'><strong>post</strong></span> <span class='ocrx_word' id='word_1_521' title='bbox 1858 700 1911 728; x_wconf 87' lang='lat' dir='ltr'><strong>ali-</strong></span> 
     </span>
    </p>
   </div>
   <div class='ocr_carea' id='block_1_74' title="bbox 1053 744 1908 781">
    <p class='ocr_par' dir='ltr' id='par_1_74' title="bbox 1053 744 1908 781">
     <span class='ocr_line' id='line_1_74' title="bbox 1053 744 1908 781; baseline 0.001 -10"><span class='ocrx_word' id='word_1_522' title='bbox 1053 752 1112 780; x_wconf 89' lang='lat' dir='ltr'><strong>qua</strong></span> <span class='ocrx_word' id='word_1_523' title='bbox 1126 744 1270 778; x_wconf 87' lang='lat' dir='ltr'><strong>scribens,</strong></span> <span class='ocrx_word' id='word_1_524' title='bbox 1285 744 1327 772; x_wconf 86' lang='lat' dir='ltr'><strong>ait</strong></span> <span class='ocrx_word' id='word_1_525' title='bbox 1340 752 1346 771; x_wconf 96' lang='lat'><strong>:</strong></span> <span class='ocrx_word' id='word_1_526' title='bbox 1361 756 1375 769; x_wconf 77' lang='grc' dir='ltr'><strong>ι(</strong></span> <span class='ocrx_word' id='word_1_527' title='bbox 1393 744 1514 772; x_wconf 87' lang='lat' dir='ltr'><strong>Plurimi</strong></span> <span class='ocrx_word' id='word_1_528' title='bbox 1529 744 1657 773; x_wconf 69' lang='lat' dir='ltr'><strong>Judaicm</strong></span> <span class='ocrx_word' id='word_1_529' title='bbox 1678 745 1831 781; x_wconf 87' lang='lat' dir='ltr'><strong>religionis</strong></span> <span class='ocrx_word' id='word_1_530' title='bbox 1853 744 1908 773; x_wconf 85' lang='lat' dir='ltr'><strong>viri</strong></span> 
     </span>
    </p>
   </div>
   <div class='ocr_carea' id='block_1_75' title="bbox 1053 788 1910 825">
    <p class='ocr_par' dir='ltr' id='par_1_75' title="bbox 1053 788 1910 825">
     <span class='ocr_line' id='line_1_75' title="bbox 1053 788 1910 825; baseline 0.004 -9"><span class='ocrx_word' id='word_1_531' title='bbox 1053 788 1083 816; x_wconf 91' lang='lat' dir='ltr'><strong>in</strong></span> <span class='ocrx_word' id='word_1_532' title='bbox 1100 788 1154 817; x_wconf 90' lang='lat' dir='ltr'><strong>hac</strong></span> <span class='ocrx_word' id='word_1_533' title='bbox 1168 790 1317 825; x_wconf 84' lang='lat' dir='ltr'><strong>provincia</strong></span> <span class='ocrx_word' id='word_1_534' title='bbox 1327 792 1557 823; x_wconf 88' lang='lat' dir='ltr'><strong>commanentes,</strong></span> <span class='ocrx_word' id='word_1_535' title='bbox 1570 798 1603 818; x_wconf 89' lang='lat' dir='ltr'><strong>ac</strong></span> <span class='ocrx_word' id='word_1_536' title='bbox 1619 790 1743 818; x_wconf 87' lang='lat' dir='ltr'><strong>subinde</strong></span> <span class='ocrx_word' id='word_1_537' title='bbox 1759 790 1787 817; x_wconf 91' lang='lat' dir='ltr'><strong>in</strong></span> <span class='ocrx_word' id='word_1_538' title='bbox 1808 790 1910 819; x_wconf 84' lang='lat' dir='ltr'><strong>Massi-</strong></span> 
     </span>
    </p>
   </div>
   <div class='ocr_carea' id='block_1_76' title="bbox 1052 833 1907 871">
    <p class='ocr_par' dir='ltr' id='par_1_76' title="bbox 1052 833 1907 871">
     <span class='ocr_line' id='line_1_76' title="bbox 1052 833 1907 871; baseline 0.004 -10"><span class='ocrx_word' id='word_1_539' title='bbox 1052 833 1099 861; x_wconf 75' lang='lat' dir='ltr'><strong>lire</strong></span> <span class='ocrx_word' id='word_1_540' title='bbox 1115 835 1248 869; x_wconf 84' lang='lat' dir='ltr'><strong>partibus</strong></span> <span class='ocrx_word' id='word_1_541' title='bbox 1260 843 1311 871; x_wconf 91' lang='lat' dir='ltr'><strong>pro</strong></span> <span class='ocrx_word' id='word_1_542' title='bbox 1325 834 1449 863; x_wconf 88' lang='lat' dir='ltr'><strong>diversis</strong></span> <span class='ocrx_word' id='word_1_543' title='bbox 1458 835 1581 871; x_wconf 88' lang='lat' dir='ltr'><strong>negotiis</strong></span> <span class='ocrx_word' id='word_1_544' title='bbox 1593 834 1792 870; x_wconf 88' lang='lat' dir='ltr'><strong>ambulantes,</strong></span> <span class='ocrx_word' id='word_1_545' title='bbox 1803 835 1838 863; x_wconf 86' lang='lat' dir='ltr'><strong>ad</strong></span> <span class='ocrx_word' id='word_1_546' title='bbox 1856 844 1907 865; x_wconf 81' lang='lat' dir='ltr'><strong>no-</strong></span> 
     </span>
    </p>
   </div>
   <div class='ocr_carea' id='block_1_77' title="bbox 1054 879 1908 915">
    <p class='ocr_par' dir='ltr' id='par_1_77' title="bbox 1054 879 1908 915">
     <span class='ocr_line' id='line_1_77' title="bbox 1054 879 1908 915; baseline 0.002 -9"><span class='ocrx_word' id='word_1_547' title='bbox 1054 882 1145 906; x_wconf 88' lang='lat' dir='ltr'><strong>stram</strong></span> <span class='ocrx_word' id='word_1_548' title='bbox 1162 879 1322 915; x_wconf 83' lang='lat' dir='ltr'><strong>perduxere</strong></span> <span class='ocrx_word' id='word_1_549' title='bbox 1337 879 1484 914; x_wconf 88' lang='lat' dir='ltr'><strong>notitiam,</strong></span> <span class='ocrx_word' id='word_1_550' title='bbox 1501 880 1612 908; x_wconf 91' lang='lat' dir='ltr'><strong>multos</strong></span> <span class='ocrx_word' id='word_1_551' title='bbox 1628 880 1850 908; x_wconf 84' lang='lat' dir='ltr'><strong>consistentium</strong></span> <span class='ocrx_word' id='word_1_552' title='bbox 1876 880 1908 908; x_wconf 89' lang='lat' dir='ltr'><strong>in</strong></span> 
     </span>
    </p>
   </div>
   <div class='ocr_carea' id='block_1_78' title="bbox 1053 923 1910 961">
    <p class='ocr_par' dir='ltr' id='par_1_78' title="bbox 1053 923 1910 961">
     <span class='ocr_line' id='line_1_78' title="bbox 1053 923 1910 961; baseline 0.002 -11"><span class='ocrx_word' id='word_1_553' title='bbox 1053 923 1112 951; x_wconf 89' lang='lat' dir='ltr'><strong>illis</strong></span> <span class='ocrx_word' id='word_1_554' title='bbox 1122 923 1255 959; x_wconf 86' lang='lat' dir='ltr'><strong>partibus</strong></span> <span class='ocrx_word' id='word_1_555' title='bbox 1263 924 1431 952; x_wconf 66' lang='lat' dir='ltr'><strong>Judmorum</strong></span> <span class='ocrx_word' id='word_1_556' title='bbox 1439 924 1468 951; x_wconf 91' lang='lat' dir='ltr'><strong>vi</strong></span> <span class='ocrx_word' id='word_1_557' title='bbox 1480 924 1573 960; x_wconf 80' lang='lat' dir='ltr'><strong>magis</strong></span> <span class='ocrx_word' id='word_1_558' title='bbox 1589 924 1624 952; x_wconf 84' lang='lat' dir='ltr'><strong>ad</strong></span> <span class='ocrx_word' id='word_1_559' title='bbox 1633 924 1740 952; x_wconf 86' lang='lat' dir='ltr'><strong>fontem</strong></span> <span class='ocrx_word' id='word_1_560' title='bbox 1749 925 1910 961; x_wconf 89' lang='lat' dir='ltr'><strong>baptisma-</strong></span> 
     </span>
    </p>
   </div>
   <div class='ocr_carea' id='block_1_79' title="bbox 1054 968 1908 1005">
    <p class='ocr_par' dir='ltr' id='par_1_79' title="bbox 1054 968 1908 1005">
     <span class='ocr_line' id='line_1_79' title="bbox 1054 968 1908 1005; baseline 0.002 -10"><span class='ocrx_word' id='word_1_561' title='bbox 1054 969 1092 996; x_wconf 89' lang='lat' dir='ltr'><strong>tis</strong></span> <span class='ocrx_word' id='word_1_562' title='bbox 1103 976 1193 1004; x_wconf 90' lang='lat' dir='ltr'><strong>quam</strong></span> <span class='ocrx_word' id='word_1_563' title='bbox 1207 969 1412 1004; x_wconf 66' lang='lat' dir='ltr'><strong>pradicatione</strong></span> <span class='ocrx_word' id='word_1_564' title='bbox 1421 970 1588 1005; x_wconf 88' lang='lat' dir='ltr'><strong>perductos.</strong></span> <span class='ocrx_word' id='word_1_565' title='bbox 1600 968 1673 997; x_wconf 86' lang='lat' dir='ltr'><strong>Nam</strong></span> <span class='ocrx_word' id='word_1_566' title='bbox 1682 968 1828 997; x_wconf 84' lang='lat' dir='ltr'><strong>intentum</strong></span> <span class='ocrx_word' id='word_1_567' title='bbox 1842 970 1908 1005; x_wconf 78' lang='lat' dir='ltr'><strong>qui-</strong></span> 
     </span>
    </p>
   </div>
   <div class='ocr_carea' id='block_1_80' title="bbox 1054 1012 1909 1049">
    <p class='ocr_par' dir='ltr' id='par_1_80' title="bbox 1054 1012 1909 1049">
     <span class='ocr_line' id='line_1_80' title="bbox 1054 1012 1909 1049; baseline 0.002 -9"><span class='ocrx_word' id='word_1_568' title='bbox 1054 1012 1121 1040; x_wconf 90' lang='lat' dir='ltr'><strong>dem</strong></span> <span class='ocrx_word' id='word_1_569' title='bbox 1145 1013 1361 1048; x_wconf 89' lang='lat' dir='ltr'><strong>hujuscemodi,</strong></span> <span class='ocrx_word' id='word_1_570' title='bbox 1380 1016 1409 1041; x_wconf 91' lang='lat' dir='ltr'><strong>et</strong></span> <span class='ocrx_word' id='word_1_571' title='bbox 1433 1013 1519 1042; x_wconf 89' lang='lat' dir='ltr'><strong>laude</strong></span> <span class='ocrx_word' id='word_1_572' title='bbox 1542 1014 1663 1049; x_wconf 85' lang='lat' dir='ltr'><strong>dignum</strong></span> <span class='ocrx_word' id='word_1_573' title='bbox 1690 1021 1804 1048; x_wconf 87' lang='lat' dir='ltr'><strong>censeo,</strong></span> <span class='ocrx_word' id='word_1_574' title='bbox 1820 1018 1848 1042; x_wconf 87' lang='lat' dir='ltr'><strong>et</strong></span> <span class='ocrx_word' id='word_1_575' title='bbox 1870 1014 1909 1042; x_wconf 91' lang='lat' dir='ltr'><strong>de</strong></span> 
     </span>
    </p>
   </div>
   <div class='ocr_carea' id='block_1_81' title="bbox 1053 1056 1908 1094">
    <p class='ocr_par' dir='ltr' id='par_1_81' title="bbox 1053 1056 1908 1094">
     <span class='ocr_line' id='line_1_81' title="bbox 1053 1056 1908 1094; baseline 0.002 -9"><span class='ocrx_word' id='word_1_576' title='bbox 1053 1056 1168 1085; x_wconf 89' lang='lat' dir='ltr'><strong>Domini</strong></span> <span class='ocrx_word' id='word_1_577' title='bbox 1185 1059 1277 1085; x_wconf 89' lang='lat' dir='ltr'><strong>nostri</strong></span> <span class='ocrx_word' id='word_1_578' title='bbox 1302 1058 1476 1086; x_wconf 87' lang='lat' dir='ltr'><strong>descendere</strong></span> <span class='ocrx_word' id='word_1_579' title='bbox 1497 1058 1651 1086; x_wconf 88' lang='lat' dir='ltr'><strong>dilectione</strong></span> <span class='ocrx_word' id='word_1_580' title='bbox 1674 1058 1832 1094; x_wconf 86' lang='lat' dir='ltr'><strong>profiteor;</strong></span> <span class='ocrx_word' id='word_1_581' title='bbox 1855 1059 1908 1088; x_wconf 90' lang='lat' dir='ltr'><strong>sed</strong></span> 
     </span>
    </p>
   </div>
   <div class='ocr_carea' id='block_1_82' title="bbox 1055 1101 1908 1140">
    <p class='ocr_par' dir='ltr' id='par_1_82' title="bbox 1055 1101 1908 1140">
     <span class='ocr_line' id='line_1_82' title="bbox 1055 1101 1908 1140; baseline 0.004 -11"><span class='ocrx_word' id='word_1_582' title='bbox 1055 1101 1131 1130; x_wconf 85' lang='lat' dir='ltr'><strong>hanc</strong></span> <span class='ocrx_word' id='word_1_583' title='bbox 1146 1103 1278 1131; x_wconf 87' lang='lat' dir='ltr'><strong>eamdem</strong></span> <span class='ocrx_word' id='word_1_584' title='bbox 1290 1103 1495 1137; x_wconf 86' lang='lat' dir='ltr'><strong>intentionem,</strong></span> <span class='ocrx_word' id='word_1_585' title='bbox 1508 1103 1564 1131; x_wconf 88' lang='lat' dir='ltr'><strong>nisi</strong></span> <span class='ocrx_word' id='word_1_586' title='bbox 1574 1106 1741 1139; x_wconf 89' lang='lat' dir='ltr'><strong>competens</strong></span> <span class='ocrx_word' id='word_1_587' title='bbox 1751 1104 1908 1140; x_wconf 64' lang='lat' dir='ltr'><strong>Scriptura:</strong></span> 
     </span>
    </p>
   </div>
   <div class='ocr_carea' id='block_1_83' title="bbox 1055 1147 1908 1181">
    <p class='ocr_par' dir='ltr' id='par_1_83' title="bbox 1055 1147 1908 1181">
     <span class='ocr_line' id='line_1_83' title="bbox 1055 1147 1908 1181; baseline 0.004 -8"><span class='ocrx_word' id='word_1_588' title='bbox 1055 1154 1147 1174; x_wconf 70' lang='lat' dir='ltr'><strong>sacrm</strong></span> <span class='ocrx_word' id='word_1_589' title='bbox 1175 1147 1332 1174; x_wconf 85' lang='lat' dir='ltr'><strong>comitetur</strong></span> <span class='ocrx_word' id='word_1_590' title='bbox 1358 1147 1488 1181; x_wconf 74' lang='lat' dir='ltr'><strong>effectus,</strong></span> <span class='ocrx_word' id='word_1_591' title='bbox 1510 1148 1599 1175; x_wconf 88' lang='lat' dir='ltr'><strong>timeo</strong></span> <span class='ocrx_word' id='word_1_592' title='bbox 1624 1155 1661 1175; x_wconf 91' lang='lat' dir='ltr'><strong>ne</strong></span> <span class='ocrx_word' id='word_1_593' title='bbox 1686 1152 1736 1175; x_wconf 89' lang='lat' dir='ltr'><strong>aut</strong></span> <span class='ocrx_word' id='word_1_594' title='bbox 1764 1148 1908 1176; x_wconf 85' lang='lat' dir='ltr'><strong>mercedis</strong></span> 
     </span>
    </p>
   </div>
   <div class='ocr_carea' id='block_1_84' title="bbox 1054 1191 1907 1228">
    <p class='ocr_par' dir='ltr' id='par_1_84' title="bbox 1054 1191 1907 1228">
     <span class='ocr_line' id='line_1_84' title="bbox 1054 1191 1907 1228; baseline 0.004 -10"><span class='ocrx_word' id='word_1_595' title='bbox 1054 1199 1128 1226; x_wconf 84' lang='lat' dir='ltr'><strong>opus</strong></span> <span class='ocrx_word' id='word_1_596' title='bbox 1139 1191 1244 1219; x_wconf 79' lang='lat' dir='ltr'><strong>exinde</strong></span> <span class='ocrx_word' id='word_1_597' title='bbox 1256 1199 1313 1219; x_wconf 92' lang='lat' dir='ltr'><strong>non</strong></span> <span class='ocrx_word' id='word_1_598' title='bbox 1326 1192 1485 1227; x_wconf 85' lang='lat' dir='ltr'><strong>proveniat,</strong></span> <span class='ocrx_word' id='word_1_599' title='bbox 1502 1192 1646 1228; x_wconf 86' lang='lat' dir='ltr'><strong>autjuxta</strong></span> <span class='ocrx_word' id='word_1_600' title='bbox 1656 1192 1766 1228; x_wconf 89' lang='lat' dir='ltr'><strong>aliquid</strong></span> <span class='ocrx_word' id='word_1_601' title='bbox 1792 1193 1907 1221; x_wconf 87' lang='lat' dir='ltr'><strong>anima-</strong></span> 
     </span>
    </p>
   </div>
   <div class='ocr_carea' id='block_1_85' title="bbox 1056 1236 1910 1273">
    <p class='ocr_par' dir='ltr' id='par_1_85' title="bbox 1056 1236 1910 1273">
     <span class='ocr_line' id='line_1_85' title="bbox 1056 1236 1910 1273; baseline 0.002 -10"><span class='ocrx_word' id='word_1_602' title='bbox 1056 1243 1120 1263; x_wconf 88' lang='lat' dir='ltr'><strong>rum</strong></span> <span class='ocrx_word' id='word_1_603' title='bbox 1133 1244 1206 1271; x_wconf 87' lang='lat' dir='ltr'><strong>quas</strong></span> <span class='ocrx_word' id='word_1_604' title='bbox 1217 1236 1290 1272; x_wconf 91' lang='lat' dir='ltr'><strong>eripi</strong></span> <span class='ocrx_word' id='word_1_605' title='bbox 1301 1236 1444 1270; x_wconf 87' lang='lat' dir='ltr'><strong>volumus,</strong></span> <span class='ocrx_word' id='word_1_606' title='bbox 1455 1236 1533 1273; x_wconf 89' lang='lat' dir='ltr'><strong>quod</strong></span> <span class='ocrx_word' id='word_1_607' title='bbox 1546 1237 1633 1271; x_wconf 84' lang='lat' dir='ltr'><strong>absit,</strong></span> <span class='ocrx_word' id='word_1_608' title='bbox 1642 1236 1796 1273; x_wconf 84' lang='lat' dir='ltr'><strong>dispendia</strong></span> <span class='ocrx_word' id='word_1_609' title='bbox 1806 1238 1910 1265; x_wconf 84' lang='lat' dir='ltr'><strong>subse-</strong></span> 
     </span>
    </p>
   </div>
   <div class='ocr_carea' id='block_1_86' title="bbox 1056 1281 1907 1316">
    <p class='ocr_par' dir='ltr' id='par_1_86' title="bbox 1056 1281 1907 1316">
     <span class='ocr_line' id='line_1_86' title="bbox 1056 1281 1907 1316; baseline 0.004 -9"><span class='ocrx_word' id='word_1_610' title='bbox 1056 1283 1194 1315; x_wconf 84' lang='lat' dir='ltr'><strong>quantur.</strong></span> <span class='ocrx_word' id='word_1_611' title='bbox 1209 1281 1280 1308; x_wconf 92' lang='lat' dir='ltr'><strong>Dum</strong></span> <span class='ocrx_word' id='word_1_612' title='bbox 1292 1281 1369 1309; x_wconf 89' lang='lat' dir='ltr'><strong>enim</strong></span> <span class='ocrx_word' id='word_1_613' title='bbox 1386 1281 1532 1316; x_wconf 85' lang='lat' dir='ltr'><strong>quispiam</strong></span> <span class='ocrx_word' id='word_1_614' title='bbox 1549 1281 1584 1309; x_wconf 89' lang='lat' dir='ltr'><strong>ad</strong></span> <span class='ocrx_word' id='word_1_615' title='bbox 1600 1281 1783 1316; x_wconf 86' lang='lat' dir='ltr'><strong>baptismatis</strong></span> <span class='ocrx_word' id='word_1_616' title='bbox 1795 1282 1907 1310; x_wconf 88' lang='lat' dir='ltr'><strong>fontem</strong></span> 
     </span>
    </p>
   </div>
   <div class='ocr_carea' id='block_1_87' title="bbox 1056 1326 1908 1363">
    <p class='ocr_par' dir='ltr' id='par_1_87' title="bbox 1056 1326 1908 1363">
     <span class='ocr_line' id='line_1_87' title="bbox 1056 1326 1908 1363; baseline 0.004 -11"><span class='ocrx_word' id='word_1_617' title='bbox 1056 1333 1115 1353; x_wconf 91' lang='lat' dir='ltr'><strong>non</strong></span> <span class='ocrx_word' id='word_1_618' title='bbox 1126 1326 1339 1361; x_wconf 71' lang='lat' dir='ltr'><strong>praedicationis</strong></span> <span class='ocrx_word' id='word_1_619' title='bbox 1350 1327 1501 1360; x_wconf 84' lang='lat' dir='ltr'><strong>suavitate,</strong></span> <span class='ocrx_word' id='word_1_620' title='bbox 1512 1326 1562 1354; x_wconf 89' lang='lat' dir='ltr'><strong>sed</strong></span> <span class='ocrx_word' id='word_1_621' title='bbox 1573 1326 1746 1355; x_wconf 86' lang='lat' dir='ltr'><strong>necessitate</strong></span> <span class='ocrx_word' id='word_1_622' title='bbox 1768 1335 1908 1363; x_wconf 82' lang='lat' dir='ltr'><strong>pervene-</strong></span> 
     </span>
    </p>
   </div>
   <div class='ocr_carea' id='block_1_88' title="bbox 1056 1370 1912 1407">
    <p class='ocr_par' dir='ltr' id='par_1_88' title="bbox 1056 1370 1912 1407">
     <span class='ocr_line' id='line_1_88' title="bbox 1056 1370 1912 1407; baseline 0.004 -11"><span class='ocrx_word' id='word_1_623' title='bbox 1056 1370 1104 1402; x_wconf 88' lang='lat' dir='ltr'><strong>rit,</strong></span> <span class='ocrx_word' id='word_1_624' title='bbox 1115 1370 1151 1398; x_wconf 86' lang='lat' dir='ltr'><strong>ad</strong></span> <span class='ocrx_word' id='word_1_625' title='bbox 1165 1371 1318 1406; x_wconf 90' lang='lat' dir='ltr'><strong>pristinam</strong></span> <span class='ocrx_word' id='word_1_626' title='bbox 1335 1371 1571 1407; x_wconf 85' lang='lat' dir='ltr'><strong>superstitionem</strong></span> <span class='ocrx_word' id='word_1_627' title='bbox 1589 1379 1731 1406; x_wconf 86' lang='lat' dir='ltr'><strong>remeans,</strong></span> <span class='ocrx_word' id='word_1_628' title='bbox 1744 1372 1811 1400; x_wconf 88' lang='lat' dir='ltr'><strong>inde</strong></span> <span class='ocrx_word' id='word_1_629' title='bbox 1827 1372 1912 1400; x_wconf 86' lang='lat' dir='ltr'><strong>dete-</strong></span> 
     </span>
    </p>
   </div>
   <div class='ocr_carea' id='block_1_89' title="bbox 1057 1414 1915 1448">
    <p class='ocr_par' dir='ltr' id='par_1_89' title="bbox 1057 1414 1915 1448">
     <span class='ocr_line' id='line_1_89' title="bbox 1057 1414 1915 1448; baseline 0.002 -7"><span class='ocrx_word' id='word_1_630' title='bbox 1057 1414 1117 1442; x_wconf 87' lang='lat' dir='ltr'><strong>rius</strong></span> <span class='ocrx_word' id='word_1_631' title='bbox 1129 1415 1261 1448; x_wconf 88' lang='lat' dir='ltr'><strong>moritur,</strong></span> <span class='ocrx_word' id='word_1_632' title='bbox 1276 1415 1354 1443; x_wconf 91' lang='lat' dir='ltr'><strong>unde</strong></span> <span class='ocrx_word' id='word_1_633' title='bbox 1375 1418 1492 1444; x_wconf 89' lang='lat' dir='ltr'><strong>renatus</strong></span> <span class='ocrx_word' id='word_1_634' title='bbox 1508 1423 1573 1443; x_wconf 89' lang='lat' dir='ltr'><strong>esse</strong></span> <span class='ocrx_word' id='word_1_635' title='bbox 1586 1416 1751 1444; x_wconf 88' lang='lat' dir='ltr'><strong>videbatur.</strong></span> <span class='ocrx_word' id='word_1_636' title='bbox 1767 1415 1915 1444; x_wconf 75' lang='lat' dir='ltr'><strong>Fraterni-</strong></span> 
     </span>
    </p>
   </div>
   <div class='ocr_carea' id='block_1_90' title="bbox 1056 1460 1915 1497">
    <p class='ocr_par' dir='ltr' id='par_1_90' title="bbox 1056 1460 1915 1497">
     <span class='ocr_line' id='line_1_90' title="bbox 1056 1460 1915 1497; baseline 0.003 -12"><span class='ocrx_word' id='word_1_637' title='bbox 1056 1460 1101 1486; x_wconf 84' lang='lat' dir='ltr'><strong>tas</strong></span> <span class='ocrx_word' id='word_1_638' title='bbox 1115 1467 1182 1495; x_wconf 89' lang='lat' dir='ltr'><strong>ergo</strong></span> <span class='ocrx_word' id='word_1_639' title='bbox 1198 1464 1292 1487; x_wconf 85' lang='lat' dir='ltr'><strong>vestra</strong></span> <span class='ocrx_word' id='word_1_640' title='bbox 1303 1460 1469 1495; x_wconf 70' lang='lat' dir='ltr'><strong>huiusmodi</strong></span> <span class='ocrx_word' id='word_1_641' title='bbox 1490 1460 1621 1488; x_wconf 85' lang='lat' dir='ltr'><strong>homines</strong></span> <span class='ocrx_word' id='word_1_642' title='bbox 1640 1461 1784 1496; x_wconf 84' lang='lat' dir='ltr'><strong>frequenti</strong></span> <span class='ocrx_word' id='word_1_643' title='bbox 1806 1461 1915 1497; x_wconf 67' lang='lat' dir='ltr'><strong>pradi-</strong></span> 
     </span>
    </p>
   </div>
   <div class='ocr_carea' id='block_1_91' title="bbox 1056 1503 1912 1541">
    <p class='ocr_par' dir='ltr' id='par_1_91' title="bbox 1056 1503 1912 1541">
     <span class='ocr_line' id='line_1_91' title="bbox 1056 1503 1912 1541; baseline 0.004 -11"><span class='ocrx_word' id='word_1_644' title='bbox 1056 1503 1170 1531; x_wconf 88' lang='lat' dir='ltr'><strong>catione</strong></span> <span class='ocrx_word' id='word_1_645' title='bbox 1187 1506 1329 1539; x_wconf 90' lang='lat' dir='ltr'><strong>provocet,</strong></span> <span class='ocrx_word' id='word_1_646' title='bbox 1347 1506 1493 1540; x_wconf 87' lang='lat' dir='ltr'><strong>quatenus</strong></span> <span class='ocrx_word' id='word_1_647' title='bbox 1517 1509 1627 1533; x_wconf 85' lang='lat' dir='ltr'><strong>mutare</strong></span> <span class='ocrx_word' id='word_1_648' title='bbox 1650 1507 1778 1532; x_wconf 80' lang='lat' dir='ltr'><strong>veterem</strong></span> <span class='ocrx_word' id='word_1_649' title='bbox 1810 1506 1912 1541; x_wconf 87' lang='lat' dir='ltr'><strong>magis</strong></span> 
     </span>
    </p>
   </div>
   <div class='ocr_carea' id='block_1_92' title="bbox 1056 1547 1916 1578">
    <p class='ocr_par' dir='ltr' id='par_1_92' title="bbox 1056 1547 1916 1578">
     <span class='ocr_line' id='line_1_92' title="bbox 1056 1547 1916 1578; baseline 0.003 -4"><span class='ocrx_word' id='word_1_650' title='bbox 1056 1548 1143 1575; x_wconf 90' lang='lat' dir='ltr'><strong>vitam</strong></span> <span class='ocrx_word' id='word_1_651' title='bbox 1159 1547 1194 1575; x_wconf 90' lang='lat' dir='ltr'><strong>de</strong></span> <span class='ocrx_word' id='word_1_652' title='bbox 1209 1548 1337 1576; x_wconf 88' lang='lat' dir='ltr'><strong>doctoris</strong></span> <span class='ocrx_word' id='word_1_653' title='bbox 1359 1549 1502 1577; x_wconf 83' lang='lat' dir='ltr'><strong>suavitate</strong></span> <span class='ocrx_word' id='word_1_654' title='bbox 1523 1549 1697 1577; x_wconf 86' lang='lat' dir='ltr'><strong>desiderent.</strong></span> <span class='ocrx_word' id='word_1_655' title='bbox 1713 1549 1761 1577; x_wconf 89' lang='lat' dir='ltr'><strong>Sic</strong></span> <span class='ocrx_word' id='word_1_656' title='bbox 1776 1550 1855 1577; x_wconf 89' lang='lat' dir='ltr'><strong>enim</strong></span> <span class='ocrx_word' id='word_1_657' title='bbox 1882 1553 1916 1578; x_wconf 81' lang='lat' dir='ltr'><strong>et</strong></span> 
     </span>
    </p>
   </div>
   <div class='ocr_carea' id='block_1_93' title="bbox 1056 1592 1915 1630">
    <p class='ocr_par' dir='ltr' id='par_1_93' title="bbox 1056 1592 1915 1630">
     <span class='ocr_line' id='line_1_93' title="bbox 1056 1592 1915 1630; baseline 0.005 -10"><span class='ocrx_word' id='word_1_658' title='bbox 1056 1592 1179 1620; x_wconf 87' lang='lat' dir='ltr'><strong>intentio</strong></span> <span class='ocrx_word' id='word_1_659' title='bbox 1194 1596 1289 1621; x_wconf 85' lang='lat' dir='ltr'><strong>vestra</strong></span> <span class='ocrx_word' id='word_1_660' title='bbox 1309 1596 1385 1622; x_wconf 87' lang='lat' dir='ltr'><strong>recte</strong></span> <span class='ocrx_word' id='word_1_661' title='bbox 1405 1594 1566 1630; x_wconf 83' lang='lat' dir='ltr'><strong>perficitur,</strong></span> <span class='ocrx_word' id='word_1_662' title='bbox 1582 1596 1610 1622; x_wconf 88' lang='lat' dir='ltr'><strong>et</strong></span> <span class='ocrx_word' id='word_1_663' title='bbox 1634 1595 1765 1624; x_wconf 88' lang='lat' dir='ltr'><strong>conversi</strong></span> <span class='ocrx_word' id='word_1_664' title='bbox 1790 1596 1915 1624; x_wconf 80' lang='lat' dir='ltr'><strong>animus</strong></span> 
     </span>
    </p>
   </div>
   <div class='ocr_carea' id='block_1_94' title="bbox 1059 1637 1917 1671">
    <p class='ocr_par' dir='ltr' id='par_1_94' title="bbox 1059 1637 1917 1671">
     <span class='ocr_line' id='line_1_94' title="bbox 1059 1637 1917 1671; baseline 0.005 -7"><span class='ocrx_word' id='word_1_665' title='bbox 1059 1638 1094 1665; x_wconf 83' lang='lat' dir='ltr'><strong>ad</strong></span> <span class='ocrx_word' id='word_1_666' title='bbox 1107 1637 1230 1671; x_wconf 89' lang='lat' dir='ltr'><strong>priorem</strong></span> <span class='ocrx_word' id='word_1_667' title='bbox 1246 1639 1341 1666; x_wconf 91' lang='lat' dir='ltr'><strong>denuo</strong></span> <span class='ocrx_word' id='word_1_668' title='bbox 1358 1638 1498 1667; x_wconf 86' lang='lat' dir='ltr'><strong>vomitum</strong></span> <span class='ocrx_word' id='word_1_669' title='bbox 1515 1647 1573 1667; x_wconf 92' lang='lat' dir='ltr'><strong>non</strong></span> <span class='ocrx_word' id='word_1_670' title='bbox 1596 1642 1737 1668; x_wconf 88' lang='lat' dir='ltr'><strong>mutatur.</strong></span> <span class='ocrx_word' id='word_1_671' title='bbox 1755 1640 1917 1668; x_wconf 78' lang='lat' dir='ltr'><strong>Adhiben—</strong></span> 
     </span>
    </p>
   </div>
   <div class='ocr_carea' id='block_1_95' title="bbox 1058 1682 1920 1721">
    <p class='ocr_par' dir='ltr' id='par_1_95' title="bbox 1058 1682 1920 1721">
     <span class='ocr_line' id='line_1_95' title="bbox 1058 1682 1920 1721; baseline 0.003 -11"><span class='ocrx_word' id='word_1_672' title='bbox 1058 1682 1112 1710; x_wconf 91' lang='lat' dir='ltr'><strong>dus</strong></span> <span class='ocrx_word' id='word_1_673' title='bbox 1127 1689 1195 1718; x_wconf 90' lang='lat' dir='ltr'><strong>ergo</strong></span> <span class='ocrx_word' id='word_1_674' title='bbox 1211 1682 1269 1711; x_wconf 90' lang='lat' dir='ltr'><strong>illis</strong></span> <span class='ocrx_word' id='word_1_675' title='bbox 1284 1688 1327 1711; x_wconf 87' lang='lat' dir='ltr'><strong>est</strong></span> <span class='ocrx_word' id='word_1_676' title='bbox 1342 1691 1448 1718; x_wconf 89' lang='lat' dir='ltr'><strong>sermo,</strong></span> <span class='ocrx_word' id='word_1_677' title='bbox 1466 1684 1516 1719; x_wconf 92' lang='lat' dir='ltr'><strong>qui</strong></span> <span class='ocrx_word' id='word_1_678' title='bbox 1531 1686 1559 1711; x_wconf 84' lang='lat' dir='ltr'><strong>et</strong></span> <span class='ocrx_word' id='word_1_679' title='bbox 1574 1692 1703 1713; x_wconf 88' lang='lat' dir='ltr'><strong>errorum</strong></span> <span class='ocrx_word' id='word_1_680' title='bbox 1718 1684 1748 1712; x_wconf 91' lang='lat' dir='ltr'><strong>in</strong></span> <span class='ocrx_word' id='word_1_681' title='bbox 1763 1685 1834 1721; x_wconf 87' lang='lat' dir='ltr'><strong>ipsis</strong></span> <span class='ocrx_word' id='word_1_682' title='bbox 1850 1686 1920 1721; x_wconf 87' lang='lat' dir='ltr'><strong>spi-</strong></span> 
     </span>
    </p>
   </div>
   <div class='ocr_carea' id='block_1_96' title="bbox 1059 1727 1914 1765">
    <p class='ocr_par' dir='ltr' id='par_1_96' title="bbox 1059 1727 1914 1765">
     <span class='ocr_line' id='line_1_96' title="bbox 1059 1727 1914 1765; baseline 0.006 -11"><span class='ocrx_word' id='word_1_683' title='bbox 1059 1735 1112 1755; x_wconf 88' lang='lat' dir='ltr'><strong>nas</strong></span> <span class='ocrx_word' id='word_1_684' title='bbox 1128 1735 1210 1755; x_wconf 85' lang='lat' dir='ltr'><strong>urere</strong></span> <span class='ocrx_word' id='word_1_685' title='bbox 1226 1727 1339 1762; x_wconf 86' lang='lat' dir='ltr'><strong>debeat,</strong></span> <span class='ocrx_word' id='word_1_686' title='bbox 1360 1730 1389 1756; x_wconf 89' lang='lat' dir='ltr'><strong>et</strong></span> <span class='ocrx_word' id='word_1_687' title='bbox 1404 1729 1587 1763; x_wconf 68' lang='lat' dir='ltr'><strong>praedicando</strong></span> <span class='ocrx_word' id='word_1_688' title='bbox 1602 1729 1680 1765; x_wconf 91' lang='lat' dir='ltr'><strong>quod</strong></span> <span class='ocrx_word' id='word_1_689' title='bbox 1703 1729 1732 1757; x_wconf 94' lang='lat' dir='ltr'><strong>in</strong></span> <span class='ocrx_word' id='word_1_690' title='bbox 1753 1729 1798 1758; x_wconf 87' lang='lat' dir='ltr'><strong>his</strong></span> <span class='ocrx_word' id='word_1_691' title='bbox 1825 1732 1914 1759; x_wconf 89' lang='lat' dir='ltr'><strong>tene-</strong></span> 
     </span>
    </p>
   </div>
   <div class='ocr_carea' id='block_1_97' title="bbox 1058 1771 1914 1811">
    <p class='ocr_par' dir='ltr' id='par_1_97' title="bbox 1058 1771 1914 1811">
     <span class='ocr_line' id='line_1_97' title="bbox 1058 1771 1914 1811; baseline 0.005 -12"><span class='ocrx_word' id='word_1_692' title='bbox 1058 1771 1166 1800; x_wconf 82' lang='lat' dir='ltr'><strong>brescit</strong></span> <span class='ocrx_word' id='word_1_693' title='bbox 1181 1772 1336 1808; x_wconf 88' lang='lat' dir='ltr'><strong>illuminet,</strong></span> <span class='ocrx_word' id='word_1_694' title='bbox 1352 1775 1385 1801; x_wconf 88' lang='lat' dir='ltr'><strong>nt</strong></span> <span class='ocrx_word' id='word_1_695' title='bbox 1401 1781 1452 1809; x_wconf 90' lang='lat' dir='ltr'><strong>pro</strong></span> <span class='ocrx_word' id='word_1_696' title='bbox 1474 1773 1521 1801; x_wconf 88' lang='lat' dir='ltr'><strong>his</strong></span> <span class='ocrx_word' id='word_1_697' title='bbox 1543 1773 1740 1802; x_wconf 86' lang='lat' dir='ltr'><strong>admonitione</strong></span> <span class='ocrx_word' id='word_1_698' title='bbox 1760 1774 1914 1811; x_wconf 86' lang='lat' dir='ltr'><strong>frequenti</strong></span> 
     </span>
    </p>
   </div>
   <div class='ocr_carea' id='block_1_98' title="bbox 1059 1817 1916 1855">
    <p class='ocr_par' dir='ltr' id='par_1_98' title="bbox 1059 1817 1916 1855">
     <span class='ocr_line' id='line_1_98' title="bbox 1059 1817 1916 1855; baseline 0.004 -11"><span class='ocrx_word' id='word_1_699' title='bbox 1059 1817 1221 1845; x_wconf 87' lang='lat' dir='ltr'><strong>mercedem</strong></span> <span class='ocrx_word' id='word_1_700' title='bbox 1235 1817 1402 1845; x_wconf 82' lang='lat' dir='ltr'><strong>fraternitas</strong></span> <span class='ocrx_word' id='word_1_701' title='bbox 1422 1820 1517 1846; x_wconf 89' lang='lat' dir='ltr'><strong>vestra</strong></span> <span class='ocrx_word' id='word_1_702' title='bbox 1540 1818 1647 1854; x_wconf 90' lang='lat' dir='ltr'><strong>capiat,</strong></span> <span class='ocrx_word' id='word_1_703' title='bbox 1657 1823 1682 1846; x_wconf 91' lang='lat' dir='ltr'><strong>et</strong></span> <span class='ocrx_word' id='word_1_704' title='bbox 1701 1827 1798 1847; x_wconf 88' lang='lat' dir='ltr'><strong>eorum</strong></span> <span class='ocrx_word' id='word_1_705' title='bbox 1813 1827 1916 1855; x_wconf 82' lang='lat' dir='ltr'><strong>quan-</strong></span> 
     </span>
    </p>
   </div>
   <div class='ocr_carea' id='block_1_99' title="bbox 1058 1862 1917 1899">
    <p class='ocr_par' dir='ltr' id='par_1_99' title="bbox 1058 1862 1917 1899">
     <span class='ocr_line' id='line_1_99' title="bbox 1058 1862 1917 1899; baseline 0.005 -11"><span class='ocrx_word' id='word_1_706' title='bbox 1058 1863 1104 1888; x_wconf 88' lang='lat' dir='ltr'><strong>tos</strong></span> <span class='ocrx_word' id='word_1_707' title='bbox 1122 1862 1197 1889; x_wconf 88' lang='lat' dir='ltr'><strong>Deus</strong></span> <span class='ocrx_word' id='word_1_708' title='bbox 1221 1862 1383 1896; x_wconf 87' lang='lat' dir='ltr'><strong>donaverit,</strong></span> <span class='ocrx_word' id='word_1_709' title='bbox 1401 1863 1436 1890; x_wconf 91' lang='lat' dir='ltr'><strong>ad</strong></span> <span class='ocrx_word' id='word_1_710' title='bbox 1462 1863 1712 1899; x_wconf 88' lang='lat' dir='ltr'><strong>regenerationem</strong></span> <span class='ocrx_word' id='word_1_711' title='bbox 1740 1871 1817 1892; x_wconf 74' lang='lat' dir='ltr'><strong>novre</strong></span> <span class='ocrx_word' id='word_1_712' title='bbox 1842 1864 1917 1893; x_wconf 70' lang='lat' dir='ltr'><strong>vitae</strong></span> 
     </span>
    </p>
   </div>
   <div class='ocr_carea' id='block_1_100' title="bbox 1058 1906 1493 1943">
    <p class='ocr_par' dir='ltr' id='par_1_100' title="bbox 1058 1906 1493 1943">
     <span class='ocr_line' id='line_1_100' title="bbox 1058 1906 1493 1943; baseline 0.005 -10"><span class='ocrx_word' id='word_1_713' title='bbox 1058 1906 1232 1941; x_wconf 83' lang='lat' dir='ltr'><strong>perducat.»</strong></span> <span class='ocrx_word' id='word_1_714' title='bbox 1246 1906 1318 1943; x_wconf 78' lang='lat' dir='ltr'><strong>(Lib.</strong></span> <span class='ocrx_word' id='word_1_715' title='bbox 1339 1916 1359 1940; x_wconf 94' lang='grc' dir='ltr'><strong>ι,</strong></span> <span class='ocrx_word' id='word_1_716' title='bbox 1375 1916 1418 1943; x_wconf 82' lang='lat' dir='ltr'><strong>ep.</strong></span> <span class='ocrx_word' id='word_1_717' title='bbox 1435 1907 1493 1943; x_wconf 69' lang='grc'><strong>47.)</strong></span> 
     </span>
    </p>
   </div>
   <div class='ocr_carea' id='block_1_101' title="bbox 1095 1952 1917 1988">
    <p class='ocr_par' dir='ltr' id='par_1_101' title="bbox 1095 1952 1917 1988">
     <span class='ocr_line' id='line_1_101' title="bbox 1095 1952 1917 1988; baseline 0.004 -9"><span class='ocrx_word' id='word_1_718' title='bbox 1095 1952 1164 1980; x_wconf 90' lang='lat' dir='ltr'><strong>Item</strong></span> <span class='ocrx_word' id='word_1_719' title='bbox 1190 1953 1311 1986; x_wconf 85' lang='lat' dir='ltr'><strong>Victori,</strong></span> <span class='ocrx_word' id='word_1_720' title='bbox 1331 1953 1467 1988; x_wconf 89' lang='lat' dir='ltr'><strong>episcopo</strong></span> <span class='ocrx_word' id='word_1_721' title='bbox 1487 1953 1712 1982; x_wconf 87' lang='lat' dir='ltr'><strong>Panormitano:</strong></span> <span class='ocrx_word' id='word_1_722' title='bbox 1729 1965 1742 1979; x_wconf 86' lang='grc'><em>‹‹</em></span> <span class='ocrx_word' id='word_1_723' title='bbox 1757 1953 1841 1982; x_wconf 88' lang='lat' dir='ltr'><strong>Sicut</strong></span> <span class='ocrx_word' id='word_1_724' title='bbox 1860 1955 1917 1983; x_wconf 86' lang='lat' dir='ltr'><strong>Ju-</strong></span> 
     </span>
    </p>
   </div>
   <div class='ocr_carea' id='block_1_102' title="bbox 1056 1996 1916 2036">
    <p class='ocr_par' dir='ltr' id='par_1_102' title="bbox 1056 1996 1916 2036">
     <span class='ocr_line' id='line_1_102' title="bbox 1056 1996 1916 2036; baseline 0.006 -13"><span class='ocrx_word' id='word_1_725' title='bbox 1056 1996 1126 2024; x_wconf 75' lang='lat' dir='ltr'><strong>dtsis</strong></span> <span class='ocrx_word' id='word_1_726' title='bbox 1142 2005 1199 2024; x_wconf 91' lang='lat' dir='ltr'><strong>non</strong></span> <span class='ocrx_word' id='word_1_727' title='bbox 1215 1997 1299 2025; x_wconf 88' lang='lat' dir='ltr'><strong>debet</strong></span> <span class='ocrx_word' id='word_1_728' title='bbox 1312 2006 1378 2026; x_wconf 90' lang='lat' dir='ltr'><strong>esse</strong></span> <span class='ocrx_word' id='word_1_729' title='bbox 1393 1998 1511 2026; x_wconf 90' lang='lat' dir='ltr'><strong>licentia</strong></span> <span class='ocrx_word' id='word_1_730' title='bbox 1525 1998 1687 2034; x_wconf 88' lang='lat' dir='ltr'><strong>quidquam</strong></span> <span class='ocrx_word' id='word_1_731' title='bbox 1704 1998 1733 2027; x_wconf 92' lang='lat' dir='ltr'><strong>in</strong></span> <span class='ocrx_word' id='word_1_732' title='bbox 1749 2000 1916 2036; x_wconf 74' lang='lat' dir='ltr'><strong>synagogis</strong></span> 
     </span>
    </p>
   </div>
   <div class='ocr_carea' id='block_1_103' title="bbox 1057 2041 1914 2079">
    <p class='ocr_par' dir='ltr' id='par_1_103' title="bbox 1057 2041 1914 2079">
     <span class='ocr_line' id='line_1_103' title="bbox 1057 2041 1914 2079; baseline 0.005 -11"><span class='ocrx_word' id='word_1_733' title='bbox 1057 2041 1118 2068; x_wconf 85' lang='lat' dir='ltr'><strong>suis</strong></span> <span class='ocrx_word' id='word_1_734' title='bbox 1135 2041 1210 2069; x_wconf 87' lang='lat' dir='ltr'><strong>ultra</strong></span> <span class='ocrx_word' id='word_1_735' title='bbox 1225 2050 1312 2078; x_wconf 86' lang='lat' dir='ltr'><strong>quam</strong></span> <span class='ocrx_word' id='word_1_736' title='bbox 1330 2043 1509 2078; x_wconf 84' lang='lat' dir='ltr'><strong>permissum</strong></span> <span class='ocrx_word' id='word_1_737' title='bbox 1523 2046 1568 2070; x_wconf 88' lang='lat' dir='ltr'><strong>est</strong></span> <span class='ocrx_word' id='word_1_738' title='bbox 1580 2043 1642 2079; x_wconf 75' lang='lat' dir='ltr'><strong>lege</strong></span> <span class='ocrx_word' id='word_1_739' title='bbox 1663 2052 1850 2079; x_wconf 63' lang='lat' dir='ltr'><strong>prasumero,</strong></span> <span class='ocrx_word' id='word_1_740' title='bbox 1867 2044 1914 2072; x_wconf 90' lang='lat' dir='ltr'><strong>ita</strong></span> 
     </span>
    </p>
   </div>
   <div class='ocr_carea' id='block_1_104' title="bbox 1055 2084 1917 2125">
    <p class='ocr_par' dir='ltr' id='par_1_104' title="bbox 1055 2084 1917 2125">
     <span class='ocr_line' id='line_1_104' title="bbox 1055 2084 1917 2125; baseline 0.005 -12"><span class='ocrx_word' id='word_1_741' title='bbox 1055 2084 1085 2113; x_wconf 89' lang='lat' dir='ltr'><strong>in</strong></span> <span class='ocrx_word' id='word_1_742' title='bbox 1102 2085 1148 2113; x_wconf 88' lang='lat' dir='ltr'><strong>his</strong></span> <span class='ocrx_word' id='word_1_743' title='bbox 1164 2094 1229 2121; x_wconf 66' lang='lat' dir='ltr'><strong>que</strong></span> <span class='ocrx_word' id='word_1_744' title='bbox 1244 2087 1285 2114; x_wconf 86' lang='lat' dir='ltr'><strong>eis</strong></span> <span class='ocrx_word' id='word_1_745' title='bbox 1300 2095 1438 2115; x_wconf 78' lang='lat' dir='ltr'><strong>concessa</strong></span> <span class='ocrx_word' id='word_1_746' title='bbox 1452 2089 1531 2120; x_wconf 86' lang='lat' dir='ltr'><strong>sunt,</strong></span> <span class='ocrx_word' id='word_1_747' title='bbox 1548 2087 1663 2115; x_wconf 91' lang='lat' dir='ltr'><strong>nullum</strong></span> <span class='ocrx_word' id='word_1_748' title='bbox 1679 2088 1785 2117; x_wconf 87' lang='lat' dir='ltr'><strong>debent</strong></span> <span class='ocrx_word' id='word_1_749' title='bbox 1803 2090 1917 2125; x_wconf 65' lang='lat' dir='ltr'><strong>preju-</strong></span> 
     </span>
    </p>
   </div>
   <div class='ocr_carea' id='block_1_105' title="bbox 1055 2129 1663 2168">
    <p class='ocr_par' dir='ltr' id='par_1_105' title="bbox 1055 2129 1663 2168">
     <span class='ocr_line' id='line_1_105' title="bbox 1055 2129 1663 2168; baseline 0.007 -12"><span class='ocrx_word' id='word_1_750' title='bbox 1055 2129 1163 2156; x_wconf 91' lang='lat' dir='ltr'><strong>dicium</strong></span> <span class='ocrx_word' id='word_1_751' title='bbox 1185 2130 1338 2159; x_wconf 87' lang='lat' dir='ltr'><strong>sustinere.</strong></span> <span class='ocrx_word' id='word_1_752' title='bbox 1357 2141 1369 2156; x_wconf 76' lang='grc'><strong>»</strong></span> <span class='ocrx_word' id='word_1_753' title='bbox 1386 2131 1456 2165; x_wconf 75' lang='lat' dir='ltr'><strong>(Lib.</strong></span> <span class='ocrx_word' id='word_1_754' title='bbox 1474 2140 1534 2165; x_wconf 85' lang='lat' dir='ltr'><strong>vm,</strong></span> <span class='ocrx_word' id='word_1_755' title='bbox 1546 2140 1588 2167; x_wconf 79' lang='lat' dir='ltr'><strong>cp.</strong></span> <span class='ocrx_word' id='word_1_756' title='bbox 1603 2132 1663 2168; x_wconf 80' lang='grc'><strong>25.)</strong></span> 
     </span>
    </p>
   </div>
   <div class='ocr_carea' id='block_1_106' title="bbox 1090 2174 1915 2213">
    <p class='ocr_par' dir='ltr' id='par_1_106' title="bbox 1090 2174 1915 2213">
     <span class='ocr_line' id='line_1_106' title="bbox 1090 2174 1915 2213; baseline 0.006 -12"><span class='ocrx_word' id='word_1_757' title='bbox 1090 2174 1135 2202; x_wconf 76' lang='grc'><strong>43.</strong></span> <span class='ocrx_word' id='word_1_758' title='bbox 1165 2176 1419 2208; x_wconf 87' lang='lat' dir='ltr'><strong>Quemadmodum</strong></span> <span class='ocrx_word' id='word_1_759' title='bbox 1452 2175 1569 2204; x_wconf 70' lang='lat' dir='ltr'><strong>Judaaos</strong></span> <span class='ocrx_word' id='word_1_760' title='bbox 1602 2176 1742 2205; x_wconf 84' lang='lat' dir='ltr'><strong>violenter</strong></span> <span class='ocrx_word' id='word_1_761' title='bbox 1765 2177 1915 2213; x_wconf 82' lang='lat' dir='ltr'><strong>baptizari</strong></span> 
     </span>
    </p>
   </div>
   <div class='ocr_carea' id='block_1_107' title="bbox 1055 2218 1916 2258">
    <p class='ocr_par' dir='ltr' id='par_1_107' title="bbox 1055 2218 1916 2258">
     <span class='ocr_line' id='line_1_107' title="bbox 1055 2218 1916 2258; baseline 0.006 -12"><span class='ocrx_word' id='word_1_762' title='bbox 1055 2218 1209 2255; x_wconf 81' lang='lat' dir='ltr'><strong>Gregorius</strong></span> <span class='ocrx_word' id='word_1_763' title='bbox 1221 2221 1394 2255; x_wconf 79' lang='lat' dir='ltr'><strong>denegabat,</strong></span> <span class='ocrx_word' id='word_1_764' title='bbox 1405 2221 1444 2248; x_wconf 89' lang='lat' dir='ltr'><strong>ita</strong></span> <span class='ocrx_word' id='word_1_765' title='bbox 1453 2220 1634 2249; x_wconf 84' lang='lat' dir='ltr'><strong>Christianos</strong></span> <span class='ocrx_word' id='word_1_766' title='bbox 1646 2221 1689 2249; x_wconf 87' lang='lat' dir='ltr'><strong>eis</strong></span> <span class='ocrx_word' id='word_1_767' title='bbox 1702 2230 1817 2258; x_wconf 83' lang='lat' dir='ltr'><strong>quoque</strong></span> <span class='ocrx_word' id='word_1_768' title='bbox 1843 2231 1916 2251; x_wconf 89' lang='lat' dir='ltr'><strong>mo-</strong></span> 
     </span>
    </p>
   </div>
   <div class='ocr_carea' id='block_1_108' title="bbox 1055 2263 1913 2302">
    <p class='ocr_par' dir='ltr' id='par_1_108' title="bbox 1055 2263 1913 2302">
     <span class='ocr_line' id='line_1_108' title="bbox 1055 2263 1913 2302; baseline 0.006 -11"><span class='ocrx_word' id='word_1_769' title='bbox 1055 2263 1092 2291; x_wconf 90' lang='lat' dir='ltr'><strong>do</strong></span> <span class='ocrx_word' id='word_1_770' title='bbox 1117 2266 1220 2301; x_wconf 79' lang='lat' dir='ltr'><strong>subjici</strong></span> <span class='ocrx_word' id='word_1_771' title='bbox 1248 2266 1415 2294; x_wconf 78' lang='lat' dir='ltr'><strong>nullatenus</strong></span> <span class='ocrx_word' id='word_1_772' title='bbox 1444 2267 1637 2302; x_wconf 87' lang='lat' dir='ltr'><strong>permittebat.</strong></span> <span class='ocrx_word' id='word_1_773' title='bbox 1653 2266 1735 2295; x_wconf 86' lang='lat' dir='ltr'><strong>Unde</strong></span> <span class='ocrx_word' id='word_1_774' title='bbox 1761 2267 1913 2296; x_wconf 77' lang='lat' dir='ltr'><strong>Libertina</strong></span> 
     </span>
    </p>
   </div>
   <div class='ocr_carea' id='block_1_109' title="bbox 1056 2310 1912 2348">
    <p class='ocr_par' dir='ltr' id='par_1_109' title="bbox 1056 2310 1912 2348">
     <span class='ocr_line' id='line_1_109' title="bbox 1056 2310 1912 2348; baseline 0.006 -12"><span class='ocrx_word' id='word_1_775' title='bbox 1056 2310 1169 2345; x_wconf 69' lang='lat' dir='ltr'><strong>praetori</strong></span> <span class='ocrx_word' id='word_1_776' title='bbox 1183 2310 1298 2344; x_wconf 71' lang='lat' dir='ltr'><strong>Siciliae,</strong></span> <span class='ocrx_word' id='word_1_777' title='bbox 1315 2311 1456 2346; x_wconf 87' lang='lat' dir='ltr'><strong>scribens,</strong></span> <span class='ocrx_word' id='word_1_778' title='bbox 1472 2311 1513 2339; x_wconf 86' lang='lat' dir='ltr'><strong>ait</strong></span> <span class='ocrx_word' id='word_1_779' title='bbox 1529 2319 1536 2339; x_wconf 89' lang='lat'>:</span> <span class='ocrx_word' id='word_1_780' title='bbox 1556 2321 1569 2337; x_wconf 86' lang='grc' dir='ltr'><strong>ιι</strong></span> <span class='ocrx_word' id='word_1_781' title='bbox 1580 2312 1682 2340; x_wconf 89' lang='lat' dir='ltr'><strong>Fertur</strong></span> <span class='ocrx_word' id='word_1_782' title='bbox 1701 2312 1778 2348; x_wconf 90' lang='lat' dir='ltr'><strong>quod</strong></span> <span class='ocrx_word' id='word_1_783' title='bbox 1801 2312 1912 2347; x_wconf 72' lang='lat' dir='ltr'><strong>Nasus,</strong></span> 
     </span>
    </p>
   </div>
   <div class='ocr_carea' id='block_1_110' title="bbox 1054 2355 1913 2391">
    <p class='ocr_par' dir='ltr' id='par_1_110' title="bbox 1054 2355 1913 2391">
     <span class='ocr_line' id='line_1_110' title="bbox 1054 2355 1913 2391; baseline 0.005 -10"><span class='ocrx_word' id='word_1_784' title='bbox 1054 2355 1173 2389; x_wconf 85' lang='lat' dir='ltr'><strong>quidam</strong></span> <span class='ocrx_word' id='word_1_785' title='bbox 1185 2355 1428 2384; x_wconf 84' lang='lat' dir='ltr'><strong>sceleratissimus</strong></span> <span class='ocrx_word' id='word_1_786' title='bbox 1435 2356 1613 2391; x_wconf 69' lang='lat' dir='ltr'><strong>Judrsorum,</strong></span> <span class='ocrx_word' id='word_1_787' title='bbox 1623 2356 1679 2384; x_wconf 89' lang='lat' dir='ltr'><strong>sub</strong></span> <span class='ocrx_word' id='word_1_788' title='bbox 1690 2357 1809 2384; x_wconf 91' lang='lat' dir='ltr'><strong>nomine</strong></span> <span class='ocrx_word' id='word_1_789' title='bbox 1830 2356 1913 2386; x_wconf 84' lang='lat' dir='ltr'><strong>beati</strong></span> 
     </span>
    </p>
   </div>
   <div class='ocr_carea' id='block_1_111' title="bbox 1054 2399 1914 2436">
    <p class='ocr_par' dir='ltr' id='par_1_111' title="bbox 1054 2399 1914 2436">
     <span class='ocr_line' id='line_1_111' title="bbox 1054 2399 1914 2436; baseline 0.003 -10"><span class='ocrx_word' id='word_1_790' title='bbox 1054 2399 1121 2427; x_wconf 68' lang='lat' dir='ltr'><strong>Elia:</strong></span> <span class='ocrx_word' id='word_1_791' title='bbox 1141 2400 1228 2428; x_wconf 86' lang='lat' dir='ltr'><strong>altare</strong></span> <span class='ocrx_word' id='word_1_792' title='bbox 1255 2401 1404 2436; x_wconf 88' lang='lat' dir='ltr'><strong>punienda</strong></span> <span class='ocrx_word' id='word_1_793' title='bbox 1421 2400 1584 2429; x_wconf 89' lang='lat' dir='ltr'><strong>temeritate</strong></span> <span class='ocrx_word' id='word_1_794' title='bbox 1606 2401 1810 2434; x_wconf 81' lang='lat' dir='ltr'><strong>construxerit,</strong></span> <span class='ocrx_word' id='word_1_795' title='bbox 1828 2403 1914 2430; x_wconf 81' lang='lat' dir='ltr'><strong>mul-</strong></span> 
     </span>
    </p>
   </div>
   <div class='ocr_carea' id='block_1_112' title="bbox 1053 2444 1915 2484">
    <p class='ocr_par' dir='ltr' id='par_1_112' title="bbox 1053 2444 1915 2484">
     <span class='ocr_line' id='line_1_112' title="bbox 1053 2444 1915 2484; baseline 0.003 -12"><span class='ocrx_word' id='word_1_796' title='bbox 1053 2447 1156 2480; x_wconf 86' lang='lat' dir='ltr'><strong>tosque</strong></span> <span class='ocrx_word' id='word_1_797' title='bbox 1171 2444 1231 2473; x_wconf 89' lang='lat' dir='ltr'><strong>illic</strong></span> <span class='ocrx_word' id='word_1_798' title='bbox 1249 2445 1482 2474; x_wconf 88' lang='lat' dir='ltr'><strong>Christianorum</strong></span> <span class='ocrx_word' id='word_1_799' title='bbox 1500 2446 1537 2474; x_wconf 89' lang='lat' dir='ltr'><strong>ad</strong></span> <span class='ocrx_word' id='word_1_800' title='bbox 1550 2445 1732 2474; x_wconf 86' lang='lat' dir='ltr'><strong>adorandum</strong></span> <span class='ocrx_word' id='word_1_801' title='bbox 1762 2446 1915 2484; x_wconf 79' lang='lat' dir='ltr'><strong>sacrilega.</strong></span> 
     </span>
    </p>
   </div>
   <div class='ocr_carea' id='block_1_113' title="bbox 1053 2490 1912 2526">
    <p class='ocr_par' dir='ltr' id='par_1_113' title="bbox 1053 2490 1912 2526">
     <span class='ocr_line' id='line_1_113' title="bbox 1053 2490 1912 2526; baseline 0.003 -9"><span class='ocrx_word' id='word_1_802' title='bbox 1053 2490 1220 2518; x_wconf 81' lang='lat' dir='ltr'><strong>seductione</strong></span> <span class='ocrx_word' id='word_1_803' title='bbox 1240 2490 1401 2526; x_wconf 86' lang='lat' dir='ltr'><strong>deceperit;</strong></span> <span class='ocrx_word' id='word_1_804' title='bbox 1418 2491 1466 2518; x_wconf 91' lang='lat' dir='ltr'><strong>sed</strong></span> <span class='ocrx_word' id='word_1_805' title='bbox 1488 2492 1516 2518; x_wconf 90' lang='lat' dir='ltr'><strong>et</strong></span> <span class='ocrx_word' id='word_1_806' title='bbox 1540 2490 1715 2526; x_wconf 87' lang='lat' dir='ltr'><strong>Christiana,</strong></span> <span class='ocrx_word' id='word_1_807' title='bbox 1730 2492 1763 2519; x_wconf 86' lang='lat' dir='ltr'><strong>ut</strong></span> <span class='ocrx_word' id='word_1_808' title='bbox 1783 2491 1912 2526; x_wconf 81' lang='lat' dir='ltr'><strong>dicitur,</strong></span> 
     </span>
    </p>
   </div>
   <div class='ocr_carea' id='block_1_114' title="bbox 1053 2534 1915 2572">
    <p class='ocr_par' dir='ltr' id='par_1_114' title="bbox 1053 2534 1915 2572">
     <span class='ocr_line' id='line_1_114' title="bbox 1053 2534 1915 2572; baseline 0.002 -10"><span class='ocrx_word' id='word_1_809' title='bbox 1053 2534 1199 2569; x_wconf 90' lang='lat' dir='ltr'><strong>mancipia</strong></span> <span class='ocrx_word' id='word_1_810' title='bbox 1213 2534 1404 2571; x_wconf 84' lang='lat' dir='ltr'><strong>comparavit,</strong></span> <span class='ocrx_word' id='word_1_811' title='bbox 1416 2537 1445 2563; x_wconf 89' lang='lat' dir='ltr'><strong>et</strong></span> <span class='ocrx_word' id='word_1_812' title='bbox 1459 2534 1522 2563; x_wconf 88' lang='lat' dir='ltr'><strong>suis</strong></span> <span class='ocrx_word' id='word_1_813' title='bbox 1538 2542 1572 2563; x_wconf 91' lang='lat' dir='ltr'><strong>ea</strong></span> <span class='ocrx_word' id='word_1_814' title='bbox 1586 2535 1735 2572; x_wconf 86' lang='lat' dir='ltr'><strong>obsequiis</strong></span> <span class='ocrx_word' id='word_1_815' title='bbox 1746 2543 1777 2563; x_wconf 89' lang='lat' dir='ltr'><strong>ac</strong></span> <span class='ocrx_word' id='word_1_816' title='bbox 1795 2535 1915 2564; x_wconf 86' lang='lat' dir='ltr'><strong>utilita-</strong></span> 
     </span>
    </p>
   </div>
   <div class='ocr_carea' id='block_1_115' title="bbox 1052 2578 1914 2617">
    <p class='ocr_par' dir='ltr' id='par_1_115' title="bbox 1052 2578 1914 2617">
     <span class='ocr_line' id='line_1_115' title="bbox 1052 2578 1914 2617; baseline 0.003 -11"><span class='ocrx_word' id='word_1_817' title='bbox 1052 2579 1131 2607; x_wconf 91' lang='lat' dir='ltr'><strong>tibus</strong></span> <span class='ocrx_word' id='word_1_818' title='bbox 1147 2579 1305 2614; x_wconf 85' lang='lat' dir='ltr'><strong>deputavit.</strong></span> <span class='ocrx_word' id='word_1_819' title='bbox 1321 2578 1398 2607; x_wconf 90' lang='lat' dir='ltr'><strong>Dum</strong></span> <span class='ocrx_word' id='word_1_820' title='bbox 1414 2579 1504 2615; x_wconf 88' lang='lat' dir='ltr'><strong>igitur</strong></span> <span class='ocrx_word' id='word_1_821' title='bbox 1519 2579 1702 2608; x_wconf 86' lang='lat' dir='ltr'><strong>severissime</strong></span> <span class='ocrx_word' id='word_1_822' title='bbox 1718 2579 1747 2608; x_wconf 92' lang='lat' dir='ltr'><strong>in</strong></span> <span class='ocrx_word' id='word_1_823' title='bbox 1761 2588 1829 2608; x_wconf 89' lang='lat' dir='ltr'><strong>eum</strong></span> <span class='ocrx_word' id='word_1_824' title='bbox 1852 2589 1914 2617; x_wconf 87' lang='lat' dir='ltr'><strong>pro</strong></span> 
     </span>
    </p>
   </div>
   <div class='ocr_carea' id='block_1_116' title="bbox 1052 2623 1915 2660">
    <p class='ocr_par' dir='ltr' id='par_1_116' title="bbox 1052 2623 1915 2660">
     <span class='ocr_line' id='line_1_116' title="bbox 1052 2623 1915 2660; baseline 0.003 -10"><span class='ocrx_word' id='word_1_825' title='bbox 1052 2624 1141 2651; x_wconf 87' lang='lat' dir='ltr'><strong>tantis</strong></span> <span class='ocrx_word' id='word_1_826' title='bbox 1149 2623 1326 2652; x_wconf 85' lang='lat' dir='ltr'><strong>facinoribus</strong></span> <span class='ocrx_word' id='word_1_827' title='bbox 1333 2623 1481 2652; x_wconf 89' lang='lat' dir='ltr'><strong>debuisset</strong></span> <span class='ocrx_word' id='word_1_828' title='bbox 1490 2623 1601 2657; x_wconf 86' lang='lat' dir='ltr'><strong>ulcisci,</strong></span> <span class='ocrx_word' id='word_1_829' title='bbox 1613 2623 1758 2660; x_wconf 87' lang='lat' dir='ltr'><strong>gloriosus</strong></span> <span class='ocrx_word' id='word_1_830' title='bbox 1767 2624 1915 2654; x_wconf 72' lang='lat' dir='ltr'><strong>Justinus</strong></span> 
     </span>
    </p>
   </div>
   <div class='ocr_carea' id='block_1_117' title="bbox 1052 2667 1915 2705">
    <p class='ocr_par' dir='ltr' id='par_1_117' title="bbox 1052 2667 1915 2705">
     <span class='ocr_line' id='line_1_117' title="bbox 1052 2667 1915 2705; baseline 0.002 -10"><span class='ocrx_word' id='word_1_831' title='bbox 1052 2668 1263 2696; x_wconf 88' lang='lat' dir='ltr'><strong>medicamento</strong></span> <span class='ocrx_word' id='word_1_832' title='bbox 1272 2668 1408 2701; x_wconf 67' lang='lat' dir='ltr'><strong>avaritia,</strong></span> <span class='ocrx_word' id='word_1_833' title='bbox 1419 2670 1451 2696; x_wconf 94' lang='lat' dir='ltr'><strong>ut</strong></span> <span class='ocrx_word' id='word_1_834' title='bbox 1463 2667 1547 2696; x_wconf 89' lang='lat' dir='ltr'><strong>nobis</strong></span> <span class='ocrx_word' id='word_1_835' title='bbox 1568 2668 1711 2705; x_wconf 86' lang='lat' dir='ltr'><strong>scriptum</strong></span> <span class='ocrx_word' id='word_1_836' title='bbox 1729 2670 1783 2701; x_wconf 84' lang='lat' dir='ltr'><strong>est,</strong></span> <span class='ocrx_word' id='word_1_837' title='bbox 1801 2668 1915 2698; x_wconf 65' lang='lat' dir='ltr'><strong>delini~</strong></span> 
     </span>
    </p>
   </div>
   <div class='ocr_carea' id='block_1_118' title="bbox 1050 2711 1913 2748">
    <p class='ocr_par' dir='ltr' id='par_1_118' title="bbox 1050 2711 1913 2748">
     <span class='ocr_line' id='line_1_118' title="bbox 1050 2711 1913 2748; baseline 0.001 -7"><span class='ocrx_word' id='word_1_838' title='bbox 1050 2715 1107 2748; x_wconf 88' lang='lat' dir='ltr'><strong>tus,</strong></span> <span class='ocrx_word' id='word_1_839' title='bbox 1126 2712 1174 2741; x_wconf 89' lang='lat' dir='ltr'><strong>Dei</strong></span> <span class='ocrx_word' id='word_1_840' title='bbox 1197 2711 1311 2740; x_wconf 85' lang='lat' dir='ltr'><strong>distulit</strong></span> <span class='ocrx_word' id='word_1_841' title='bbox 1339 2712 1477 2748; x_wconf 84' lang='lat' dir='ltr'><strong>injuriam</strong></span> <span class='ocrx_word' id='word_1_842' title='bbox 1503 2712 1661 2740; x_wconf 86' lang='lat' dir='ltr'><strong>vindicare.</strong></span> <span class='ocrx_word' id='word_1_843' title='bbox 1682 2712 1781 2741; x_wconf 84' lang='lat' dir='ltr'><strong>Gloria</strong></span> <span class='ocrx_word' id='word_1_844' title='bbox 1803 2715 1913 2742; x_wconf 88' lang='lat' dir='ltr'><strong>autem</strong></span> 
     </span>
    </p>
   </div>
   <div class='ocr_carea' id='block_1_119' title="bbox 1050 2756 1918 2794">
    <p class='ocr_par' dir='ltr' id='par_1_119' title="bbox 1050 2756 1918 2794">
     <span class='ocr_line' id='line_1_119' title="bbox 1050 2756 1918 2794; baseline 0.002 -8"><span class='ocrx_word' id='word_1_845' title='bbox 1050 2760 1142 2786; x_wconf 87' lang='lat' dir='ltr'><strong>vestra</strong></span> <span class='ocrx_word' id='word_1_846' title='bbox 1155 2758 1214 2785; x_wconf 60' lang='lat' dir='ltr'><strong>haec</strong></span> <span class='ocrx_word' id='word_1_847' title='bbox 1225 2757 1324 2785; x_wconf 89' lang='lat' dir='ltr'><strong>omnia</strong></span> <span class='ocrx_word' id='word_1_848' title='bbox 1335 2757 1465 2786; x_wconf 88' lang='lat' dir='ltr'><strong>districta</strong></span> <span class='ocrx_word' id='word_1_849' title='bbox 1475 2756 1689 2786; x_wconf 84' lang='lat' dir='ltr'><strong>examinatione</strong></span> <span class='ocrx_word' id='word_1_850' title='bbox 1701 2757 1859 2794; x_wconf 89' lang='lat' dir='ltr'><strong>perquirat,</strong></span> <span class='ocrx_word' id='word_1_851' title='bbox 1874 2761 1918 2788; x_wconf 76' lang='lat' dir='ltr'><strong>et</strong></span> 
     </span>
    </p>
   </div>
   <div class='ocr_carea' id='block_1_120' title="bbox 1050 2802 1917 2839">
    <p class='ocr_par' dir='ltr' id='par_1_120' title="bbox 1050 2802 1917 2839">
     <span class='ocr_line' id='line_1_120' title="bbox 1050 2802 1917 2839; baseline 0.001 -9"><span class='ocrx_word' id='word_1_852' title='bbox 1050 2802 1075 2831; x_wconf 88' lang='lat' dir='ltr'><strong>si</strong></span> <span class='ocrx_word' id='word_1_853' title='bbox 1086 2802 1288 2838; x_wconf 86' lang='lat' dir='ltr'><strong>hujuscemodi</strong></span> <span class='ocrx_word' id='word_1_854' title='bbox 1302 2802 1488 2832; x_wconf 81' lang='lat' dir='ltr'><strong>manifestum</strong></span> <span class='ocrx_word' id='word_1_855' title='bbox 1503 2810 1567 2832; x_wconf 85' lang='lat' dir='ltr'><strong>esse</strong></span> <span class='ocrx_word' id='word_1_856' title='bbox 1584 2802 1731 2839; x_wconf 85' lang='lat' dir='ltr'><strong>repererit,</strong></span> <span class='ocrx_word' id='word_1_857' title='bbox 1743 2803 1785 2831; x_wconf 82' lang='lat' dir='ltr'><strong>ita</strong></span> <span class='ocrx_word' id='word_1_858' title='bbox 1805 2802 1917 2832; x_wconf 85' lang='lat' dir='ltr'><strong>distri-</strong></span> 
     </span>
    </p>
   </div>
  </div>
