4106 6174
91 128 350 150 ’.ἐτι

177 279 283 342 205

705 273 768 335 S.
815 271 1179 335 GREGORII
1229 273 1471 337 MAGNI
1516 273 1726 348 VlTA,
1771 275 1999 338 AUCT.
2047 275 2348 336 JOANNE
2391 275 2763 339 DIACONO.
2808 277 2959 341 LIB.
3007 281 3107 344 IV.

3555 285 3674 348 206

177 411 425 471 ctissime
451 425 512 467 ac
538 404 911 480 corporaliter
940 407 997 463 in
1029 408 1302 464 eumdem
1327 407 1672 465 sceleratum
1702 410 1856 465 t'esti-
1889 412 1938 480 Α
1971 411 2124 466 inter
2153 418 2358 467 caetera
2414 411 2691 478 scribens,
2742 411 2852 468 ait:
2876 435 2904 463 α
2939 415 3384 473 Fraternitatem
3426 426 3678 476 vestram

179 507 267 560 net
295 501 572 556 vindicare
627 497 917 558 Judaeum.
974 505 1258 568 quatenus
1316 498 1421 553 hac
1478 515 1544 554 ex
1605 515 1776 556 causa
1807 505 1864 555 et

185 590 416 664 gratiam
445 587 546 644 sibi
571 587 672 642 Dei
696 585 875 642 nostri
895 585 1184 652 conciliet,
1209 589 1265 642 et
1286 586 1378 643 bis
1407 603 1469 642 se
1494 591 1741 657 posteris
1765 605 1867 658 pro

178 698 275 738 sua
296 676 550 734 mercede
572 676 923 732 imitandum
949 682 1231 731 monstret
1250 677 1554 748 exemplis.
1582 678 1870 750 Mancipia

181 774 356 826 autem
388 765 712 822 Christiana
743 779 1127 837 quascumque
1186 780 1318 820 eum
1362 779 1732 837 comparasse
1764 785 1869 836 pa-

178 857 361 920 tuerit,
390 855 462 910 ad
499 852 820 909 libertatem
845 854 1015 924 juxta
1037 853 1230 925 legum
1263 863 1546 926 praecepta
1563 855 1692 910 sine
1711 854 1872 911 omni

181 944 542 1017 ambiguitate
573 944 890 1015 perducite,
913 958 1006 1013 ne,
1030 942 1187 1015 quod
1228 945 1401 1010 absit,
1423 943 1755 1001 Christiana
1785 959 1874 1000 re-

179 1035 304 1104 ligio
331 1033 546 1090 Judseis
574 1032 612 1088 I
631 1032 744 1090 54
771 1048 1005 1106 quoquo
1047 1032 1217 1089 modo
1240 1032 1472 1089 subdita
1494 1032 1811 1105 polluatur.
1843 1056 1872 1084 »

183 1125 304 1197 (Lib.
335 1140 420 1191 ut,
455 1139 541 1195 ep.
573 1123 685 1193 38.)

243 1213 374 1269 ltem
404 1213 717 1278 Venantio,
748 1212 1024 1284 epis00po
1058 1211 1312 1268 Lunensi
1347 1228 1360 1266 :
1395 1234 1423 1262 «
1457 1212 1770 1269 Multorum
1805 1213 1877 1268 ad

186 1321 278 1361 nos
306 1302 586 1360 relatione
607 1303 893 1375 pervenit,
931 1319 964 1358 a
1009 1301 1228 1358 Judaeis
1259 1302 1316 1358 in
1366 1302 1595 1358 civitate
1627 1303 1880 1359 Lunensi

187 1391 512 1462 degentibus
535 1393 594 1447 in
618 1391 924 1448 servitium
947 1390 1275 1447 Christiana
1299 1391 1540 1448 detineri
1568 1391 1879 1463 mancipia.

185 1485 303 1548 Qua
329 1497 419 1536 res
452 1480 626 1536 nobis
658 1485 824 1537 tanto
856 1481 982 1536 visa
1010 1483 1098 1536 est
1152 1479 1411 1552 asperior
1449 1487 1670 1552 quanto
1702 1498 1736 1536 a
1767 1481 1881 1536 fra-

187 1571 436 1626 ternitate
467 1574 573 1627 tua
602 1569 885 1642 patientia
935 1569 1248 1640 operosior.
1309 1569 1623 1639 Oportebat
1673 1569 1885 1642 quippe

188 1665 252 1717 te.
281 1664 548 1731 respectu
581 1657 690 1713 loci
725 1658 832 1724 tui,
882 1663 1057 1730 atque
1087 1656 1426 1714 Christiana:
1459 1658 1757 1730 religionis
1798 1659 1886 1712 in-

189 1749 344 1814 tuitu,
376 1747 607 1803 nullam
629 1745 952 1819 relinquere
974 1747 1338 1804 occasionem
1363 1764 1428 1803 su
1441 1746 1766 1818 perstitioni
1785 1747 1888 1803 Ju-

192 1839 369 1906 daicaa,
393 1853 464 1893 ne
485 1835 792 1908 simplices
813 1836 1023 1892 animae
1045 1853 1158 1891 non
1185 1845 1298 1892 tam
1322 1836 1694 1892 suasionibus
1719 1852 1892 1908 quam

191 1927 474 1999 potestatis
531 1927 665 1995 jure
723 1926 977 1997 quodam
1037 1924 1208 1980 modo
1265 1925 1641 1982 deservirent.
1676 1925 1890 1990 Quam-

196 2017 369 2072 obrem
403 2015 718 2070 hortamur
775 2014 1194 2070 fraternitatem
1229 2020 1415 2081 tuam,
1474 2020 1537 2069 ut
1571 2015 1895 2070 secundum

197 2105 585 2177 piissimarnm
610 2104 806 2176 legum
830 2104 1123 2160 tramitem
1149 2103 1294 2159 nulli
1317 2103 1519 2160 Judan
1541 2104 1711 2159 liceat
1735 2103 1897 2158 Chri-

198 2195 433 2250 stianum
456 2194 827 2264 mancipium
854 2193 911 2248 in
935 2209 1041 2248 suo
1088 2194 1330 2249 retinere
1369 2193 1667 2258 dominio;
1702 2194 1800 2249 sed
1833 2192 1884 2248 si

200 2285 283 2356 qui
313 2298 488 2356 penes
511 2299 618 2338 eos
641 2282 1037 2349 inveniuntur,
1064 2283 1300 2338 libertas
1320 2283 1426 2352 eis,
1449 2282 1713 2338 tuitionis
1737 2282 1896 2337 auxi-

202 2375 284 2441 lio,
305 2391 369 2429 ex
390 2373 595 2445 legum
619 2373 914 2429 sanctione
949 2379 1227 2429 servetur.
1259 2397 1286 2422 ››
1311 2375 1453 2444 (Lib.
1487 2391 1563 2438 ιν,
1595 2390 1680 2444 ep.
1713 2373 1826 2441 2t.)

261 2466 338 2519 Ui.
369 2465 428 2521 Si
459 2481 619 2537 quos
667 2463 1130 2518 Christianorum
1166 2479 1266 2533 pro
1326 2463 1694 2535 longitudine
1726 2463 1898 2517 itine-

204 2554 269 2610 ris
299 2571 390 2627 per
422 2553 760 2627 provincias
810 2554 880 2608 ab
924 2553 1295 2609 Hebraeorum
1347 2555 1582 2611 servitio
1615 2570 1716 2626 per
1750 2553 1901 2623 lega-

209 2644 304 2698 lem
339 2643 680 2699 violentiam
731 2642 1038 2714 Gregorius
1073 2643 1316 2699 liberare
1349 2661 1461 2700 non
1497 2647 1741 2716 poterat,
1776 2641 1902 2697 suis

208 2734 384 2804 pretiis
415 2733 797 2790 redimendus
818 2749 943 2788 esse
964 2734 1261 2789 censebat.
1293 2734 1454 2790 Unde
1486 2734 1746 2791 Candido
1776 2748 1902 2801 pre-

209 2824 416 2896 sbytero
449 2840 554 2896 per
590 2822 807 2879 Gallias
841 2824 1140 2878 scribens:
1195 2847 1222 2874 ε(
1272 2824 1636 2893 Dominicus,
1687 2823 1902 2894 inquit,

211 2913 566 2984 presentiurn
633 2913 877 2983 portitor
931 2911 1390 2984 lacrymabiliter
1429 2913 1596 2968 nobis
1629 2912 1904 2978 innotuit,

211 3008 434 3073 quatuor
465 3004 684 3056 fratres
709 3017 844 3056 suos
878 3000 947 3056 de
995 3001 1328 3071 captivitate
1359 3021 1390 3057 a
1433 3001 1648 3056 Iudaeis
1681 3001 1906 3057 redem-

213 3097 318 3163 ptos
347 3107 492 3158 esse,
517 3095 701 3161 atque
748 3105 847 3145 eos
871 3096 1011 3145 tunc
1035 3091 1313 3146 Narbone
1347 3091 1404 3146 in
1429 3091 1768 3147 eorumdem
1799 3088 1901 3144 Juo

1920 1791 1967 1856 Β

1976 505 2198 570 oportet
2257 516 2385 555 esse
2444 499 2753 556 sollicitam
2789 507 2852 556 ut
2905 503 2952 558 si
2986 504 3056 558 de
3086 505 3422 561 Judreorum
3456 508 3685 564 servitio

1978 607 2090 644 non
2125 591 2315 644 solum
2348 590 2601 654 Judaaus,
2634 593 2734 646 sed
2763 592 2933 646 etiam
2967 594 3282 665 quisquam
3330 612 3689 667 paganorum

1979 679 2104 734 ﬁeri
2161 678 2410 734 voluerit
2468 679 2858 742 Christianus,
2894 694 3207 754 postquam
3266 685 3537 742 voluntas
3565 687 3695 756 ejus

1981 766 2149 822 fuerit
2183 766 2486 838 patelacta,
2524 784 2593 822 ne
2644 767 2795 823 hunc
2853 769 2961 824 sub
3020 771 3280 842 quolibet
3338 772 3569 844 ingenio
3609 772 3696 829 vel

1980 861 2325 929 argumento
2365 857 2620 928 cuipiam
2652 858 2984 915 Judaeorum
3028 864 3419 919 venumdandi
3454 863 3698 920 facultas

1985 946 2084 1012 sit,
2107 946 2206 1001 sed
2236 946 2287 1000 is
2317 946 2417 1017 qui
2448 947 2517 1001 ad
2552 948 2723 1003 ﬁdem
2755 949 3143 1006 Christianam
3175 955 3428 1008 converti
3477 953 3704 1011 desidev

1987 1039 2096 1103 rat,
2129 1034 2464 1092 defensione
2497 1041 2684 1092 vestra
2715 1037 2774 1093 in
2829 1038 3159 1095 libertatem
3202 1041 3392 1098 modis
3419 1044 3699 1100 omnibus

1986 1124 2331 1180 vindicetur.
2365 1125 2431 1180 Hi
2466 1142 2599 1182 vero
2639 1142 2782 1199 quos
2831 1127 3167 1198 bujusmodi
3227 1135 3450 1200 oportet
3507 1147 3700 1189 servos

1990 1210 2281 1270 amittere.
2317 1227 2387 1266 ne
2417 1211 2661 1266 forsitan
2718 1210 2995 1268 utilitates
3052 1231 3192 1270 suas
3225 1214 3700 1274 irrationabiliter

1993 1299 2284 1354 :estiment
2313 1300 2606 1373 impediri,
2643 1301 2894 1358 sollicita
2943 1320 3044 1360 vos
3074 1304 3184 1361 hoc
3210 1306 3482 1363 convenit
3507 1309 3700 1365 consi-

1993 1389 2292 1444 deratione
2324 1407 2552 1446 servare
2587 1408 2600 1444 :
2637 1401 2696 1446 ut
2751 1391 2799 1448 si
2855 1409 3112 1466 paganos
3162 1412 3310 1467 quos
3340 1396 3703 1454 mercimonii

1995 1495 2171 1534 causa
2203 1480 2272 1535 de
2295 1481 2546 1536 externis
2570 1481 2810 1548 ﬁnibus,
2837 1483 3102 1551 emerint,
3128 1485 3282 1541 intra
3303 1490 3421 1542 tres
3448 1502 3702 1554 menses,

1998 1569 2136 1624 dum
2170 1576 2396 1640 emptor
2418 1569 2508 1624 cui
2529 1570 2699 1626 vendi
2748 1571 2991 1628 debeant
3021 1573 3373 1642 inveniatur,
3414 1574 3582 1632 I55
3612 1577 3704 1631 fu-

1999 1673 2128 1727 gere
2160 1660 2230 1712 ad
2266 1657 2576 1714 Ecclesiam
2638 1660 2781 1715 forte
2839 1663 3166 1733 contigerit,
3199 1669 3256 1718 et
3311 1662 3456 1719 velle
3487 1680 3548 1719 se
3582 1664 3704 1720 fieri

2002 1747 2659 1814 dixerintChristianos,
2698 1749 2782 1805 vel
2808 1750 2981 1806 etiam
3022 1755 3182 1808 extra
3211 1751 3522 1809 Ecclesiam
3557 1754 3710 1810 hanc

2001 1835 2169 1890 talem
2230 1837 2589 1893 voluntatem
2669 1840 3046 1910 prodiderint,
3107 1841 3356 1910 pretium
3416 1857 3617 1898 eorum
3676 1859 3711 1898 a

2000 1923 2329 1981 Christiano
2387 1926 2606 1982 scilicet
2664 1933 2922 1999 emptore
2980 1930 3324 2001 percipiant.
3399 1933 3457 1988 Si
3513 1936 3708 1988 autem

2004 2017 2133 2085 post
2189 2015 2505 2086 praeﬁnitos
2559 2019 2674 2071 tres
2725 2033 2956 2073 menses
3009 2018 3315 2090 quisquam
3373 2019 3713 2091 hujusmodi

2003 2119 2299 2158 servorum
2332 2105 2707 2161 Judaicorum
2763 2107 2907 2162 velle
2960 2123 3129 2164 suum
3188 2108 3451 2175 edixerit,
3501 2118 3553 2166 et
3587 2109 3709 2165 ﬁeri

2003 2191 2249 2247 voluerit
2289 2193 2676 2260 Christianus,
2734 2212 2838 2250 nec
2899 2197 3114 2268 aliquis
3173 2213 3306 2253 eum
3340 2199 3711 2268 postmodum

2005 2297 2219 2349 emere,
2247 2300 2349 2338 nec
2373 2284 2646 2338 dominus
2669 2286 2926 2355 qualibet
2947 2287 3270 2343 occasionis
3293 2287 3483 2359 specie
3505 2289 3718 2344 audeat

2007 2372 2496 2440 venumdare,sed
2522 2375 2588 2428 ad
2619 2374 2901 2429 libertatis
2930 2375 3317 2447 proculdubio
3341 2376 3574 2447 praemia
3596 2392 3721 2449 per-

2011 2462 2278 2527 ducatur,
2295 2464 2428 2532 quia
2448 2463 2598 2518 hunc
2615 2480 2728 2519 non
2747 2465 2815 2519 ad
2833 2465 3225 2536 vendendum,
3250 2467 3349 2522 sed
3373 2467 3444 2521 ad
3467 2466 3720 2524 servien-

2010 2551 2150 2604 dum
2185 2552 2294 2605 sibi
2331 2551 2679 2624 intelligitur
2708 2569 3052 2609 reservasse.
3081 2574 3105 2607 ι
3131 2556 3272 2625 (Lib.
3305 2572 3383 2624 vr,
3414 2572 3498 2627 ep.
3531 2556 3651 2624 32.)

2084 2641 2170 2695 47.
2233 2641 2456 2712 Pagana
2490 2643 2780 2713 mancipia
2836 2644 3074 2699 Judaaos
3130 2644 3399 2701 videlicet
3456 2644 3721 2700 dominos

2013 2747 2152 2786 suos
2184 2732 2254 2787 ad
2316 2731 2490 2787 ﬁdem
2549 2734 2972 2804 praecedentia,
3037 2735 3095 2790 in
3153 2750 3355 2790 eorum
3395 2733 3720 2801 servitium,

2014 2821 2247 2876 etiamsi
2282 2821 2393 2893 ipsi
2427 2839 2528 2878 eos
2553 2823 2626 2878 ad
2650 2822 3148 2880 Christianitatem
3189 2824 3720 2896 subsequebantur,

2015 2908 2174 2964 nullo
2194 2911 2366 2965 modo
2398 2912 2723 2966 revocabat.
2751 2910 2916 2967 Unde
2945 2912 3178 2980 Joanni,
3211 2913 3571 2985 Syracusano
3601 2910 3725 2982 epi-

2015 3015 2227 3070 sc0po:
2263 3023 2290 3050 «
2327 3000 2500 3068 Felix,
2533 3000 2750 3072 inquit,
2784 3003 3156 3074 praesentium
3191 3000 3435 3072 portitor
3483 3005 3725 3072 questus

2019 3089 2187 3144 nobis
2219 3095 2326 3157 est,
2352 3107 2484 3144 cum
2512 3090 2587 3145 sit
2608 3093 2677 3145 de
2720 3091 3066 3147 Christianis
3095 3091 3436 3163 parentibus
3467 3093 3661 3160 natus,
3693 3107 3726 3145 a

214 3159 438 3236 deorum
464 3159 712 3236 servitio
734 3179 1002 3235 detineri.
1045 3178 1113 3234 Et
1143 3179 1280 3251 quia
1305 3181 1542 3236 omnino
1574 3195 1744 3249 grave
1774 3193 1899 3234 exe-
1935 3159 1979 3227 (ἶ
2017 3179 2263 3248 quodam
2288 3178 2612 3235 Christiano
2634 3181 2947 3250 Samarzeo,
2968 3159 3116 3253 quod
3159 3180 3273 3235 dici
3297 3179 3486 3236 scelus
3520 3159 3725 3246 est,se

215 3272 593 3342 crandumque
625 3273 715 3325 est
759 3269 1119 3324 Christianos
1163 3270 1223 3325 in
1256 3269 1492 3326 servitio
1523 3285 1647 3326 esse
1675 3269 1909 3325 Judaeu-

215 3376 340 3427 rum,
371 3359 748 3416 dilectionem
809 3363 970 3414 tuam
1002 3359 1238 3430 scriptis
1287 3360 1666 3428 praesentibus
1697 3359 1908 3414 adhor-

217 3453 403 3515 tamur,
452 3455 518 3504 ut
548 3464 688 3505 cum
719 3448 878 3503 omni
911 3448 1235 3504 subtilitate
1279 3455 1336 3504 et
1365 3448 1753 3504 sollicitudine
1785 3452 1910 3503 stu-

218 3538 324 3592 deat
353 3537 708 3609 perscrutari
733 3561 749 3604 ;
782 3542 835 3593 et
866 3537 914 3592 si
949 3553 1142 3592 revera
1172 3536 1250 3592 ita
1271 3543 1380 3606 est,
1404 3548 1576 3610 atque
1607 3537 1912 3592 manifesta

222 3629 430 3684 veritate
461 3627 568 3684 tibi
608 3625 930 3682 constiterit
985 3629 1121 3697 quia
1179 3643 1368 3700 neque
1398 3628 1506 3698 ipsi
1543 3629 1694 3682 unde
1725 3642 1786 3682 se
1818 3641 1911 3680 re-

225 3717 436 3788 dimant,
468 3733 668 3790 neque
700 3717 1137 3788 suprascriptus
1169 3720 1414 3790 portitor
1444 3718 1642 3780 habet,
1675 3734 1774 3774 eos
1795 3722 1916 3772 stu-

227 3808 290 3862 dii
316 3811 389 3865 tui
419 3811 497 3867 sit
527 3809 837 3877 redimere,
897 3810 1088 3865 sciens
1117 3810 1255 3880 quia
1285 3810 1572 3883 quidquid
1606 3810 1666 3864 in
1698 3809 1782 3864 eis
1812 3809 1914 3862 de-

228 3897 372 3966 deris,
402 3900 522 3956 tuis
555 3899 688 3955 sine
718 3897 892 3953 dubio
924 3898 1251 3953 rationibus
1285 3899 1688 3970 imputabitur.
1729 3917 1753 3948 ι
1774 3896 1917 3964 (Lib.

228 4003 311 4056 vn,
338 4005 414 4060 ep.
443 3989 561 4060 24.)

288 4079 363 4133 45.
392 4079 729 4135 Ιιιᾱειθοιυω
760 4076 1054 4148 mancipia
1085 4076 1264 4133 semel
1295 4075 1688 4148 contugientia
1721 4076 1790 4130 ad
1823 4075 1924 4130 Ec-

234 4164 463 4237 clesiam,
497 4181 812 4238 nunquam
843 4165 1204 4236 quibuslibet
1232 4166 1606 4222 suasionibus
1638 4164 1800 4221 reddi
1825 4166 1924 4232 ju-

237 4255 399 4312 bebat.
431 4257 596 4313 Unde
621 4255 913 4326 januario,
948 4255 1273 4310 Caralitano
1303 4257 1595 4326 episcopo,
1635 4254 1787 4310 inter
1816 4270 1923 4309 cm-

238 4349 336 4400 tera
362 4347 648 4411 scribens,
679 4344 793 4399 ait:
833 4367 852 4392 ι
891 4343 1155 4399 Pervenit
1212 4345 1284 4399 ad
1344 4360 1469 4412 nos,
1513 4359 1708 4400 servos
1746 4342 1926 4398 ancil-

240 4432 410 4506 lasque
438 4437 801 4500 Iudaeorum,
857 4433 990 4490 ﬁdei
1023 4448 1203 4490 causa
1234 4434 1300 4488 ad
1366 4432 1676 4489 Ecclesiam
1720 4432 1926 4489 confu-

2017 3283 2143 3323 esse
2195 3269 2507 3336 donatum;
2569 3278 2623 3324 et
2654 3269 2793 3325 dum
2855 3268 3255 3340 hujuscemodi
3295 3267 3726 3341 superstitionis

2021 3357 2286 3413 homines
2333 3359 2666 3414 Christiana
2697 3360 2957 3431 quolibet
3007 3361 3177 3415 modo
3211 3359 3506 3432 mancipia
3536 3357 3726 3430 possi-

2022 3448 2175 3514 dere,
2204 3464 2306 3503 nec
2331 3448 2662 3519 ratiolegis,
2698 3466 2801 3505 nec
2833 3449 3156 3505 reverentia
3187 3449 3482 3522 religionis
3515 3448 3730 3504 admit-

2021 3542 2126 3605 tat,
2151 3554 2213 3592 se
2245 3546 2434 3592 tamen
2468 3554 2563 3608 per
2594 3539 2791 3594 decem
2824 3544 2880 3594 et
2910 3543 3037 3594 octo
3084 3554 3271 3595 annos
3308 3537 3365 3593 in
3396 3538 3523 3608 ejus
3560 3552 3730 3594 asse-

2023 3629 2098 3680 rit
2119 3627 2352 3681 servitio
2378 3627 2791 3698 permansisse.
2839 3628 2952 3683 Sed
2983 3634 3363 3697 cognoscente
3394 3626 3502 3682 hoc
3532 3625 3734 3682 decea-

2025 3733 2156 3774 sore
2186 3723 2374 3773 vestro
2405 3722 2622 3774 sancta:
2678 3719 2990 3787 memorias,
3050 3717 3428 3783 Maximiano,
3470 3717 3542 3773 ab
3573 3732 3640 3773 eo
3672 3732 3736 3772 se

2025 3806 2169 3872 zelo,
2194 3806 2340 3860 sicut
2370 3807 2581 3873 decuit,
2615 3807 2962 3862 sacerdotali
3017 3798 3331 3871 commoto,
3364 3806 3434 3860 de
3464 3802 3738 3859 Samarasi

2029 3895 2248 3950 nefario
2288 3895 2518 3949 servitio
2555 3894 2841 3949 liberavit.
2876 3895 2982 3950 Sed
3008 3895 3147 3966 quia
3177 3894 3441 3962 ejusdem
3475 3890 3740 3947 Samarmi

2031 3984 2188 4040 filius
2221 3990 2351 4055 post
2383 3986 2638 4056 quinque
2669 4001 2852 4041 annos
2896 3987 3084 4040 factus
3114 3984 3323 4038 dicitur
3351 3980 3739 4047 Christianus,

2029 4079 2086 4129 et
2115 4075 2519 4146 supradictum
2553 4074 2802 4132 Felicem
2839 4076 2898 4130 in
2939 4075 3066 4146 ejus
3097 4072 3422 4138 servitium,
3454 4077 3742 4143 quantum

2031 4163 2156 4237 ipse
2183 4165 2343 4232 dicit,
2377 4165 2615 4235 quidam
2649 4165 2916 4221 nituntur
2932 4167 3212 4237 redigere,
3244 4162 3523 4219 sanctitas
3551 4164 3746 4216 vetra

2033 4253 2154 4309 haec
2187 4272 2315 4325 quae
2347 4255 2532 4309 edocti
2565 4271 2789 4322 sumus,
2823 4254 3131 4327 diligenter
3177 4252 3436 4326 inquirat
3459 4268 3474 4318 ;
3498 4259 3544 4307 et
3583 4250 3632 4305 si
3662 4248 3747 4306 ita

2034 4343 2082 4397 ei
2116 4359 2240 4398 esse
2270 4344 2608 4411 constiterit,
2640 4360 2772 4399 eum
2823 4344 2972 4399 tueri
3013 4345 3264 4399 studeat.
3297 4347 3354 4396 et
3383 4360 3414 4396 a
3441 4339 3602 4396 nullo
3633 4338 3744 4395 sub

2036 4431 2296 4503 qualibet
2322 4432 2623 4487 occasione
2647 4434 2868 4501 gravari
2922 4433 3257 4503 permittat:
3290 4429 3431 4502 quia
3487 4431 3622 4484 dum
3654 4443 3745 4483 su-

244 4527 449 4595 gientss,
482 4530 585 4581 aut
619 4521 955 4579 infidelibus
1009 4523 1260 4578 dominis
1295 4522 1543 4591 restitui,
1577 4532 1674 4578 aut
1704 4538 1929 4587 eorum,
1961 4528 2007 4593 υ
2040 4520 2382 4591 ρθτεῑὶιὶοεω
2415 4526 2588 4576 sectae
2634 4523 2925 4593 mancipia
2954 4520 3224 4576 dominos
3261 4534 3400 4575 suos
3431 4518 3503 4573 ad
3563 4517 3740 4573 fidem

247 4627 303 4665 ne
329 4615 723 4678 restituantur,
793 4611 1041 4682 pretium
1102 4611 1250 4666 dari.
1309 4616 1628 4667 llortamur
1664 4611 1842 4682 igitur
1869 4617 1933 4666 ut

250 4702 552 4758 nullatenus
583 4708 704 4757 tam
739 4717 973 4772 pravam
1007 4702 1486 4756 consuetudinem
1541 4716 1772 4755 manere
1805 4716 1931 4772 per-

250 4791 438 4859 mittas,
470 4793 565 4846 sed
603 4807 738 4846 cum
772 4789 1015 4860 quilibet
1062 4790 1402 4844 Judzsorum
1436 4806 1634 4845 servus
1665 4793 1730 4844 ad
1765 4806 1937 4844 vene-

254 4879 578 4935 rabilialoca
637 4878 772 4934 ﬁdei
831 4894 1004 4934 causa
1035 4879 1385 4950 confugerit,
1422 4879 1760 4935 nullatenus
1800 4893 1933 4932 eum

259 4970 518 5036 patiamini
552 4969 956 5040 prasjudicium
989 4969 1300 5036 sustinere,
1333 4969 1427 5023 sed
1460 4967 1578 5021 sive
1608 4966 1745 5021 olim
1777 4965 1940 5022 Chri-

261 5058 475 5128 stianus,
517 5059 638 5116 sive
679 5075 836 5116 nunc
860 5061 1033 5116 fuerit
1055 5059 1459 5132 baptizandus,
1484 5059 1609 5113 sine
1642 5057 1762 5112 ullo
1795 5072 1936 5128 pau-

264 5161 432 5214 perum
460 5149 925 5204 Cbristianorum
971 5149 1204 5216 damno,
1240 5147 1511 5218 religioso
1541 5145 1937 5202 ecclesiasticas

268 5233 463 5302 pietatis
495 5237 811 5310 patrocinio
852 5238 911 5293 in
945 5237 1270 5293 libertatem
1306 5236 1495 5291 modis
1528 5235 1802 5291 omnibus
1839 5234 1940 5291 de-

273 5323 522 5380 fendatur.
561 5349 587 5374 υ
623 5325 761 5396 (Lib.
797 5343 871 5395 ιν,
903 5341 987 5395 ep.
1019 5327 1099 5398 9.)

329 5412 402 5466 «i6.
431 5413 549 5468 Non
581 5415 767 5470 solum
827 5414 1157 5472 Christiana
1215 5415 1504 5487 mancipia
1536 5414 1846 5486 Gregorius
1879 5413 1937 5468 in

271 5497 564 5558 libertatem
590 5504 886 5576 pristinam
916 5503 1177 5576 legaliter
1201 5504 1521 5569 revocabat,
1545 5519 1744 5558 verum
1766 5501 1939 5557 etiam

279 5603 470 5660 pagana
499 5595 566 5648 ad
601 5594 768 5649 ﬁdem
805 5594 999 5649 venire
1061 5593 1328 5659 volentia,
1377 5595 1542 5650 vendi
1584 5592 1744 5648 nullo
1771 5591 1940 5646 modo

281 5681 806 5742 permittebatUnde
859 5684 1192 5741 Fortunato.
1245 5685 1615 5754 Neapolitano
1647 5683 1935 5754 episcoiio,

2044 4611 2451 4680 praecedentia,
2484 4611 2718 4666 servitio
2775 4627 2977 4666 eorum
3011 4617 3209 4681 aperte
3242 4609 3424 4680 redigi
3452 4609 3586 4678 jura
3615 4621 3752 4676 pro-

2044 4701 2304 4767 hibeant,
2329 4707 2548 4770 quanto
2581 4702 2770 4772 magis
2803 4701 2894 4755 hic
2925 4699 2994 4755 de
3026 4697 3373 4754 Christianis
3404 4696 3748 4769 parentibus

2044 4797 2239 4856 natus,
2274 4796 2330 4844 et
2363 4790 2547 4844 factus
2579 4807 2612 4845 a
2643 4791 2880 4861 parvulo
2908 4790 3290 4857 Christianus,
3322 4788 3469 4841 hanc
3501 4800 3614 4839 non
3648 4783 3752 4837 de—

2045 4877 2132 4932 bet
2169 4880 2542 4946 quaestionem
2571 4879 2769 4949 aliquo
2799 4879 2970 4934 modo
2997 4872 3591 4932 sustinere?Maxime
3613 4869 3752 4940 quia

2046 4983 2146 5022 nec
2181 4969 2364 5038 patris
2386 4984 2512 5022 esse
2560 4985 2762 5024 servus
2795 4966 3003 5040 potuit,
3054 4980 3226 5037 quem
3255 4963 3441 5034 liquet
3483 4975 3548 5014 ea
3580 4973 3754 5030 prava

2046 5056 2237 5126 potius
2269 5059 2719 5129 praesumptione
2750 5073 2977 5129 poenam
3011 5070 3181 5126 posse
3219 5052 3541 5107 venientem
3571 5049 3641 5104 de
3671 5046 3752 5105 le-

2046 5145 2217 5217 gibus
2248 5147 2560 5203 sustinere.
2598 5169 2625 5196 »
2654 5147 2794 5211 (Lib.
2830 5163 2949 5210 vin,
2982 5160 3066 5214 ep.
3096 5141 3212 5213 21.)

2120 5235 2204 5289 48.
2238 5234 2587 5291 Circumcidi
2643 5235 2848 5292 saltem
2899 5244 3260 5304 paganorum
3291 5227 3580 5284 neminem
3612 5227 3754 5284 Gre-

2047 5323 2244 5392 gorius
2306 5326 2683 5394 permitterat.
2745 5321 3130 5386 Quamobrem
3191 5318 3388 5385 Leoni,
3445 5317 3752 5375 Catanensi

2048 5412 2359 5485 episcopo:
2393 5437 2419 5462 «ι
2456 5413 2588 5479 Res,
2619 5411 2833 5484 inquit,
2880 5413 2950 5466 ad
2985 5427 3090 5467 nos
3120 5408 3360 5466 omnino
3392 5405 3755 5464 detestabilis

2049 5506 2104 5554 et
2135 5501 2361 5571 legibus
2395 5501 2630 5556 inimica
2675 5500 2956 5572 pervenit,
2989 5516 3134 5572 quas,
3169 5499 3214 5553 si
3248 5513 3382 5552 vera
3411 5500 3518 5561 est,
3553 5497 3756 5550 frater-

2052 5589 2294 5645 nitatem
2329 5595 2486 5646 tuam
2523 5591 2891 5646 vehementer
2934 5596 3188 5656 accusat,
3217 5585 3354 5660 quia
3385 5600 3509 5640 eam
3543 5584 3613 5640 de
3647 5583 3753 5638 mi-

2056 5681 2176 5734 ηυτί
2212 5679 2604 5739 sollicitudine
2661 5680 2868 5755 probat
2916 5697 3040 5739 esse
3071 5677 3422 5751 culpabilem
3453 5671 3788 5746 Comperir
