4106 6174
304 143 424 202 209

851 139 917 198 S.
965 131 1336 196 GREGORII
1383 130 1639 194 MAGNI
1687 135 1889 206 VITA,
1939 131 2166 197 AUCT.
2213 133 2519 196 JOANNE
2564 135 2931 198 DIACONU.
2978 137 3128 202 LIB.
3174 140 3275 204 IV.

3711 148 3829 210 210

299 275 459 331 datis
500 271 868 347 praecipimur
907 269 1198 342 proximos
1228 269 1381 324 sicut
1427 269 1813 338 nosmetipsos
1867 267 2008 322 dili-
2045 270 2091 336 Α
2123 268 2466 324 invenerunt
2488 285 2848 340 percusum,
2871 272 3008 343 quia
3039 272 3459 334 fraternitatem
3490 281 3653 336 tuam
3677 285 3832 339 retu-

299 383 464 436 gere,
497 377 818 433 eorumque
851 357 1228 430 languoribus
1260 363 1531 427 tanquam
1567 357 1816 428 propriis
1846 357 2011 412 infir-

302 456 615 510 mitatibus
647 451 974 508 condolere.
1009 448 1263 512 Quorum
1301 463 1524 501 memor
1573 453 1758 502 vestra
1807 448 2010 503 frater-

301 547 460 601 nitas
511 542 859 613 competenti
909 539 1021 594 sibi
1072 554 1232 592 more
1290 537 1614 592 Castorium
1675 538 1908 592 fratrem
1959 543 2015 593 et

299 634 720 706 coepiscopum
770 633 1060 692 nostrum,
1101 632 1158 683 et
1197 627 1360 698 prius
1409 641 1507 695 per
1549 627 2010 696 compassionem

299 725 529 780 studuit
603 721 854 787 visitare,
915 726 968 774 et
1019 733 1150 773 eum
1215 716 1584 788 postmodum
1651 722 2014 771 excrescente

301 813 577 868 molestia
607 810 890 881 corporis,
912 808 972 862 in
1009 805 1325 861 Ravennati
1349 805 1491 860 urbe
1509 805 1825 875 suscipere.
1851 804 2014 860 Unde

303 921 416 959 non
452 905 643 959 solum
676 917 785 956 nos
816 901 1092 970 impense
1123 896 1440 959 charitatis,
1474 897 1572 950 sed
1611 901 1666 950 et
1698 895 1878 950 Deum
1914 912 2011 950 vo-

299 994 390 1049 bis
443 993 667 1048 fecistis
729 987 1110 1061 proculdubio
1168 986 1503 1054 debitorem,
1552 987 1644 1041 cui
1705 985 1762 1040 in
1815 986 2013 1041 fratris

300 1083 646 1137 inﬁrmitate
676 1078 1045 1135 condoluisse
1077 1075 1429 1148 probamini,
1455 1075 1766 1146 ipsumque
1796 1091 2014 1145 agrum

295 1174 356 1228 in
377 1174 470 1227 sui
494 1171 746 1226 membri
768 1167 1034 1224 molestia
1058 1181 1174 1220 non
1195 1164 1386 1219 solum
1413 1164 1814 1232 visitasse,sed
1837 1165 2012 1218 etiam

296 1263 648 1332 suscepisse.
684 1259 865 1323 Quem
917 1257 1155 1328 quidem
1187 1255 1312 1326 ipse
1356 1271 1457 1325 pro
1507 1271 1612 1308 sua
1644 1253 2017 1324 simplicitate

295 1351 419 1406 illic
448 1351 724 1406 ordinare
755 1347 994 1404 omnino
1028 1345 1348 1401 renuebam
1379 1363 1393 1410 ;
1427 1344 1523 1398 sed
1559 1345 1877 1414 petentium
1911 1342 2016 1398 im-

295 1441 630 1514 portunitas
682 1438 838 1499 fecit,
873 1444 934 1490 ut
965 1433 1357 1490 contradicere
1410 1432 1740 1487 nullatenus
1792 1433 2017 1502 potuis-

296 1546 446 1586 sem.
480 1529 540 1584 Si
571 1533 764 1584 autem
801 1527 922 1581 fieri
961 1528 1171 1597 potest,
1204 1522 1461 1577 multum
1495 1521 1639 1577 mihi
1661 1527 1718 1576 et
1745 1522 1851 1592 ipsi
1885 1539 2019 1578 con-

297 1621 495 1676 sulitis
525 1619 576 1674 si
627 1633 759 1672 eum
793 1617 863 1671 ad
915 1631 1006 1670 me
1051 1613 1142 1668 vel
1192 1629 1294 1683 per
1341 1610 1596 1666 Siciliam
1647 1612 2016 1667 transmitta-

297 1711 396 1764 tis.
436 1730 464 1757 η
499 1707 642 1775 (Lib.
674 1722 735 1773 ιι,
766 1722 854 1776 ep.
879 1705 994 1772 35.)

367 1798 512 1852 Item
566 1796 826 1862 Leontio,
881 1794 1150 1865 episcopo
1213 1791 1528 1848 Urbinati:
1584 1813 1612 1842 «ι
1661 1791 2012 1859 Castorium,

293 1885 531 1940 fratrem
589 1882 1114 1954 coepiscopumque
1163 1885 1451 1944 nostrum,
1493 1880 1685 1934 Roma
1737 1895 1837 1949 pro
1889 1895 2016 1934 cor-

294 1974 461 2044 poris
492 1972 586 2028 sui
615 1972 880 2027 molestia
909 1973 1234 2026 retinemus
1261 1989 1276 2037 ;
1309 1975 1364 2024 et
1385 1969 1524 2039 quia
1556 1983 1712 2024 nunc
1742 1967 1813 2023 ad
1849 1983 2013 2024 suam

293 2079 414 2118 non
449 2063 600 2117 valet
641 2061 943 2116 ecclesiam
996 2076 1273 2126 remeare,
1308 2064 1630 2129 prapterea,
1655 2073 1721 2114 eo
1752 2058 2012 2128 absente,

297 2151 563 2208 ecclesiae
614 2151 800 2223 ipsius
851 2149 1196 2205 fraternitati
1238 2159 1345 2203 tute
1385 2147 1737 2203 visitationis
1777 2163 2010 2218 operam

299 2242 676 2313 providemus
708 2240 1110 2310 delegandam.
1150 2259 1175 2289 ι
1208 2237 1350 2306 (Lib.
1385 2255 1470 2303 ιιι,
1503 2255 1585 2307 ep.
1618 2238 1735 2307 24.)

374 2331 523 2385 Item
551 2330 838 2384 universis
869 2327 1294 2383 habitatoribus
1325 2327 1569 2381 Arimini
1597 2344 1608 2382 ε
1635 2350 1662 2375 ‹‹
1688 2328 1740 2380 Si
1776 2325 2006 2396 culpam

286 2427 571 2488 vestram,
607 2419 714 2475 fllii
743 2417 1129 2485 dilectissimi,
1156 2417 1440 2472 intentius
1472 2416 1657 2472 velitis
1685 2417 2003 2485 attendere,

286 2510 532 2565 assidua
577 2526 677 2565 vos
726 2509 877 2579 apud
923 2507 1104 2562 Deum
1158 2507 1381 2562 debetis
1431 2505 1688 2561 oratione
1735 2521 2002 2576 purgare,

281 2598 451 2670 quod
491 2599 834 2670 episcopum
866 2602 1123 2650 vestrum
1159 2613 1272 2650 non
1306 2597 1511 2650 devota
1543 2599 1909 2660 mente,nec,
1945 2603 2004 2648 ut

274 2690 402 2755 lilii,
440 2687 827 2758 suscepistis;
865 2701 1040 2756 quem
1073 2685 1422 2756 inquietudo
1444 2693 1497 2739 et
1531 2683 1831 2738 tribulatio
1855 2699 2002 2738 avo-

287 2778 373 2833 bis
406 2777 572 2833 illata
598 2778 669 2833 ad
703 2776 812 2833 hoc
853 2792 1037 2847 usque
1082 2776 1370 2847 perduxit,
1404 2781 1470 2830 ut
1514 2773 1838 2830 molestiam
1873 2791 1999 2829 cor-

290 2866 554 2939 poralem
588 2867 929 2932 incurreret,
960 2865 1228 2934 quamvis
1254 2867 1310 2919 in
1342 2881 1408 2919 eo
1440 2863 1593 2921 I58
1626 2863 1772 2918 nihil
1804 2864 1876 2918 de
1905 2863 1997 2918 his

2122 355 2311 411 lerunt
2343 357 2412 410 de
2443 359 2659 411 vomitu
2694 361 3001 429 sanguinis
3032 368 3329 432 aegrotare.
3366 364 3445 420 Ex
3477 383 3591 436 qua
3624 384 3684 424 re
3707 369 3830 426 sol-

2127 445 2304 513 licite,
2325 450 2380 500 et
2419 447 2758 518 singulatim
2787 465 2885 504 eos
2917 465 3062 521 quos
3093 451 3186 506 hic
3217 454 3419 510 doctos
3446 454 3693 514 lectione
3723 475 3831 514 no-

2121 536 2310 590 vimus
2336 536 2592 591 medicos
2617 538 2862 593 fecimus
2896 540 3132 610 requiri,
3154 547 3210 598 et
3241 545 3379 615 quid
3403 543 3620 616 singuli
3639 563 3831 604 sense-

2124 626 2263 689 rint,
2296 626 2533 695 quidvet
2582 627 2949 693 dictaverint,
2977 632 3270 688 sanctitati
3319 638 3522 690 vestra
3553 637 3831 708 scriptum

2124 717 2412 785 misimus,
2438 717 2534 787 qui
2568 723 2762 773 tamen
2795 720 3040 788 quietem
3075 727 3132 778 et
3161 723 3462 782 silentium
3495 742 3609 798 ιιι-ω
3639 727 3832 783 omni-

2124 808 2236 861 bus
2267 808 2505 863 dictant.
2541 810 2722 872 Quam
2756 809 2803 864 si
2855 814 2951 865 tua
2983 811 3318 870 fraternitas
3348 815 3405 872 in
3457 834 3564 872 sua
3593 816 3835 874 ecclesia

2125 896 2310 966 possit
2359 896 2592 966 habere,
2643 898 2808 953 valde
2855 915 2986 954 sum
3037 902 3291 960 dubius:
3344 909 3402 960 et
3439 907 3570 962 ideo
3608 904 3836 963 videtur

2126 985 2266 1039 mihi
2294 990 2356 1040 ut
2386 988 2656 1042 ordinata
2687 987 2804 1042 illic
2842 988 3107 1060 ecclesia,
3131 991 3220 1047 vel
3250 994 3348 1063 qui
3399 995 3712 1053 missarum
3744 1013 3836 1054 so-

2125 1071 2339 1128 lemnia
2391 1074 2702 1142 celebrent,
2754 1077 2841 1133 vel
2895 1077 2994 1148 qui
3043 1079 3324 1151 episcOpii
3369 1098 3566 1139 curam
3615 1100 3833 1155 gerere,

2129 1163 2582 1232 hospitalitatem
2607 1172 2662 1221 et
2686 1168 3116 1238 susceptionem
3144 1173 3324 1240 possit
3345 1173 3636 1241 exhibere,
3662 1175 3835 1246 quive

2128 1253 2502 1308 monasteriis
2531 1255 2930 1313 custodiendis
2964 1275 3228 1329 praaesse,
3262 1266 3362 1316 tua
3394 1262 3729 1321 fraternitas
3759 1266 3832 1320 ad

2126 1357 2219 1396 me
2244 1349 2377 1398 ante
2395 1344 2660 1400 testivum
2685 1349 2914 1417 tempus
2933 1348 3135 1404 debeat
3157 1353 3374 1418 venire,
3391 1357 3450 1408 ut
3472 1354 3836 1424 aegritudinis

2127 1434 2238 1486 tua:
2271 1449 2374 1504 ego
2409 1434 2758 1503 specialiter,
2793 1437 3140 1508 inquantum
3173 1440 3357 1509 valeo,
3381 1457 3578 1498 curam
3611 1459 3834 1515 geram,

2127 1522 2496 1592 quietemque
2537 1529 2699 1579 tuam
2751 1528 3100 1595 custodiam,
3133 1531 3268 1600 quia
3318 1531 3454 1587 huic
3503 1533 3833 1604 aegritudini

2126 1612 2395 1667 aestivum
2422 1620 2648 1684 tempus
2679 1615 2891 1670 modici
2914 1616 3282 1674 vehementer
3312 1619 3520 1676 dicunt
3535 1639 3664 1678 esse
3689 1624 3839 1695 peri-

2129 1699 2414 1756 culosum.
2450 1701 2513 1756 Et
2562 1701 2727 1758 valde
2774 1705 3142 1774 pertimesco,
3177 1723 3248 1763 ne
3295 1709 3345 1765 si
3387 1725 3560 1766 curas
3608 1711 3836 1782 aliquas

2129 1805 2264 1844 cum
2296 1790 2638 1846 adversitate
2668 1794 2948 1863 temporis
2977 1797 3223 1866 ceperis,
3247 1799 3504 1870 amplius
3528 1815 3595 1854 ex
3627 1801 3835 1856 eadem

2129 1879 2396 1934 molestia
2430 1880 2791 1951 pericliteris.
2821 1882 2936 1954 Ego
2967 1884 3122 1940 enim
3156 1887 3282 1958 ipse
3309 1887 3479 1944 valde
3509 1905 3642 1944 sum
3674 1890 3838 1946 debi-

2127 1970 2218 2038 lis,
2251 1975 2308 2025 et
2349 1973 2586 2027 omnino
2617 1978 2705 2028 est
2754 1973 2897 2029 utile
2929 1979 2990 2029 ut
3021 1991 3155 2031 cum
3189 1975 3292 2033 Dei
3337 1981 3522 2050 gratia
3551 1996 3736 2038 sanus
3765 1983 3834 2038 ad

2125 2063 2286 2114 tuam
2336 2059 2643 2116 ecclesiam
2696 2062 2919 2131 redeas,
2954 2070 3055 2119 aut
3101 2071 3256 2121 certe
3305 2068 3354 2122 si
3404 2070 3704 2126 vocandus
3753 2087 3834 2139 es,

2124 2149 2276 2204 inter
2325 2166 2536 2206 manus
2583 2155 2818 2207 tuorum
2871 2155 3108 2220 voceris,
3141 2161 3197 2211 et
3224 2172 3351 2228 ego,
3384 2159 3483 2230 qui
3527 2175 3618 2215 me
3651 2161 3819 2215 morti

2121 2239 2449 2309 proximum
2481 2242 2664 2307 video,
2690 2242 2738 2297 si
2772 2259 2864 2298 me
2884 2245 3252 2315 omnipotens
3281 2248 3433 2303 Deus
3463 2254 3597 2304 ante
3627 2265 3829 2307 vocare

2119 2328 2389 2397 voluerit,
2414 2331 2567 2385 inter
2588 2337 2716 2386 tuas
2742 2348 2951 2389 manus
2977 2335 3218 2391 debeam
3244 2337 3512 2394 transire.
3539 2359 3566 2386 »
3601 2339 3832 2410 (Regist.

2121 2419 2216 2474 lib.
2250 2436 2330 2484 xi,
2358 2436 2446 2490 ep.
2478 2421 2595 2491 33.)

2186 2509 2277 2564 53.
2312 2509 2420 2562 Pro
2470 2510 2851 2566 barbarorum
2899 2512 3341 2571 incursionibus
3373 2516 3465 2572 bis
3513 2518 3568 2573 in
3601 2517 3831 2574 hebdo-

2117 2598 2288 2652 mada
2321 2598 2440 2652 fieri
2475 2599 2708 2655 litanias
2727 2602 3038 2672 Gregorius
3069 2605 3440 2660 decernebat.
3466 2607 3834 2679 Quapropter

2115 2685 2404 2740 universis
2454 2687 2744 2758 episcopis
2793 2688 3000 2744 Sicilia:
3049 2691 3333 2753 scribens.
3383 2693 3459 2748 ait
3502 2709 3517 2749 :
3577 2715 3605 2744 «
3647 2699 3832 2766 Super

2111 2775 2460 2831 afflictiones
2484 2779 2541 2830 et
2572 2777 2821 2847 gemitus
2842 2793 2989 2848 quos
3014 2796 3237 2835 annosa
3258 2780 3355 2836 hic
3385 2781 3826 2840 continuatione

2114 2867 2185 2922 de
2212 2866 2476 2922 hostibus
2505 2867 2894 2937 sustinemus,
2930 2871 3117 2940 major
3143 2887 3249 2927 nos
3285 2877 3476 2928 metus
3505 2873 3821 2943 excruciat,

281 2974 416 3026 qua
445 2956 615 3011 nobis
646 2961 786 3028 sunt
810 2956 1029 3026 scripta
1049 2955 1446 3026 cognovimus,
1473 2953 1572 3009 sed
1604 2951 1784 3008 solam
1809 2952 1999 3008 inesse
2039 3021 2070 3028 _
2110 2957 2264 3026 quod
2296 2953 2566 3011 inimicos
2598 2962 2834 3012 nostros
2864 2961 3022 3013 omni
3053 2960 3260 3016 annisu
3293 2962 3364 3016 ad
3398 2961 3612 3018 Sicilia!
3646 2962 3817 3019 inva-

279 3021 650 3101 debilitatem
684 3021 961 3111 vidimus,
997 3061 1096 3114 pro
1117 3021 1234 3114 qua
1263 3059 1398 3100 eum
1433 3021 1531 3098 hic
1563 3043 1808 3099 retinere
1839 3058 1996 3098 cura-
2030 3021 2071 3089 (ἶ
2110 3021 2334 3101 sionem
2383 3046 2786 3115 cognoscimus
2817 3047 3108 3104 festinare.
3135 3049 3247 3105 Sed
3293 3065 3386 3116 ne,
3405 3051 3514 3108 hoc
3544 3051 3662 3108 illis
3695 3069 3816 3110 mo-

279 3136 501 3193 vimus.
540 3159 566 3183 »
599 3137 753 3204 (Ibid.
787 3151 872 3205 ep.
906 3136 1020 3206 25.)

351 3229 500 3282 Item
537 3225 770 3296 Eulogio
803 3223 1140 3294 patriarcha
1180 3223 1609 3280 Alexandrino:
1645 3245 1674 3274 «
1705 3223 1855 3278 Ante
1886 3222 1994 3278 hoc

275 3316 570 3386 temporis
593 3315 870 3370 Bonifacii
903 3315 1242 3370 chartularii
1268 3314 1620 3385 responsalis
1655 3314 1784 3380 mei,
1809 3313 1902 3382 qui
1934 3314 1992 3368 in

279 3405 427 3460 urbe
458 3405 618 3475 regia
649 3405 1006 3471 demoratur,
1037 3403 1405 3458 vehementer
1436 3420 1527 3458 me
1557 3404 1773 3474 scripta
1804 3403 1991 3458 turba-

273 3501 509 3562 verunt,
546 3510 672 3565 qua;
720 3494 990 3548 dicebant
1031 3493 1432 3548 dulcissimam
1467 3494 1608 3548 mihi
1654 3499 1825 3562 atque
1853 3510 1989 3550 sua-

280 3585 586 3639 vissimam
650 3585 1019 3640 sanctitatem
1079 3593 1330 3640 vestram
1381 3586 1672 3640 defectum
1733 3585 1989 3655 corporei

277 3671 529 3728 luminis
560 3673 889 3743 pertulisse.
923 3673 1003 3727 Ex
1034 3673 1248 3743 quibus
1296 3674 1528 3743 scriptis
1557 3674 1714 3745 gravi
1751 3689 1990 3728 mmrore

278 3763 590 3834 perculsus
623 3780 778 3831 sum,
811 3764 911 3818 sed
942 3764 1138 3819 subito
1177 3763 1461 3819 Creatoris
1493 3779 1558 3818 ac
1591 3764 1988 3833 Redemptoris

279 3851 465 3908 nostri
491 3853 680 3924 gratia
705 3864 1102 3924 prosperante,
1127 3853 1507 3909 beatitudinis
1528 3860 1731 3908 vestrm
1753 3855 1988 3920 suscepi

271 3942 607 4013 epistolam,
640 3945 696 3998 et
737 3959 948 3997 sanum
998 3943 1068 3998 de
1099 3959 1164 3997 ea
1213 3943 1465 4012 corporis
1518 3942 1777 3998 molestia
1808 3959 1985 4013 quam

271 4033 581 4087 audieram
651 4048 1000 4104 agnoscens,
1058 4031 1337 4087 exsultavi
1404 4033 1796 4098 vehementer,
1848 4032 1989 4102 quia

273 4125 441 4178 tanta
475 4121 669 4176 cordis
700 4121 896 4176 laetitia
945 4129 1145 4176 secuta
1175 4127 1263 4177 est
1293 4128 1516 4193 quanta
1547 4121 1707 4193 prius
1737 4121 1984 4176 tristitia

273 4211 606 4266 amaritudo
640 4214 1035 4282 praeesserat.
1068 4212 1301 4266 Scimus
1349 4211 1504 4266 enim
1538 4211 1674 4281 quia
1704 4212 1762 4265 in
1793 4211 1982 4267 omni-

270 4301 532 4371 potentis
605 4299 697 4354 Dei
762 4299 1054 4369 adjutorio
1116 4301 1433 4356 multorum
1495 4299 1655 4356 salus
1720 4308 1806 4356 est
1868 4300 1984 4355 vita

269 4395 487 4445 vestra.
525 4409 551 4441 ι
588 4389 732 4457 (Lib.
767 4405 890 4454 xm,
920 4405 1005 4459 ep.
1041 4390 1151 4462 42.)

337 4478 480 4532 Item
517 4478 863 4534 Rusticiana:
894 4478 1147 4549 patricias
1175 4495 1187 4534 :
1225 4500 1252 4529 «
1279 4479 1514 4542 Quoties
1545 4481 1616 4535 de
1647 4481 1788 4534 urbe
1819 4479 1976 4551 regia

272 4567 338 4620 ad
373 4583 484 4622 nos
507 4566 722 4637 aliquis
740 4566 918 4633 venit,
943 4583 1093 4622 cum
1116 4567 1281 4623 nobis
1304 4575 1393 4623 est
1423 4570 1494 4624 de
1514 4569 1770 4640 corporis
1805 4571 1977 4625 vestri

275 4655 554 4724 sospitate
584 4656 898 4727 requirere.
919 4657 1026 4712 Sed
1061 4658 1314 4729 peccatis
1347 4659 1494 4714 meis
1532 4657 1898 4725 facientibus,
1923 4663 1980 4714 et

275 4762 510 4818 semper
561 4744 735 4802 audio
767 4762 890 4816 quae
941 4762 1034 4802 me
1079 4746 1251 4803 tedet
1279 4749 1500 4815 audire,
1534 4748 1674 4820 quia
1722 4748 1782 4803 in
1816 4753 1979 4805 tanta

275 4837 562 4890 tenuitate
610 4839 783 4903 atque
831 4834 1128 4891 debilitate
1166 4837 1356 4892 adhuc
1400 4837 1457 4891 in
1509 4838 1672 4894 vobis
1721 4837 1979 4894 referunt

271 4927 541 4996 podagra:
582 4923 812 4979 dolores
853 4939 1198 4982 excrescere.
1233 4927 1340 4982 Sed
1373 4943 1472 4983 oro
1520 4927 1974 4998 omnipotentem

269 5010 611 5081 Dominum,
637 5017 702 5068 ut
731 5015 929 5069 omnia
960 5030 1088 5086 quo
1121 5016 1180 5072 in
1213 5021 1398 5072 vestro
1430 5033 1669 5088 corpore
1700 5022 1973 5087 aguntur,

271 5101 338 5155 ad
391 5101 646 5157 salutem
697 5101 906 5158 anima:
953 5103 1302 5176 dirigantur,
1353 5105 1578 5174 ﬂagella
1631 5107 1976 5173 temporalia

271 5196 548 5246 aeternam
581 5190 742 5246 vobis
775 5193 1028 5262 quietem
1065 5200 1402 5266 praeparent,
1424 5202 1480 5249 et
1506 5211 1604 5264 per
1625 5211 1720 5251 eos
1749 5194 1974 5253 dolores

275 5283 367 5352 qui
404 5298 540 5337 cum
577 5281 690 5336 fine
710 5287 848 5337 sunt
876 5282 1090 5354 gaudia
1120 5285 1282 5340 vobis
1313 5285 1438 5340 sine
1470 5286 1584 5340 fine
1613 5286 1906 5342 concedat.
1942 5309 1970 5336 »

261 5371 413 5438 (Ibid.
453 5387 536 5442 ep.
570 5371 692 5441 22.)

325 5462 470 5516 Item
503 5459 851 5528 Mariniano,
885 5461 1206 5520 Ravennati
1237 5464 1510 5537 episcopo
1538 5483 1550 5521 :
1587 5489 1614 5516 ‹‹
1649 5465 1968 5522 Venientes

2105 3133 2399 3200 Iientibus,
2417 3135 2858 3206 prosperitatem
2879 3138 3193 3194 multitudo
3213 3144 3539 3198 nostrorum
3565 3143 3814 3213 praebeat

2105 3230 2496 3294 peccatorum,
2527 3228 2648 3280 toto
2699 3242 2804 3282 nos
2853 3228 3027 3283 corde
3057 3232 3126 3283 ad
3178 3229 3578 3301 Redemptoris
3625 3233 3812 3288 nostri

2103 3314 2359 3368 remedia
2388 3314 2781 3383 conferamus,
2814 3321 2873 3371 et
2896 3317 3106 3386 quibus
3153 3317 3420 3376 resistam
3449 3320 3663 3376 virtute
3693 3338 3808 3378 non

2101 3419 2435 3475 possumus,
2469 3404 2741 3474 lacrymis
2784 3404 3105 3462 obviemus.
3140 3407 3286 3463 Nam
3319 3408 3456 3479 quid
3506 3410 3670 3466 vobis
3709 3427 3810 3467 ca-

2099 3495 2375 3560 vendum,
2427 3494 2639 3563 quidve
2683 3495 2754 3549 sit
2804 3495 3204 3552 vehementius
3249 3497 3709 3566 formidandum,
3739 3517 3809 3557 ex

2099 3584 2268 3639 istius
2318 3583 2620 3654 provincias
2666 3585 2816 3640 I59
2845 3585 3068 3641 debetis
3115 3585 3470 3643 desolatione
3509 3587 3804 3660 colligere.

2098 3670 2300 3740 Itaque
2351 3671 2569 3738 hortor,
2611 3671 2814 3728 fratres
2862 3673 3217 3740 charissimi,
3269 3678 3352 3740 ut,
3383 3676 3542 3731 omni
3585 3675 3805 3733 hebdo-

2099 3761 2292 3825 mada,
2327 3766 2533 3829 quarta
2563 3765 2618 3816 et
2649 3766 2810 3816 sexta
2842 3761 2980 3818 feria
3027 3761 3284 3818 litaniam
3330 3763 3804 3823 inexcusabiliter

2096 3848 2465 3914 indicatis,et
2495 3855 2697 3906 contra
2727 3849 2835 3906 hos
2868 3851 3181 3907 barbaricas
3209 3852 3576 3910 crudelitatis
3603 3855 3802 3911 incur-

2095 3954 2199 3993 sus
2267 3955 2531 4010 supernae
2592 3939 2968 4009 protectionis
3029 3939 3309 3996 auxilium
3371 3942 3715 4013 imploratis.
3767 3966 3796 3993 ››

2099 4027 2238 4097 (Lib.
2271 4043 2352 4092 ιι,
2379 4045 2466 4093 ep.
2497 4027 2613 4098 5t.)

2165 4117 2252 4172 54.
2281 4117 2539 4172 Tandem
2575 4116 2830 4173 Siciliam
2854 4117 3177 4174 simoniaca
3207 4116 3413 4174 haresi
3433 4117 3795 4190 libidineque

2093 4207 2422 4262 sordentem
2448 4207 2779 4276 Gregorius,
2803 4209 2958 4263 sicut
2978 4208 3148 4263 modo
3175 4208 3458 4274 cernitur,
3481 4208 3791 4280 perituram

2093 4295 2380 4365 praedixit,
2412 4295 3049 4367 Maximiano,episcopo
3083 4297 3460 4369 Syracusano,
3491 4297 3792 4353 scribens:

2014 4391 2061 4456 D
2095 4407 2123 4434 «
2152 4385 2339 4440 Tanta
2371 4384 2537 4441 nobis
2561 4385 2808 4441 subinde
2841 4385 2993 4441 mala
3014 4402 3140 4457 quas
3169 4390 3429 4456 aguntur
3449 4386 3508 4441 in
3540 4385 3639 4442 illa
3669 4403 3798 4458 pro-

2090 4473 2280 4529 vincia
2339 4475 2708 4543 nuntiantur,
2759 4480 2842 4545 ut,
2905 4475 3154 4546 peccatis
3217 4475 3590 4543 facientibus,
3640 4476 3796 4547 quod

2090 4571 2304 4621 avertat
2357 4567 2728 4637 omnipotens
2777 4565 2950 4636 Deus,
2991 4565 3254 4623 celeriter
3297 4582 3424 4622 eam
3474 4566 3794 4638 perituram

2087 4655 2416 4710 credamus.
2451 4679 2478 4705 ››
2512 4655 2696 4726 (Ιὸὶιι.)

2156 4746 2246 4801 55.
2281 4746 2390 4802 Sed
2431 4751 2488 4801 et
2528 4747 2725 4817 pejora
2769 4747 3056 4816 prioribus
3107 4762 3236 4803 esse
3283 4747 3497 4812 futura,
3532 4760 3790 4816 praesago

2087 4833 2320 4905 spiritu,
2379 4834 2646 4900 Maximo,
2694 4835 3029 4892 Salonitano
3086 4835 3378 4907 episcopo,
3427 4833 3649 4900 scribit,
3695 4833 3790 4886 di-

2086 4941 2256 4981 cens:
2290 4947 2318 4977 ‹‹
2340 4926 2423 4981 Ad
2449 4924 2763 4983 Romanam
2791 4927 2991 4986 urbem
3019 4927 3257 4982 veniens
3281 4923 3607 4980 communis
3629 4921 3787 4978 filius

2085 5017 2386 5088 presbyter
2414 5015 2739 5073 Veteranus
2772 5019 2851 5074 ita
2881 5034 2975 5074 me
3003 5017 3267 5088 podagrae
3300 5011 3602 5067 doloribus
3630 5009 3787 5066 debi-

2082 5104 2197 5162 lem
2243 5107 2469 5176 reperit,
2504 5113 2568 5164 ut
2600 5108 2981 5164 fraternitatis
3003 5109 3116 5160 tuas
3148 5100 3414 5174 epistolis
3445 5115 3545 5169 per
3578 5116 3670 5156 me
3701 5116 3788 5156 re-

2081 5197 2364 5267 spondere
2399 5196 2733 5253 nullatenus
2764 5195 3094 5251 valuissem.
3128 5192 3196 5248 Et
3243 5190 3482 5262 quidem
3511 5188 3584 5244 de
3627 5191 3787 5246 Scla-

2080 5302 2283 5342 vorum
2333 5297 2522 5356 gente,
2556 5301 2680 5357 quas
2732 5284 2893 5340 vobis
2942 5281 3108 5338 valde
3141 5279 3431 5348 imminet,
3463 5284 3520 5335 et
3561 5279 3790 5352 afﬂigor

2080 5377 2452 5432 vehementer
2479 5381 2536 5431 et
2565 5375 2898 5430 conturbor.
2932 5371 3171 5444 Afﬂigor
3201 5371 3261 5427 in
3294 5369 3387 5426 his
3417 5386 3544 5441 qua
3568 5371 3692 5441 jam
3726 5371 3786 5426 in

2079 5466 2244 5521 vobis
2267 5464 2496 5536 patior;
2519 5462 2835 5519 conturbor
2856 5467 3048 5519 autem
3075 5461 3214 5535 quia
3236 5477 3336 5532 per
3357 5459 3538 5516 Istrie
3561 5459 3784 5515 aditum

259 5550 494 5624 quidam
526 5555 892 5609 Ravennates
934 5552 1198 5611 homines
1229 5557 1570 5627 gravissimo
1602 5573 1692 5614 me
1725 5573 1968 5614 mcerore
2071 5555 2192 5627 jam
2226 5553 2300 5609 ad
2333 5553 2578 5611 Italliam
2615 5554 2832 5611 intrare
2861 5558 3180 5628 creperunt.
3213 5551 3294 5609 De
3316 5549 3552 5609 Juliano
3585 5553 3782 5606 autem
