2053 3087
136 179 193 211 211

406 176 438 208 8.
462 174 653 208 GREGORII
675 172 802 206 MAGNI
824 173 929 207 ViTA,
953 172 1069 206 Αυατ.
1092 174 1244 206 JOANNE
1265 174 1445 207 DIACONO.
1471 174 1544 206 LIB.
1569 174 1618 206 iV.

1833 173 1892 205 212

133 246 273 275 Seribone
288 245 359 282 quid
378 245 474 273 dicam
485 243 499 272 τ
513 243 612 277 Qando
628 242 735 278 ubique
749 242 833 270 video
848 241 918 277 quia
934 249 985 269 no-
1001 242 1029 275 Α
1044 244 1174 270 mentum
1191 243 1227 270 ab
1243 242 1288 271 his
1303 250 1428 278 quorum
1443 243 1565 271 interest
1579 243 1615 271 de
1630 242 1773 271 servanda
1786 241 1849 277 lege
1864 242 1895 269 et

135 292 180 320 bis
194 293 310 327 peccata
321 292 421 319 nostra
432 289 636 325 respondeant.
650 291 682 315 ut
691 289 720 315 et
730 286 800 314 foris
812 295 829 314 a
838 285 986 322 gentibus,

135 339 163 364 et
178 336 258 363 intus
269 344 286 364 a
300 333 605 370 perversisjudicibus
618 331 852 360 conturbemur?
866 331 921 359 Sed
935 339 988 358 no-

136 381 187 409 lite
208 382 243 409 de
258 380 365 408 talibus
379 378 549 408 omnimodo
571 377 749 410 contristari,
764 377 833 412 quia
848 376 898 412 qui
925 378 990 412 post

137 433 189 453 nos
210 426 334 453 vixerint
357 423 500 452 deteriora
524 424 654 458 tempora
675 421 822 454 videbunt,
839 421 881 449 ita
904 425 935 448 ut
959 421 989 448 in

136 469 353 506 comparatione
372 468 418 496 sui
433 466 573 503 temporis
584 467 681 494 felices
703 474 755 494 nos
767 465 913 494 aestiment
927 465 990 493 dies

138 515 284 543 habuisse.
299 514 330 541 in
343 515 487 549 quantum
503 519 569 540 vero
594 511 763 539 fraternitas
777 513 829 539 tua
843 510 989 546 praevalet,

138 567 284 595 opponere
298 565 329 586 se
345 565 397 594 pro
413 556 560 593 oppressis
574 556 678 589 debet;
695 563 770 592 qua.
787 555 901 583 etiamsi
924 562 992 590 pro-

139 604 223 632 desse
237 602 359 631 minime
373 601 508 637 valuerit,
523 600 589 636 ipsa
603 600 796 636 omnipotenti
812 600 871 628 Deo
888 600 993 627 mentis

140 648 251 676 devotio
276 646 397 680 sufﬁcit,
420 653 509 682 quam
534 645 624 672 dedit.
649 644 796 681 Scriptum
821 647 866 672 est
890 643 990 672 enim:

141 694 222 728 Eripe
235 700 280 720 eos
296 692 343 727 qui
358 691 497 719 ducuntur
507 690 543 718 ad
557 692 682 723 mortem,
694 692 719 718 et
730 691 778 726 qui
791 690 945 718 trahuntur
958 688 993 716 ad

141 737 288 766 interitum
311 736 430 765 liberare
447 744 483 764 ne
495 743 580 763 cesses
604 735 690 771 (Prov.
706 743 784 769 xxiv,
801 735 856 771 tt).
871 735 953 767 Quod
969 733 995 762 si

143 783 270 811 dixeris:
288 781 367 809 Vires
382 789 438 808 non
456 782 626 816 suppetunt,
639 780 691 816 qui
705 779 852 816 inspector
872 784 915 808 est
931 787 993 807 cor-

143 828 189 856 dis
203 827 266 862 ipsa
281 825 427 861 intelligit.
443 824 475 853 In
491 825 571 853 omni
586 832 654 860 ergo
669 824 747 860 quod
763 824 833 859 agis,
850 824 996 860 inspecto-

145 881 206 900 rem
231 871 329 900 cordis
352 872 456 906 appete
480 870 588 898 habere
612 870 770 905 placatum.
786 869 934 905 Quidquid
951 870 997 896 est

146 917 223 945 unde
246 915 289 943 illi
305 914 417 950 placeas
442 914 533 943 facere
557 922 612 942 non
637 915 765 943 omittas.
781 914 852 942 Nam
875 913 997 941 humani

145 964 269 990 terrores
280 962 308 988 et
321 958 434 995 gratias,
451 959 533 987 fumo
553 962 619 987 sunt
636 959 759 994 similes,
776 958 824 994 qui
847 958 904 986 leni
928 965 999 985 aura

147 1009 250 1043 raptus
265 1004 421 1034 evanescit.
440 1004 498 1032 Hoc
521 1004 685 1033 certissime
700 1005 785 1038 scito,
801 1003 872 1040 quia
890 1002 1002 1039 placere

147 1052 206 1080 Deo
214 1051 277 1079 sine
289 1049 382 1086 pravis
392 1049 560 1080 hominibus
570 1049 671 1077 nullus
680 1051 785 1085 potest.
797 1049 829 1077 in
840 1050 921 1077 tanto
933 1055 1002 1084 ergo

149 1104 180 1124 se
191 1096 315 1124 aestimet
329 1096 496 1125 fraternitas
507 1099 556 1123 tua
570 1093 765 1130 omnipotenti
776 1093 834 1121 Deo
845 1093 1002 1129 placuisse,

149 1143 259 1176 quanto
271 1149 303 1170 se
317 1140 460 1177 perversis
475 1138 647 1168 hominibus
663 1138 852 1174 displicuisse
862 1145 1003 1173 cognove-

151 1186 199 1214 rit.
210 1186 268 1221 ipsi
285 1188 384 1214 tamen
395 1185 526 1214 defensio
538 1191 697 1219 pauperum
710 1183 860 1212 moderata
870 1185 899 1210 et
909 1182 1003 1218 gravis

150 1231 199 1263 sit,
217 1239 264 1263 ne,
280 1230 304 1258 si
319 1230 386 1266 quid
403 1229 492 1258 nimis
513 1229 605 1265 rigide
619 1228 717 1264 agitis,
733 1236 767 1256 ex
782 1228 935 1263 jnrentute
955 1234 1004 1254 vos

151 1276 329 1304 arbitrentur
344 1275 478 1303 homines
493 1274 655 1310 superbire.
672 1273 726 1302 Sed
744 1273 811 1302 talia
828 1280 947 1301 necesse
961 1273 1005 1300 est

153 1324 185 1349 ut
200 1320 365 1349 inveniatur
376 1328 428 1357 pro
442 1320 589 1356 oppressis
600 1321 696 1347 vestra
709 1318 849 1351 defensio,
861 1319 1005 1353 quatenus

152 1368 181 1394 et
191 1364 317 1394 humiles
329 1365 537 1401 protectionem
553 1364 692 1397 sentiant,
704 1367 731 1391 et
746 1371 934 1400 oppressores
948 1370 1005 1391 non

154 1410 239 1438 facile
254 1410 404 1438 inveniant
427 1409 504 1444 quod
519 1417 554 1437 ex
569 1408 710 1436 malevola
734 1410 830 1436 mente
846 1407 1006 1444 reprehen-

156 1455 237 1482 dant.
264 1453 387 1482 Attende
410 1461 478 1489 ergo
502 1453 581 1488 quod
605 1452 641 1481 ad
665 1452 841 1481 Ezechielem
868 1452 977 1479 dicitur
998 1458 1006 1479 :

155 1499 214 1528 Fili
230 1499 417 1526 hominis......
430 1497 565 1525 increduli
579 1499 603 1525 et
615 1497 785 1525 subversor“
797 1501 861 1524 sunt
871 1499 970 1530 tecum,
980 1499 1007 1524 et

155 1552 218 1571 cum
233 1543 422 1579 scorpionibus
442 1542 549 1570 habitas
563 1542 670 1577 (Ezech.
687 1550 718 1574 ιι,
732 1542 771 1577 6).
788 1542 821 1569 Et
838 1541 939 1570 beatus
951 1541 1008 1569 Job

157 1589 198 1616 ait
214 1597 220 1616 :
237 1588 337 1616 Frater
350 1587 395 1623 [ui
417 1587 579 1621 draconum,
592 1590 619 1615 et
637 1588 726 1615 socius
749 1587 935 1615 struthionum
949 1586 1008 1622 (Job

158 1641 224 1666 xxx,
234 1632 290 1669 29).
302 1633 337 1660 Et
352 1632 458 1660 Paulus
468 1632 622 1668 discipulis
637 1632 707 1661 dicit
719 1640 726 1659 ε
744 1633 774 1660 in
783 1633 876 1661 medio
885 1631 1009 1659 nationis

155 1685 248 1714 prave
262 1682 290 1705 et
312 1684 456 1713 perversa',
471 1676 547 1705 inter
565 1684 631 1713 quos
646 1677 751 1711 lucetis,
767 1678 835 1705 sicut
856 1676 1009 1705 luminaria

156 1722 186 1749 in
201 1721 303 1749 mundo
318 1721 404 1757 (Phil.
420 1729 451 1754 ιι,
467 1721 522 1757 l5).
538 1721 631 1749 Tanto
646 1729 715 1757 ergo
739 1721 878 1750 debemus
892 1721 1009 1749 cautius

156 1765 318 1799 ambulare,
335 1770 441 1801 quanto
455 1773 509 1794 nos
524 1765 633 1794 scimus
653 1766 729 1794 inter
743 1765 793 1793 Dei
816 1765 952 1794 inimicos
967 1765 1009 1794 vi-

155 1817 230 1839 vere.
246 1822 260 1836 n
277 1811 389 1847 (Regia.
406 1810 454 1838 lib.
470 1819 499 1845 x,
513 1818 557 1846 ep.
573 1810 630 1847 36.)

191 1856 238 1883 56.
250 1855 344 1891 Hujus
358 1854 479 1883 cautela
493 1863 551 1883 suae
566 1855 702 1883 conscius
718 1855 849 1884 Romano
864 1855 1009 1884 defensori

157 1900 312 1936 Gregorius
326 1899 385 1928 ait:
402 1910 416 1922 κ
434 1899 567 1928 Pervenit
579 1900 615 1928 ad
632 1908 686 1929 nos
700 1901 767 1936 quia
780 1900 898 1936 quidam
915 1900 1009 1928 homi-

157 1954 219 1981 nes,
236 1946 376 1975 minorem
399 1946 569 1974 omnimodo
588 1946 794 1975 discretionem
818 1949 962 1981 tenentes,
978 1946 1008 1974 in

155 1991 217 2020 suis
233 1999 286 2019 nos
302 1990 439 2027 periculis
453 1990 597 2027 implicari
613 1991 788 2026 desiderant,
804 1993 892 2027 atque
906 1992 944 2019 ita
959 1999 1008 2020 vo-

158 2036 222 2064 lunt
238 2035 274 2064 ab
289 2035 496 2064 ecclesiasticis
515 2036 646 2071 personis
662 2036 790 2069 defendi,
807 2040 837 2064 ut
852 2036 920 2072 ipse
935 2044 1008 2071 quo-

159 2088 217 2117 que
230 2079 434 2109 ecclesiastica:
446 2087 574 2115 persona:
590 2088 624 2107 ex
634 2087 735 2108 eorum
749 2079 835 2115 culpa
844 2083 1007 2108 teneantur.

160 2124 273 2153 Idcirco
295 2124 432 2160 praesenti
444 2127 473 2152 te
489 2124 682 2160 preceptione
705 2124 858 2159 admoneo,
873 2129 900 2152 et
915 2132 967 2160 per
980 2127 1009 2153 te

158 2169 275 2197 fratrem
287 2170 316 2195 et
329 2167 533 2204 coepiscopum
557 2171 688 2196 nostrum
704 2168 844 2196 domnum
856 2167 1008 2204 Joannem,

156 2212 201 2240 vel
218 2213 336 2240 caeteros
348 2212 425 2240 100
435 2212 485 2247 qui
500 2213 642 2240 intonsae
658 2214 792 2248 possunt,
802 2215 835 2241 ut
849 2213 1009 2249 patrocinia

157 2255 364 2290 ecclesiastica,
379 2257 440 2285 sive
454 2265 519 2285 mea
533 2257 704 2293 suscipiatis
719 2257 837 2294 scripta,
848 2258 908 2286 sive
922 2258 1007 2287 etiam

157 2310 192 2330 ea
216 2301 336 2329 minime
360 2301 468 2329 fuerint
491 2301 612 2336 directa,
628 2302 684 2330 sub
708 2304 788 2330 tanto
811 2303 1009 2332 moderamine

156 2346 287 2375 debeatis
298 2345 477 2382 impendere,
489 2349 642 2382 quatenus,
653 2346 678 2375 si
688 2348 738 2383 qui
748 2347 778 2375 in
788 2347 874 2376 furtis
884 2347 1009 2384 publicis

156 2390 297 2428 implicati
308 2393 387 2425 sunt,
398 2399 416 2419 a
428 2391 513 2420 nobis
524 2399 581 2420 non
598 2392 749 2421 videantur
759 2393 869 2429 injuste
879 2394 1008 2429 defendi,

155 2445 191 2466 ne
210 2436 378 2473 opinionem
405 2437 480 2465 male
501 2437 651 2474 agentium
670 2445 705 2466 ex
724 2438 887 2467 indiscreta
910 2439 1011 2468 defen-

155 2481 249 2511 sionis
259 2488 334 2510 ausu
346 2481 375 2510 in
387 2489 440 2510 nos
450 2481 511 2509 ullo
523 2482 610 2510 modo
623 2483 845 2515 transferamus.
856 2484 906 2512 sed
919 2492 1011 2520 quan-

156 2529 219 2555 tum
242 2526 335 2561 deost,
350 2527 503 2555 ecclesiam
528 2526 710 2556 admonendo
725 2530 754 2556 et
777 2528 895 2557 verbum
920 2529 1011 2558 inter-

158 2571 298 2599 cessionis
313 2571 489 2605 adhibendo,
506 2572 614 2608 quibus
629 2572 731 2601 valetis
746 2574 917 2608 succurrite,
935 2579 968 2602 ut
981 2577 1010 2603 et

156 2615 216 2642 illis
231 2624 317 2651 opem
334 2616 443 2650 feratis,
455 2618 484 2644 et
497 2617 665 2653 opinionem
680 2620 787 2647 sancta
803 2618 936 2647 Ecclesiae
952 2628 1010 2649 non

161 2659 328 2694 inquinetis.
347 2670 358 2684 ι
376 2661 447 2696 (Lib.
464 2668 504 2696 ix,
518 2670 561 2698 ep.
577 2662 635 2698 27.)

194 2703 238 2732 57.
256 2703 328 2732 item
343 2704 490 2740 Januario,
506 2707 654 2743 episcopo,
671 2710 735 2744 post
757 2708 866 2745 aliqua.
883 2721 897 2735 ι(
908 2710 936 2737 Si
960 2710 1011 2746 qui

157 2757 257 2776 eorum
274 2749 308 2776 de
319 2749 425 2784 quibus
446 2751 594 2787 estaliqua
610 2754 772 2789 quaestioin
787 2754 939 2783 ecclesiam
952 2755 1011 2784 for-

161 2798 239 2821 tasse
255 2794 425 2835 refugeriut,
443 2795 481 2821 ita
496 2796 580 2823 debet
593 2804 681 2825 causa
696 2799 823 2835 disponi,
841 2802 873 2828 ut
887 2808 941 2828 nec
954 2800 1012 2836 ipsi

159 2838 326 2876 violenti”)
350 2840 509 2880 patiantur,
524 2848 577 2867 nec
593 2840 623 2868 hi
647 2843 699 2877 qui
723 2843 863 2872 dicuntur
881 2845 1013 2881 oppressi

162 2884 266 2916 damna
283 2883 457 2917 sustineant.
474 2884 554 2913 Cum
568 2892 636 2922 ergo
647 2889 749 2916 vestra
761 2889 800 2917 ait
814 2891 848 2918 ut
861 2889 904 2919 eis
919 2897 1013 2920 sacra-

1038 287 1156 323 justitia
1180 288 1378 322 promittatur,
1402 290 1431 316 et
1453 296 1505 323 per
1528 287 1626 315 omnia
1650 288 1893 315 commoueantur

1043 332 1130 365 exire,
1147 334 1235 368 atque
1250 340 1371 360 suorum
1387 335 1506 360 actuum
1518 332 1637 360 reddere
1650 332 1805 360 rationem.
1824 331 1894 364 Qui-

1043 376 1100 404 bus
1115 377 1204 404 etiam
1220 377 1349 405 ecclesias
1364 379 1468 405 vestras
1487 377 1669 406 defensorem
1684 377 1823 412 deputare
1843 384 1896 404 vos

1044 421 1276 457 convenit,cujus
1291 422 1490 451 sollicitudine
1503 431 1538 451 ea
1552 431 1616 458 quas
1632 421 1692 450 illis
1709 421 1817 450 fuerint
1832 430 1896 457 pro-

1046 466 1137 494 missa
1152 470 1310 495 serventur.
1328 478 1341 492 η
1358 467 1428 502 (Lib.
1445 475 1473 501 x,
1489 475 1532 502 ep.
1547 467 1605 503 38.)

1080 511 1124 538 58.
1141 512 1261 544 Quantae
1286 511 1464 540 humilitatis
1483 511 1638 548 Gregorius
1658 511 1755 543 fuerit,
1771 519 1837 539 cum
1862 518 1898 538 ex

1047 556 1159 589 multis,
1168 560 1228 583 tum
1238 564 1273 584 ex
1283 556 1330 584 his
1342 556 1577 584 manifestissime
1589 556 1696 592 poterit
1706 554 1897 591 deprehendi,

1046 600 1124 636 quod
1138 607 1241 628 omnes
1255 600 1370 636 quidem
1386 600 1560 634 sacerdotes,
1575 600 1678 628 fratres
1694 602 1723 628 et
1736 598 1896 628 commini-

1046 647 1133 680 stros,
1153 644 1274 673 clericos
1298 649 1393 673 autem
1415 645 1522 674 diversi
1552 644 1665 673 ordinis
1690 644 1900 673 dilectissimus

1048 689 1133 724 ﬁlios,
1150 692 1180 718 at
1194 698 1259 717 vero
1275 690 1363 718 laicoa
1377 690 1455 718 viros
1470 690 1616 723 dominos,
1624 693 1651 718 et
1666 690 1790 718 feminas
1805 688 1901 717 domi-

1049 743 1113 769 nas,
1127 734 1159 762 in
1182 735 1242 762 suis
1256 735 1359 763 litteris
1384 735 1567 769 nominabat,
1582 742 1677 771 neque
1701 735 1739 762 ab
1756 734 1854 770 aliquo
1869 741 1901 761 se

1049 787 1200 808 summum
1215 779 1381 815 pontiﬁcem
1396 782 1448 807 aut
1462 779 1654 807 universaiem
1666 779 1729 807 sive
1744 778 1902 807 dominum

1051 826 1146 854 vocari
1170 825 1374 861 aequanimiter
1402 825 1598 861 permittebat.
1614 824 1687 853 Nam
1715 826 1747 853 ut
1777 832 1812 852 ea
1835 832 1900 860 quo

1052 878 1141 906 super
1165 870 1332 905 huiusmodi
1356 870 1563 905 comprehensa
1578 872 1647 899 sunt
1667 869 1903 906 pmtermittam,

1013 925 1037 958 Β
1052 914 1228 943 Rusticiana;
1247 914 1375 950 patricia
1390 914 1531 948 scribens,
1547 915 1588 943 ait
1601 923 1608 943 :
1625 924 1638 940 ι
1656 913 1838 943 Ειοθιιθηιίω
1853 920 1903 941 ve-

1052 962 1118 987 stras
1129 959 1237 995 scripta
1247 959 1373 994 suscepi,
1381 967 1445 994 quas
1456 967 1501 987 me
1511 959 1540 986 in
1551 959 1723 994 gravissima
1732 957 1904 994 aegritudine

1052 1004 1194 1040 positum,
1213 1004 1250 1031 de
1273 1003 1379 1036 salute,
1394 1004 1431 1031 de
1452 1003 1612 1039 devotione,
1632 1011 1665 1031 ac
1688 1003 1724 1031 de
1746 1001 1903 1030 dulcedine

1053 1057 1106 1078 sua
1113 1049 1233 1078 omnino
1243 1049 1419 1078 relevarent.
1431 1048 1525 1077 Unum
1540 1056 1607 1077 vero
1617 1056 1692 1085 (egre
1702 1047 1820 1083 suscepi
1831 1047 1904 1083 quia

1053 1094 1084 1123 in
1099 1095 1209 1123 eisdem
1227 1094 1359 1131 epistolis
1375 1095 1409 1122 ad
1427 1102 1474 1122 me
1487 1094 1576 1130 (quod
1591 1093 1681 1122 semel
1702 1101 1765 1121 esse
1781 1092 1906 1128 poterat)

1055 1140 1161 1176 sepius
1177 1140 1349 1168 dicebatur:
1364 1139 1477 1168 Ancilla
1491 1143 1597 1174 vestra,
1607 1138 1714 1166 ancilla
1728 1140 1829 1166 vestra.
1847 1137 1904 1172 Ego

1055 1185 1144 1218 enim,
1156 1185 1205 1221 qui
1223 1193 1273 1221 per
1282 1186 1470 1221 episcopatus
1483 1192 1572 1213 onera
1582 1192 1683 1212 servus
1695 1191 1761 1212 sum
1772 1182 1906 1211 omnium

1057 1231 1162 1264 factus,
1174 1238 1231 1265 qua
1244 1229 1354 1257 ratione
1364 1232 1393 1257 te
1408 1229 1481 1257 mihi
1497 1228 1633 1257 ancillam
1645 1228 1730 1262 dicis,
1743 1227 1828 1263 cujus
1839 1228 1908 1254 ante

1057 1278 1225 1310 susceptum
1241 1274 1444 1311 episcopatum
1470 1273 1607 1310 proprius
1622 1273 1663 1300 fui
1673 1273 1687 1300 ?
1702 1273 1736 1301 Et
1750 1271 1815 1301 ideo
1839 1279 1908 1305 rogo

1058 1328 1108 1354 per
1115 1319 1345 1356 omnipotentem
1358 1319 1450 1347 Deum
1461 1327 1497 1347 ue
1507 1318 1562 1347 hoc
1573 1318 1692 1346 verbum
1702 1317 1861 1353 aliquando
1872 1315 1910 1344 sd

1058 1371 1105 1392 me
1120 1364 1149 1391 in
1165 1363 1280 1399 scriptis
1295 1363 1400 1391 vestris
1411 1362 1568 1392 inveniam.
1586 1373 1599 1387 »ι
1614 1362 1683 1397 (Lib.
1700 1370 1739 1396 xt,
1754 1369 1799 1397 ep.
1814 1360 1873 1396 ιι.)

1092 1409 1136 1436 59.
1149 1408 1243 1444 Hujus
1258 1408 1434 1436 humilitatis
1443 1407 1670 1436 mansuetudine
1679 1406 1836 1442 Gregorius
1852 1414 1910 1434 non

1058 1454 1151 1482 solum
1159 1454 1365 1482 Theudelindaa
1371 1454 1476 1490 reginae
1487 1453 1743 1490 Langobardorum
1750 1460 1802 1488 pro
1816 1451 1912 1480 tribus

1060 1498 1203 1533 capitulis,
1218 1506 1322 1526 verum
1341 1498 1440 1532 etiam,
1457 1498 1532 1526 inter
1554 1497 1635 1531 alios,
1656 1496 1761 1525 Savino
1785 1503 1912 1532 quoque,

1062 1551 1114 1571 suo
1142 1543 1332 1577 subdiacono,
1361 1542 1530 1571 satisfacere
1559 1550 1617 1570 non
1646 1542 1753 1574 renuit,
1783 1541 1881 1569 dicens
1904 1549 1911 1568 :

1024 1600 1074 1640 Cu
1100 1588 1243 1616 Exeuntes
1272 1587 1390 1640 maligni
1419 1587 1552 1616 homines
1578 1587 1768 1640 turbaverunt
1797 1586 1914 1614 animos

1063 1636 1184 1665 vestros,
1202 1641 1260 1661 non
1276 1632 1470 1668 intelligentes
1484 1640 1579 1668 neque
1598 1640 1662 1668 qua:
1679 1631 1849 1668 loquuntur,
1865 1639 1916 1659 ne~

1063 1686 1121 1714 que
1136 1679 1172 1706 de
1181 1678 1290 1713 quibus
1302 1678 1461 1712 afﬁrmant,
1472 1678 1657 1705 adstrueutes
1668 1676 1744 1712 quod
1756 1676 1866 1712 aliquid
1878 1676 1916 1704 de

1063 1725 1166 1752 sancta
1174 1722 1401 1750 Chalcedoueasi
1412 1722 1524 1758 synodo
1536 1722 1588 1757 pia
1600 1721 1740 1750 memoria
1755 1720 1915 1749 Justiniani

1063 1766 1245 1802 temporibus
1255 1766 1294 1793 sit
1311 1765 1511 1798 imminutum,
1522 1772 1609 1800 quam
1623 1772 1676 1792 nos
1689 1764 1765 1792 omni
1778 1764 1835 1791 ﬁde
1850 1772 1914 1791 om-

1063 1811 1152 1847 nique
1167 1810 1317 1839 devotione
1336 1817 1529 1843 veneramur;
1544 1811 1573 1837 et
1587 1808 1630 1837 sic
1649 1811 1775 1845 quatuor
1787 1809 1914 1844 synodos

1063 1859 1171 1885 saneta
1199 1855 1374 1884 universalis
1402 1855 1539 1884 Ecclesia
1570 1855 1647 1883 sicut
1671 1856 1797 1891 quatuor
1821 1855 1915 1883 libros

1063 1901 1156 1930 sancti
1172 1900 1316 1937 Evangelii
1332 1900 1498 1936 recipimus.
1514 1900 1555 1928 De
1570 1900 1701 1936 personis
1717 1907 1783 1928 vero
1798 1899 1834 1928 de
1849 1900 1915 1935 qui-

1063 1946 1119 1974 bus
1145 1948 1209 1982 post
1238 1946 1394 1974 terminum
1419 1945 1524 1981 synodi
1553 1944 1661 1980 aliquid
1687 1946 1783 1972 actum
1808 1943 1912 1977 fuerat,

1062 1990 1195 2026 ejusdem
1205 1990 1258 2026 pias
1268 1989 1414 2018 memorie
1426 1988 1586 2017 Justiniani
1596 1988 1778 2024 temporibus
1788 1989 1833 2016 est
1847 1995 1915 2016 ven-

1062 2035 1179 2063 tilatum
1192 2043 1200 2068 ;
1216 2035 1256 2062 ita
1269 2037 1366 2063 tamen
1381 2036 1414 2062 ut
1429 2041 1482 2062 nec
1497 2033 1570 2061 ﬁdes
1584 2033 1614 2061 in
1630 2032 1729 2068 aliquo
1745 2031 1914 2067 violaretur,

1063 2088 1116 2109 nec
1127 2081 1162 2108 de
1176 2080 1285 2108 eisdem
1302 2079 1434 2116 personis
1449 2078 1561 2114 aliquid
1574 2078 1653 2106 aliud
1668 2079 1813 2114 ageretur,
1825 2085 1914 2113 quam

1062 2125 1139 2162 apud
1163 2125 1295 2154 eamdem
1320 2127 1452 2152 sanctam
1475 2123 1742 2151 Cbalcedonensem
1767 2122 1914 2159 synodum

1063 2171 1157 2199 fuerat
1167 2169 1371 2198 constitutum.
1383 2168 1670 2197 Anatbematizamua
1684 2170 1795 2202 autem,
1806 2166 1830 2195 si
1845 2167 1916 2203 quis

1062 2222 1096 2244 ex
1108 2215 1277 2244 deﬁnitione
1293 2214 1359 2242 ﬁdei
1370 2222 1434 2250 qua!
1450 2214 1481 2242 in
1492 2213 1595 2242 eadem
1611 2212 1723 2248 synodo
1735 2212 1847 2248 prolata
1857 2213 1914 2246 est,

1063 2260 1174 2296 aliquid
1184 2259 1359 2288 imminuere
1374 2258 1574 2295 presumpsit,
1584 2257 1628 2286 vel
1644 2257 1727 2293 quasi
1742 2256 1916 2293 corrigendo

1063 2307 1128 2341 ejus
1141 2313 1260 2334 sensum
1276 2307 1401 2337 mutare,
1416 2304 1467 2332 sed
1492 2304 1568 2332 sicut
1581 2301 1649 2331 illio'
1666 2302 1776 2337 prolata
1792 2303 1849 2334 est,
1865 2309 1918 2338 per

1063 2351 1162 2380 omnia
1176 2349 1366 2378 custodimus.
1383 2349 1423 2377 Te
1435 2356 1514 2384 ergo.
1531 2347 1571 2375 illi
1586 2346 1770 2380 charissima,
1783 2347 1865 2375 decet
1880 2346 1918 2374 ad

1064 2395 1205 2424 unitatem
1226 2394 1291 2423 ﬁdei
1315 2401 1457 2427 remeare,
1473 2392 1545 2421 ‘IOI
1565 2397 1595 2420 ut
1611 2392 1699 2420 ﬁnem
1721 2393 1805 2419 tuum
1819 2390 1919 2419 valeas

1062 2440 1091 2467 in
1104 2448 1175 2476 pace
1189 2438 1375 2472 concludere,
1387 2446 1423 2466 ne
1438 2437 1588 2472 malignus
1601 2436 1734 2472 spiritus,
1747 2434 1799 2471 qui
1813 2437 1918 2464 contra

1062 2486 1091 2513 te
1107 2492 1158 2520 per
1171 2483 1228 2512 alia
1239 2491 1327 2520 opera
1343 2482 1497 2518 praevalere
1513 2490 1570 2510 non
1586 2482 1691 2517 potest.
1707 2488 1742 2508 ex
1758 2480 1813 2508 hac
1827 2487 1919 2508 causa

1063 2529 1187 2559 inveniat
1203 2529 1282 2557 unde
1292 2528 1342 2556 tibi
1358 2527 1389 2555 in
1400 2527 1448 2556 die
1462 2526 1556 2555 exitus
1566 2526 1610 2554 tui
1625 2525 1654 2554 in
1666 2525 1747 2554 aditu
1762 2524 1845 2561 regni
1859 2532 1918 2553 cm-

1064 2576 1146 2604 lestis
1160 2575 1296 2603 obsistat.
1314 2584 1328 2599 n
1343 2573 1415 2608 (Lib.
1430 2580 1473 2606 ιιι,
1489 2580 1532 2608 ep.
1549 2571 1605 2607 t0.)

1099 2621 1145 2648 60.
1161 2620 1230 2648 item
1250 2619 1403 2656 Gregoria,
1414 2617 1598 2647 cubicularis
1617 2618 1764 2652 Augusta,
1779 2617 1845 2651 post
1859 2622 1918 2642 cas-

1064 2668 1127 2694 tera
1138 2673 1145 2694 :
1158 2676 1172 2690 α
1186 2665 1266 2698 Quod
1284 2663 1409 2693 dulcedo
1424 2667 1473 2692 tua
1483 2663 1513 2691 in
1528 2662 1591 2691 suis
1606 2660 1738 2697 epistolis
1753 2658 1918 2695 subjunxit,

1066 2711 1266 2747 importunam
1279 2717 1310 2737 se
1326 2708 1398 2737 mihi
1409 2708 1530 2736 existere
1544 2713 1698 2742 quousque
1706 2705 1830 2733 scribam
1843 2704 1919 2732 mihi

1065 2763 1130 2786 esse
1143 2757 1300 2783 revelatum
1315 2753 1385 2790 quia
1400 2754 1520 2789 peccata
1530 2754 1581 2779 tua
1596 2749 1718 2778 dimissa
1731 2749 1801 2783 sint,
1814 2757 1875 2778 rem
1889 2750 1918 2777 et

1067 2799 1215 2829 difﬁcilem
1231 2803 1258 2828 et
1272 2798 1406 2827 inutilem
1431 2795 1595 2833 postulasti.
1607 2794 1760 2824 Difﬁcilem
1787 2794 1917 2829 quidem,

1068 2844 1136 2882 quia
1152 2852 1205 2881 ego
1216 2844 1357 2881 indignus
1369 2850 1448 2877 sum,
1460 2842 1507 2870 cui
1523 2840 1661 2870 revelatio
1670 2839 1731 2868 ﬁeri
1746 2838 1870 2872 debeat;
1887 2838 1918 2866 in

1068 2890 1168 2920 utilem
1180 2898 1257 2925 vero,
1270 2888 1338 2926 quia
1348 2896 1453 2918 secura
1463 2887 1499 2916 de
1509 2886 1636 2924 peccatis
1652 2884 1713 2914 tuis
1725 2883 1787 2913 ﬁeri
1797 2892 1854 2913 non
1865 2884 1917 2912 de-
