4106 6174
261 288 374 365 sis

773 301 838 363 S.
887 300 1263 364 GREGORlI
1313 303 1562 365 MAGNl
1611 303 1816 373 VlTA,
1863 299 2093 364 AUCT.
2139 299 2446 366 JOANNE
2494 300 2857 366 DIACONO.
2903 301 3055 364 LIB.
3103 301 3203 363 IV.

3633 303 3756 363 214

261 437 366 503 bes,
396 436 499 491 nisi
531 451 653 492 cum
671 435 795 505 jam
820 434 882 491 in
911 434 1004 491 die
1029 434 1152 490 vitai
1186 439 1297 491 tuae
1322 435 1528 492 ultimo
1553 435 1824 508 plangere
1845 451 1940 491 ea-
1970 435 2021 504 Α
2050 434 2291 504 halaret,
2319 435 2635 492 Sabiniano
2676 451 2784 491 suo
2821 432 3066 490 diacono
3114 432 3758 506 Constantinopolitano

262 525 372 580 dem
403 536 619 595 peccata
651 525 889 580 minime
918 525 1173 593 valebis;
1209 542 1332 597 quae
1363 527 1487 581 dies
1520 543 1820 597 quousque
1845 540 1933 580 ve-

262 616 386 679 niat,
415 632 632 686 semper
656 621 948 687 suspecta,
974 631 1204 686 semper
1245 616 1490 686 trepida,
1523 621 1778 671 metuere
1807 616 1930 671 cul-

264 721 351 776 pas
379 706 566 769 debes,
621 711 792 775 atque
852 719 948 760 eas
988 704 1347 776 quotidianis
1379 704 1613 760 ﬂetibus
1657 705 1927 762 lavare.»

262 794 378 862 (Lib.
407 807 506 860 vn,
539 795 642 863 Ep.
692 792 808 862 25.)

317 882 394 936 61.
413 883 548 937 item
574 884 896 949 Anastasio,
922 885 1528 956 presbyterolsaurize,
1556 890 1685 956 post
1706 884 1928 956 aliqua:

259 996 276 1019 ιι
301 970 404 1024 Tua
423 971 616 1041 itaque
639 971 974 1027 fraternitas
1014 979 1300 1044 quantum
1340 976 1397 1028 in
1431 973 1710 1028 charitate
1744 975 1931 1044 perfe-

255 1068 328 1114 cta
354 1060 436 1126 sit,
457 1064 575 1117 scio
609 1077 624 1115 :
657 1067 714 1117 et
743 1063 840 1132 qui
878 1063 1328 1132 omnipotentem
1355 1064 1535 1119 Deum
1563 1065 1814 1119 multum
1838 1066 1929 1120 di-

254 1149 379 1220 ligit,
405 1155 622 1219 oportet
665 1156 729 1205 ut
758 1151 828 1206 de
860 1151 1118 1222 proximo
1165 1153 1410 1208 multum
1447 1158 1772 1224 praesumat.
1805 1159 1928 1209 Non

248 1239 378 1293 enim
410 1239 528 1295 loca
558 1238 646 1294 vel
691 1240 925 1295 ordines
964 1241 1217 1296 Creatori
1265 1247 1460 1297 nostro
1512 1244 1804 1313 proximos
1845 1243 1927 1298 fa-

251 1328 409 1396 ciunt,
433 1329 526 1383 sed
563 1327 616 1384 ei
669 1345 774 1384 nos
812 1331 912 1384 aut
949 1332 1152 1386 merita
1203 1331 1356 1386 bona
1408 1333 1794 1403 conjungunt,
1830 1338 1930 1388 aut

253 1417 383 1472 mala
411 1419 779 1490 disiungunt.
805 1419 951 1484 Quia
971 1436 1107 1491 ergo
1130 1420 1321 1476 adhuc
1344 1421 1632 1477 incertum
1665 1426 1772 1490 est,
1800 1422 1930 1492 quis

249 1507 463 1563 interius
486 1509 680 1579 qualis
705 1508 801 1576 sit,
825 1527 930 1565 cur
962 1527 1074 1565 non
1100 1510 1318 1566 audeas
1341 1511 1610 1579 scribere,
1631 1528 1759 1567 cum
1784 1513 1931 1567 inter

253 1613 321 1652 me
347 1607 394 1653 et
425 1606 476 1653 te
498 1598 632 1668 quis
654 1599 728 1655 sit
749 1600 1012 1670 superior
1042 1600 1275 1672 ignores
1295 1599 1323 1655 ἓ
1349 1602 1414 1656 Et
1444 1601 1675 1672 quidem
1708 1602 1853 1657 bene
1876 1607 1929 1659 te

243 1687 405 1743 vivere
427 1688 566 1756 scio,
617 1705 708 1745 me
739 1697 935 1746 autem
977 1690 1177 1746 multis
1209 1697 1516 1747 oneratum
1551 1694 1799 1764 peccatis
1840 1709 1928 1748 co-

2043 526 2322 592 scribens,
2377 526 2458 581 ait
2509 543 2584 582 ;‹‹
2638 525 2828 582 Unum
2879 529 2969 580 est
3011 524 3168 595 quod
3203 524 3450 582 breviter
3481 541 3760 598 suggeras

2041 616 2431 671 serenissimis
2463 615 2720 671 dominis
2752 615 2989 680 nostris,
3024 614 3162 685 quia
3203 613 3253 669 si
3287 629 3390 687 ego
3431 631 3631 671 servus
3663 632 3758 672 eo-

2043 723 2168 762 rum
2204 708 2260 762 in
2297 713 2480 762 morte
2506 705 3012 776 Langobardorum
3040 720 3131 760 me
3163 705 3408 762 miscere
3441 705 3759 763 voluissem

2039 797 2211 852 hodie
2263 799 2778 869 Langobardorum
2827 813 2973 868 gens
3016 812 3122 851 nec
3158 812 3375 868 regem,
3405 812 3509 852 nec
3559 797 3764 864 duces,

2043 903 2145 941 nec
2177 889 2415 942 comites
2439 888 2695 953 haberet,
2730 891 2898 955 atque
2928 886 2988 940 in
3021 901 3256 941 summa
3298 884 3642 942 confusione
3673 885 3764 941 di-

2042 976 2161 1032 visa
2193 982 2360 1033 esset.
2402 978 2511 1033 Sed
2539 978 2677 1047 quia
2711 977 2892 1032 Deum
2914 975 3114 1039 timeo.
3142 977 3200 1030 in
3229 980 3414 1031 morte
3447 974 3763 1046 cujuslibet

2043 1065 2294 1122 hominis
2328 1083 2417 1122 me
2446 1067 2686 1122 miscere
2735 1065 3004 1122 formido.
3052 1063 3319 1121 Malchus
3360 1069 3556 1120 autem
3602 1065 3759 1120 idem

2040 1155 2347 1227 episcopus
2374 1172 2562 1227 neque
2593 1157 2650 1211 in
2683 1156 2945 1212 custodia
2975 1152 3105 1222 fuit,
3129 1169 3316 1225 neque
3359 1152 3419 1208 in
3450 1153 3648 1224 aliqua
3676 1154 3760 1210 af-

2039 1245 2311 1314 ﬂictione,
2353 1248 2453 1301 sed
2487 1246 2578 1301 die
2632 1262 2748 1316 qua
2785 1260 3019 1300 causam
3064 1244 3212 1298 dixit
3253 1247 3310 1298 et
3341 1242 3613 1299 addictus
3643 1248 3754 1312 est,

2041 1336 2336 1391 nesciente
2391 1351 2501 1401 me,
2533 1353 2567 1391 a
2617 1335 2911 1390 Bonifacio
2964 1334 3186 1389 notario
3235 1333 3295 1388 in
3350 1334 3596 1390 domum
3625 1334 3758 1405 ejus

2037 1424 2249 1480 ductus
2280 1429 2384 1488 est,
2413 1425 2606 1495 ibique
2641 1423 2962 1495 prandidit,
2992 1428 3050 1479 et
3082 1423 3402 1478 honoratus
3434 1428 3525 1479 est
3562 1424 3634 1480 ab
3665 1439 3756 1492 eo,

2037 1520 2093 1570 et
2143 1521 2311 1570 nocte
2361 1515 2556 1570 subito
2601 1520 2868 1569 mortuus
2912 1519 3003 1570 est
3046 1513 3334 1569 inventus.
3387 1531 3413 1563 ι
3481 1513 3622 1584 (Lib.
3682 1527 3759 1580 tv,

2036 1620 2118 1674 ep.
2157 1603 2276 1658 47A

2106 1693 2194 1747 65.
2231 1692 2409 1762 Igitur
2442 1693 2500 1748 in
2525 1691 2802 1748 omnibus
2826 1691 2951 1748 suis
2976 1691 3150 1746 dictis
3171 1690 3259 1746 vel
3293 1691 3586 1762 operibus,
3619 1691 3758 1748 Gre-

242 1795 448 1850 gnosco.
501 1781 619 1837 Sed
651 1781 756 1837 etsi
789 1781 914 1853 ipse
967 1788 1232 1855 peccator
1262 1800 1345 1849 es,
1380 1792 1568 1840 tamen
1617 1801 1708 1840 me
1748 1784 1925 1840 multo
1961 1811 2007 1875 Β
2038 1783 2242 1853 gorius
2274 1782 2681 1839 imminentem
2732 1783 2935 1839 futurae
2986 1782 3389 1838 retributionis
3421 1781 3574 1838 diem
3617 1783 3762 1838 ulti-

242 1868 416 1924 melior
445 1886 523 1938 es,
583 1870 725 1942 quia
757 1877 855 1926 tua
902 1878 956 1926 tu
992 1874 1419 1942 tantummodo,
1453 1890 1558 1945 ego
1593 1889 1725 1930 vero
1756 1879 1812 1929 et
1841 1891 1929 1930 eo-

243 1976 349 2013 rum
379 1959 474 2031 qui
504 1960 656 2014 mihi
707 1961 1002 2016 commissi
1051 1967 1190 2017 sunt
1223 1969 1457 2033 peccata
1501 1969 1686 2034 porto.
1723 1963 1784 2018 In
1820 1964 1928 2021 hoc

245 2062 355 2119 ergo
381 2054 434 2103 te
463 2049 674 2118 altum,
718 2050 774 2105 in
807 2049 916 2106 hoc
947 2057 1004 2107 te
1029 2067 1304 2121 magnum
1337 2053 1579 2124 aspicio,
1627 2053 1765 2123 quia
1795 2059 1930 2109 ante

246 2136 503 2195 humanos
533 2141 738 2195 oculos
769 2142 827 2196 in
851 2157 1061 2213 magno
1093 2151 1270 2214 atque
1293 2143 1352 2199 in
1385 2141 1502 2198 alta
1535 2143 1658 2198 loco
1690 2144 1931 2199 minime

247 2230 511 2299 proiecisti
549 2247 565 2285 :
609 2230 667 2286 in
691 2247 806 2302 quo
839 2247 989 2300 sepe
1019 2237 1158 2288 dum
1192 2233 1443 2288 exterius
1475 2233 1544 2289 ab
1594 2234 1932 2289 hominibus

246 2317 406 2373 honor
435 2319 740 2388 tribuitur,
763 2321 832 2376 ad
864 2320 983 2376 ima
1014 2322 1247 2377 animus
1281 2323 1578 2392 mergitur,
1613 2324 1752 2394 quia
1778 2324 1931 2378 curis

243 2406 682 2478 discerpentibus
703 2414 992 2480 gravatur.
1027 2409 1151 2465 Tibi
1179 2417 1372 2466 autem
1394 2412 1760 2483 omnipotens
1781 2413 1932 2467 Deus

238 2497 380 2566 juxta
410 2498 515 2554 hoc
549 2500 711 2570 quod
745 2500 1022 2570 scriptum
1056 2506 1164 2569 est,
1200 2503 1464 2556 Ascensus
1486 2503 1544 2556 in
1573 2501 1732 2556 corde
1750 2500 1932 2572 dispo-

243 2589 330 2640 suit
359 2589 414 2642 in
443 2588 599 2643 valle
629 2589 1002 2660 larrymarum
1027 2590 1206 2660 (Psal.
1236 2608 1391 2657 xxxn,
1417 2593 1492 2662 6).
1529 2595 1707 2647 Multo
1739 2597 1932 2647 autem

248 2675 364 2730 mihi
387 2679 580 2746 altior,
617 2678 802 2733 multo
827 2678 1135 2735 sublimior
1165 2681 1341 2736 videri
1377 2689 1627 2752 poteras,
1668 2681 1716 2738 si
1750 2698 1936 2752 neque

248 2766 490 2822 ducatum
525 2769 869 2823 monasterii
903 2769 1058 2839 quod
1089 2769 1236 2826 Neas
1259 2771 1473 2826 dicitur
1503 2772 1880 2844 suscepisses.
1907 2795 1934 2822 »

248 2855 366 2923 (Lib.
397 2873 490 2922 vn,
524 2873 618 2926 ep.
661 2857 779 2926 32.)

302 2947 381 3000 62.
437 2947 590 3002 Item
623 2948 916 3019 Stephano
961 2949 1252 3020 episcOpo,
1279 2951 1426 3007 inter
1455 2951 1566 3008 alia
1599 2970 1611 3006 :
1643 2973 1662 3001 ι
1689 2952 1937 3008 Multum

252 3034 388 3104 mihi,
420 3042 474 3092 et
507 3039 667 3092 ultra
702 3053 872 3109 quam
906 3038 1184 3111 indignus
1215 3040 1417 3097 audire
1453 3042 1647 3108 debui,
1686 3043 1939 3098 favorem

256 3125 300 3178 in
330 3127 593 3197 epistolis
623 3127 1054 3184 demonstratis.
1087 3130 1154 3184 Et
1183 3131 1462 3202 scriptum
1487 3137 1576 3186 est
1611 3150 1623 3188 :
1648 3132 1722 3187 Ne
1753 3133 1943 3188 laudes

2040 1887 2204 1926 mum
2255 1873 2664 1944 perpendebat,
2709 1877 2984 1943 tantoque
3013 1871 3244 1927 cautius
3276 1875 3487 1928 cuncta
3515 1876 3761 1927 cuncto-

2043 1979 2174 2018 rum
2216 1965 2446 2034 negotia
2491 1962 2852 2034 ponderabat
2881 1968 3098 2034 quanto
3148 1961 3537 2034 propinquius
3583 1961 3759 2018 finem

2042 2053 2244 2107 mundi
2276 2051 2769 2120 insistere,ruinis
2793 2053 2918 2121 ejus
2940 2051 3465 2119 crebrescentibus,
3503 2051 3760 2108 adverte-

2041 2143 2160 2198 bat.
2193 2143 2558 2214 Quapropter
2602 2141 2661 2197 in
2707 2141 2967 2197 bomiliis
2995 2140 3360 2212 Evangelicis
3394 2140 3760 2212 perhibetdi-

2043 2247 2180 2287 cens
2215 2248 2228 2287 :
2265 2253 2292 2282 «
2328 2231 2611 2302 Exsurget
2641 2247 2785 2302 gens
2803 2235 3004 2286 contra
3033 2235 3257 2301 gentem
3293 2238 3347 2286 et
3381 2246 3622 2300 regnum
3650 2231 3758 2286 ad-

2043 2336 2248 2376 versus
2281 2337 2546 2391 regnum,
2581 2329 2634 2376 et
2667 2326 2842 2376 erunt
2863 2324 3023 2376 terrae
3052 2323 3248 2375 motus
3267 2319 3463 2390 magni
3493 2335 3595 2390 per
3610 2317 3755 2384 loca,

2045 2411 2389 2483 pestilentia:
2419 2417 2477 2466 et
2505 2412 2703 2468 fames.
2738 2432 2765 2460 »
2791 2410 2858 2465 Et
2881 2409 3238 2481 quibusdam
3275 2407 3636 2480 interpositis
3659 2408 3757 2464 ad-

2035 2502 2232 2573 junxit
2279 2518 2292 2556 :
2331 2526 2350 2551 ι
2390 2502 2457 2557 Et
2483 2507 2653 2557 erunt
2677 2502 2845 2569 signa
2868 2501 2926 2556 in
2959 2499 3082 2555 sole
3111 2505 3167 2555 et
3207 2499 3348 2554 luna
3378 2504 3436 2555 et
3464 2498 3672 2567 stellis,
3703 2506 3758 2553 et

2043 2593 2103 2648 in
2129 2593 2298 2648 terris
2343 2609 2614 2660 pressura
2662 2591 2926 2661 gentium
2997 2607 3112 2660 pres
3143 2590 3486 2645 confusione
3539 2590 3756 2644 sonitus

2047 2685 2224 2740 maris
2255 2690 2311 2739 et
2343 2685 2645 2739 ﬂuctuum.
2680 2682 2760 2737 Ex
2799 2681 3014 2752 quibus
3044 2680 3298 2752 profecto
3334 2679 3606 2735 omnibus
3648 2678 3759 2734 alia

2040 2777 2162 2845 jam
2199 2775 2348 2828 facta
2397 2774 2706 2838 cernimus,
2759 2771 2866 2827 alia
2901 2770 2958 2825 in
2993 2769 3254 2841 proximo
3285 2773 3526 2825 ventura
3563 2768 3762 2824 formi-

2047 2866 2275 2920 damus.
2317 2862 2458 2917 Nam
2491 2867 2722 2933 gentem
2754 2865 2956 2916 contra
3006 2863 3237 2930 gentem
3282 2874 3612 2930 exsurgere,
3657 2873 3760 2914 ea.

2049 2968 2300 3023 rumque
2351 2967 2685 3022 pressuram
2719 2949 2884 3005 terris
2910 2948 3199 3013 insistere,
3235 2947 3366 3018 plus
3399 2949 3526 3017 jam
3567 2947 3623 3000 in
3657 2963 3761 3001 no-

2051 3041 2191 3098 stris
2225 3039 2714 3096 tribulationibus
2747 3037 3042 3094 cernimus
3064 3051 3236 3107 quam
3263 3033 3322 3091 in
3354 3033 3654 3091 codicibus
3684 3034 3764 3090 le-

2053 3132 2270 3204 gimus.
2323 3131 2484 3198 Quod
2517 3135 2680 3185 terrae
2733 3132 2927 3183 motus
2971 3127 3143 3182 urbes
3182 3125 3523 3180 innumeras
3553 3125 3764 3181 obruat

252 3181 1940 3292 hominemquamdiuviuit
1971 3181 2021 3247 Ο
2050 3181 2280 3279 git—aliis
2317 3181 3050 3291 mundi-partibusmcitis,
3083 3233 3260 3287 quam
3300 3215 3632 3286 frequenter
3661 3231 3760 3270 au-

249 3305 350 3358 dire
372 3305 499 3362 talia
530 3307 756 3377 dignus
779 3323 892 3363 non
929 3307 1029 3376 fui,
1076 3309 1439 3364 orationibus
1479 3311 1684 3366 vestris
1716 3315 1844 3382 peto
1875 3315 1939 3366 ut

247 3391 432 3462 dignus
461 3394 714 3464 efﬂeiar,
766 3401 828 3450 ut
875 3395 924 3450 si
956 3395 1110 3452 bona
1148 3397 1204 3451 in
1265 3413 1354 3453 me
1404 3416 1519 3455 non
1550 3398 1679 3454 ideo
1715 3398 1940 3455 dixistis

245 3480 353 3549 quia
381 3493 534 3550 sunt,
591 3483 717 3538 ideo
763 3484 878 3539 sint
927 3486 1065 3556 quia
1086 3486 1332 3543 dixistis.
1368 3508 1396 3537 »
1430 3487 1570 3553 (Lib.
1607 3505 1705 3556 vn,
1737 3504 1816 3559 ep.
1856 3489 1935 3559 8.)

292 3571 370 3628 63.
400 3575 504 3627 Sed
539 3588 624 3628 ne
657 3572 797 3628 solis
825 3575 1014 3629 verbis
1038 3575 1185 3630 tanti
1221 3576 1484 3646 praesulis
1517 3576 1818 3632 humilitas
1848 3577 1938 3632 in-

241 3660 426 3717 culcari
459 3662 763 3734 credatur,
797 3671 1062 3735 superest
1094 3670 1156 3720 ut
1195 3683 1263 3721 ex
1292 3667 1613 3723 Graecorum
1650 3667 1940 3724 relationi-

247 3748 336 3805 bus
357 3751 424 3807 ad
439 3769 529 3808 me
554 3769 751 3824 nuper
775 3754 1166 3826 interpretatis
1189 3757 1390 3812 eadem
1420 3757 1606 3813 Patris
1631 3757 1937 3815 humilitas

247 3840 368 3896 vivis
396 3843 679 3913 operibus
727 3841 1176 3913 demonstretur,
1219 3846 1278 3902 in
1307 3847 1524 3917 quibus
1561 3845 1828 3902 videlicet
1858 3847 1938 3902 ita

251 3931 486 3987 refertur.
519 3934 829 3989 Enarravit
861 3935 1026 3990 nobis
1057 3937 1234 3993 abbas
1266 3937 1546 4006 Joannes,
1583 3936 1776 4005 Persa,
1804 3953 1938 3992 san-

253 4022 360 4075 ctus
387 4026 439 4077 et
465 4023 822 4078 reverendus
874 4023 957 4078 vir
982 4026 1260 4096 existens,
1312 4029 1381 4081 de
1425 4043 1632 4097 magno
1664 4025 1938 4098 Gregorio

256 4109 575 4169 beatissimo
635 4129 781 4185 papa
813 4131 1070 4182 romano,
1097 4117 1298 4172 dicens
1332 4134 1345 4172 :
1395 4115 1540 4171 Olim
1588 4117 1659 4170 ivi
1692 4117 1937 4172 Romam

255 4201 310 4252 ad
342 4204 694 4259 adorandum
727 4203 949 4261 loculos
979 4216 1325 4261 sanctorum
1348 4205 1746 4276 apostolorum
1789 4206 1940 4262 Petri

255 4295 300 4342 et
325 4290 513 4360 Pauli;
547 4299 605 4349 et
630 4309 749 4349 una
770 4293 1019 4360 dierum.
1045 4313 1176 4351 cum
1201 4301 1417 4353 starem
1447 4296 1502 4353 in
1537 4297 1718 4353 medio
1741 4298 1940 4353 civita-

254 4378 334 4446 tis,
364 4383 524 4439 video
549 4399 761 4456 papam
794 4386 1136 4458 Gregorium
1188 4403 1287 4460 per
1322 4405 1411 4444 me
1442 4388 1852 4451 transiturum.
1887 4392 1943 4444 et

250 4471 472 4542 cogitavi
520 4490 614 4529 me
637 4475 865 4532 mittere
913 4482 1048 4532 ante
1086 4494 1244 4533 eum.
1275 4478 1419 4535 Cum
1449 4495 1580 4546 ergo
1611 4478 1940 4551 appropin-

2049 3311 2332 3368 divimus.
2366 3308 2731 3367 Pestilentias
2757 3308 2883 3364 sine
2914 3307 3236 3362 cessatione
3269 3304 3547 3376 patimur.
3581 3303 3759 3376 Signa

2050 3418 2178 3458 vero
2210 3402 2269 3457 in
2302 3399 2442 3467 sole,
2477 3404 2533 3455 et
2567 3400 2724 3464 luna,
2758 3402 2815 3453 et
2841 3397 3026 3452 stellis
3068 3395 3256 3451 adhuc
3287 3398 3485 3466 aperte
3516 3393 3757 3450 minime

2047 3492 2296 3547 vidimus
2331 3508 2344 3558 ;
2397 3490 2495 3545 sed
2529 3488 2665 3559 quia
2697 3487 2816 3542 haec
2867 3503 2982 3542 non
3015 3485 3183 3556 longe
3204 3484 3344 3551 sint,
3377 3500 3445 3539 ex
3475 3483 3604 3554 ipsa
3627 3484 3751 3553 jam

2047 3582 2194 3636 aeris
2245 3577 2654 3634 immutatione
2691 3575 3040 3646 colligimus.
3075 3571 3349 3639 Quamvis
3381 3572 3545 3643 prius
3578 3588 3753 3642 quam

2049 3670 2214 3728 Italia
2261 3668 2462 3740 gentili
2510 3666 2698 3737 gladio
2758 3665 3014 3720 ferienda
3058 3663 3401 3728 traderetur,
3454 3661 3653 3732 igneas
3692 3660 3753 3716 in

2047 3759 2189 3816 ccelo
2220 3761 2368 3813 acies
2399 3757 2680 3825 vidimus,
2706 3755 3023 3826 ipsumque
3047 3753 3144 3823 qui
3169 3756 3371 3824 postea
3391 3750 3636 3807 humani
3658 3766 3754 3823 ge-

2049 3849 2200 3905 neris
2245 3848 2410 3903 fusus
2447 3849 2555 3912 est,
2612 3843 2963 3916 sanguinem
3017 3846 3442 3897 coruscantem.
3486 3840 3755 3897 Confusio

2047 3943 2241 3995 autem
2293 3936 2470 3992 maris
2516 3939 2572 3990 et
2625 3934 2906 3988 ﬂuctuum
2957 3931 3206 3986 necdum
3241 3945 3387 3986 nova
3427 3936 3622 3985 exorta
3645 3933 3754 3996 est,

2049 4028 2150 4085 sed
2181 4043 2312 4082 cum
2357 4023 2540 4080 multa
2565 4023 2690 4092 jam
2737 4019 3124 4094 praenuntiata
3168 4017 3284 4072 sint
3314 4020 3623 4088 completa,
3646 4018 3755 4071 du-

2051 4119 2211 4174 bium
2247 4132 2361 4172 non
2401 4118 2490 4170 est
2538 4111 2680 4186 quin
2725 4113 3044 4182 sequantur
3082 4107 3252 4164 etiam
3304 4123 3490 4179 pauca
3514 4122 3642 4177 quas
3676 4122 3758 4162 re-

2050 4211 2230 4272 stant,
2263 4205 2398 4277 quia
2430 4202 2799 4274 sequentium
2845 4215 3038 4254 rerum
3072 4196 3355 4254 certitudo
3386 4200 3477 4252 est
3508 4196 3761 4269 preteri-

2051 4305 2237 4354 tarum
2261 4294 2560 4350 exhibitio.
2585 4315 2612 4342 ››
2636 4295 2700 4346 Et
2724 4289 2894 4362 paulo
2937 4292 3067 4360 post
3091 4303 3102 4342 :
3134 4310 3162 4337 ιι
3190 4286 3333 4342 Ecce
3353 4330 3367 4353 ,
3398 4286 3603 4342 fratres
3625 4285 3760 4353 mei,

2043 4386 2168 4454 jam
2209 4385 2502 4441 cernimus
2554 4382 2704 4454 quod
2755 4378 3147 4439 audiebamus,
3197 4373 3372 4432 Novis
3413 4374 3674 4448 quotidie
3703 4380 3763 4431 et

2052 4473 2558 4532 crebrescentibus
2585 4470 2750 4525 malis
2782 4467 3036 4525 mundus
3069 4470 3327 4539 urgetur.
3361 4464 3443 4520 Ex
3473 4464 3570 4520 illa
3599 4465 3763 4537 plebe

253 4567 464 4628 quasset
493 4563 642 4619 mihi
676 4581 846 4636 papa,
898 4566 1104 4622 videns
1135 4567 1275 4637 quia
1319 4584 1613 4640 pergerem
1648 4573 1710 4622 ut
1741 4567 1936 4625 mitte-
1968 4560 2014 4625 D
2046 4567 2358 4620 innumera
2391 4559 2594 4634 quanti
2629 4555 3027 4614 remanseritie
3053 4555 3341 4627 aspicitis,
3373 4563 3426 4609 et
3450 4559 3644 4609 tamen
3667 4553 3764 4608 ad-

253 4663 354 4704 rem
382 4667 470 4708 me
494 4660 633 4710 ante
663 4671 820 4720 eum,
853 4656 1005 4711 sicut
1028 4672 1222 4713 coram
1257 4658 1370 4713 Deo
1388 4658 1534 4727 dico,
1569 4658 1794 4726 fratres,
1820 4659 1939 4730 pri-

254 4752 368 4796 mus
399 4745 560 4800 misit
591 4761 654 4801 se
685 4751 819 4803 ante
844 4762 935 4802 me
957 4764 1136 4819 super
1154 4753 1393 4817 terram,
1424 4754 1480 4804 et
1513 4766 1623 4804 non
1656 4754 1788 4804 ante
1816 4766 1945 4805 sur-

253 4833 381 4886 rexit
423 4850 600 4905 quam
641 4852 742 4907 ego
785 4836 942 4908 prior
973 4854 1294 4910 surgerem,
1336 4843 1392 4895 et
1441 4838 1802 4910 amplexatus
1851 4855 1946 4895 me

260 4933 375 4975 cum
409 4925 593 4981 multa
626 4924 974 4994 humilitate,
1004 4928 1212 4984 tribuit
1256 4927 1399 4984 mihi
1434 4945 1534 5000 per
1565 4945 1805 4985 manum
1840 4946 1944 4985 nu-

262 5008 508 5070 mismata
541 5015 674 5082 tria,
697 5019 753 5070 et
777 5016 952 5086 jussit
977 5017 1123 5072 mihi
1163 5017 1287 5073 dari
1318 5019 1578 5075 casulam
1609 5023 1668 5075 et
1698 5019 1944 5075 necessi-

265 5100 392 5156 tates
421 5119 584 5160 meas
606 5120 828 5163 omnes.
860 5105 1187 5164 Glorificavl
1216 5124 1351 5180 ergo
1382 5115 1587 5178 Deum,
1619 5109 1720 5181 qui
1758 5109 1940 5165 dona-

263 5185 333 5242 vit
358 5191 405 5246 ei
434 5191 604 5249 talem
637 5193 1025 5252 humilitatem
1074 5197 1225 5253 circa
1277 5214 1498 5267 omnes,
1532 5204 1591 5255 et
1624 5198 1940 5271 eleemosy-

267 5290 378 5332 nam
410 5287 466 5336 et
493 5283 856 5341 cbaritatem.
889 5286 1064 5357 (Pi-at.
1097 5287 1265 5357 spirit
1293 5330 1307 5356 ,
1337 5305 1384 5343 ο.
1430 5289 1578 5359 151.)

322 5367 471 5425 182
500 5373 591 5429 64.
624 5373 769 5430 Hinc
786 5381 872 5431 est
901 5378 1052 5445 quod
1081 5377 1541 5447 patientissimus
1567 5384 1764 5450 pastor
1792 5380 1938 5436 Gre-

257 5456 429 5521 gorius
453 5476 623 5532 penes
647 5464 1050 5535 imperatorem
1071 5466 1561 5534 Mauricium,sibi
1584 5485 1823 5540 prorsus
1847 5470 1937 5524 in-

255 5541 484 5614 fensum,
506 5552 724 5608 dudum
749 5563 1048 5609 accusatus
1067 5557 1223 5626 quod
1251 5555 1542 5611 Malcbum
1570 5557 1931 5629 episcopum,

257 5631 334 5686 sui
366 5638 686 5705 patrimonii
721 5643 1103 5715 provisorem,
1155 5660 1255 5715 pro
1286 5645 1520 5701 retentis
1553 5646 1932 5717 pensionibus

259 5723 441 5780 tandiu
471 5727 528 5783 in
562 5732 844 5788 custodiis
876 5732 1182 5790 afﬂixisset
1207 5751 1502 5806 quousque
1535 5735 1810 5806 spiritum
1842 5753 1933 5792 ex-

2049 4656 2164 4711 huc
2214 4654 2463 4724 quotidie
2493 4649 2722 4719 ﬂagella
2763 4653 2993 4720 urgent,
3028 4645 3314 4718 repentini
3361 4660 3536 4699 casus
3568 4642 3762 4712 Oppri-

2059 4749 2246 4810 munt,
2281 4760 2434 4798 novae
2463 4758 2564 4796 nos
2596 4744 2651 4796 et
2689 4739 3014 4810 improviste
3061 4735 3252 4792 clades
3284 4733 3572 4806 afﬂigunt.
3602 4732 3763 4786 Sicut

2055 4834 2208 4891 enim
2264 4833 2322 4888 in
2363 4832 2660 4904 iuventute
2693 4829 2845 4900 viget
2892 4844 3122 4898 corpus,
3175 4826 3317 4881 forte
3361 4824 3419 4879 in
3469 4820 3761 4876 incolume

2055 4931 2244 4980 manet
2279 4929 2499 4994 pectus,
2532 4924 2722 4975 torosa
2747 4918 2957 4983 cervix,
2992 4915 3163 4986 plena
3209 4915 3351 4968 sunt
3379 4909 3620 4965 brachia
3652 4928 3665 4975 ;
3701 4906 3759 4964 in

2052 5015 2224 5071 annis
2254 5018 2446 5069 autem
2479 5011 2764 5067 senilibus
2791 5013 3010 5064 statura
3045 5007 3333 5066 curvatur,
3359 4999 3546 5056 cervix
3575 4999 3757 5055 exsic-

2052 5109 2172 5160 cata
2202 5103 2530 5176 deponitur,
2581 5096 2980 5170 frequentibus
3019 5090 3287 5163 suspiriis
3336 5091 3539 5162 pectus
3584 5103 3756 5161 urge-

2051 5199 2163 5263 tur,
2190 5193 2371 5249 virtus
2401 5189 2616 5255 deficit,
2633 5186 2924 5255 loquentis
2957 5181 3132 5237 verba
3153 5178 3446 5236 anhelitus
3476 5177 3756 5235 interclu-

2049 5285 2132 5340 dit
2154 5284 2306 5352 (nam
2327 5282 2373 5336 si
2394 5281 2640 5348 languor
2660 5276 2832 5339 desit,
2859 5271 3202 5345 plerumque
3237 5269 3477 5326 senibus
3510 5268 3637 5340 ipsa
3659 5285 3754 5324 sa-

2048 5374 2140 5430 lus
2171 5372 2451 5443 aegritudo
2499 5369 2644 5436 est):
2675 5371 2756 5420 tta
2785 5369 2839 5419 et
2881 5361 3138 5418 mundus
3170 5362 3228 5418 in
3263 5359 3432 5416 annis
3465 5359 3753 5431 prioribus

2044 5464 2201 5520 velut
2231 5464 2286 5516 in
2315 5463 2615 5531 juventute
2666 5455 2867 5522 viguit,
2901 5451 2973 5507 ad
3035 5451 3466 5524 prepagandam
3507 5449 3750 5505 humani

2043 5552 2271 5625 generis
2321 5549 2539 5622 prolem
2591 5546 2868 5600 robustus
2919 5543 3045 5610 fuit,
3095 5543 3282 5598 salute
3330 5555 3632 5612 corporum
3665 5540 3749 5594 vi-

2041 5643 2181 5700 ridis
2212 5639 2502 5713 opulentia
2531 5653 2726 5695 rerum
2759 5635 2994 5709 pinguis
3035 5653 3050 5703 ;
3095 5637 3154 5690 at
3184 5647 3340 5688 nunc
3369 5631 3494 5702 ipsa
3520 5645 3627 5685 sua
3656 5643 3746 5684 se-

2043 5737 2272 5790 nectute
2332 5729 2702 5803 deprimitur,
2750 5731 2805 5784 et
2854 5726 3017 5798 quasi
3078 5723 3149 5778 ad
3201 5721 3445 5778 vicinam
3500 5722 3746 5774 mortem
