  <div class='ocr_page' id='page_1' title='image "/cluster/home/n/w/nwhite01/storage/ocr_20150623/75/hvd.32044054758800/113.png"; bbox 0 0 4106 6174; ppageno 0'>
   <div class='ocr_carea' id='block_1_1' title="bbox 381 287 497 349">
    <p class='ocr_par' dir='ltr' id='par_1_1' title="bbox 381 287 497 349">
     <span class='ocr_line' id='line_1_1' title="bbox 381 287 497 349; baseline 0 -1"><span class='ocrx_word' id='word_1_1' title='bbox 381 287 497 349; x_wconf 70' lang='grc'><strong>215</strong></span> 
     </span>
    </p>
   </div>
   <div class='ocr_carea' id='block_1_2' title="bbox 932 264 3338 346">
    <p class='ocr_par' dir='ltr' id='par_1_2' title="bbox 932 264 3338 346">
     <span class='ocr_line' id='line_1_2' title="bbox 932 264 3338 346; baseline -0.007 -2"><span class='ocrx_word' id='word_1_2' title='bbox 932 286 997 344; x_wconf 92' lang='lat' dir='ltr'><strong>S.</strong></span> <span class='ocrx_word' id='word_1_3' title='bbox 1043 278 1411 342; x_wconf 80' lang='lat' dir='ltr'><strong>GHEGORII</strong></span> <span class='ocrx_word' id='word_1_4' title='bbox 1460 278 1698 339; x_wconf 84' lang='lat' dir='ltr'><strong>MAGNI</strong></span> <span class='ocrx_word' id='word_1_5' title='bbox 1745 274 1946 346; x_wconf 79' lang='lat' dir='ltr'><strong>Vl&#39;l‘A,</strong></span> <span class='ocrx_word' id='word_1_6' title='bbox 1995 269 2220 332; x_wconf 81' lang='lat' dir='ltr'><strong>AUCT.</strong></span> <span class='ocrx_word' id='word_1_7' title='bbox 2269 267 2581 330; x_wconf 78' lang='lat' dir='ltr'><strong>JOANNE</strong></span> <span class='ocrx_word' id='word_1_8' title='bbox 2629 267 2984 330; x_wconf 78' lang='lat' dir='ltr'><strong>DlACONO.</strong></span> <span class='ocrx_word' id='word_1_9' title='bbox 3037 264 3186 329; x_wconf 87' lang='lat' dir='ltr'><strong>LIB.</strong></span> <span class='ocrx_word' id='word_1_10' title='bbox 3235 266 3338 331; x_wconf 79' lang='lat' dir='ltr'><strong>IV.</strong></span> 
     </span>
    </p>
   </div>
   <div class='ocr_carea' id='block_1_3' title="bbox 3776 271 3885 330">
    <p class='ocr_par' dir='ltr' id='par_1_3' title="bbox 3776 271 3885 330">
     <span class='ocr_line' id='line_1_3' title="bbox 3776 271 3885 330; baseline 0.018 -2"><span class='ocrx_word' id='word_1_11' title='bbox 3776 271 3885 330; x_wconf 76' lang='grc'><strong>216</strong></span> 
     </span>
    </p>
   </div>
   <div class='ocr_carea' id='block_1_4' title="bbox 373 405 3892 488">
    <p class='ocr_par' dir='ltr' id='par_1_4' title="bbox 373 405 3892 488">
     <span class='ocr_line' id='line_1_4' title="bbox 373 405 3892 488; baseline -0.006 -6"><span class='ocrx_word' id='word_1_12' title='bbox 373 426 656 481; x_wconf 86' lang='lat' dir='ltr'><strong>molestiis</strong></span> <span class='ocrx_word' id='word_1_13' title='bbox 713 418 1219 479; x_wconf 78' lang='lat' dir='ltr'><strong>crebrescentibus</strong></span> <span class='ocrx_word' id='word_1_14' title='bbox 1286 421 1544 488; x_wconf 86' lang='lat' dir='ltr'><strong>urgetur.</strong></span> <span class='ocrx_word' id='word_1_15' title='bbox 1599 437 1626 464; x_wconf 80' lang='lat' dir='ltr'><em>n</em></span> <span class='ocrx_word' id='word_1_16' title='bbox 1683 412 1900 484; x_wconf 76' lang='lat' dir='ltr'><strong>(Homil.</strong></span> <span class='ocrx_word' id='word_1_17' title='bbox 1954 427 1969 464; x_wconf 85' lang='lat'>1</span> <span class='ocrx_word' id='word_1_18' title='bbox 2018 411 2077 463; x_wconf 87' lang='lat' dir='ltr'><strong>in</strong></span> <span class='ocrx_word' id='word_1_19' title='bbox 2107 409 2162 475; x_wconf 75' lang='grc' dir='ltr'>Α</span> <span class='ocrx_word' id='word_1_20' title='bbox 2192 406 2405 461; x_wconf 90' lang='lat' dir='ltr'><strong>dicitur</strong></span> <span class='ocrx_word' id='word_1_21' title='bbox 2440 423 2451 460; x_wconf 88' lang='lat'><strong><em>:</em></strong></span> <span class='ocrx_word' id='word_1_22' title='bbox 2487 407 2934 476; x_wconf 77' lang='lat' dir='ltr'><strong>Eﬂerbuitcoctio</strong></span> <span class='ocrx_word' id='word_1_23' title='bbox 2963 407 3098 475; x_wconf 76' lang='lat' dir='ltr'><strong>ejus,</strong></span> <span class='ocrx_word' id='word_1_24' title='bbox 3122 414 3174 460; x_wconf 86' lang='lat' dir='ltr'><strong>et</strong></span> <span class='ocrx_word' id='word_1_25' title='bbox 3203 405 3419 461; x_wconf 86' lang='lat' dir='ltr'><strong>decocta</strong></span> <span class='ocrx_word' id='word_1_26' title='bbox 3443 410 3715 463; x_wconf 80' lang='lat' dir='ltr'><strong>suntossa</strong></span> <span class='ocrx_word' id='word_1_27' title='bbox 3735 406 3892 462; x_wconf 81' lang='lat' dir='ltr'><strong>illius</strong></span> 
     </span>
    </p>
   </div>
   <div class='ocr_carea' id='block_1_5' title="bbox 373 500 2083 586">
    <p class='ocr_par' dir='ltr' id='par_1_5' title="bbox 373 500 2083 586">
     <span class='ocr_line' id='line_1_5' title="bbox 373 500 2083 586; baseline -0.012 -15"><span class='ocrx_word' id='word_1_28' title='bbox 373 516 605 586; x_wconf 80' lang='lat' dir='ltr'><strong>Evang.)</strong></span> <span class='ocrx_word' id='word_1_29' title='bbox 635 515 704 570; x_wconf 85' lang='lat' dir='ltr'><strong>Et</strong></span> <span class='ocrx_word' id='word_1_30' title='bbox 736 515 944 567; x_wconf 90' lang='lat' dir='ltr'><strong>iterum</strong></span> <span class='ocrx_word' id='word_1_31' title='bbox 979 526 993 563; x_wconf 87' lang='lat'><strong>:</strong></span> <span class='ocrx_word' id='word_1_32' title='bbox 1030 531 1057 557; x_wconf 86' lang='grc'><strong>‹‹</strong></span> <span class='ocrx_word' id='word_1_33' title='bbox 1107 510 1304 562; x_wconf 87' lang='lat' dir='ltr'><strong>Euntes</strong></span> <span class='ocrx_word' id='word_1_34' title='bbox 1333 506 1659 577; x_wconf 69' lang='lat' dir='ltr'><strong>praedicate,</strong></span> <span class='ocrx_word' id='word_1_35' title='bbox 1691 507 1931 556; x_wconf 76' lang='lat' dir='ltr'><strong>dicentes</strong></span> <span class='ocrx_word' id='word_1_36' title='bbox 1951 500 2083 569; x_wconf 81' lang='lat' dir='ltr'><strong>quia</strong></span> 
     </span>
    </p>
   </div>
   <div class='ocr_carea' id='block_1_6' title="bbox 368 589 2079 675">
    <p class='ocr_par' dir='ltr' id='par_1_6' title="bbox 368 589 2079 675">
     <span class='ocr_line' id='line_1_6' title="bbox 368 589 2079 675; baseline -0.009 -17"><span class='ocrx_word' id='word_1_37' title='bbox 368 603 836 675; x_wconf 82' lang='lat' dir='ltr'><strong>appropinquabit</strong></span> <span class='ocrx_word' id='word_1_38' title='bbox 885 599 1038 654; x_wconf 77' lang='lat'><strong>163</strong></span> <span class='ocrx_word' id='word_1_39' title='bbox 1087 613 1325 667; x_wconf 81' lang='lat' dir='ltr'><strong>regnum</strong></span> <span class='ocrx_word' id='word_1_40' title='bbox 1373 596 1634 648; x_wconf 68' lang='lat' dir='ltr'><strong>calorum</strong></span> <span class='ocrx_word' id='word_1_41' title='bbox 1683 592 1852 662; x_wconf 80' lang='lat' dir='ltr'><strong>(Matt.</strong></span> <span class='ocrx_word' id='word_1_42' title='bbox 1899 605 1954 656; x_wconf 72' lang='grc' dir='ltr'><strong>ι,</strong></span> <span class='ocrx_word' id='word_1_43' title='bbox 1998 589 2079 657; x_wconf 84' lang='grc'><strong>7).</strong></span> 
     </span>
    </p>
   </div>
   <div class='ocr_carea' id='block_1_7' title="bbox 373 677 2078 762">
    <p class='ocr_par' dir='ltr' id='par_1_7' title="bbox 373 677 2078 762">
     <span class='ocr_line' id='line_1_7' title="bbox 373 677 2078 762; baseline -0.011 -15"><span class='ocrx_word' id='word_1_44' title='bbox 373 693 491 747; x_wconf 85' lang='lat' dir='ltr'><strong>Hoc</strong></span> <span class='ocrx_word' id='word_1_45' title='bbox 514 695 662 762; x_wconf 87' lang='lat' dir='ltr'><strong>jam,</strong></span> <span class='ocrx_word' id='word_1_46' title='bbox 698 693 910 745; x_wconf 86' lang='lat' dir='ltr'><strong>fratres</strong></span> <span class='ocrx_word' id='word_1_47' title='bbox 943 684 1294 747; x_wconf 89' lang='lat' dir='ltr'><strong>charissimi,</strong></span> <span class='ocrx_word' id='word_1_48' title='bbox 1325 682 1554 737; x_wconf 88' lang='lat' dir='ltr'><strong>etiamsi</strong></span> <span class='ocrx_word' id='word_1_49' title='bbox 1592 677 1960 751; x_wconf 85' lang='lat' dir='ltr'><strong>Evangelium</strong></span> <span class='ocrx_word' id='word_1_50' title='bbox 1989 682 2078 730; x_wconf 90' lang='lat' dir='ltr'><strong>ta-</strong></span> 
     </span>
    </p>
   </div>
   <div class='ocr_carea' id='block_1_8' title="bbox 371 769 2081 847">
    <p class='ocr_par' dir='ltr' id='par_1_8' title="bbox 371 769 2081 847">
     <span class='ocr_line' id='line_1_8' title="bbox 371 769 2081 847; baseline -0.01 -12"><span class='ocrx_word' id='word_1_51' title='bbox 371 786 518 847; x_wconf 89' lang='lat' dir='ltr'><strong>ceat,</strong></span> <span class='ocrx_word' id='word_1_52' title='bbox 582 779 839 835; x_wconf 89' lang='lat' dir='ltr'><strong>mundus</strong></span> <span class='ocrx_word' id='word_1_53' title='bbox 879 775 1116 830; x_wconf 89' lang='lat' dir='ltr'><strong>clamat.</strong></span> <span class='ocrx_word' id='word_1_54' title='bbox 1166 771 1368 826; x_wconf 65' lang='lat' dir='ltr'><strong>Ruinaa</strong></span> <span class='ocrx_word' id='word_1_55' title='bbox 1421 787 1672 841; x_wconf 83' lang='lat' dir='ltr'><strong>namque</strong></span> <span class='ocrx_word' id='word_1_56' title='bbox 1711 769 1867 823; x_wconf 91' lang='lat' dir='ltr'><strong>illius</strong></span> <span class='ocrx_word' id='word_1_57' title='bbox 1915 781 2081 820; x_wconf 84' lang='lat' dir='ltr'><strong>voces</strong></span> 
     </span>
    </p>
   </div>
   <div class='ocr_carea' id='block_1_9' title="bbox 371 854 2081 933">
    <p class='ocr_par' dir='ltr' id='par_1_9' title="bbox 371 854 2081 933">
     <span class='ocr_line' id='line_1_9' title="bbox 371 854 2081 933; baseline -0.011 -8"><span class='ocrx_word' id='word_1_58' title='bbox 371 876 526 925; x_wconf 91' lang='lat' dir='ltr'><strong>sunt.</strong></span> <span class='ocrx_word' id='word_1_59' title='bbox 559 869 666 933; x_wconf 87' lang='lat' dir='ltr'><strong>Qui</strong></span> <span class='ocrx_word' id='word_1_60' title='bbox 705 867 862 923; x_wconf 89' lang='lat' dir='ltr'><strong>enim</strong></span> <span class='ocrx_word' id='word_1_61' title='bbox 907 869 992 919; x_wconf 89' lang='lat' dir='ltr'><strong>tot</strong></span> <span class='ocrx_word' id='word_1_62' title='bbox 1039 863 1277 916; x_wconf 90' lang='lat' dir='ltr'><strong>attritus</strong></span> <span class='ocrx_word' id='word_1_63' title='bbox 1316 858 1787 932; x_wconf 89' lang='lat' dir='ltr'><strong>percussionibus</strong></span> <span class='ocrx_word' id='word_1_64' title='bbox 1835 875 1866 911; x_wconf 90' lang='lat' dir='ltr'><strong>a</strong></span> <span class='ocrx_word' id='word_1_65' title='bbox 1896 854 2081 926; x_wconf 83' lang='lat' dir='ltr'><strong>gloria</strong></span> 
     </span>
    </p>
   </div>
   <div class='ocr_carea' id='block_1_10' title="bbox 371 951 2077 1034">
    <p class='ocr_par' dir='ltr' id='par_1_10' title="bbox 371 951 2077 1034">
     <span class='ocr_line' id='line_1_10' title="bbox 371 951 2077 1034; baseline -0.011 -13"><span class='ocrx_word' id='word_1_66' title='bbox 371 984 475 1021; x_wconf 87' lang='lat' dir='ltr'><strong>sua</strong></span> <span class='ocrx_word' id='word_1_67' title='bbox 491 965 717 1030; x_wconf 86' lang='lat' dir='ltr'><strong>cecidit,</strong></span> <span class='ocrx_word' id='word_1_68' title='bbox 744 962 912 1034; x_wconf 90' lang='lat' dir='ltr'><strong>quasi</strong></span> <span class='ocrx_word' id='word_1_69' title='bbox 932 962 1051 1030; x_wconf 88' lang='lat' dir='ltr'><strong>jam</strong></span> <span class='ocrx_word' id='word_1_70' title='bbox 1076 959 1247 1013; x_wconf 90' lang='lat' dir='ltr'><strong>nobis</strong></span> <span class='ocrx_word' id='word_1_71' title='bbox 1275 975 1306 1013; x_wconf 91' lang='lat' dir='ltr'><strong>e</strong></span> <span class='ocrx_word' id='word_1_72' title='bbox 1339 957 1596 1028; x_wconf 84' lang='lat' dir='ltr'><strong>proximo</strong></span> <span class='ocrx_word' id='word_1_73' title='bbox 1630 969 1869 1026; x_wconf 82' lang='lat' dir='ltr'><strong>regnum</strong></span> <span class='ocrx_word' id='word_1_74' title='bbox 1897 951 2077 1018; x_wconf 85' lang='lat' dir='ltr'><strong>aliud,</strong></span> 
     </span>
    </p>
   </div>
   <div class='ocr_carea' id='block_1_11' title="bbox 371 1044 2081 1124">
    <p class='ocr_par' dir='ltr' id='par_1_11' title="bbox 371 1044 2081 1124">
     <span class='ocr_line' id='line_1_11' title="bbox 371 1044 2081 1124; baseline -0.008 -16"><span class='ocrx_word' id='word_1_75' title='bbox 371 1056 522 1124; x_wconf 91' lang='lat' dir='ltr'><strong>quod</strong></span> <span class='ocrx_word' id='word_1_76' title='bbox 556 1057 854 1122; x_wconf 88' lang='lat' dir='ltr'><strong>sequatur,</strong></span> <span class='ocrx_word' id='word_1_77' title='bbox 889 1049 1165 1106; x_wconf 78' lang='lat' dir='ltr'><strong>ostendit.</strong></span> <span class='ocrx_word' id='word_1_78' title='bbox 1206 1048 1351 1118; x_wconf 91' lang='lat' dir='ltr'><strong>lpsis</strong></span> <span class='ocrx_word' id='word_1_79' title='bbox 1375 1050 1494 1116; x_wconf 86' lang='lat' dir='ltr'><strong>jam</strong></span> <span class='ocrx_word' id='word_1_80' title='bbox 1524 1050 1580 1099; x_wconf 88' lang='lat' dir='ltr'><strong>et</strong></span> <span class='ocrx_word' id='word_1_81' title='bbox 1610 1061 1643 1099; x_wconf 89' lang='lat' dir='ltr'><strong>a</strong></span> <span class='ocrx_word' id='word_1_82' title='bbox 1675 1044 1888 1113; x_wconf 79' lang='lat' dir='ltr'><strong>quibus</strong></span> <span class='ocrx_word' id='word_1_83' title='bbox 1920 1058 2081 1094; x_wconf 85' lang='lat' dir='ltr'><strong>ama-</strong></span> 
     </span>
    </p>
   </div>
   <div class='ocr_carea' id='block_1_12' title="bbox 368 1129 2076 1210">
    <p class='ocr_par' dir='ltr' id='par_1_12' title="bbox 368 1129 2076 1210">
     <span class='ocr_line' id='line_1_12' title="bbox 368 1129 2076 1210; baseline -0.009 -13"><span class='ocrx_word' id='word_1_84' title='bbox 368 1150 464 1197; x_wconf 89' lang='lat' dir='ltr'><strong>tur</strong></span> <span class='ocrx_word' id='word_1_85' title='bbox 491 1159 723 1197; x_wconf 82' lang='lat' dir='ltr'><strong>amarus</strong></span> <span class='ocrx_word' id='word_1_86' title='bbox 745 1145 853 1196; x_wconf 87' lang='lat' dir='ltr'><strong>est.</strong></span> <span class='ocrx_word' id='word_1_87' title='bbox 891 1140 1016 1210; x_wconf 86' lang='lat' dir='ltr'><strong>ipse</strong></span> <span class='ocrx_word' id='word_1_88' title='bbox 1039 1137 1192 1193; x_wconf 88' lang='lat' dir='ltr'><strong>enim</strong></span> <span class='ocrx_word' id='word_1_89' title='bbox 1222 1138 1350 1205; x_wconf 87' lang='lat' dir='ltr'><strong>ejus</strong></span> <span class='ocrx_word' id='word_1_90' title='bbox 1377 1136 1560 1190; x_wconf 72' lang='lat' dir='ltr'><strong>ruinae</strong></span> <span class='ocrx_word' id='word_1_91' title='bbox 1586 1133 1896 1204; x_wconf 77' lang='lat' dir='ltr'><strong>praedicant</strong></span> <span class='ocrx_word' id='word_1_92' title='bbox 1924 1129 2076 1200; x_wconf 90' lang='lat' dir='ltr'><strong>quod</strong></span> 
     </span>
    </p>
   </div>
   <div class='ocr_carea' id='block_1_13' title="bbox 367 1222 2079 1290">
    <p class='ocr_par' dir='ltr' id='par_1_13' title="bbox 367 1222 2079 1290">
     <span class='ocr_line' id='line_1_13' title="bbox 367 1222 2079 1290; baseline -0.008 -5"><span class='ocrx_word' id='word_1_93' title='bbox 367 1232 654 1286; x_wconf 83' lang='lat' dir='ltr'><strong>amandus</strong></span> <span class='ocrx_word' id='word_1_94' title='bbox 687 1246 802 1285; x_wconf 88' lang='lat' dir='ltr'><strong>non</strong></span> <span class='ocrx_word' id='word_1_95' title='bbox 835 1233 942 1283; x_wconf 88' lang='lat' dir='ltr'><strong>est.</strong></span> <span class='ocrx_word' id='word_1_96' title='bbox 995 1228 1049 1280; x_wconf 97' lang='lat' dir='ltr'><strong>Si</strong></span> <span class='ocrx_word' id='word_1_97' title='bbox 1082 1226 1237 1280; x_wconf 90' lang='lat' dir='ltr'><strong>enim</strong></span> <span class='ocrx_word' id='word_1_98' title='bbox 1270 1224 1502 1278; x_wconf 88' lang='lat' dir='ltr'><strong>ruinam</strong></span> <span class='ocrx_word' id='word_1_99' title='bbox 1537 1222 1624 1276; x_wconf 91' lang='lat' dir='ltr'><strong>sui</strong></span> <span class='ocrx_word' id='word_1_100' title='bbox 1655 1223 1864 1276; x_wconf 91' lang='lat' dir='ltr'><strong>domus</strong></span> <span class='ocrx_word' id='word_1_101' title='bbox 1896 1235 2079 1290; x_wconf 86' lang='lat' dir='ltr'><strong>quas-</strong></span> 
     </span>
    </p>
   </div>
   <div class='ocr_carea' id='block_1_14' title="bbox 368 1311 2079 1389">
    <p class='ocr_par' dir='ltr' id='par_1_14' title="bbox 368 1311 2079 1389">
     <span class='ocr_line' id='line_1_14' title="bbox 368 1311 2079 1389; baseline -0.008 -13"><span class='ocrx_word' id='word_1_102' title='bbox 368 1329 496 1376; x_wconf 89' lang='lat' dir='ltr'><strong>sata</strong></span> <span class='ocrx_word' id='word_1_103' title='bbox 530 1323 873 1386; x_wconf 83' lang='lat' dir='ltr'><strong>minaretur,</strong></span> <span class='ocrx_word' id='word_1_104' title='bbox 907 1317 1176 1389; x_wconf 87' lang='lat' dir='ltr'><strong>quisquis</strong></span> <span class='ocrx_word' id='word_1_105' title='bbox 1209 1317 1265 1369; x_wconf 90' lang='lat' dir='ltr'><strong>in</strong></span> <span class='ocrx_word' id='word_1_106' title='bbox 1301 1316 1402 1369; x_wconf 87' lang='lat' dir='ltr'><strong>illa</strong></span> <span class='ocrx_word' id='word_1_107' title='bbox 1431 1315 1719 1369; x_wconf 82' lang='lat' dir='ltr'><strong>habitaret</strong></span> <span class='ocrx_word' id='word_1_108' title='bbox 1742 1311 1991 1382; x_wconf 83' lang='lat' dir='ltr'><strong>fugeret,</strong></span> <span class='ocrx_word' id='word_1_109' title='bbox 2024 1316 2079 1364; x_wconf 91' lang='lat' dir='ltr'><strong>et</strong></span> 
     </span>
    </p>
   </div>
   <div class='ocr_carea' id='block_1_15' title="bbox 369 1399 2077 1480">
    <p class='ocr_par' dir='ltr' id='par_1_15' title="bbox 369 1399 2077 1480">
     <span class='ocr_line' id='line_1_15' title="bbox 369 1399 2077 1480; baseline -0.008 -16"><span class='ocrx_word' id='word_1_110' title='bbox 369 1412 465 1480; x_wconf 88' lang='lat' dir='ltr'><strong>qui</strong></span> <span class='ocrx_word' id='word_1_111' title='bbox 501 1415 753 1465; x_wconf 89' lang='lat' dir='ltr'><strong>stantem</strong></span> <span class='ocrx_word' id='word_1_112' title='bbox 788 1409 1069 1462; x_wconf 83' lang='lat' dir='ltr'><strong>dilexerat</strong></span> <span class='ocrx_word' id='word_1_113' title='bbox 1109 1405 1374 1459; x_wconf 86' lang='lat' dir='ltr'><strong>recedere</strong></span> <span class='ocrx_word' id='word_1_114' title='bbox 1406 1402 1749 1473; x_wconf 80' lang='lat' dir='ltr'><strong>quantocius</strong></span> <span class='ocrx_word' id='word_1_115' title='bbox 1781 1417 1815 1454; x_wconf 89' lang='lat' dir='ltr'><strong>a</strong></span> <span class='ocrx_word' id='word_1_116' title='bbox 1836 1399 2077 1453; x_wconf 86' lang='lat' dir='ltr'><strong>cadente</strong></span> 
     </span>
    </p>
   </div>
   <div class='ocr_carea' id='block_1_16' title="bbox 367 1503 2074 1576">
    <p class='ocr_par' dir='ltr' id='par_1_16' title="bbox 367 1503 2074 1576">
     <span class='ocr_line' id='line_1_16' title="bbox 367 1503 2074 1576; baseline -0.008 -12"><span class='ocrx_word' id='word_1_117' title='bbox 367 1509 682 1564; x_wconf 83' lang='lat' dir='ltr'><strong>festinaret.</strong></span> <span class='ocrx_word' id='word_1_118' title='bbox 718 1508 777 1562; x_wconf 86' lang='lat' dir='ltr'><strong>Si</strong></span> <span class='ocrx_word' id='word_1_119' title='bbox 811 1506 990 1576; x_wconf 87' lang='lat' dir='ltr'><strong>igitur</strong></span> <span class='ocrx_word' id='word_1_120' title='bbox 1009 1503 1264 1559; x_wconf 88' lang='lat' dir='ltr'><strong>mundus</strong></span> <span class='ocrx_word' id='word_1_121' title='bbox 1285 1503 1460 1567; x_wconf 85' lang='lat' dir='ltr'><strong>cadit,</strong></span> <span class='ocrx_word' id='word_1_122' title='bbox 1496 1506 1553 1556; x_wconf 88' lang='lat' dir='ltr'><strong>et</strong></span> <span class='ocrx_word' id='word_1_123' title='bbox 1584 1516 1690 1556; x_wconf 93' lang='lat' dir='ltr'><strong>nos</strong></span> <span class='ocrx_word' id='word_1_124' title='bbox 1723 1515 1856 1554; x_wconf 88' lang='lat' dir='ltr'><strong>eum</strong></span> <span class='ocrx_word' id='word_1_125' title='bbox 1879 1513 2074 1551; x_wconf 82' lang='lat' dir='ltr'><strong>aman-</strong></span> 
     </span>
    </p>
   </div>
   <div class='ocr_carea' id='block_1_17' title="bbox 368 1586 2070 1668">
    <p class='ocr_par' dir='ltr' id='par_1_17' title="bbox 368 1586 2070 1668">
     <span class='ocr_line' id='line_1_17' title="bbox 368 1586 2070 1668; baseline -0.008 -14"><span class='ocrx_word' id='word_1_126' title='bbox 368 1600 438 1654; x_wconf 92' lang='lat' dir='ltr'><strong>do</strong></span> <span class='ocrx_word' id='word_1_127' title='bbox 470 1597 930 1668; x_wconf 90' lang='lat' dir='ltr'><strong>complectimur,</strong></span> <span class='ocrx_word' id='word_1_128' title='bbox 963 1594 1212 1665; x_wconf 89' lang='lat' dir='ltr'><strong>opprimi</strong></span> <span class='ocrx_word' id='word_1_129' title='bbox 1241 1591 1513 1649; x_wconf 90' lang='lat' dir='ltr'><strong>volumus</strong></span> <span class='ocrx_word' id='word_1_130' title='bbox 1546 1590 1736 1660; x_wconf 89' lang='lat' dir='ltr'><strong>potius</strong></span> <span class='ocrx_word' id='word_1_131' title='bbox 1763 1605 1935 1659; x_wconf 88' lang='lat' dir='ltr'><strong>quam</strong></span> <span class='ocrx_word' id='word_1_132' title='bbox 1969 1586 2070 1641; x_wconf 87' lang='lat' dir='ltr'><strong>ha-</strong></span> 
     </span>
    </p>
   </div>
   <div class='ocr_carea' id='block_1_18' title="bbox 369 1678 2073 1758">
    <p class='ocr_par' dir='ltr' id='par_1_18' title="bbox 369 1678 2073 1758">
     <span class='ocr_line' id='line_1_18' title="bbox 369 1678 2073 1758; baseline -0.007 -17"><span class='ocrx_word' id='word_1_133' title='bbox 369 1689 569 1754; x_wconf 90' lang='lat' dir='ltr'><strong>bitare,</strong></span> <span class='ocrx_word' id='word_1_134' title='bbox 604 1687 741 1758; x_wconf 90' lang='lat' dir='ltr'><strong>quia</strong></span> <span class='ocrx_word' id='word_1_135' title='bbox 771 1684 931 1740; x_wconf 91' lang='lat' dir='ltr'><strong>nulla</strong></span> <span class='ocrx_word' id='word_1_136' title='bbox 955 1701 1060 1739; x_wconf 91' lang='lat' dir='ltr'><strong>nos</strong></span> <span class='ocrx_word' id='word_1_137' title='bbox 1083 1683 1228 1737; x_wconf 82' lang='lat' dir='ltr'><strong>ratio</strong></span> <span class='ocrx_word' id='word_1_138' title='bbox 1251 1699 1284 1735; x_wconf 88' lang='lat' dir='ltr'><strong>a</strong></span> <span class='ocrx_word' id='word_1_139' title='bbox 1301 1680 1470 1736; x_wconf 89' lang='lat' dir='ltr'><strong>ruina</strong></span> <span class='ocrx_word' id='word_1_140' title='bbox 1501 1678 1660 1734; x_wconf 88' lang='lat' dir='ltr'><strong>illius</strong></span> <span class='ocrx_word' id='word_1_141' title='bbox 1682 1681 2073 1748; x_wconf 88' lang='lat' dir='ltr'><strong>separatquos</strong></span> 
     </span>
    </p>
   </div>
   <div class='ocr_carea' id='block_1_19' title="bbox 370 1768 2151 1851">
    <p class='ocr_par' dir='ltr' id='par_1_19' title="bbox 370 1768 2151 1851">
     <span class='ocr_line' id='line_1_19' title="bbox 370 1768 2151 1851; baseline -0.007 -22"><span class='ocrx_word' id='word_1_142' title='bbox 370 1777 426 1829; x_wconf 92' lang='lat' dir='ltr'><strong>in</strong></span> <span class='ocrx_word' id='word_1_143' title='bbox 453 1777 580 1846; x_wconf 88' lang='lat' dir='ltr'><strong>ejus</strong></span> <span class='ocrx_word' id='word_1_144' title='bbox 614 1775 990 1846; x_wconf 88' lang='lat' dir='ltr'><strong>passionibus</strong></span> <span class='ocrx_word' id='word_1_145' title='bbox 1019 1788 1179 1827; x_wconf 87' lang='lat' dir='ltr'><strong>amor</strong></span> <span class='ocrx_word' id='word_1_146' title='bbox 1210 1772 1371 1842; x_wconf 89' lang='lat' dir='ltr'><strong>ligat.</strong></span> <span class='ocrx_word' id='word_1_147' title='bbox 1416 1768 1603 1824; x_wconf 84' lang='lat' dir='ltr'><strong>Facile</strong></span> <span class='ocrx_word' id='word_1_148' title='bbox 1634 1783 1769 1838; x_wconf 90' lang='lat' dir='ltr'><strong>ergo</strong></span> <span class='ocrx_word' id='word_1_149' title='bbox 1801 1770 1889 1821; x_wconf 89' lang='lat' dir='ltr'><strong>est</strong></span> <span class='ocrx_word' id='word_1_150' title='bbox 1920 1780 2074 1819; x_wconf 92' lang='lat' dir='ltr'><strong>nunc</strong></span> <span class='ocrx_word' id='word_1_151' title='bbox 2106 1789 2151 1851; x_wconf 80' lang='grc' dir='ltr'>Β</span> 
     </span>
    </p>
   </div>
   <div class='ocr_carea' id='block_1_20' title="bbox 364 1858 2071 1936">
    <p class='ocr_par' dir='ltr' id='par_1_20' title="bbox 364 1858 2071 1936">
     <span class='ocr_line' id='line_1_20' title="bbox 364 1858 2071 1936; baseline -0.007 -16"><span class='ocrx_word' id='word_1_152' title='bbox 364 1867 507 1936; x_wconf 88' lang='lat' dir='ltr'><strong>jam,</strong></span> <span class='ocrx_word' id='word_1_153' title='bbox 541 1882 673 1920; x_wconf 91' lang='lat' dir='ltr'><strong>cum</strong></span> <span class='ocrx_word' id='word_1_154' title='bbox 735 1865 1030 1919; x_wconf 86' lang='lat' dir='ltr'><strong>destructa</strong></span> <span class='ocrx_word' id='word_1_155' title='bbox 1078 1863 1276 1917; x_wconf 88' lang='lat' dir='ltr'><strong>omnia</strong></span> <span class='ocrx_word' id='word_1_156' title='bbox 1323 1858 1640 1922; x_wconf 86' lang='lat' dir='ltr'><strong>cernimus,</strong></span> <span class='ocrx_word' id='word_1_157' title='bbox 1673 1859 1932 1912; x_wconf 87' lang='lat' dir='ltr'><strong>animum</strong></span> <span class='ocrx_word' id='word_1_158' title='bbox 1966 1870 2071 1909; x_wconf 82' lang='lat' dir='ltr'><strong>no-</strong></span> 
     </span>
    </p>
   </div>
   <div class='ocr_carea' id='block_1_21' title="bbox 371 1944 2072 2025">
    <p class='ocr_par' dir='ltr' id='par_1_21' title="bbox 371 1944 2072 2025">
     <span class='ocr_line' id='line_1_21' title="bbox 371 1944 2072 2025; baseline -0.006 -17"><span class='ocrx_word' id='word_1_159' title='bbox 371 1960 561 2010; x_wconf 84' lang='lat' dir='ltr'><strong>strum</strong></span> <span class='ocrx_word' id='word_1_160' title='bbox 595 1957 664 2010; x_wconf 91' lang='lat' dir='ltr'><strong>ab</strong></span> <span class='ocrx_word' id='word_1_161' title='bbox 695 1955 821 2025; x_wconf 88' lang='lat' dir='ltr'><strong>ejus</strong></span> <span class='ocrx_word' id='word_1_162' title='bbox 863 1952 1175 2008; x_wconf 90' lang='lat' dir='ltr'><strong>dilectione</strong></span> <span class='ocrx_word' id='word_1_163' title='bbox 1208 1951 1561 2021; x_wconf 90' lang='lat' dir='ltr'><strong>disjungere.</strong></span> <span class='ocrx_word' id='word_1_164' title='bbox 1614 1947 1726 2004; x_wconf 90' lang='lat' dir='ltr'><strong>Sed</strong></span> <span class='ocrx_word' id='word_1_165' title='bbox 1757 1947 1863 2003; x_wconf 87' lang='lat' dir='ltr'><strong>hoc</strong></span> <span class='ocrx_word' id='word_1_166' title='bbox 1896 1945 1992 2000; x_wconf 92' lang='lat' dir='ltr'><strong>illo</strong></span> <span class='ocrx_word' id='word_1_167' title='bbox 2015 1944 2072 1998; x_wconf 89' lang='lat' dir='ltr'><strong>in</strong></span> 
     </span>
    </p>
   </div>
   <div class='ocr_carea' id='block_1_22' title="bbox 366 2035 2075 2116">
    <p class='ocr_par' dir='ltr' id='par_1_22' title="bbox 366 2035 2075 2116">
     <span class='ocr_line' id='line_1_22' title="bbox 366 2035 2075 2116; baseline -0.006 -17"><span class='ocrx_word' id='word_1_168' title='bbox 366 2049 628 2116; x_wconf 86' lang='lat' dir='ltr'><strong>tempore</strong></span> <span class='ocrx_word' id='word_1_169' title='bbox 659 2043 1072 2098; x_wconf 88' lang='lat' dir='ltr'><strong>diflicillimum</strong></span> <span class='ocrx_word' id='word_1_170' title='bbox 1108 2041 1234 2103; x_wconf 83' lang='lat' dir='ltr'><strong>fuit.</strong></span> <span class='ocrx_word' id='word_1_171' title='bbox 1287 2040 1437 2111; x_wconf 90' lang='lat' dir='ltr'><strong>quod</strong></span> <span class='ocrx_word' id='word_1_172' title='bbox 1481 2037 1728 2108; x_wconf 85' lang='lat' dir='ltr'><strong>apostoli</strong></span> <span class='ocrx_word' id='word_1_173' title='bbox 1765 2035 2075 2107; x_wconf 70' lang='lat' dir='ltr'><strong>praedicare</strong></span> 
     </span>
    </p>
   </div>
   <div class='ocr_carea' id='block_1_23' title="bbox 369 2127 2076 2205">
    <p class='ocr_par' dir='ltr' id='par_1_23' title="bbox 369 2127 2076 2205">
     <span class='ocr_line' id='line_1_23' title="bbox 369 2127 2076 2205; baseline -0.006 -17"><span class='ocrx_word' id='word_1_174' title='bbox 369 2136 599 2190; x_wconf 82' lang='lat' dir='ltr'><strong>cmlesle</strong></span> <span class='ocrx_word' id='word_1_175' title='bbox 644 2149 890 2205; x_wconf 85' lang='lat' dir='ltr'><strong>regnum</strong></span> <span class='ocrx_word' id='word_1_176' title='bbox 942 2132 1237 2187; x_wconf 84' lang='lat' dir='ltr'><strong>invisibile</strong></span> <span class='ocrx_word' id='word_1_177' title='bbox 1288 2129 1692 2195; x_wconf 81' lang='lat' dir='ltr'><strong>mittebantur,</strong></span> <span class='ocrx_word' id='word_1_178' title='bbox 1725 2143 1855 2182; x_wconf 90' lang='lat' dir='ltr'><strong>cum</strong></span> <span class='ocrx_word' id='word_1_179' title='bbox 1909 2127 2076 2196; x_wconf 89' lang='lat' dir='ltr'><strong>longe</strong></span> 
     </span>
    </p>
   </div>
   <div class='ocr_carea' id='block_1_24' title="bbox 367 2221 2076 2294">
    <p class='ocr_par' dir='ltr' id='par_1_24' title="bbox 367 2221 2076 2294">
     <span class='ocr_line' id='line_1_24' title="bbox 367 2221 2076 2294; baseline -0.003 -16"><span class='ocrx_word' id='word_1_180' title='bbox 367 2224 592 2294; x_wconf 85' lang='lat' dir='ltr'><strong>lateque</strong></span> <span class='ocrx_word' id='word_1_181' title='bbox 624 2226 820 2279; x_wconf 88' lang='lat' dir='ltr'><strong>omnia</strong></span> <span class='ocrx_word' id='word_1_182' title='bbox 864 2226 1170 2279; x_wconf 87' lang='lat' dir='ltr'><strong>cernerent</strong></span> <span class='ocrx_word' id='word_1_183' title='bbox 1213 2221 1418 2276; x_wconf 90' lang='lat' dir='ltr'><strong>ﬂorere</strong></span> <span class='ocrx_word' id='word_1_184' title='bbox 1475 2235 1652 2292; x_wconf 87' lang='lat' dir='ltr'><strong>regna</strong></span> <span class='ocrx_word' id='word_1_185' title='bbox 1704 2223 2012 2274; x_wconf 84' lang='lat' dir='ltr'><strong>terrarum.</strong></span> <span class='ocrx_word' id='word_1_186' title='bbox 2048 2235 2076 2263; x_wconf 82' lang='lat'><strong>»</strong></span> 
     </span>
    </p>
   </div>
   <div class='ocr_carea' id='block_1_25' title="bbox 371 2313 1012 2382">
    <p class='ocr_par' dir='ltr' id='par_1_25' title="bbox 371 2313 1012 2382">
     <span class='ocr_line' id='line_1_25' title="bbox 371 2313 1012 2382; baseline -0.003 -15"><span class='ocrx_word' id='word_1_187' title='bbox 371 2313 590 2378; x_wconf 83' lang='lat' dir='ltr'><strong>(llomil.</strong></span> <span class='ocrx_word' id='word_1_188' title='bbox 627 2313 653 2366; x_wconf 76' lang='grc'><em>4</em></span> <span class='ocrx_word' id='word_1_189' title='bbox 687 2313 748 2367; x_wconf 82' lang='lat' dir='ltr'><strong>in</strong></span> <span class='ocrx_word' id='word_1_190' title='bbox 780 2313 1012 2382; x_wconf 87' lang='lat' dir='ltr'><strong>Evang.)</strong></span> 
     </span>
    </p>
   </div>
   <div class='ocr_carea' id='block_1_26' title="bbox 437 2413 2078 2484">
    <p class='ocr_par' dir='ltr' id='par_1_26' title="bbox 437 2413 2078 2484">
     <span class='ocr_line' id='line_1_26' title="bbox 437 2413 2078 2484; baseline -0.005 -10"><span class='ocrx_word' id='word_1_191' title='bbox 437 2422 527 2475; x_wconf 88' lang='lat'><strong>66.</strong></span> <span class='ocrx_word' id='word_1_192' title='bbox 563 2423 697 2483; x_wconf 84' lang='lat' dir='ltr'><strong>Quae</strong></span> <span class='ocrx_word' id='word_1_193' title='bbox 729 2428 918 2475; x_wconf 89' lang='lat' dir='ltr'><strong>autem</strong></span> <span class='ocrx_word' id='word_1_194' title='bbox 953 2419 1021 2472; x_wconf 93' lang='lat' dir='ltr'><strong>de</strong></span> <span class='ocrx_word' id='word_1_195' title='bbox 1042 2417 1212 2472; x_wconf 90' lang='lat' dir='ltr'><strong>istius</strong></span> <span class='ocrx_word' id='word_1_196' title='bbox 1245 2417 1405 2472; x_wconf 88' lang='lat' dir='ltr'><strong>urbis</strong></span> <span class='ocrx_word' id='word_1_197' title='bbox 1430 2413 2078 2484; x_wconf 81' lang='lat' dir='ltr'><strong>Gregoriusincommo-</strong></span> 
     </span>
    </p>
   </div>
   <div class='ocr_carea' id='block_1_27' title="bbox 371 2500 2080 2578">
    <p class='ocr_par' dir='ltr' id='par_1_27' title="bbox 371 2500 2080 2578">
     <span class='ocr_line' id='line_1_27' title="bbox 371 2500 2080 2578; baseline -0.006 -14"><span class='ocrx_word' id='word_1_198' title='bbox 371 2511 551 2564; x_wconf 85' lang='lat' dir='ltr'><strong>ditate</strong></span> <span class='ocrx_word' id='word_1_199' title='bbox 585 2508 951 2578; x_wconf 87' lang='lat' dir='ltr'><strong>descripserit</strong></span> <span class='ocrx_word' id='word_1_200' title='bbox 981 2507 1274 2575; x_wconf 90' lang='lat' dir='ltr'><strong>indicabo,</strong></span> <span class='ocrx_word' id='word_1_201' title='bbox 1311 2514 1596 2577; x_wconf 84' lang='lat' dir='ltr'><strong>quatenus</strong></span> <span class='ocrx_word' id='word_1_202' title='bbox 1621 2503 1660 2558; x_wconf 95' lang='lat' dir='ltr'>ii</span> <span class='ocrx_word' id='word_1_203' title='bbox 1691 2503 1814 2574; x_wconf 90' lang='lat' dir='ltr'><strong>qui,</strong></span> <span class='ocrx_word' id='word_1_204' title='bbox 1846 2517 2001 2556; x_wconf 88' lang='lat' dir='ltr'><strong>nunc</strong></span> <span class='ocrx_word' id='word_1_205' title='bbox 2022 2500 2080 2554; x_wconf 89' lang='lat' dir='ltr'><strong>in</strong></span> 
     </span>
    </p>
   </div>
   <div class='ocr_carea' id='block_1_28' title="bbox 371 2590 2083 2665">
    <p class='ocr_par' dir='ltr' id='par_1_28' title="bbox 371 2590 2083 2665">
     <span class='ocr_line' id='line_1_28' title="bbox 371 2590 2083 2665; baseline -0.004 -14"><span class='ocrx_word' id='word_1_206' title='bbox 371 2596 554 2651; x_wconf 91' lang='lat' dir='ltr'><strong>ruinis</strong></span> <span class='ocrx_word' id='word_1_207' title='bbox 587 2598 714 2665; x_wconf 88' lang='lat' dir='ltr'><strong>ejus</strong></span> <span class='ocrx_word' id='word_1_208' title='bbox 746 2596 1101 2661; x_wconf 82' lang='lat' dir='ltr'><strong>habitantes,</strong></span> <span class='ocrx_word' id='word_1_209' title='bbox 1135 2611 1261 2649; x_wconf 88' lang='lat' dir='ltr'><strong>eam</strong></span> <span class='ocrx_word' id='word_1_210' title='bbox 1291 2594 1705 2649; x_wconf 85' lang='lat' dir='ltr'><strong>ordinatiorem</strong></span> <span class='ocrx_word' id='word_1_211' title='bbox 1744 2608 1809 2646; x_wconf 88' lang='lat' dir='ltr'><strong>ac</strong></span> <span class='ocrx_word' id='word_1_212' title='bbox 1845 2607 1946 2661; x_wconf 91' lang='lat' dir='ltr'><strong>per</strong></span> <span class='ocrx_word' id='word_1_213' title='bbox 1979 2590 2083 2644; x_wconf 89' lang='lat' dir='ltr'><strong>hoc</strong></span> 
     </span>
    </p>
   </div>
   <div class='ocr_carea' id='block_1_29' title="bbox 369 2681 2082 2748">
    <p class='ocr_par' dir='ltr' id='par_1_29' title="bbox 369 2681 2082 2748">
     <span class='ocr_line' id='line_1_29' title="bbox 369 2681 2082 2748; baseline -0.004 -8"><span class='ocrx_word' id='word_1_214' title='bbox 369 2685 746 2742; x_wconf 81' lang='lat' dir='ltr'><strong>valentiorem</strong></span> <span class='ocrx_word' id='word_1_215' title='bbox 800 2684 978 2740; x_wconf 88' lang='lat' dir='ltr'><strong>fuisse</strong></span> <span class='ocrx_word' id='word_1_216' title='bbox 1043 2701 1156 2739; x_wconf 91' lang='lat' dir='ltr'><strong>non</strong></span> <span class='ocrx_word' id='word_1_217' title='bbox 1209 2687 1539 2748; x_wconf 86' lang='lat' dir='ltr'><strong>autumant,</strong></span> <span class='ocrx_word' id='word_1_218' title='bbox 1605 2681 2082 2736; x_wconf 90' lang='lat' dir='ltr'><strong>contremiscant.</strong></span> 
     </span>
    </p>
   </div>
   <div class='ocr_carea' id='block_1_30' title="bbox 371 2778 2087 2854">
    <p class='ocr_par' dir='ltr' id='par_1_30' title="bbox 371 2778 2087 2854">
     <span class='ocr_line' id='line_1_30' title="bbox 371 2778 2087 2854; baseline -0.005 -14"><span class='ocrx_word' id='word_1_219' title='bbox 371 2784 463 2840; x_wconf 85' lang='lat' dir='ltr'><strong>Ait</strong></span> <span class='ocrx_word' id='word_1_220' title='bbox 494 2785 646 2839; x_wconf 90' lang='lat' dir='ltr'><strong>enim</strong></span> <span class='ocrx_word' id='word_1_221' title='bbox 701 2783 759 2838; x_wconf 93' lang='lat' dir='ltr'><strong>in</strong></span> <span class='ocrx_word' id='word_1_222' title='bbox 821 2781 1200 2854; x_wconf 86' lang='lat' dir='ltr'><strong>expositionis</strong></span> <span class='ocrx_word' id='word_1_223' title='bbox 1233 2781 1549 2836; x_wconf 85' lang='lat' dir='ltr'><strong>Ezechielis</strong></span> <span class='ocrx_word' id='word_1_224' title='bbox 1602 2778 1841 2834; x_wconf 90' lang='lat' dir='ltr'><strong>homilia</strong></span> <span class='ocrx_word' id='word_1_225' title='bbox 1889 2784 2087 2832; x_wconf 89' lang='lat' dir='ltr'><strong>octava</strong></span> 
     </span>
    </p>
   </div>
   <div class='ocr_carea' id='block_1_31' title="bbox 371 2867 2085 2939">
    <p class='ocr_par' dir='ltr' id='par_1_31' title="bbox 371 2867 2085 2939">
     <span class='ocr_line' id='line_1_31' title="bbox 371 2867 2085 2939; baseline -0.004 -11"><span class='ocrx_word' id='word_1_226' title='bbox 371 2874 596 2928; x_wconf 87' lang='lat' dir='ltr'><strong>decima</strong></span> <span class='ocrx_word' id='word_1_227' title='bbox 644 2872 728 2928; x_wconf 89' lang='lat' dir='ltr'><strong>sic</strong></span> <span class='ocrx_word' id='word_1_228' title='bbox 777 2888 788 2925; x_wconf 90' lang='lat'>:</span> <span class='ocrx_word' id='word_1_229' title='bbox 839 2893 865 2920; x_wconf 88' lang='grc'><strong>‹‹</strong></span> <span class='ocrx_word' id='word_1_230' title='bbox 929 2871 1076 2935; x_wconf 88' lang='lat' dir='ltr'><strong>Quid</strong></span> <span class='ocrx_word' id='word_1_231' title='bbox 1130 2878 1216 2924; x_wconf 91' lang='lat' dir='ltr'><strong>est</strong></span> <span class='ocrx_word' id='word_1_232' title='bbox 1257 2872 1401 2938; x_wconf 87' lang='lat' dir='ltr'><strong>jam,</strong></span> <span class='ocrx_word' id='word_1_233' title='bbox 1445 2885 1608 2939; x_wconf 86' lang='lat' dir='ltr'><strong>rogo,</strong></span> <span class='ocrx_word' id='word_1_234' title='bbox 1673 2868 1824 2938; x_wconf 91' lang='lat' dir='ltr'><strong>quod</strong></span> <span class='ocrx_word' id='word_1_235' title='bbox 1876 2867 1934 2921; x_wconf 92' lang='lat' dir='ltr'>in</span> <span class='ocrx_word' id='word_1_236' title='bbox 1979 2868 2085 2922; x_wconf 92' lang='lat' dir='ltr'><strong>hoc</strong></span> 
     </span>
    </p>
   </div>
   <div class='ocr_carea' id='block_1_32' title="bbox 378 2965 2086 3037">
    <p class='ocr_par' dir='ltr' id='par_1_32' title="bbox 378 2965 2086 3037">
     <span class='ocr_line' id='line_1_32' title="bbox 378 2965 2086 3037; baseline -0.002 -14"><span class='ocrx_word' id='word_1_237' title='bbox 378 2969 595 3023; x_wconf 91' lang='lat' dir='ltr'><strong>mundo</strong></span> <span class='ocrx_word' id='word_1_238' title='bbox 626 2967 859 3023; x_wconf 84' lang='lat' dir='ltr'><strong>libeat?</strong></span> <span class='ocrx_word' id='word_1_239' title='bbox 891 2967 1116 3037; x_wconf 89' lang='lat' dir='ltr'><strong>Ubique</strong></span> <span class='ocrx_word' id='word_1_240' title='bbox 1147 2966 1342 3021; x_wconf 91' lang='lat' dir='ltr'><strong>luctus</strong></span> <span class='ocrx_word' id='word_1_241' title='bbox 1376 2966 1714 3036; x_wconf 80' lang='lat' dir='ltr'><strong>aspicimus,</strong></span> <span class='ocrx_word' id='word_1_242' title='bbox 1751 2965 1963 3034; x_wconf 91' lang='lat' dir='ltr'><strong>ubique</strong></span> <span class='ocrx_word' id='word_1_243' title='bbox 1993 2981 2086 3035; x_wconf 88' lang='lat' dir='ltr'><strong>ge-</strong></span> 
     </span>
    </p>
   </div>
   <div class='ocr_carea' id='block_1_33' title="bbox 377 3056 2087 3124">
    <p class='ocr_par' dir='ltr' id='par_1_33' title="bbox 377 3056 2087 3124">
     <span class='ocr_line' id='line_1_33' title="bbox 377 3056 2087 3124; baseline -0.001 -12"><span class='ocrx_word' id='word_1_244' title='bbox 377 3058 550 3113; x_wconf 88' lang='lat' dir='ltr'><strong>mitus</strong></span> <span class='ocrx_word' id='word_1_245' title='bbox 573 3056 926 3113; x_wconf 87' lang='lat' dir='ltr'><strong>audivimus.</strong></span> <span class='ocrx_word' id='word_1_246' title='bbox 947 3061 1264 3112; x_wconf 70' lang='lat' dir='ltr'><strong>Destructaa</strong></span> <span class='ocrx_word' id='word_1_247' title='bbox 1288 3056 1480 3124; x_wconf 91' lang='lat' dir='ltr'><strong>urbes,</strong></span> <span class='ocrx_word' id='word_1_248' title='bbox 1506 3071 1704 3110; x_wconf 90' lang='lat' dir='ltr'><strong>eversa</strong></span> <span class='ocrx_word' id='word_1_249' title='bbox 1727 3059 1859 3110; x_wconf 90' lang='lat' dir='ltr'><strong>sunt</strong></span> <span class='ocrx_word' id='word_1_250' title='bbox 1877 3061 2087 3124; x_wconf 88' lang='lat' dir='ltr'><strong>castra,</strong></span> 
     </span>
    </p>
   </div>
   <div class='ocr_carea' id='block_1_34' title="bbox 2193 495 3893 566">
    <p class='ocr_par' dir='ltr' id='par_1_34' title="bbox 2193 495 3893 566">
     <span class='ocr_line' id='line_1_34' title="bbox 2193 495 3893 566; baseline 0.001 -17"><span class='ocrx_word' id='word_1_251' title='bbox 2193 498 2250 549; x_wconf 79' lang='lat' dir='ltr'><strong>in</strong></span> <span class='ocrx_word' id='word_1_252' title='bbox 2284 495 2455 549; x_wconf 80' lang='lat' dir='ltr'><strong>medio</strong></span> <span class='ocrx_word' id='word_1_253' title='bbox 2485 496 2646 566; x_wconf 90' lang='lat' dir='ltr'><strong>ejus:</strong></span> <span class='ocrx_word' id='word_1_254' title='bbox 2691 497 2828 566; x_wconf 87' lang='lat' dir='ltr'><strong>quia</strong></span> <span class='ocrx_word' id='word_1_255' title='bbox 2861 496 3023 566; x_wconf 91' lang='lat' dir='ltr'><strong>prius</strong></span> <span class='ocrx_word' id='word_1_256' title='bbox 3069 495 3305 565; x_wconf 89' lang='lat' dir='ltr'><strong>quidem</strong></span> <span class='ocrx_word' id='word_1_257' title='bbox 3341 495 3396 550; x_wconf 94' lang='lat' dir='ltr'><strong>in</strong></span> <span class='ocrx_word' id='word_1_258' title='bbox 3431 512 3496 551; x_wconf 91' lang='lat' dir='ltr'><strong>ea</strong></span> <span class='ocrx_word' id='word_1_259' title='bbox 3528 497 3893 553; x_wconf 88' lang='lat' dir='ltr'><strong>vehementer</strong></span> 
     </span>
    </p>
   </div>
   <div class='ocr_carea' id='block_1_35' title="bbox 2190 585 3892 658">
    <p class='ocr_par' dir='ltr' id='par_1_35' title="bbox 2190 585 3892 658">
     <span class='ocr_line' id='line_1_35' title="bbox 2190 585 3892 658; baseline 0.001 -18"><span class='ocrx_word' id='word_1_260' title='bbox 2190 585 2429 640; x_wconf 80' lang='lat' dir='ltr'><strong>incaluit</strong></span> <span class='ocrx_word' id='word_1_261' title='bbox 2453 587 2602 640; x_wconf 85' lang='lat' dir='ltr'><strong>actio</strong></span> <span class='ocrx_word' id='word_1_262' title='bbox 2651 585 2842 656; x_wconf 65' lang='lat' dir='ltr'><strong>gloriie</strong></span> <span class='ocrx_word' id='word_1_263' title='bbox 2877 585 3195 650; x_wconf 67' lang='lat' dir='ltr'><strong>saecularis,</strong></span> <span class='ocrx_word' id='word_1_264' title='bbox 3229 586 3326 640; x_wconf 87' lang='lat' dir='ltr'><strong>sed</strong></span> <span class='ocrx_word' id='word_1_265' title='bbox 3368 588 3738 656; x_wconf 89' lang='lat' dir='ltr'><strong>postmodum</strong></span> <span class='ocrx_word' id='word_1_266' title='bbox 3774 586 3892 658; x_wconf 88' lang='lat' dir='ltr'><strong>ipsa</strong></span> 
     </span>
    </p>
   </div>
   <div class='ocr_carea' id='block_1_36' title="bbox 2191 675 3891 746">
    <p class='ocr_par' dir='ltr' id='par_1_36' title="bbox 2191 675 3891 746">
     <span class='ocr_line' id='line_1_36' title="bbox 2191 675 3891 746; baseline 0.002 -19"><span class='ocrx_word' id='word_1_267' title='bbox 2191 675 2370 744; x_wconf 77' lang='lat' dir='ltr'><strong>gloria</strong></span> <span class='ocrx_word' id='word_1_268' title='bbox 2402 691 2533 730; x_wconf 92' lang='lat' dir='ltr'><strong>cum</strong></span> <span class='ocrx_word' id='word_1_269' title='bbox 2567 675 2690 729; x_wconf 89' lang='lat' dir='ltr'><strong>suis</strong></span> <span class='ocrx_word' id='word_1_270' title='bbox 2737 675 3090 746; x_wconf 90' lang='lat' dir='ltr'><strong>sequacibus</strong></span> <span class='ocrx_word' id='word_1_271' title='bbox 3123 675 3346 730; x_wconf 79' lang='lat' dir='ltr'><strong>defecit.</strong></span> <span class='ocrx_word' id='word_1_272' title='bbox 3383 677 3488 731; x_wconf 88' lang='lat' dir='ltr'><strong>Per</strong></span> <span class='ocrx_word' id='word_1_273' title='bbox 3519 692 3652 732; x_wconf 91' lang='lat' dir='ltr'><strong>ossa</strong></span> <span class='ocrx_word' id='word_1_274' title='bbox 3683 678 3891 731; x_wconf 89' lang='lat' dir='ltr'><strong>etenim</strong></span> 
     </span>
    </p>
   </div>
   <div class='ocr_carea' id='block_1_37' title="bbox 2192 763 3888 837">
    <p class='ocr_par' dir='ltr' id='par_1_37' title="bbox 2192 763 3888 837">
     <span class='ocr_line' id='line_1_37' title="bbox 2192 763 3888 837; baseline 0 -18"><span class='ocrx_word' id='word_1_275' title='bbox 2192 771 2458 836; x_wconf 91' lang='lat' dir='ltr'><strong>potentes</strong></span> <span class='ocrx_word' id='word_1_276' title='bbox 2491 765 2708 829; x_wconf 62' lang='lat' dir='ltr'><strong>seculi,</strong></span> <span class='ocrx_word' id='word_1_277' title='bbox 2736 781 2838 835; x_wconf 91' lang='lat' dir='ltr'><strong>per</strong></span> <span class='ocrx_word' id='word_1_278' title='bbox 2867 780 3069 818; x_wconf 90' lang='lat' dir='ltr'><strong>carnes</strong></span> <span class='ocrx_word' id='word_1_279' title='bbox 3095 780 3225 819; x_wconf 88' lang='lat' dir='ltr'><strong>vero</strong></span> <span class='ocrx_word' id='word_1_280' title='bbox 3250 763 3445 835; x_wconf 86' lang='lat' dir='ltr'><strong>populi</strong></span> <span class='ocrx_word' id='word_1_281' title='bbox 3475 765 3888 837; x_wconf 80' lang='lat' dir='ltr'><strong>designantur:</strong></span> 
     </span>
    </p>
   </div>
   <div class='ocr_carea' id='block_1_38' title="bbox 2190 853 3888 926">
    <p class='ocr_par' dir='ltr' id='par_1_38' title="bbox 2190 853 3888 926">
     <span class='ocr_line' id='line_1_38' title="bbox 2190 853 3888 926; baseline 0.001 -19"><span class='ocrx_word' id='word_1_282' title='bbox 2190 855 2326 925; x_wconf 85' lang='lat' dir='ltr'><strong>quia</strong></span> <span class='ocrx_word' id='word_1_283' title='bbox 2361 855 2508 909; x_wconf 85' lang='lat' dir='ltr'><strong>sicut</strong></span> <span class='ocrx_word' id='word_1_284' title='bbox 2541 870 2740 909; x_wconf 80' lang='lat' dir='ltr'><strong>carnes</strong></span> <span class='ocrx_word' id='word_1_285' title='bbox 2773 853 3003 909; x_wconf 88' lang='lat' dir='ltr'><strong>ossibus</strong></span> <span class='ocrx_word' id='word_1_286' title='bbox 3028 859 3352 925; x_wconf 88' lang='lat' dir='ltr'><strong>portantur,</strong></span> <span class='ocrx_word' id='word_1_287' title='bbox 3387 853 3467 910; x_wconf 89' lang='lat' dir='ltr'><strong>ita</strong></span> <span class='ocrx_word' id='word_1_288' title='bbox 3498 870 3599 926; x_wconf 91' lang='lat' dir='ltr'><strong>per</strong></span> <span class='ocrx_word' id='word_1_289' title='bbox 3631 860 3888 924; x_wconf 88' lang='lat' dir='ltr'><strong>potentes</strong></span> 
     </span>
    </p>
   </div>
   <div class='ocr_carea' id='block_1_39' title="bbox 2189 944 3889 1015">
    <p class='ocr_par' dir='ltr' id='par_1_39' title="bbox 2189 944 3889 1015">
     <span class='ocr_line' id='line_1_39' title="bbox 2189 944 3889 1015; baseline 0.001 -16"><span class='ocrx_word' id='word_1_290' title='bbox 2189 944 2400 1012; x_wconf 64' lang='lat' dir='ltr'><strong>saeculi,</strong></span> <span class='ocrx_word' id='word_1_291' title='bbox 2439 945 2751 999; x_wconf 88' lang='lat' dir='ltr'><strong>inlirmitas</strong></span> <span class='ocrx_word' id='word_1_292' title='bbox 2805 949 3027 1014; x_wconf 84' lang='lat' dir='ltr'><strong>regitur</strong></span> <span class='ocrx_word' id='word_1_293' title='bbox 3060 945 3430 1014; x_wconf 91' lang='lat' dir='ltr'><strong>p0pu|orum.</strong></span> <span class='ocrx_word' id='word_1_294' title='bbox 3466 944 3579 999; x_wconf 92' lang='lat' dir='ltr'><strong>Sed</strong></span> <span class='ocrx_word' id='word_1_295' title='bbox 3611 962 3742 1001; x_wconf 90' lang='lat' dir='ltr'><strong>ecce</strong></span> <span class='ocrx_word' id='word_1_296' title='bbox 3770 945 3889 1015; x_wconf 88' lang='lat' dir='ltr'><strong>jam</strong></span> 
     </span>
    </p>
   </div>
   <div class='ocr_carea' id='block_1_40' title="bbox 2188 1034 3891 1106">
    <p class='ocr_par' dir='ltr' id='par_1_40' title="bbox 2188 1034 3891 1106">
     <span class='ocr_line' id='line_1_40' title="bbox 2188 1034 3891 1106; baseline 0.001 -18"><span class='ocrx_word' id='word_1_297' title='bbox 2188 1034 2258 1088; x_wconf 89' lang='lat' dir='ltr'><strong>de</strong></span> <span class='ocrx_word' id='word_1_298' title='bbox 2292 1035 2385 1089; x_wconf 89' lang='lat' dir='ltr'><strong>illa</strong></span> <span class='ocrx_word' id='word_1_299' title='bbox 2417 1049 2620 1088; x_wconf 90' lang='lat' dir='ltr'><strong>omnes</strong></span> <span class='ocrx_word' id='word_1_300' title='bbox 2656 1034 2830 1103; x_wconf 81' lang='lat' dir='ltr'><strong>hujus</strong></span> <span class='ocrx_word' id='word_1_301' title='bbox 2863 1034 3054 1088; x_wconf 74' lang='lat' dir='ltr'><strong>saeculi</strong></span> <span class='ocrx_word' id='word_1_302' title='bbox 3098 1039 3359 1106; x_wconf 90' lang='lat' dir='ltr'><strong>potentes</strong></span> <span class='ocrx_word' id='word_1_303' title='bbox 3389 1034 3566 1089; x_wconf 88' lang='lat' dir='ltr'><strong>ablati</strong></span> <span class='ocrx_word' id='word_1_304' title='bbox 3592 1042 3729 1090; x_wconf 89' lang='lat' dir='ltr'><strong>sunt</strong></span> <span class='ocrx_word' id='word_1_305' title='bbox 3764 1050 3891 1090; x_wconf 87' lang='lat' dir='ltr'><strong>:cs-</strong></span> 
     </span>
    </p>
   </div>
   <div class='ocr_carea' id='block_1_41' title="bbox 2188 1123 3888 1195">
    <p class='ocr_par' dir='ltr' id='par_1_41' title="bbox 2188 1123 3888 1195">
     <span class='ocr_line' id='line_1_41' title="bbox 2188 1123 3888 1195; baseline 0 -17"><span class='ocrx_word' id='word_1_306' title='bbox 2188 1140 2254 1178; x_wconf 87' lang='lat' dir='ltr'><strong>sa</strong></span> <span class='ocrx_word' id='word_1_307' title='bbox 2281 1140 2414 1195; x_wconf 86' lang='lat' dir='ltr'><strong>ergo</strong></span> <span class='ocrx_word' id='word_1_308' title='bbox 2440 1129 2674 1178; x_wconf 88' lang='lat' dir='ltr'><strong>excocta</strong></span> <span class='ocrx_word' id='word_1_309' title='bbox 2729 1129 2887 1178; x_wconf 87' lang='lat' dir='ltr'><strong>sunt.</strong></span> <span class='ocrx_word' id='word_1_310' title='bbox 2941 1123 3082 1179; x_wconf 84' lang='lat' dir='ltr'><strong>Ecce</strong></span> <span class='ocrx_word' id='word_1_311' title='bbox 3124 1125 3321 1195; x_wconf 89' lang='lat' dir='ltr'><strong>populi</strong></span> <span class='ocrx_word' id='word_1_312' title='bbox 3354 1123 3687 1180; x_wconf 89' lang='lat' dir='ltr'><strong>defecerunt</strong></span> <span class='ocrx_word' id='word_1_313' title='bbox 3723 1140 3735 1178; x_wconf 92' lang='lat'>:</span> <span class='ocrx_word' id='word_1_314' title='bbox 3771 1140 3888 1179; x_wconf 80' lang='lat' dir='ltr'><strong>car-</strong></span> 
     </span>
    </p>
   </div>
   <div class='ocr_carea' id='block_1_42' title="bbox 2187 1213 3890 1285">
    <p class='ocr_par' dir='ltr' id='par_1_42' title="bbox 2187 1213 3890 1285">
     <span class='ocr_line' id='line_1_42' title="bbox 2187 1213 3890 1285; baseline 0 -17"><span class='ocrx_word' id='word_1_315' title='bbox 2187 1231 2288 1268; x_wconf 89' lang='lat' dir='ltr'><strong>nes</strong></span> <span class='ocrx_word' id='word_1_316' title='bbox 2320 1215 2446 1282; x_wconf 83' lang='lat' dir='ltr'><strong>ejus</strong></span> <span class='ocrx_word' id='word_1_317' title='bbox 2479 1214 2631 1268; x_wconf 74' lang='grc'><strong>164</strong></span> <span class='ocrx_word' id='word_1_318' title='bbox 2656 1213 2974 1284; x_wconf 69' lang='lat' dir='ltr'><strong>liquefactae</strong></span> <span class='ocrx_word' id='word_1_319' title='bbox 3014 1219 3173 1268; x_wconf 89' lang='lat' dir='ltr'><strong>sunt.</strong></span> <span class='ocrx_word' id='word_1_320' title='bbox 3213 1214 3448 1268; x_wconf 86' lang='lat' dir='ltr'><strong>Dicatur</strong></span> <span class='ocrx_word' id='word_1_321' title='bbox 3475 1230 3608 1285; x_wconf 87' lang='lat' dir='ltr'><strong>ergo</strong></span> <span class='ocrx_word' id='word_1_322' title='bbox 3644 1229 3658 1268; x_wconf 73' lang='grc' dir='ltr'>ε</span> <span class='ocrx_word' id='word_1_323' title='bbox 3692 1213 3890 1282; x_wconf 80' lang='lat' dir='ltr'><strong>Conge-</strong></span> 
     </span>
    </p>
   </div>
   <div class='ocr_carea' id='block_1_43' title="bbox 2174 1303 3893 1373">
    <p class='ocr_par' dir='ltr' id='par_1_43' title="bbox 2174 1303 3893 1373">
     <span class='ocr_line' id='line_1_43' title="bbox 2174 1303 3893 1373; baseline 0 -15"><span class='ocrx_word' id='word_1_324' title='bbox 2174 1319 2245 1358; x_wconf 83' lang='lat' dir='ltr'><strong>re</strong></span> <span class='ocrx_word' id='word_1_325' title='bbox 2266 1318 2386 1357; x_wconf 74' lang='lat' dir='ltr'><strong>ossa</strong></span> <span class='ocrx_word' id='word_1_326' title='bbox 2416 1318 2540 1373; x_wconf 76' lang='grc' dir='ltr'><strong>(μιιέ</strong></span> <span class='ocrx_word' id='word_1_327' title='bbox 2568 1304 2695 1371; x_wconf 89' lang='lat' dir='ltr'><strong>igne</strong></span> <span class='ocrx_word' id='word_1_328' title='bbox 2747 1303 3090 1368; x_wconf 85' lang='lat' dir='ltr'><strong>succendam,</strong></span> <span class='ocrx_word' id='word_1_329' title='bbox 3135 1307 3526 1359; x_wconf 86' lang='lat' dir='ltr'><strong>consumentur</strong></span> <span class='ocrx_word' id='word_1_330' title='bbox 3571 1319 3789 1367; x_wconf 84' lang='lat' dir='ltr'><strong>carnes,</strong></span> <span class='ocrx_word' id='word_1_331' title='bbox 3842 1306 3893 1358; x_wconf 72' lang='lat' dir='ltr'><strong>et</strong></span> 
     </span>
    </p>
   </div>
   <div class='ocr_carea' id='block_1_44' title="bbox 2183 1392 3892 1463">
    <p class='ocr_par' dir='ltr' id='par_1_44' title="bbox 2183 1392 3892 1463">
     <span class='ocr_line' id='line_1_44' title="bbox 2183 1392 3892 1463; baseline -0.001 -16"><span class='ocrx_word' id='word_1_332' title='bbox 2183 1401 2442 1463; x_wconf 79' lang='lat' dir='ltr'><strong>coquetur</strong></span> <span class='ocrx_word' id='word_1_333' title='bbox 2476 1395 2729 1448; x_wconf 82' lang='lat' dir='ltr'><strong>universa</strong></span> <span class='ocrx_word' id='word_1_334' title='bbox 2775 1392 3116 1462; x_wconf 82' lang='lat' dir='ltr'><strong>compositio,</strong></span> <span class='ocrx_word' id='word_1_335' title='bbox 3170 1401 3221 1449; x_wconf 89' lang='lat' dir='ltr'><strong>et</strong></span> <span class='ocrx_word' id='word_1_336' title='bbox 3269 1409 3392 1449; x_wconf 78' lang='lat' dir='ltr'><strong>ossa</strong></span> <span class='ocrx_word' id='word_1_337' title='bbox 3441 1394 3734 1450; x_wconf 82' lang='lat' dir='ltr'><strong>tabescent.</strong></span> <span class='ocrx_word' id='word_1_338' title='bbox 3789 1392 3892 1448; x_wconf 90' lang='lat' dir='ltr'><strong>Ubi</strong></span> 
     </span>
    </p>
   </div>
   <div class='ocr_carea' id='block_1_45' title="bbox 2183 1480 3890 1553">
    <p class='ocr_par' dir='ltr' id='par_1_45' title="bbox 2183 1480 3890 1553">
     <span class='ocr_line' id='line_1_45' title="bbox 2183 1480 3890 1553; baseline 0 -17"><span class='ocrx_word' id='word_1_339' title='bbox 2183 1487 2336 1537; x_wconf 83' lang='lat' dir='ltr'><strong>enim</strong></span> <span class='ocrx_word' id='word_1_340' title='bbox 2366 1487 2601 1537; x_wconf 85' lang='lat' dir='ltr'><strong>senatus</strong></span> <span class='ocrx_word' id='word_1_341' title='bbox 2625 1481 2652 1536; x_wconf 69' lang='grc' dir='ltr'><strong><em>Ἰ</em></strong></span> <span class='ocrx_word' id='word_1_342' title='bbox 2675 1480 2909 1550; x_wconf 89' lang='lat' dir='ltr'><strong>ubijam</strong></span> <span class='ocrx_word' id='word_1_343' title='bbox 2935 1481 3188 1553; x_wconf 90' lang='lat' dir='ltr'><strong>populus</strong></span> <span class='ocrx_word' id='word_1_344' title='bbox 3221 1483 3247 1537; x_wconf 79' lang='lat' dir='ltr'><strong>‘I</strong></span> <span class='ocrx_word' id='word_1_345' title='bbox 3278 1482 3715 1538; x_wconf 89' lang='lat' dir='ltr'><strong>Contabuerunt</strong></span> <span class='ocrx_word' id='word_1_346' title='bbox 3739 1499 3890 1547; x_wconf 88' lang='lat' dir='ltr'><strong>ossa,</strong></span> 
     </span>
    </p>
   </div>
   <div class='ocr_carea' id='block_1_46' title="bbox 2183 1570 3885 1641">
    <p class='ocr_par' dir='ltr' id='par_1_46' title="bbox 2183 1570 3885 1641">
     <span class='ocr_line' id='line_1_46' title="bbox 2183 1570 3885 1641; baseline -0.001 -15"><span class='ocrx_word' id='word_1_347' title='bbox 2183 1577 2544 1641; x_wconf 69' lang='lat' dir='ltr'><strong>consumpta:</strong></span> <span class='ocrx_word' id='word_1_348' title='bbox 2576 1579 2709 1625; x_wconf 89' lang='lat' dir='ltr'><strong>sunt</strong></span> <span class='ocrx_word' id='word_1_349' title='bbox 2747 1587 2971 1637; x_wconf 90' lang='lat' dir='ltr'><strong>carnes,</strong></span> <span class='ocrx_word' id='word_1_350' title='bbox 3004 1573 3196 1626; x_wconf 89' lang='lat' dir='ltr'><strong>omnis</strong></span> <span class='ocrx_word' id='word_1_351' title='bbox 3228 1572 3285 1626; x_wconf 94' lang='lat' dir='ltr'><strong>in</strong></span> <span class='ocrx_word' id='word_1_352' title='bbox 3318 1589 3386 1627; x_wconf 86' lang='lat' dir='ltr'><strong>ea</strong></span> <span class='ocrx_word' id='word_1_353' title='bbox 3416 1571 3783 1629; x_wconf 70' lang='lat' dir='ltr'><strong>saecularium</strong></span> <span class='ocrx_word' id='word_1_354' title='bbox 3806 1570 3885 1626; x_wconf 84' lang='lat' dir='ltr'><strong>di-</strong></span> 
     </span>
    </p>
   </div>
   <div class='ocr_carea' id='block_1_47' title="bbox 2183 1659 3892 1730">
    <p class='ocr_par' dir='ltr' id='par_1_47' title="bbox 2183 1659 3892 1730">
     <span class='ocr_line' id='line_1_47' title="bbox 2183 1659 3892 1730; baseline 0.002 -17"><span class='ocrx_word' id='word_1_355' title='bbox 2183 1660 2475 1730; x_wconf 89' lang='lat' dir='ltr'><strong>gnitatum</strong></span> <span class='ocrx_word' id='word_1_356' title='bbox 2525 1660 2666 1714; x_wconf 92' lang='lat' dir='ltr'><strong>ordo</strong></span> <span class='ocrx_word' id='word_1_357' title='bbox 2715 1659 3002 1715; x_wconf 82' lang='lat' dir='ltr'><strong>extinctus</strong></span> <span class='ocrx_word' id='word_1_358' title='bbox 3053 1665 3160 1715; x_wconf 89' lang='lat' dir='ltr'><strong>est.</strong></span> <span class='ocrx_word' id='word_1_359' title='bbox 3215 1661 3460 1716; x_wconf 82' lang='lat' dir='ltr'><strong>Excocta</strong></span> <span class='ocrx_word' id='word_1_360' title='bbox 3502 1665 3591 1716; x_wconf 88' lang='lat' dir='ltr'><strong>est</strong></span> <span class='ocrx_word' id='word_1_361' title='bbox 3624 1659 3892 1716; x_wconf 83' lang='lat' dir='ltr'><strong>universa</strong></span> 
     </span>
    </p>
   </div>
   <div class='ocr_carea' id='block_1_48' title="bbox 2183 1749 3893 1820">
    <p class='ocr_par' dir='ltr' id='par_1_48' title="bbox 2183 1749 3893 1820">
     <span class='ocr_line' id='line_1_48' title="bbox 2183 1749 3893 1820; baseline -0.001 -16"><span class='ocrx_word' id='word_1_362' title='bbox 2183 1750 2522 1819; x_wconf 87' lang='lat' dir='ltr'><strong>compositio</strong></span> <span class='ocrx_word' id='word_1_363' title='bbox 2555 1750 2704 1819; x_wconf 90' lang='lat' dir='ltr'><strong>ejus,</strong></span> <span class='ocrx_word' id='word_1_364' title='bbox 2733 1755 2788 1803; x_wconf 90' lang='lat' dir='ltr'><strong>et</strong></span> <span class='ocrx_word' id='word_1_365' title='bbox 2830 1754 3025 1804; x_wconf 87' lang='lat' dir='ltr'><strong>tamen</strong></span> <span class='ocrx_word' id='word_1_366' title='bbox 3077 1749 3236 1820; x_wconf 90' lang='lat' dir='ltr'><strong>ipsos</strong></span> <span class='ocrx_word' id='word_1_367' title='bbox 3285 1765 3388 1805; x_wconf 87' lang='lat' dir='ltr'><strong>nos</strong></span> <span class='ocrx_word' id='word_1_368' title='bbox 3431 1765 3647 1820; x_wconf 89' lang='lat' dir='ltr'><strong>paucos</strong></span> <span class='ocrx_word' id='word_1_369' title='bbox 3679 1749 3775 1819; x_wconf 89' lang='lat' dir='ltr'><strong>qui</strong></span> <span class='ocrx_word' id='word_1_370' title='bbox 3807 1765 3893 1804; x_wconf 90' lang='lat' dir='ltr'><strong>re-</strong></span> 
     </span>
    </p>
   </div>
   <div class='ocr_carea' id='block_1_49' title="bbox 2185 1837 3894 1911">
    <p class='ocr_par' dir='ltr' id='par_1_49' title="bbox 2185 1837 3894 1911">
     <span class='ocr_line' id='line_1_49' title="bbox 2185 1837 3894 1911; baseline -0.001 -18"><span class='ocrx_word' id='word_1_371' title='bbox 2185 1839 2529 1906; x_wconf 84' lang='lat' dir='ltr'><strong>mansimus,</strong></span> <span class='ocrx_word' id='word_1_372' title='bbox 2557 1837 2748 1894; x_wconf 87' lang='lat' dir='ltr'><strong>adhuc</strong></span> <span class='ocrx_word' id='word_1_373' title='bbox 2768 1838 3027 1909; x_wconf 90' lang='lat' dir='ltr'><strong>quotidie</strong></span> <span class='ocrx_word' id='word_1_374' title='bbox 3057 1837 3252 1909; x_wconf 80' lang='lat' dir='ltr'><strong>gladii,</strong></span> <span class='ocrx_word' id='word_1_375' title='bbox 3285 1839 3476 1894; x_wconf 87' lang='lat' dir='ltr'><strong>adhuc</strong></span> <span class='ocrx_word' id='word_1_376' title='bbox 3508 1839 3769 1911; x_wconf 88' lang='lat' dir='ltr'><strong>quotidie</strong></span> <span class='ocrx_word' id='word_1_377' title='bbox 3806 1837 3894 1892; x_wconf 86' lang='lat' dir='ltr'><strong>in-</strong></span> 
     </span>
    </p>
   </div>
   <div class='ocr_carea' id='block_1_50' title="bbox 2186 1927 3894 1999">
    <p class='ocr_par' dir='ltr' id='par_1_50' title="bbox 2186 1927 3894 1999">
     <span class='ocr_line' id='line_1_50' title="bbox 2186 1927 3894 1999; baseline -0.001 -17"><span class='ocrx_word' id='word_1_378' title='bbox 2186 1943 2440 1982; x_wconf 67' lang='lat' dir='ltr'><strong>numerae</strong></span> <span class='ocrx_word' id='word_1_379' title='bbox 2483 1927 2887 1982; x_wconf 88' lang='lat' dir='ltr'><strong>tribulationes</strong></span> <span class='ocrx_word' id='word_1_380' title='bbox 2920 1932 3211 1998; x_wconf 90' lang='lat' dir='ltr'><strong>premunt.</strong></span> <span class='ocrx_word' id='word_1_381' title='bbox 3262 1928 3502 1983; x_wconf 90' lang='lat' dir='ltr'><strong>Dicatur</strong></span> <span class='ocrx_word' id='word_1_382' title='bbox 3541 1943 3713 1999; x_wconf 87' lang='lat' dir='ltr'><strong>ergo:</strong></span> <span class='ocrx_word' id='word_1_383' title='bbox 3750 1928 3894 1982; x_wconf 89' lang='lat' dir='ltr'><strong>Pone</strong></span> 
     </span>
    </p>
   </div>
   <div class='ocr_carea' id='block_1_51' title="bbox 2185 2017 3893 2088">
    <p class='ocr_par' dir='ltr' id='par_1_51' title="bbox 2185 2017 3893 2088">
     <span class='ocr_line' id='line_1_51' title="bbox 2185 2017 3893 2088; baseline 0.001 -18"><span class='ocrx_word' id='word_1_384' title='bbox 2185 2032 2396 2087; x_wconf 87' lang='lat' dir='ltr'><strong>quoque</strong></span> <span class='ocrx_word' id='word_1_385' title='bbox 2425 2033 2548 2072; x_wconf 88' lang='lat' dir='ltr'><strong>eam</strong></span> <span class='ocrx_word' id='word_1_386' title='bbox 2589 2033 2751 2087; x_wconf 87' lang='lat' dir='ltr'><strong>super</strong></span> <span class='ocrx_word' id='word_1_387' title='bbox 2777 2034 2986 2088; x_wconf 79' lang='lat' dir='ltr'><strong>prunas</strong></span> <span class='ocrx_word' id='word_1_388' title='bbox 3017 2032 3265 2072; x_wconf 82' lang='lat' dir='ltr'><strong>vacuam.</strong></span> <span class='ocrx_word' id='word_1_389' title='bbox 3298 2019 3444 2081; x_wconf 87' lang='lat' dir='ltr'><strong>Quia</strong></span> <span class='ocrx_word' id='word_1_390' title='bbox 3476 2017 3632 2072; x_wconf 89' lang='lat' dir='ltr'><strong>enim</strong></span> <span class='ocrx_word' id='word_1_391' title='bbox 3665 2024 3893 2072; x_wconf 88' lang='lat' dir='ltr'><strong>senatus</strong></span> 
     </span>
    </p>
   </div>
   <div class='ocr_carea' id='block_1_52' title="bbox 2187 2105 3894 2177">
    <p class='ocr_par' dir='ltr' id='par_1_52' title="bbox 2187 2105 3894 2177">
     <span class='ocr_line' id='line_1_52' title="bbox 2187 2105 3894 2177; baseline 0 -17"><span class='ocrx_word' id='word_1_392' title='bbox 2187 2107 2370 2172; x_wconf 74' lang='lat' dir='ltr'><strong>deest,</strong></span> <span class='ocrx_word' id='word_1_393' title='bbox 2407 2105 2655 2176; x_wconf 88' lang='lat' dir='ltr'><strong>pepulus</strong></span> <span class='ocrx_word' id='word_1_394' title='bbox 2707 2107 2925 2161; x_wconf 89' lang='lat' dir='ltr'><strong>interiit</strong></span> <span class='ocrx_word' id='word_1_395' title='bbox 2964 2125 2978 2174; x_wconf 91' lang='lat'><strong>;</strong></span> <span class='ocrx_word' id='word_1_396' title='bbox 3008 2111 3064 2161; x_wconf 92' lang='lat' dir='ltr'><strong>et</strong></span> <span class='ocrx_word' id='word_1_397' title='bbox 3094 2113 3284 2161; x_wconf 90' lang='lat' dir='ltr'><strong>tamen</strong></span> <span class='ocrx_word' id='word_1_398' title='bbox 3320 2106 3377 2161; x_wconf 93' lang='lat' dir='ltr'><strong>in</strong></span> <span class='ocrx_word' id='word_1_399' title='bbox 3411 2108 3610 2177; x_wconf 89' lang='lat' dir='ltr'><strong>paucis</strong></span> <span class='ocrx_word' id='word_1_400' title='bbox 3642 2106 3738 2177; x_wconf 92' lang='lat' dir='ltr'><strong>qui</strong></span> <span class='ocrx_word' id='word_1_401' title='bbox 3761 2109 3894 2160; x_wconf 90' lang='lat' dir='ltr'><strong>sunt</strong></span> 
     </span>
    </p>
   </div>
   <div class='ocr_carea' id='block_1_53' title="bbox 2187 2195 3896 2267">
    <p class='ocr_par' dir='ltr' id='par_1_53' title="bbox 2187 2195 3896 2267">
     <span class='ocr_line' id='line_1_53' title="bbox 2187 2195 3896 2267; baseline 0 -17"><span class='ocrx_word' id='word_1_402' title='bbox 2187 2195 2415 2250; x_wconf 90' lang='lat' dir='ltr'><strong>dolores</strong></span> <span class='ocrx_word' id='word_1_403' title='bbox 2447 2202 2503 2250; x_wconf 87' lang='lat' dir='ltr'><strong>et</strong></span> <span class='ocrx_word' id='word_1_404' title='bbox 2525 2197 2780 2266; x_wconf 82' lang='lat' dir='ltr'><strong>gemitus</strong></span> <span class='ocrx_word' id='word_1_405' title='bbox 2815 2196 3073 2267; x_wconf 88' lang='lat' dir='ltr'><strong>quotidie</strong></span> <span class='ocrx_word' id='word_1_406' title='bbox 3106 2195 3568 2266; x_wconf 88' lang='lat' dir='ltr'><strong>multiplicantur</strong></span> <span class='ocrx_word' id='word_1_407' title='bbox 3601 2196 3765 2266; x_wconf 89' lang='lat' dir='ltr'><strong>:jam</strong></span> <span class='ocrx_word' id='word_1_408' title='bbox 3798 2211 3896 2250; x_wconf 84' lang='lat' dir='ltr'><strong>va-</strong></span> 
     </span>
    </p>
   </div>
   <div class='ocr_carea' id='block_1_54' title="bbox 2188 2283 3895 2348">
    <p class='ocr_par' dir='ltr' id='par_1_54' title="bbox 2188 2283 3895 2348">
     <span class='ocr_line' id='line_1_54' title="bbox 2188 2283 3895 2348; baseline -0.001 -10"><span class='ocrx_word' id='word_1_409' title='bbox 2188 2301 2290 2339; x_wconf 89' lang='lat' dir='ltr'><strong>cua</strong></span> <span class='ocrx_word' id='word_1_410' title='bbox 2321 2285 2487 2339; x_wconf 89' lang='lat' dir='ltr'><strong>ardet</strong></span> <span class='ocrx_word' id='word_1_411' title='bbox 2519 2284 2719 2340; x_wconf 81' lang='lat' dir='ltr'><strong>Roma.</strong></span> <span class='ocrx_word' id='word_1_412' title='bbox 2747 2285 2891 2348; x_wconf 88' lang='lat' dir='ltr'><strong>Quid</strong></span> <span class='ocrx_word' id='word_1_413' title='bbox 2929 2290 3124 2339; x_wconf 89' lang='lat' dir='ltr'><strong>autem</strong></span> <span class='ocrx_word' id='word_1_414' title='bbox 3160 2285 3272 2338; x_wconf 90' lang='lat' dir='ltr'><strong>ista</strong></span> <span class='ocrx_word' id='word_1_415' title='bbox 3294 2283 3364 2339; x_wconf 93' lang='lat' dir='ltr'><strong>de</strong></span> <span class='ocrx_word' id='word_1_416' title='bbox 3389 2284 3726 2340; x_wconf 89' lang='lat' dir='ltr'><strong>hominibus</strong></span> <span class='ocrx_word' id='word_1_417' title='bbox 3757 2284 3895 2338; x_wconf 91' lang='lat' dir='ltr'><strong>dici-</strong></span> 
     </span>
    </p>
   </div>
   <div class='ocr_carea' id='block_1_55' title="bbox 2191 2373 3897 2444">
    <p class='ocr_par' dir='ltr' id='par_1_55' title="bbox 2191 2373 3897 2444">
     <span class='ocr_line' id='line_1_55' title="bbox 2191 2373 3897 2444; baseline -0.001 -16"><span class='ocrx_word' id='word_1_418' title='bbox 2191 2391 2341 2440; x_wconf 76' lang='lat' dir='ltr'><strong>mus,</strong></span> <span class='ocrx_word' id='word_1_419' title='bbox 2377 2391 2505 2428; x_wconf 90' lang='lat' dir='ltr'><strong>cum</strong></span> <span class='ocrx_word' id='word_1_420' title='bbox 2559 2373 2744 2428; x_wconf 91' lang='lat' dir='ltr'><strong>ruinis</strong></span> <span class='ocrx_word' id='word_1_421' title='bbox 2787 2374 3290 2428; x_wconf 88' lang='lat' dir='ltr'><strong>crebrescentibus</strong></span> <span class='ocrx_word' id='word_1_422' title='bbox 3335 2373 3461 2443; x_wconf 88' lang='lat' dir='ltr'><strong>ipsa</strong></span> <span class='ocrx_word' id='word_1_423' title='bbox 3501 2389 3733 2444; x_wconf 89' lang='lat' dir='ltr'><strong>quoque</strong></span> <span class='ocrx_word' id='word_1_424' title='bbox 3771 2374 3897 2442; x_wconf 89' lang='lat' dir='ltr'><strong>ejus</strong></span> 
     </span>
    </p>
   </div>
   <div class='ocr_carea' id='block_1_56' title="bbox 2192 2462 3900 2533">
    <p class='ocr_par' dir='ltr' id='par_1_56' title="bbox 2192 2462 3900 2533">
     <span class='ocr_line' id='line_1_56' title="bbox 2192 2462 3900 2533; baseline 0.001 -17"><span class='ocrx_word' id='word_1_425' title='bbox 2192 2464 2414 2518; x_wconf 89' lang='lat' dir='ltr'><strong>destrui</strong></span> <span class='ocrx_word' id='word_1_426' title='bbox 2446 2462 2692 2518; x_wconf 76' lang='lat' dir='ltr'><strong>aadificia</strong></span> <span class='ocrx_word' id='word_1_427' title='bbox 2723 2464 2991 2516; x_wconf 88' lang='lat' dir='ltr'><strong>videmus</strong></span> <span class='ocrx_word' id='word_1_428' title='bbox 3023 2462 3049 2516; x_wconf 85' lang='lat'><strong>?</strong></span> <span class='ocrx_word' id='word_1_429' title='bbox 3082 2462 3241 2518; x_wconf 89' lang='lat' dir='ltr'><strong>Unde</strong></span> <span class='ocrx_word' id='word_1_430' title='bbox 3262 2468 3393 2533; x_wconf 90' lang='lat' dir='ltr'><strong>apte</strong></span> <span class='ocrx_word' id='word_1_431' title='bbox 3426 2463 3495 2518; x_wconf 90' lang='lat' dir='ltr'><strong>de</strong></span> <span class='ocrx_word' id='word_1_432' title='bbox 3517 2462 3751 2518; x_wconf 87' lang='lat' dir='ltr'><strong>civitate</strong></span> <span class='ocrx_word' id='word_1_433' title='bbox 3776 2464 3900 2531; x_wconf 88' lang='lat' dir='ltr'><strong>jam</strong></span> 
     </span>
    </p>
   </div>
   <div class='ocr_carea' id='block_1_57' title="bbox 2191 2551 3900 2624">
    <p class='ocr_par' dir='ltr' id='par_1_57' title="bbox 2191 2551 3900 2624">
     <span class='ocr_line' id='line_1_57' title="bbox 2191 2551 3900 2624; baseline 0 -18"><span class='ocrx_word' id='word_1_434' title='bbox 2191 2569 2372 2608; x_wconf 85' lang='lat' dir='ltr'><strong>vacua</strong></span> <span class='ocrx_word' id='word_1_435' title='bbox 2403 2553 2671 2607; x_wconf 90' lang='lat' dir='ltr'><strong>subditur</strong></span> <span class='ocrx_word' id='word_1_436' title='bbox 2706 2568 2718 2606; x_wconf 90' lang='lat'>:</span> <span class='ocrx_word' id='word_1_437' title='bbox 2772 2553 3066 2608; x_wconf 81' lang='lat' dir='ltr'><strong>Incalescat</strong></span> <span class='ocrx_word' id='word_1_438' title='bbox 3111 2557 3162 2607; x_wconf 90' lang='lat' dir='ltr'><strong>et</strong></span> <span class='ocrx_word' id='word_1_439' title='bbox 3197 2551 3440 2624; x_wconf 82' lang='lat' dir='ltr'><strong>liqueﬁat</strong></span> <span class='ocrx_word' id='word_1_440' title='bbox 3482 2568 3556 2607; x_wconf 70' lang='grc' dir='ltr'><strong>κς</strong></span> <span class='ocrx_word' id='word_1_441' title='bbox 3603 2552 3738 2623; x_wconf 85' lang='lat' dir='ltr'><strong>ejus.</strong></span> <span class='ocrx_word' id='word_1_442' title='bbox 3771 2551 3900 2607; x_wconf 84' lang='lat' dir='ltr'><strong>Jam</strong></span> 
     </span>
    </p>
   </div>
   <div class='ocr_carea' id='block_1_58' title="bbox 2193 2641 3906 2713">
    <p class='ocr_par' dir='ltr' id='par_1_58' title="bbox 2193 2641 3906 2713">
     <span class='ocr_line' id='line_1_58' title="bbox 2193 2641 3906 2713; baseline -0.003 -13"><span class='ocrx_word' id='word_1_443' title='bbox 2193 2646 2348 2700; x_wconf 86' lang='lat' dir='ltr'><strong>enim</strong></span> <span class='ocrx_word' id='word_1_444' title='bbox 2392 2647 2450 2696; x_wconf 89' lang='lat' dir='ltr'><strong>et</strong></span> <span class='ocrx_word' id='word_1_445' title='bbox 2487 2643 2611 2712; x_wconf 89' lang='lat' dir='ltr'><strong>ipsa</strong></span> <span class='ocrx_word' id='word_1_446' title='bbox 2650 2641 2764 2696; x_wconf 89' lang='lat' dir='ltr'><strong>olla</strong></span> <span class='ocrx_word' id='word_1_447' title='bbox 2798 2641 3186 2708; x_wconf 89' lang='lat' dir='ltr'><strong>consumitur,</strong></span> <span class='ocrx_word' id='word_1_448' title='bbox 3216 2641 3275 2696; x_wconf 90' lang='lat' dir='ltr'><strong>in</strong></span> <span class='ocrx_word' id='word_1_449' title='bbox 3306 2657 3414 2711; x_wconf 88' lang='lat' dir='ltr'><strong>qua</strong></span> <span class='ocrx_word' id='word_1_450' title='bbox 3441 2643 3602 2713; x_wconf 90' lang='lat' dir='ltr'><strong>prius</strong></span> <span class='ocrx_word' id='word_1_451' title='bbox 3626 2658 3827 2698; x_wconf 83' lang='lat' dir='ltr'><strong>carnes</strong></span> <span class='ocrx_word' id='word_1_452' title='bbox 3849 2643 3906 2696; x_wconf 90' lang='lat' dir='ltr'><strong>et</strong></span> 
     </span>
    </p>
   </div>
   <div class='ocr_carea' id='block_1_59' title="bbox 2195 2730 3906 2803">
    <p class='ocr_par' dir='ltr' id='par_1_59' title="bbox 2195 2730 3906 2803">
     <span class='ocr_line' id='line_1_59' title="bbox 2195 2730 3906 2803; baseline -0.002 -14"><span class='ocrx_word' id='word_1_453' title='bbox 2195 2751 2328 2789; x_wconf 89' lang='lat' dir='ltr'><strong>ossa</strong></span> <span class='ocrx_word' id='word_1_454' title='bbox 2358 2733 2806 2787; x_wconf 90' lang='lat' dir='ltr'><strong>consumebatur</strong></span> <span class='ocrx_word' id='word_1_455' title='bbox 2849 2749 2860 2786; x_wconf 90' lang='lat'>:</span> <span class='ocrx_word' id='word_1_456' title='bbox 2897 2733 3034 2803; x_wconf 88' lang='lat' dir='ltr'><strong>quia</strong></span> <span class='ocrx_word' id='word_1_457' title='bbox 3060 2738 3370 2802; x_wconf 91' lang='lat' dir='ltr'><strong>postquam</strong></span> <span class='ocrx_word' id='word_1_458' title='bbox 3421 2732 3754 2788; x_wconf 87' lang='lat' dir='ltr'><strong>defecerunt</strong></span> <span class='ocrx_word' id='word_1_459' title='bbox 3807 2730 3906 2786; x_wconf 88' lang='lat' dir='ltr'><strong>ho-</strong></span> 
     </span>
    </p>
   </div>
   <div class='ocr_carea' id='block_1_60' title="bbox 2199 2821 3905 2893">
    <p class='ocr_par' dir='ltr' id='par_1_60' title="bbox 2199 2821 3905 2893">
     <span class='ocr_line' id='line_1_60' title="bbox 2199 2821 3905 2893; baseline -0.001 -16"><span class='ocrx_word' id='word_1_460' title='bbox 2199 2824 2407 2888; x_wconf 90' lang='lat' dir='ltr'><strong>mines,</strong></span> <span class='ocrx_word' id='word_1_461' title='bbox 2440 2823 2614 2876; x_wconf 85' lang='lat' dir='ltr'><strong>stiam</strong></span> <span class='ocrx_word' id='word_1_462' title='bbox 2659 2822 2904 2893; x_wconf 89' lang='lat' dir='ltr'><strong>parietes</strong></span> <span class='ocrx_word' id='word_1_463' title='bbox 2949 2823 3185 2877; x_wconf 87' lang='lat' dir='ltr'><strong>cadunt.</strong></span> <span class='ocrx_word' id='word_1_464' title='bbox 3227 2821 3331 2876; x_wconf 87' lang='lat' dir='ltr'><strong>Ubi</strong></span> <span class='ocrx_word' id='word_1_465' title='bbox 3365 2822 3518 2876; x_wconf 91' lang='lat' dir='ltr'><strong>enim</strong></span> <span class='ocrx_word' id='word_1_466' title='bbox 3554 2827 3693 2876; x_wconf 90' lang='lat' dir='ltr'><strong>sunt</strong></span> <span class='ocrx_word' id='word_1_467' title='bbox 3722 2821 3820 2892; x_wconf 88' lang='lat' dir='ltr'><strong>qui</strong></span> <span class='ocrx_word' id='word_1_468' title='bbox 3847 2823 3905 2876; x_wconf 89' lang='lat' dir='ltr'><strong>in</strong></span> 
     </span>
    </p>
   </div>
   <div class='ocr_carea' id='block_1_61' title="bbox 2197 2909 3908 2982">
    <p class='ocr_par' dir='ltr' id='par_1_61' title="bbox 2197 2909 3908 2982">
     <span class='ocr_line' id='line_1_61' title="bbox 2197 2909 3908 2982; baseline -0.001 -16"><span class='ocrx_word' id='word_1_469' title='bbox 2197 2915 2320 2981; x_wconf 88' lang='lat' dir='ltr'><strong>ejus</strong></span> <span class='ocrx_word' id='word_1_470' title='bbox 2341 2911 2653 2982; x_wconf 79' lang='lat' dir='ltr'><strong>aliquando</strong></span> <span class='ocrx_word' id='word_1_471' title='bbox 2672 2910 2855 2981; x_wconf 89' lang='lat' dir='ltr'><strong>gloria</strong></span> <span class='ocrx_word' id='word_1_472' title='bbox 2884 2911 3227 2965; x_wconf 65' lang='lat' dir='ltr'><strong>laetabantur</strong></span> <span class='ocrx_word' id='word_1_473' title='bbox 3245 2910 3273 2964; x_wconf 83' lang='lat'><strong>?</strong></span> <span class='ocrx_word' id='word_1_474' title='bbox 3299 2909 3402 2966; x_wconf 91' lang='lat' dir='ltr'><strong>Ubi</strong></span> <span class='ocrx_word' id='word_1_475' title='bbox 3429 2927 3629 2966; x_wconf 90' lang='lat' dir='ltr'><strong>eorum</strong></span> <span class='ocrx_word' id='word_1_476' title='bbox 3657 2910 3908 2982; x_wconf 79' lang='lat' dir='ltr'><strong>pompa?</strong></span> 
     </span>
    </p>
   </div>
   <div class='ocr_carea' id='block_1_62' title="bbox 2200 2999 3910 3072">
    <p class='ocr_par' dir='ltr' id='par_1_62' title="bbox 2200 2999 3910 3072">
     <span class='ocr_line' id='line_1_62' title="bbox 2200 2999 3910 3072; baseline 0 -17"><span class='ocrx_word' id='word_1_477' title='bbox 2200 3000 2298 3055; x_wconf 90' lang='lat' dir='ltr'><strong>ubi</strong></span> <span class='ocrx_word' id='word_1_478' title='bbox 2331 3000 2603 3067; x_wconf 89' lang='lat' dir='ltr'><strong>superbia</strong></span> <span class='ocrx_word' id='word_1_479' title='bbox 2633 3000 2660 3052; x_wconf 90' lang='lat'><strong><em>?</em></strong></span> <span class='ocrx_word' id='word_1_480' title='bbox 2711 2999 2808 3054; x_wconf 92' lang='lat' dir='ltr'><strong>ubi</strong></span> <span class='ocrx_word' id='word_1_481' title='bbox 2845 3000 3115 3070; x_wconf 90' lang='lat' dir='ltr'><strong>frequens</strong></span> <span class='ocrx_word' id='word_1_482' title='bbox 3157 3004 3213 3054; x_wconf 89' lang='lat' dir='ltr'><strong>et</strong></span> <span class='ocrx_word' id='word_1_483' title='bbox 3252 2999 3698 3056; x_wconf 86' lang='lat' dir='ltr'><strong>immoderatum</strong></span> <span class='ocrx_word' id='word_1_484' title='bbox 3765 3017 3910 3072; x_wconf 87' lang='lat' dir='ltr'><strong>gau-</strong></span> 
     </span>
    </p>
   </div>
   <div class='ocr_carea' id='block_1_63' title="bbox 2200 3088 3907 3162">
    <p class='ocr_par' dir='ltr' id='par_1_63' title="bbox 2200 3088 3907 3162">
     <span class='ocr_line' id='line_1_63' title="bbox 2200 3088 3907 3162; baseline 0.001 -18"><span class='ocrx_word' id='word_1_485' title='bbox 2200 3090 2363 3145; x_wconf 91' lang='lat' dir='ltr'><strong>dium</strong></span> <span class='ocrx_word' id='word_1_486' title='bbox 2394 3089 2421 3144; x_wconf 79' lang='lat' dir='ltr'><strong>‘l</strong></span> <span class='ocrx_word' id='word_1_487' title='bbox 2453 3089 2760 3160; x_wconf 91' lang='lat' dir='ltr'><strong>lmpletum</strong></span> <span class='ocrx_word' id='word_1_488' title='bbox 2796 3098 2882 3145; x_wconf 90' lang='lat' dir='ltr'><strong>est</strong></span> <span class='ocrx_word' id='word_1_489' title='bbox 2928 3088 2988 3143; x_wconf 90' lang='lat' dir='ltr'><strong>in</strong></span> <span class='ocrx_word' id='word_1_490' title='bbox 3025 3105 3091 3144; x_wconf 91' lang='lat' dir='ltr'><strong>ea</strong></span> <span class='ocrx_word' id='word_1_491' title='bbox 3131 3090 3285 3162; x_wconf 92' lang='lat' dir='ltr'><strong>quod</strong></span> <span class='ocrx_word' id='word_1_492' title='bbox 3324 3095 3522 3145; x_wconf 89' lang='lat' dir='ltr'><strong>contra</strong></span> <span class='ocrx_word' id='word_1_493' title='bbox 3550 3091 3907 3146; x_wconf 88' lang='lat' dir='ltr'><strong>destructam</strong></span> 
     </span>
    </p>
   </div>
   <div class='ocr_carea' id='block_1_64' title="bbox 372 3153 2077 3250">
    <p class='ocr_par' dir='ltr' id='par_1_64' title="bbox 372 3153 2077 3226">
     <span class='ocr_line' id='line_1_64' title="bbox 372 3153 2077 3226; baseline -0.004 -15"><span class='ocrx_word' id='word_1_494' title='bbox 372 3155 707 3226; x_wconf 76' lang='lat' dir='ltr'><strong>depopulati</strong></span> <span class='ocrx_word' id='word_1_495' title='bbox 755 3158 894 3210; x_wconf 90' lang='lat' dir='ltr'><strong>sunt</strong></span> <span class='ocrx_word' id='word_1_496' title='bbox 949 3155 1091 3226; x_wconf 88' lang='lat' dir='ltr'><strong>agri,</strong></span> <span class='ocrx_word' id='word_1_497' title='bbox 1137 3154 1196 3208; x_wconf 92' lang='lat' dir='ltr'><strong>in</strong></span> <span class='ocrx_word' id='word_1_498' title='bbox 1238 3153 1612 3208; x_wconf 80' lang='lat' dir='ltr'><strong>solitudinem</strong></span> <span class='ocrx_word' id='word_1_499' title='bbox 1665 3159 1816 3207; x_wconf 87' lang='lat' dir='ltr'><strong>terra</strong></span> <span class='ocrx_word' id='word_1_500' title='bbox 1859 3153 2077 3207; x_wconf 79' lang='lat' dir='ltr'><strong>redacta</strong></span> 
     </span>
    </p>
   </div>
   <div class='ocr_carea' id='block_1_65' title="bbox 2196 3153 3910 3250">
    <p class='ocr_par' dir='ltr' id='par_1_65' title="bbox 2200 3153 3910 3250">
     <span class='ocr_line' id='line_1_65' title="bbox 2200 3153 3910 3250; baseline 0.001 -16"><span class='ocrx_word' id='word_1_501' title='bbox 2200 3180 2441 3234; x_wconf 89' lang='lat' dir='ltr'><strong>Niniven</strong></span> <span class='ocrx_word' id='word_1_502' title='bbox 2469 3153 2572 3250; x_wconf 78' lang='lat' dir='ltr'><strong>per</strong></span> <span class='ocrx_word' id='word_1_503' title='bbox 2603 3178 2942 3248; x_wconf 90' lang='lat' dir='ltr'><strong>prophetam</strong></span> <span class='ocrx_word' id='word_1_504' title='bbox 2977 3153 3190 3234; x_wconf 70' lang='lat' dir='ltr'><strong>dicitur</strong></span> <span class='ocrx_word' id='word_1_505' title='bbox 3223 3197 3236 3235; x_wconf 94' lang='lat'>:</span> <span class='ocrx_word' id='word_1_506' title='bbox 3275 3179 3374 3237; x_wconf 85' lang='lat' dir='ltr'><strong>Ubi</strong></span> <span class='ocrx_word' id='word_1_507' title='bbox 3418 3188 3496 3234; x_wconf 83' lang='lat' dir='ltr'><strong>est</strong></span> <span class='ocrx_word' id='word_1_508' title='bbox 3526 3179 3910 3235; x_wconf 76' lang='lat' dir='ltr'><strong>habitaculum</strong></span> 
     </span>
    </p>
   </div>
   <div class='ocr_carea' id='block_1_66' title="bbox 375 3241 2084 3313">
    <p class='ocr_par' dir='ltr' id='par_1_66' title="bbox 375 3241 2084 3313">
     <span class='ocr_line' id='line_1_66' title="bbox 375 3241 2084 3313; baseline -0.004 -13"><span class='ocrx_word' id='word_1_509' title='bbox 375 3247 482 3300; x_wconf 90' lang='lat' dir='ltr'><strong>est.</strong></span> <span class='ocrx_word' id='word_1_510' title='bbox 518 3242 724 3298; x_wconf 86' lang='lat' dir='ltr'><strong>Nullus</strong></span> <span class='ocrx_word' id='word_1_511' title='bbox 774 3244 829 3298; x_wconf 92' lang='lat' dir='ltr'><strong>in</strong></span> <span class='ocrx_word' id='word_1_512' title='bbox 863 3243 1018 3313; x_wconf 88' lang='lat' dir='ltr'><strong>agris</strong></span> <span class='ocrx_word' id='word_1_513' title='bbox 1063 3241 1273 3309; x_wconf 89' lang='lat' dir='ltr'><strong>incola,</strong></span> <span class='ocrx_word' id='word_1_514' title='bbox 1319 3257 1462 3312; x_wconf 91' lang='lat' dir='ltr'><strong>pene</strong></span> <span class='ocrx_word' id='word_1_515' title='bbox 1495 3241 1688 3296; x_wconf 91' lang='lat' dir='ltr'><strong>nullus</strong></span> <span class='ocrx_word' id='word_1_516' title='bbox 1730 3242 1786 3294; x_wconf 92' lang='lat' dir='ltr'><strong>in</strong></span> <span class='ocrx_word' id='word_1_517' title='bbox 1839 3241 2084 3296; x_wconf 90' lang='lat' dir='ltr'><strong>urbibus</strong></span> 
     </span>
    </p>
   </div>
   <div class='ocr_carea' id='block_1_67' title="bbox 377 3329 2083 3402">
    <p class='ocr_par' dir='ltr' id='par_1_67' title="bbox 377 3329 2083 3402">
     <span class='ocr_line' id='line_1_67' title="bbox 377 3329 2083 3402; baseline -0.001 -17"><span class='ocrx_word' id='word_1_518' title='bbox 377 3331 672 3387; x_wconf 87' lang='lat' dir='ltr'><strong>habitator</strong></span> <span class='ocrx_word' id='word_1_519' title='bbox 703 3332 970 3386; x_wconf 86' lang='lat' dir='ltr'><strong>remansit</strong></span> <span class='ocrx_word' id='word_1_520' title='bbox 1004 3345 1017 3396; x_wconf 90' lang='lat'>;</span> <span class='ocrx_word' id='word_1_521' title='bbox 1050 3336 1105 3386; x_wconf 91' lang='lat' dir='ltr'><strong>et</strong></span> <span class='ocrx_word' id='word_1_522' title='bbox 1126 3335 1321 3385; x_wconf 86' lang='lat' dir='ltr'><strong>tamen</strong></span> <span class='ocrx_word' id='word_1_523' title='bbox 1355 3331 1491 3402; x_wconf 64' lang='lat' dir='ltr'><strong>ipsa:</strong></span> <span class='ocrx_word' id='word_1_524' title='bbox 1521 3347 1704 3400; x_wconf 63' lang='lat' dir='ltr'><strong>parvae</strong></span> <span class='ocrx_word' id='word_1_525' title='bbox 1729 3331 1960 3401; x_wconf 91' lang='lat' dir='ltr'><strong>generis</strong></span> <span class='ocrx_word' id='word_1_526' title='bbox 1985 3329 2083 3383; x_wconf 88' lang='lat' dir='ltr'><strong>hu-</strong></span> 
     </span>
    </p>
   </div>
   <div class='ocr_carea' id='block_1_68' title="bbox 377 3419 2086 3492">
    <p class='ocr_par' dir='ltr' id='par_1_68' title="bbox 377 3419 2086 3492">
     <span class='ocr_line' id='line_1_68' title="bbox 377 3419 2086 3492; baseline -0.001 -17"><span class='ocrx_word' id='word_1_527' title='bbox 377 3420 533 3476; x_wconf 86' lang='lat' dir='ltr'><strong>mani</strong></span> <span class='ocrx_word' id='word_1_528' title='bbox 569 3421 822 3492; x_wconf 79' lang='lat' dir='ltr'><strong>reliquias</strong></span> <span class='ocrx_word' id='word_1_529' title='bbox 859 3420 1052 3475; x_wconf 90' lang='lat' dir='ltr'><strong>adhuc</strong></span> <span class='ocrx_word' id='word_1_530' title='bbox 1083 3421 1338 3491; x_wconf 90' lang='lat' dir='ltr'><strong>quotidie</strong></span> <span class='ocrx_word' id='word_1_531' title='bbox 1382 3428 1432 3474; x_wconf 90' lang='lat' dir='ltr'><strong>et</strong></span> <span class='ocrx_word' id='word_1_532' title='bbox 1476 3421 1599 3475; x_wconf 85' lang='lat' dir='ltr'><strong>sine</strong></span> <span class='ocrx_word' id='word_1_533' title='bbox 1645 3419 1967 3474; x_wconf 89' lang='lat' dir='ltr'><strong>cessatione</strong></span> <span class='ocrx_word' id='word_1_534' title='bbox 1999 3419 2086 3474; x_wconf 86' lang='lat' dir='ltr'><strong>fe—</strong></span> 
     </span>
    </p>
   </div>
   <div class='ocr_carea' id='block_1_69' title="bbox 377 3509 2084 3580">
    <p class='ocr_par' dir='ltr' id='par_1_69' title="bbox 377 3509 2084 3580">
     <span class='ocr_line' id='line_1_69' title="bbox 377 3509 2084 3580; baseline -0.002 -16"><span class='ocrx_word' id='word_1_535' title='bbox 377 3510 632 3576; x_wconf 88' lang='lat' dir='ltr'><strong>riuntur,</strong></span> <span class='ocrx_word' id='word_1_536' title='bbox 684 3513 739 3564; x_wconf 91' lang='lat' dir='ltr'><strong>et</strong></span> <span class='ocrx_word' id='word_1_537' title='bbox 766 3510 941 3564; x_wconf 81' lang='lat' dir='ltr'><strong>ﬁnem</strong></span> <span class='ocrx_word' id='word_1_538' title='bbox 982 3526 1096 3564; x_wconf 89' lang='lat' dir='ltr'><strong>non</strong></span> <span class='ocrx_word' id='word_1_539' title='bbox 1131 3510 1344 3563; x_wconf 89' lang='lat' dir='ltr'><strong>habent</strong></span> <span class='ocrx_word' id='word_1_540' title='bbox 1376 3509 1601 3580; x_wconf 87' lang='lat' dir='ltr'><strong>ﬂagella</strong></span> <span class='ocrx_word' id='word_1_541' title='bbox 1635 3509 1881 3564; x_wconf 79' lang='lat' dir='ltr'><strong>cmlestis</strong></span> <span class='ocrx_word' id='word_1_542' title='bbox 1913 3509 2084 3579; x_wconf 90' lang='lat' dir='ltr'><strong>justi-</strong></span> 
     </span>
    </p>
   </div>
   <div class='ocr_carea' id='block_1_70' title="bbox 375 3598 2084 3669">
    <p class='ocr_par' dir='ltr' id='par_1_70' title="bbox 375 3598 2084 3669">
     <span class='ocr_line' id='line_1_70' title="bbox 375 3598 2084 3669; baseline 0.001 -16"><span class='ocrx_word' id='word_1_543' title='bbox 375 3601 490 3665; x_wconf 73' lang='lat' dir='ltr'><strong>tize,</strong></span> <span class='ocrx_word' id='word_1_544' title='bbox 523 3600 658 3669; x_wconf 87' lang='lat' dir='ltr'><strong>quia</strong></span> <span class='ocrx_word' id='word_1_545' title='bbox 706 3616 810 3655; x_wconf 90' lang='lat' dir='ltr'><strong>nec</strong></span> <span class='ocrx_word' id='word_1_546' title='bbox 858 3600 1010 3655; x_wconf 92' lang='lat' dir='ltr'><strong>inter</strong></span> <span class='ocrx_word' id='word_1_547' title='bbox 1058 3599 1286 3669; x_wconf 88' lang='lat' dir='ltr'><strong>ﬂagella</strong></span> <span class='ocrx_word' id='word_1_548' title='bbox 1333 3608 1599 3654; x_wconf 73' lang='lat' dir='ltr'><strong>correcta:</strong></span> <span class='ocrx_word' id='word_1_549' title='bbox 1645 3607 1781 3654; x_wconf 89' lang='lat' dir='ltr'><strong>sunt</strong></span> <span class='ocrx_word' id='word_1_550' title='bbox 1837 3598 2084 3654; x_wconf 88' lang='lat' dir='ltr'><strong>actionis</strong></span> 
     </span>
    </p>
   </div>
   <div class='ocr_carea' id='block_1_71' title="bbox 377 3687 2084 3759">
    <p class='ocr_par' dir='ltr' id='par_1_71' title="bbox 377 3687 2084 3759">
     <span class='ocr_line' id='line_1_71' title="bbox 377 3687 2084 3759; baseline -0.001 -16"><span class='ocrx_word' id='word_1_551' title='bbox 377 3688 579 3758; x_wconf 68' lang='lat' dir='ltr'><strong>culpae.</strong></span> <span class='ocrx_word' id='word_1_552' title='bbox 614 3687 769 3743; x_wconf 86' lang='lat' dir='ltr'><strong>Alios</strong></span> <span class='ocrx_word' id='word_1_553' title='bbox 802 3689 861 3742; x_wconf 89' lang='lat' dir='ltr'><strong>in</strong></span> <span class='ocrx_word' id='word_1_554' title='bbox 907 3687 1293 3759; x_wconf 63' lang='lat' dir='ltr'><strong>captivitatem</strong></span> <span class='ocrx_word' id='word_1_555' title='bbox 1347 3689 1502 3755; x_wconf 91' lang='lat' dir='ltr'><strong>duci,</strong></span> <span class='ocrx_word' id='word_1_556' title='bbox 1545 3688 1686 3743; x_wconf 89' lang='lat' dir='ltr'><strong>alios</strong></span> <span class='ocrx_word' id='word_1_557' title='bbox 1728 3688 2084 3753; x_wconf 87' lang='lat' dir='ltr'><strong>detruncari,</strong></span> 
     </span>
    </p>
   </div>
   <div class='ocr_carea' id='block_1_72' title="bbox 379 3775 2084 3849">
    <p class='ocr_par' dir='ltr' id='par_1_72' title="bbox 379 3775 2084 3849">
     <span class='ocr_line' id='line_1_72' title="bbox 379 3775 2084 3849; baseline 0 -17"><span class='ocrx_word' id='word_1_558' title='bbox 379 3776 523 3832; x_wconf 85' lang='lat' dir='ltr'><strong>alios</strong></span> <span class='ocrx_word' id='word_1_559' title='bbox 555 3775 799 3832; x_wconf 83' lang='lat' dir='ltr'><strong>interﬁci</strong></span> <span class='ocrx_word' id='word_1_560' title='bbox 832 3777 1122 3832; x_wconf 91' lang='lat' dir='ltr'><strong>videmus.</strong></span> <span class='ocrx_word' id='word_1_561' title='bbox 1153 3778 1300 3840; x_wconf 90' lang='lat' dir='ltr'><strong>Quid</strong></span> <span class='ocrx_word' id='word_1_562' title='bbox 1336 3782 1576 3842; x_wconf 75' lang='lat' dir='ltr'><strong>estergo</strong></span> <span class='ocrx_word' id='word_1_563' title='bbox 1607 3779 1760 3849; x_wconf 91' lang='lat' dir='ltr'><strong>quod</strong></span> <span class='ocrx_word' id='word_1_564' title='bbox 1789 3777 1846 3832; x_wconf 92' lang='lat' dir='ltr'><strong>in</strong></span> <span class='ocrx_word' id='word_1_565' title='bbox 1872 3777 1979 3832; x_wconf 91' lang='lat' dir='ltr'><strong>hac</strong></span> <span class='ocrx_word' id='word_1_566' title='bbox 2003 3777 2084 3832; x_wconf 81' lang='lat' dir='ltr'><strong>vi-</strong></span> 
     </span>
    </p>
   </div>
   <div class='ocr_carea' id='block_1_73' title="bbox 379 3874 2087 3943">
    <p class='ocr_par' dir='ltr' id='par_1_73' title="bbox 379 3874 2087 3943">
     <span class='ocr_line' id='line_1_73' title="bbox 379 3874 2087 3943; baseline 0 -13"><span class='ocrx_word' id='word_1_567' title='bbox 379 3880 435 3930; x_wconf 90' lang='lat' dir='ltr'><strong>ta</strong></span> <span class='ocrx_word' id='word_1_568' title='bbox 465 3874 665 3943; x_wconf 84' lang='lat' dir='ltr'><strong>libeat,</strong></span> <span class='ocrx_word' id='word_1_569' title='bbox 705 3875 908 3931; x_wconf 86' lang='lat' dir='ltr'><strong>fratres</strong></span> <span class='ocrx_word' id='word_1_570' title='bbox 942 3875 1109 3931; x_wconf 86' lang='lat' dir='ltr'><strong>mei?</strong></span> <span class='ocrx_word' id='word_1_571' title='bbox 1139 3876 1196 3932; x_wconf 92' lang='lat' dir='ltr'><strong>Si</strong></span> <span class='ocrx_word' id='word_1_572' title='bbox 1223 3877 1391 3932; x_wconf 88' lang='lat' dir='ltr'><strong>talem</strong></span> <span class='ocrx_word' id='word_1_573' title='bbox 1427 3877 1712 3932; x_wconf 91' lang='lat' dir='ltr'><strong>mundum</strong></span> <span class='ocrx_word' id='word_1_574' title='bbox 1748 3876 1936 3931; x_wconf 88' lang='lat' dir='ltr'><strong>adhuc</strong></span> <span class='ocrx_word' id='word_1_575' title='bbox 1959 3875 2087 3930; x_wconf 84' lang='lat' dir='ltr'><strong>dili-</strong></span> 
     </span>
    </p>
   </div>
   <div class='ocr_carea' id='block_1_74' title="bbox 375 3964 2087 4037">
    <p class='ocr_par' dir='ltr' id='par_1_74' title="bbox 375 3964 2087 4037">
     <span class='ocr_line' id='line_1_74' title="bbox 375 3964 2087 4037; baseline 0.001 -18"><span class='ocrx_word' id='word_1_576' title='bbox 375 3964 592 4037; x_wconf 87' lang='lat' dir='ltr'><strong>gimus,</strong></span> <span class='ocrx_word' id='word_1_577' title='bbox 647 3981 760 4021; x_wconf 92' lang='lat' dir='ltr'><strong>non</strong></span> <span class='ocrx_word' id='word_1_578' title='bbox 803 3966 920 4035; x_wconf 88' lang='lat' dir='ltr'><strong>jam</strong></span> <span class='ocrx_word' id='word_1_579' title='bbox 947 3966 1159 4037; x_wconf 86' lang='lat' dir='ltr'><strong>gaudia</strong></span> <span class='ocrx_word' id='word_1_580' title='bbox 1207 3967 1304 4021; x_wconf 87' lang='lat' dir='ltr'><strong>sed</strong></span> <span class='ocrx_word' id='word_1_581' title='bbox 1351 3966 1591 4021; x_wconf 88' lang='lat' dir='ltr'><strong>vulnera</strong></span> <span class='ocrx_word' id='word_1_582' title='bbox 1624 3982 1908 4021; x_wconf 85' lang='lat' dir='ltr'><strong>amamus.</strong></span> <span class='ocrx_word' id='word_1_583' title='bbox 1956 3965 2087 4036; x_wconf 89' lang='lat' dir='ltr'><strong>lpsa</strong></span> 
     </span>
    </p>
   </div>
   <div class='ocr_carea' id='block_1_75' title="bbox 376 4054 2082 4127">
    <p class='ocr_par' dir='ltr' id='par_1_75' title="bbox 376 4054 2082 4127">
     <span class='ocr_line' id='line_1_75' title="bbox 376 4054 2082 4127; baseline 0.001 -18"><span class='ocrx_word' id='word_1_584' title='bbox 376 4059 574 4112; x_wconf 88' lang='lat' dir='ltr'><strong>autem</strong></span> <span class='ocrx_word' id='word_1_585' title='bbox 608 4072 733 4126; x_wconf 60' lang='lat' dir='ltr'><strong>qua</strong></span> <span class='ocrx_word' id='word_1_586' title='bbox 768 4054 1081 4127; x_wconf 85' lang='lat' dir='ltr'><strong>aliquando</strong></span> <span class='ocrx_word' id='word_1_587' title='bbox 1115 4058 1315 4112; x_wconf 90' lang='lat' dir='ltr'><strong>mundi</strong></span> <span class='ocrx_word' id='word_1_588' title='bbox 1343 4057 1578 4112; x_wconf 88' lang='lat' dir='ltr'><strong>domina</strong></span> <span class='ocrx_word' id='word_1_589' title='bbox 1609 4074 1736 4115; x_wconf 83' lang='lat' dir='ltr'><strong>esse</strong></span> <span class='ocrx_word' id='word_1_590' title='bbox 1765 4057 2082 4124; x_wconf 84' lang='lat' dir='ltr'><strong>videbatur,</strong></span> 
     </span>
    </p>
   </div>
   <div class='ocr_carea' id='block_1_76' title="bbox 377 4143 2088 4215">
    <p class='ocr_par' dir='ltr' id='par_1_76' title="bbox 377 4143 2088 4215">
     <span class='ocr_line' id='line_1_76' title="bbox 377 4143 2088 4215; baseline 0.002 -17"><span class='ocrx_word' id='word_1_591' title='bbox 377 4143 570 4215; x_wconf 85' lang='lat' dir='ltr'><strong>qualis</strong></span> <span class='ocrx_word' id='word_1_592' title='bbox 602 4144 952 4199; x_wconf 87' lang='lat' dir='ltr'><strong>remanserit</strong></span> <span class='ocrx_word' id='word_1_593' title='bbox 983 4146 1164 4200; x_wconf 80' lang='lat' dir='ltr'><strong>Roma</strong></span> <span class='ocrx_word' id='word_1_594' title='bbox 1194 4146 1610 4215; x_wconf 89' lang='lat' dir='ltr'><strong>conspicimus,</strong></span> <span class='ocrx_word' id='word_1_595' title='bbox 1654 4146 1953 4201; x_wconf 87' lang='lat' dir='ltr'><strong>immensis</strong></span> <span class='ocrx_word' id='word_1_596' title='bbox 1980 4147 2088 4201; x_wconf 92' lang='lat' dir='ltr'><strong>do-</strong></span> 
     </span>
    </p>
   </div>
   <div class='ocr_carea' id='block_1_77' title="bbox 376 4232 2086 4302">
    <p class='ocr_par' dir='ltr' id='par_1_77' title="bbox 376 4232 2086 4302">
     <span class='ocr_line' id='line_1_77' title="bbox 376 4232 2086 4302; baseline 0.002 -16"><span class='ocrx_word' id='word_1_597' title='bbox 376 4232 598 4288; x_wconf 88' lang='lat' dir='ltr'><strong>loribus</strong></span> <span class='ocrx_word' id='word_1_598' title='bbox 629 4232 1026 4302; x_wconf 88' lang='lat' dir='ltr'><strong>multipliciter</strong></span> <span class='ocrx_word' id='word_1_599' title='bbox 1054 4234 1268 4300; x_wconf 87' lang='lat' dir='ltr'><strong>attrita,</strong></span> <span class='ocrx_word' id='word_1_600' title='bbox 1321 4235 1680 4289; x_wconf 89' lang='lat' dir='ltr'><strong>desolatione</strong></span> <span class='ocrx_word' id='word_1_601' title='bbox 1710 4237 1944 4298; x_wconf 89' lang='lat' dir='ltr'><strong>civium,</strong></span> <span class='ocrx_word' id='word_1_602' title='bbox 1980 4235 2086 4290; x_wconf 89' lang='lat' dir='ltr'><strong>im-</strong></span> 
     </span>
    </p>
   </div>
   <div class='ocr_carea' id='block_1_78' title="bbox 382 4321 2088 4392">
    <p class='ocr_par' dir='ltr' id='par_1_78' title="bbox 382 4321 2088 4392">
     <span class='ocr_line' id='line_1_78' title="bbox 382 4321 2088 4392; baseline 0.004 -18"><span class='ocrx_word' id='word_1_603' title='bbox 382 4321 682 4390; x_wconf 87' lang='lat' dir='ltr'><strong>pressione</strong></span> <span class='ocrx_word' id='word_1_604' title='bbox 705 4321 984 4387; x_wconf 88' lang='lat' dir='ltr'><strong>hostium,</strong></span> <span class='ocrx_word' id='word_1_605' title='bbox 1013 4322 1340 4392; x_wconf 81' lang='lat' dir='ltr'><strong>frequentia</strong></span> <span class='ocrx_word' id='word_1_606' title='bbox 1364 4324 1661 4378; x_wconf 88' lang='lat' dir='ltr'><strong>ruinarum</strong></span> <span class='ocrx_word' id='word_1_607' title='bbox 1690 4340 1702 4377; x_wconf 90' lang='lat'>:</span> <span class='ocrx_word' id='word_1_608' title='bbox 1729 4325 1808 4378; x_wconf 87' lang='lat' dir='ltr'><strong>ita</strong></span> <span class='ocrx_word' id='word_1_609' title='bbox 1840 4335 1903 4378; x_wconf 88' lang='lat' dir='ltr'><strong>ut</strong></span> <span class='ocrx_word' id='word_1_610' title='bbox 1934 4324 1992 4380; x_wconf 90' lang='lat' dir='ltr'><strong>in</strong></span> <span class='ocrx_word' id='word_1_611' title='bbox 2021 4340 2088 4380; x_wconf 90' lang='lat' dir='ltr'><strong>ea</strong></span> 
     </span>
    </p>
   </div>
   <div class='ocr_carea' id='block_1_79' title="bbox 381 4409 2088 4484">
    <p class='ocr_par' dir='ltr' id='par_1_79' title="bbox 381 4409 2088 4484">
     <span class='ocr_line' id='line_1_79' title="bbox 381 4409 2088 4484; baseline 0.003 -19"><span class='ocrx_word' id='word_1_612' title='bbox 381 4409 735 4479; x_wconf 89' lang='lat' dir='ltr'><strong>completum</strong></span> <span class='ocrx_word' id='word_1_613' title='bbox 757 4427 884 4466; x_wconf 90' lang='lat' dir='ltr'><strong>esse</strong></span> <span class='ocrx_word' id='word_1_614' title='bbox 917 4412 1210 4467; x_wconf 84' lang='lat' dir='ltr'><strong>videamus</strong></span> <span class='ocrx_word' id='word_1_615' title='bbox 1235 4414 1388 4484; x_wconf 91' lang='lat' dir='ltr'><strong>quod</strong></span> <span class='ocrx_word' id='word_1_616' title='bbox 1423 4421 1624 4469; x_wconf 90' lang='lat' dir='ltr'><strong>contra</strong></span> <span class='ocrx_word' id='word_1_617' title='bbox 1659 4415 1856 4469; x_wconf 86' lang='lat' dir='ltr'><strong>urbem</strong></span> <span class='ocrx_word' id='word_1_618' title='bbox 1888 4415 2088 4470; x_wconf 89' lang='lat' dir='ltr'><strong>Sama-</strong></span> 
     </span>
    </p>
   </div>
   <div class='ocr_carea' id='block_1_80' title="bbox 2200 3270 3912 3342">
    <p class='ocr_par' dir='ltr' id='par_1_80' title="bbox 2200 3270 3912 3342">
     <span class='ocr_line' id='line_1_80' title="bbox 2200 3270 3912 3342; baseline -0.001 -14"><span class='ocrx_word' id='word_1_619' title='bbox 2200 3273 2440 3336; x_wconf 85' lang='lat' dir='ltr'><strong>leonum,</strong></span> <span class='ocrx_word' id='word_1_620' title='bbox 2511 3280 2559 3326; x_wconf 87' lang='lat' dir='ltr'><strong>et</strong></span> <span class='ocrx_word' id='word_1_621' title='bbox 2614 3287 2816 3341; x_wconf 87' lang='lat' dir='ltr'><strong>pascua</strong></span> <span class='ocrx_word' id='word_1_622' title='bbox 2878 3271 3190 3325; x_wconf 85' lang='lat' dir='ltr'><strong>catulorum</strong></span> <span class='ocrx_word' id='word_1_623' title='bbox 3266 3270 3482 3326; x_wconf 86' lang='lat' dir='ltr'><strong>leonum</strong></span> <span class='ocrx_word' id='word_1_624' title='bbox 3535 3271 3796 3342; x_wconf 74' lang='lat' dir='ltr'><strong>(Nahum.</strong></span> <span class='ocrx_word' id='word_1_625' title='bbox 3842 3287 3912 3340; x_wconf 85' lang='grc' dir='ltr'><strong>ιι,</strong></span> 
     </span>
    </p>
   </div>
   <div class='ocr_carea' id='block_1_81' title="bbox 2203 3359 3910 3432">
    <p class='ocr_par' dir='ltr' id='par_1_81' title="bbox 2203 3359 3910 3432">
     <span class='ocr_line' id='line_1_81' title="bbox 2203 3359 3910 3432; baseline -0.001 -15"><span class='ocrx_word' id='word_1_626' title='bbox 2203 3362 2287 3432; x_wconf 86' lang='grc'><strong>11)</strong></span> <span class='ocrx_word' id='word_1_627' title='bbox 2317 3361 2344 3415; x_wconf 85' lang='lat'><strong>?</strong></span> <span class='ocrx_word' id='word_1_628' title='bbox 2371 3362 2456 3414; x_wconf 86' lang='lat' dir='ltr'><strong>An</strong></span> <span class='ocrx_word' id='word_1_629' title='bbox 2514 3360 2641 3429; x_wconf 91' lang='lat' dir='ltr'><strong>ejus</strong></span> <span class='ocrx_word' id='word_1_630' title='bbox 2700 3360 2879 3414; x_wconf 89' lang='lat' dir='ltr'><strong>duces</strong></span> <span class='ocrx_word' id='word_1_631' title='bbox 2911 3375 2976 3414; x_wconf 89' lang='lat' dir='ltr'><strong>ac</strong></span> <span class='ocrx_word' id='word_1_632' title='bbox 3005 3359 3295 3430; x_wconf 90' lang='lat' dir='ltr'><strong>principes</strong></span> <span class='ocrx_word' id='word_1_633' title='bbox 3328 3359 3522 3415; x_wconf 89' lang='lat' dir='ltr'><strong>leones</strong></span> <span class='ocrx_word' id='word_1_634' title='bbox 3574 3376 3687 3415; x_wconf 90' lang='lat' dir='ltr'><strong>non</strong></span> <span class='ocrx_word' id='word_1_635' title='bbox 3721 3366 3910 3430; x_wconf 87' lang='lat' dir='ltr'><strong>erant,-</strong></span> 
     </span>
    </p>
   </div>
   <div class='ocr_carea' id='block_1_82' title="bbox 2201 3449 3915 3523">
    <p class='ocr_par' dir='ltr' id='par_1_82' title="bbox 2201 3449 3915 3523">
     <span class='ocr_line' id='line_1_82' title="bbox 2201 3449 3915 3523; baseline -0.001 -16"><span class='ocrx_word' id='word_1_636' title='bbox 2201 3452 2296 3523; x_wconf 88' lang='lat' dir='ltr'><strong>qui</strong></span> <span class='ocrx_word' id='word_1_637' title='bbox 2330 3468 2426 3521; x_wconf 92' lang='lat' dir='ltr'><strong>per</strong></span> <span class='ocrx_word' id='word_1_638' title='bbox 2458 3451 2710 3506; x_wconf 86' lang='lat' dir='ltr'><strong>diversas</strong></span> <span class='ocrx_word' id='word_1_639' title='bbox 2749 3449 2952 3504; x_wconf 92' lang='lat' dir='ltr'><strong>mundi</strong></span> <span class='ocrx_word' id='word_1_640' title='bbox 2982 3449 3311 3520; x_wconf 89' lang='lat' dir='ltr'><strong>provincias</strong></span> <span class='ocrx_word' id='word_1_641' title='bbox 3342 3450 3735 3506; x_wconf 88' lang='lat' dir='ltr'><strong>discurrentes</strong></span> <span class='ocrx_word' id='word_1_642' title='bbox 3767 3468 3915 3522; x_wconf 65' lang='lat' dir='ltr'><strong>pre-</strong></span> 
     </span>
    </p>
   </div>
   <div class='ocr_carea' id='block_1_83' title="bbox 2202 3539 3914 3611">
    <p class='ocr_par' dir='ltr' id='par_1_83' title="bbox 2202 3539 3914 3611">
     <span class='ocr_line' id='line_1_83' title="bbox 2202 3539 3914 3611; baseline -0.001 -14"><span class='ocrx_word' id='word_1_643' title='bbox 2202 3544 2335 3597; x_wconf 89' lang='lat' dir='ltr'><strong>dam</strong></span> <span class='ocrx_word' id='word_1_644' title='bbox 2361 3539 2646 3596; x_wconf 69' lang='lat' dir='ltr'><strong>saeviendo</strong></span> <span class='ocrx_word' id='word_1_645' title='bbox 2669 3539 3068 3595; x_wconf 84' lang='lat' dir='ltr'><strong>interficiendo</strong></span> <span class='ocrx_word' id='word_1_646' title='bbox 3101 3540 3404 3611; x_wconf 90' lang='lat' dir='ltr'><strong>rapiebant</strong></span> <span class='ocrx_word' id='word_1_647' title='bbox 3445 3539 3472 3595; x_wconf 68' lang='grc' dir='ltr'><strong><em>τ</em></strong></span> <span class='ocrx_word' id='word_1_648' title='bbox 3509 3540 3652 3596; x_wconf 87' lang='lat' dir='ltr'><strong>Hinc</strong></span> <span class='ocrx_word' id='word_1_649' title='bbox 3677 3541 3914 3597; x_wconf 89' lang='lat' dir='ltr'><strong>leonum</strong></span> 
     </span>
    </p>
   </div>
   <div class='ocr_carea' id='block_1_84' title="bbox 2201 3626 3917 3698">
    <p class='ocr_par' dir='ltr' id='par_1_84' title="bbox 2201 3626 3917 3698">
     <span class='ocr_line' id='line_1_84' title="bbox 2201 3626 3917 3698; baseline -0.002 -13"><span class='ocrx_word' id='word_1_650' title='bbox 2201 3628 2375 3686; x_wconf 87' lang='lat' dir='ltr'><strong>catuli</strong></span> <span class='ocrx_word' id='word_1_651' title='bbox 2424 3627 3060 3698; x_wconf 87' lang='lat' dir='ltr'><strong>inveniebantpascua:</strong></span> <span class='ocrx_word' id='word_1_652' title='bbox 3095 3627 3232 3693; x_wconf 87' lang='lat' dir='ltr'><strong>quia</strong></span> <span class='ocrx_word' id='word_1_653' title='bbox 3271 3627 3456 3698; x_wconf 90' lang='lat' dir='ltr'><strong>pueri,</strong></span> <span class='ocrx_word' id='word_1_654' title='bbox 3502 3626 3917 3693; x_wconf 79' lang='lat' dir='ltr'><strong>adolescentes,</strong></span> 
     </span>
    </p>
   </div>
   <div class='ocr_carea' id='block_1_85' title="bbox 2197 3715 3920 3788">
    <p class='ocr_par' dir='ltr' id='par_1_85' title="bbox 2197 3715 3920 3788">
     <span class='ocr_line' id='line_1_85' title="bbox 2197 3715 3920 3788; baseline -0.001 -14"><span class='ocrx_word' id='word_1_655' title='bbox 2197 3719 2439 3788; x_wconf 89' lang='lat' dir='ltr'><strong>juvenes</strong></span> <span class='ocrx_word' id='word_1_656' title='bbox 2470 3715 2775 3772; x_wconf 68' lang='lat' dir='ltr'><strong>saeculares</strong></span> <span class='ocrx_word' id='word_1_657' title='bbox 2831 3724 2884 3771; x_wconf 90' lang='lat' dir='ltr'><strong>et</strong></span> <span class='ocrx_word' id='word_1_658' title='bbox 2927 3716 3296 3771; x_wconf 77' lang='lat' dir='ltr'><strong>szecularium</strong></span> <span class='ocrx_word' id='word_1_659' title='bbox 3341 3716 3466 3784; x_wconf 80' lang='lat' dir='ltr'><strong>filii,</strong></span> <span class='ocrx_word' id='word_1_660' title='bbox 3513 3715 3625 3771; x_wconf 89' lang='lat' dir='ltr'><strong>huc</strong></span> <span class='ocrx_word' id='word_1_661' title='bbox 3659 3716 3920 3787; x_wconf 84' lang='lat' dir='ltr'><strong>undique</strong></span> 
     </span>
    </p>
   </div>
   <div class='ocr_carea' id='block_1_86' title="bbox 2203 3805 3918 3875">
    <p class='ocr_par' dir='ltr' id='par_1_86' title="bbox 2203 3805 3918 3875">
     <span class='ocr_line' id='line_1_86' title="bbox 2203 3805 3918 3875; baseline -0.001 -12"><span class='ocrx_word' id='word_1_662' title='bbox 2203 3809 2642 3872; x_wconf 88' lang='lat' dir='ltr'><strong>concurrebant,</strong></span> <span class='ocrx_word' id='word_1_663' title='bbox 2692 3821 2825 3860; x_wconf 92' lang='lat' dir='ltr'><strong>cum</strong></span> <span class='ocrx_word' id='word_1_664' title='bbox 2887 3805 3163 3875; x_wconf 83' lang='lat' dir='ltr'><strong>proiicere</strong></span> <span class='ocrx_word' id='word_1_665' title='bbox 3194 3805 3251 3860; x_wconf 91' lang='lat' dir='ltr'><strong>in</strong></span> <span class='ocrx_word' id='word_1_666' title='bbox 3288 3805 3394 3860; x_wconf 90' lang='lat' dir='ltr'><strong>hoc</strong></span> <span class='ocrx_word' id='word_1_667' title='bbox 3445 3805 3662 3860; x_wconf 90' lang='lat' dir='ltr'><strong>mundo</strong></span> <span class='ocrx_word' id='word_1_668' title='bbox 3694 3805 3918 3862; x_wconf 88' lang='lat' dir='ltr'><strong>voluis-</strong></span> 
     </span>
    </p>
   </div>
   <div class='ocr_carea' id='block_1_87' title="bbox 2202 3892 3924 3965">
    <p class='ocr_par' dir='ltr' id='par_1_87' title="bbox 2202 3892 3924 3965">
     <span class='ocr_line' id='line_1_87' title="bbox 2202 3892 3924 3965; baseline 0 -15"><span class='ocrx_word' id='word_1_669' title='bbox 2202 3903 2347 3952; x_wconf 81' lang='lat' dir='ltr'><strong>sent.</strong></span> <span class='ocrx_word' id='word_1_670' title='bbox 2383 3897 2494 3952; x_wconf 88' lang='lat' dir='ltr'><strong>Sed</strong></span> <span class='ocrx_word' id='word_1_671' title='bbox 2526 3910 2657 3952; x_wconf 91' lang='lat' dir='ltr'><strong>ecce</strong></span> <span class='ocrx_word' id='word_1_672' title='bbox 2687 3895 2812 3965; x_wconf 89' lang='lat' dir='ltr'><strong>jam</strong></span> <span class='ocrx_word' id='word_1_673' title='bbox 2855 3892 3135 3964; x_wconf 89' lang='lat' dir='ltr'><strong>desolata,</strong></span> <span class='ocrx_word' id='word_1_674' title='bbox 3172 3910 3303 3950; x_wconf 86' lang='lat' dir='ltr'><strong>ecce</strong></span> <span class='ocrx_word' id='word_1_675' title='bbox 3347 3897 3617 3965; x_wconf 87' lang='lat' dir='ltr'><strong>contrita,</strong></span> <span class='ocrx_word' id='word_1_676' title='bbox 3661 3909 3793 3950; x_wconf 92' lang='lat' dir='ltr'><strong>ecce</strong></span> <span class='ocrx_word' id='word_1_677' title='bbox 3823 3911 3924 3965; x_wconf 83' lang='lat' dir='ltr'><strong>ge-</strong></span> 
     </span>
    </p>
   </div>
   <div class='ocr_carea' id='block_1_88' title="bbox 2204 3983 3922 4056">
    <p class='ocr_par' dir='ltr' id='par_1_88' title="bbox 2204 3983 3922 4056">
     <span class='ocr_line' id='line_1_88' title="bbox 2204 3983 3922 4056; baseline 0 -16"><span class='ocrx_word' id='word_1_678' title='bbox 2204 3987 2444 4041; x_wconf 89' lang='lat' dir='ltr'><strong>mitibus</strong></span> <span class='ocrx_word' id='word_1_679' title='bbox 2475 4001 2748 4056; x_wconf 87' lang='lat' dir='ltr'><strong>oppressa</strong></span> <span class='ocrx_word' id='word_1_680' title='bbox 2778 3987 2884 4039; x_wconf 89' lang='lat' dir='ltr'><strong>est.</strong></span> <span class='ocrx_word' id='word_1_681' title='bbox 2916 3987 3042 4039; x_wconf 91' lang='lat' dir='ltr'><strong>Jam</strong></span> <span class='ocrx_word' id='word_1_682' title='bbox 3068 4000 3238 4040; x_wconf 86' lang='lat' dir='ltr'><strong>nemo</strong></span> <span class='ocrx_word' id='word_1_683' title='bbox 3262 3985 3333 4039; x_wconf 84' lang='lat' dir='ltr'><strong>ad</strong></span> <span class='ocrx_word' id='word_1_684' title='bbox 3372 4000 3498 4039; x_wconf 88' lang='lat' dir='ltr'><strong>eam</strong></span> <span class='ocrx_word' id='word_1_685' title='bbox 3532 3984 3732 4050; x_wconf 85' lang='lat' dir='ltr'><strong>currit,</strong></span> <span class='ocrx_word' id='word_1_686' title='bbox 3769 3983 3922 4040; x_wconf 88' lang='lat' dir='ltr'><strong>utin</strong></span> 
     </span>
    </p>
   </div>
   <div class='ocr_carea' id='block_1_89' title="bbox 2205 4071 3917 4146">
    <p class='ocr_par' dir='ltr' id='par_1_89' title="bbox 2205 4071 3917 4146">
     <span class='ocr_line' id='line_1_89' title="bbox 2205 4071 3917 4146; baseline -0.001 -15"><span class='ocrx_word' id='word_1_687' title='bbox 2205 4077 2310 4131; x_wconf 89' lang='lat' dir='ltr'><strong>hoc</strong></span> <span class='ocrx_word' id='word_1_688' title='bbox 2344 4075 2557 4130; x_wconf 90' lang='lat' dir='ltr'><strong>mundo</strong></span> <span class='ocrx_word' id='word_1_689' title='bbox 2589 4071 2870 4146; x_wconf 79' lang='lat' dir='ltr'><strong>proficiat.</strong></span> <span class='ocrx_word' id='word_1_690' title='bbox 2905 4071 3035 4127; x_wconf 87' lang='lat' dir='ltr'><strong>Jam</strong></span> <span class='ocrx_word' id='word_1_691' title='bbox 3063 4073 3262 4128; x_wconf 87' lang='lat' dir='ltr'><strong>nullus</strong></span> <span class='ocrx_word' id='word_1_692' title='bbox 3295 4078 3500 4144; x_wconf 91' lang='lat' dir='ltr'><strong>potens</strong></span> <span class='ocrx_word' id='word_1_693' title='bbox 3531 4077 3588 4129; x_wconf 87' lang='lat' dir='ltr'><strong>et</strong></span> <span class='ocrx_word' id='word_1_694' title='bbox 3618 4071 3917 4129; x_wconf 87' lang='lat' dir='ltr'><strong>violentus</strong></span> 
     </span>
    </p>
   </div>
   <div class='ocr_carea' id='block_1_90' title="bbox 2205 4161 3924 4235">
    <p class='ocr_par' dir='ltr' id='par_1_90' title="bbox 2205 4161 3924 4235">
     <span class='ocr_line' id='line_1_90' title="bbox 2205 4161 3924 4235; baseline -0.002 -13"><span class='ocrx_word' id='word_1_695' title='bbox 2205 4166 2502 4230; x_wconf 88' lang='lat' dir='ltr'><strong>remansit,</strong></span> <span class='ocrx_word' id='word_1_696' title='bbox 2527 4163 2626 4235; x_wconf 92' lang='lat' dir='ltr'><strong>qui</strong></span> <span class='ocrx_word' id='word_1_697' title='bbox 2648 4162 3054 4234; x_wconf 88' lang='lat' dir='ltr'><strong>opprimendo,</strong></span> <span class='ocrx_word' id='word_1_698' title='bbox 3083 4163 3337 4233; x_wconf 83' lang='lat' dir='ltr'><strong>praedam</strong></span> <span class='ocrx_word' id='word_1_699' title='bbox 3355 4162 3610 4234; x_wconf 88' lang='lat' dir='ltr'><strong>diripiat.</strong></span> <span class='ocrx_word' id='word_1_700' title='bbox 3639 4161 3924 4219; x_wconf 87' lang='lat' dir='ltr'><strong>Dicamus</strong></span> 
     </span>
    </p>
   </div>
   <div class='ocr_carea' id='block_1_91' title="bbox 2203 4250 3927 4328">
    <p class='ocr_par' dir='ltr' id='par_1_91' title="bbox 2203 4250 3927 4328">
     <span class='ocr_line' id='line_1_91' title="bbox 2203 4250 3927 4328; baseline -0.002 -17"><span class='ocrx_word' id='word_1_701' title='bbox 2203 4272 2338 4328; x_wconf 90' lang='lat' dir='ltr'><strong>ergo</strong></span> <span class='ocrx_word' id='word_1_702' title='bbox 2373 4271 2384 4309; x_wconf 93' lang='lat'>:</span> <span class='ocrx_word' id='word_1_703' title='bbox 2424 4252 2522 4311; x_wconf 82' lang='lat' dir='ltr'><strong>Ubi</strong></span> <span class='ocrx_word' id='word_1_704' title='bbox 2560 4263 2635 4308; x_wconf 81' lang='lat' dir='ltr'><strong>est</strong></span> <span class='ocrx_word' id='word_1_705' title='bbox 2674 4250 3046 4306; x_wconf 79' lang='lat' dir='ltr'><strong>habitaculum</strong></span> <span class='ocrx_word' id='word_1_706' title='bbox 3090 4251 3330 4319; x_wconf 85' lang='lat' dir='ltr'><strong>leonum,</strong></span> <span class='ocrx_word' id='word_1_707' title='bbox 3374 4261 3426 4306; x_wconf 86' lang='lat' dir='ltr'><strong>et</strong></span> <span class='ocrx_word' id='word_1_708' title='bbox 3453 4267 3652 4323; x_wconf 88' lang='lat' dir='ltr'><strong>pascua</strong></span> <span class='ocrx_word' id='word_1_709' title='bbox 3701 4251 3927 4308; x_wconf 81' lang='lat' dir='ltr'><strong>catulo-</strong></span> 
     </span>
    </p>
   </div>
   <div class='ocr_carea' id='block_1_92' title="bbox 2202 4341 3928 4412">
    <p class='ocr_par' dir='ltr' id='par_1_92' title="bbox 2202 4341 3928 4412">
     <span class='ocr_line' id='line_1_92' title="bbox 2202 4341 3928 4412; baseline -0.001 -14"><span class='ocrx_word' id='word_1_710' title='bbox 2202 4363 2324 4400; x_wconf 89' lang='lat' dir='ltr'><strong>rum</strong></span> <span class='ocrx_word' id='word_1_711' title='bbox 2359 4345 2579 4398; x_wconf 89' lang='lat' dir='ltr'><strong>leonum</strong></span> <span class='ocrx_word' id='word_1_712' title='bbox 2610 4342 2638 4395; x_wconf 84' lang='lat'><strong>?</strong></span> <span class='ocrx_word' id='word_1_713' title='bbox 2667 4341 2964 4412; x_wconf 85' lang='lat' dir='ltr'><strong>Contingit</strong></span> <span class='ocrx_word' id='word_1_714' title='bbox 2993 4341 3042 4394; x_wconf 92' lang='lat' dir='ltr'><strong>ei</strong></span> <span class='ocrx_word' id='word_1_715' title='bbox 3089 4342 3238 4410; x_wconf 89' lang='lat' dir='ltr'><strong>quod</strong></span> <span class='ocrx_word' id='word_1_716' title='bbox 3281 4343 3348 4396; x_wconf 93' lang='lat' dir='ltr'><strong>de</strong></span> <span class='ocrx_word' id='word_1_717' title='bbox 3387 4341 3584 4397; x_wconf 71' lang='lat' dir='ltr'><strong>Judaaa</strong></span> <span class='ocrx_word' id='word_1_718' title='bbox 3642 4341 3928 4397; x_wconf 89' lang='lat' dir='ltr'><strong>novimus</strong></span> 
     </span>
    </p>
   </div>
   <div class='ocr_carea' id='block_1_93' title="bbox 2205 4429 3932 4508">
    <p class='ocr_par' dir='ltr' id='par_1_93' title="bbox 2205 4429 3932 4508">
     <span class='ocr_line' id='line_1_93' title="bbox 2205 4429 3932 4508; baseline -0.003 -18"><span class='ocrx_word' id='word_1_719' title='bbox 2205 4450 2306 4508; x_wconf 92' lang='lat' dir='ltr'><strong>per</strong></span> <span class='ocrx_word' id='word_1_720' title='bbox 2338 4434 2676 4505; x_wconf 88' lang='lat' dir='ltr'><strong>pr0phelam</strong></span> <span class='ocrx_word' id='word_1_721' title='bbox 2728 4433 2985 4488; x_wconf 84' lang='lat' dir='ltr'><strong>dictum:</strong></span> <span class='ocrx_word' id='word_1_722' title='bbox 3034 4431 3214 4485; x_wconf 83' lang='lat' dir='ltr'><strong>Dilata</strong></span> <span class='ocrx_word' id='word_1_723' title='bbox 3256 4429 3540 4486; x_wconf 74' lang='lat' dir='ltr'><strong>calvitium</strong></span> <span class='ocrx_word' id='word_1_724' title='bbox 3583 4440 3740 4486; x_wconf 90' lang='lat' dir='ltr'><strong>tuum</strong></span> <span class='ocrx_word' id='word_1_725' title='bbox 3781 4432 3932 4487; x_wconf 75' lang='lat' dir='ltr'><strong>sicut</strong></span> 
     </span>
    </p>
   </div>
   <div class='ocr_carea' id='block_1_94' title="bbox 381 4498 3930 4603">
    <p class='ocr_par' dir='ltr' id='par_1_94' title="bbox 381 4498 3930 4603">
     <span class='ocr_line' id='line_1_94' title="bbox 381 4498 3930 4603; baseline 0.001 -30"><span class='ocrx_word' id='word_1_726' title='bbox 381 4498 526 4603; x_wconf 50' lang='lat' dir='ltr'><strong>{iam</strong></span> <span class='ocrx_word' id='word_1_727' title='bbox 573 4515 674 4603; x_wconf 57' lang='lat' dir='ltr'><strong>Pfr</strong></span> <span class='ocrx_word' id='word_1_728' title='bbox 743 4501 1094 4556; x_wconf 64' lang='lat' dir='ltr'><strong>Ezechiele&quot;!</strong></span> <span class='ocrx_word' id='word_1_729' title='bbox 1167 4502 1506 4603; x_wconf 50' lang='lat' dir='ltr'><strong>prophetare</strong></span> <span class='ocrx_word' id='word_1_730' title='bbox 1573 4503 1908 4603; x_wconf 61' lang='lat' dir='ltr'><strong>praedictum</strong></span> <span class='ocrx_word' id='word_1_731' title='bbox 1955 4514 2038 4561; x_wconf 74' lang='grc' dir='ltr'><strong>εει</strong></span> <span class='ocrx_word' id='word_1_732' title='bbox 2073 4521 2085 4559; x_wconf 86' lang='lat'>=</span> <span class='ocrx_word' id='word_1_733' title='bbox 2127 4539 2172 4603; x_wconf 71' lang='grc' dir='ltr'><strong>ι)</strong></span> <span class='ocrx_word' id='word_1_734' title='bbox 2203 4498 2391 4598; x_wconf 74' lang='lat' dir='ltr'><strong>aquila</strong></span> <span class='ocrx_word' id='word_1_735' title='bbox 2425 4525 2603 4595; x_wconf 74' lang='lat' dir='ltr'><strong>(llich.</strong></span> <span class='ocrx_word' id='word_1_736' title='bbox 2639 4541 2675 4592; x_wconf 84' lang='grc' dir='ltr'><strong>ι,</strong></span> <span class='ocrx_word' id='word_1_737' title='bbox 2705 4524 2814 4594; x_wconf 79' lang='grc'><strong>10).</strong></span> <span class='ocrx_word' id='word_1_738' title='bbox 2848 4524 3153 4580; x_wconf 73' lang='lat' dir='ltr'><strong>calvitium</strong></span> <span class='ocrx_word' id='word_1_739' title='bbox 3180 4522 3393 4593; x_wconf 78' lang='lat' dir='ltr'><strong>quippe</strong></span> <span class='ocrx_word' id='word_1_740' title='bbox 3424 4521 3682 4576; x_wconf 78' lang='lat' dir='ltr'><strong>hominis</strong></span> <span class='ocrx_word' id='word_1_741' title='bbox 3716 4521 3774 4574; x_wconf 92' lang='lat' dir='ltr'><strong>in</strong></span> <span class='ocrx_word' id='word_1_742' title='bbox 3797 4520 3930 4577; x_wconf 91' lang='lat' dir='ltr'><strong>solo</strong></span> 
     </span>
    </p>
   </div>
   <div class='ocr_carea' id='block_1_95' title="bbox 385 4597 2093 4675">
    <p class='ocr_par' dir='ltr' id='par_1_95' title="bbox 385 4597 2093 4675">
     <span class='ocr_line' id='line_1_95' title="bbox 385 4597 2093 4675; baseline 0.004 -24"><span class='ocrx_word' id='word_1_743' title='bbox 385 4600 532 4652; x_wconf 82' lang='lat' dir='ltr'><strong>Pone</strong></span> <span class='ocrx_word' id='word_1_744' title='bbox 558 4597 748 4660; x_wconf 83' lang='lat' dir='ltr'><strong>ollam,</strong></span> <span class='ocrx_word' id='word_1_745' title='bbox 795 4614 953 4668; x_wconf 86' lang='lat' dir='ltr'><strong>pone,</strong></span> <span class='ocrx_word' id='word_1_746' title='bbox 1004 4602 1249 4670; x_wconf 85' lang='lat' dir='ltr'><strong>inquam,</strong></span> <span class='ocrx_word' id='word_1_747' title='bbox 1300 4605 1350 4656; x_wconf 88' lang='lat' dir='ltr'><strong>et</strong></span> <span class='ocrx_word' id='word_1_748' title='bbox 1392 4601 1548 4657; x_wconf 82' lang='lat' dir='ltr'><strong>mitte</strong></span> <span class='ocrx_word' id='word_1_749' title='bbox 1596 4601 1656 4657; x_wconf 88' lang='lat' dir='ltr'><strong>in</strong></span> <span class='ocrx_word' id='word_1_750' title='bbox 1694 4618 1752 4658; x_wconf 88' lang='lat' dir='ltr'><strong>eo</strong></span> <span class='ocrx_word' id='word_1_751' title='bbox 1791 4620 2012 4675; x_wconf 86' lang='lat' dir='ltr'><strong>aquam,</strong></span> <span class='ocrx_word' id='word_1_752' title='bbox 2043 4609 2093 4658; x_wconf 87' lang='lat' dir='ltr'><strong>et</strong></span> 
     </span>
    </p>
   </div>
   <div class='ocr_carea' id='block_1_96' title="bbox 382 4690 2091 4766">
    <p class='ocr_par' dir='ltr' id='par_1_96' title="bbox 382 4690 2091 4766">
     <span class='ocr_line' id='line_1_96' title="bbox 382 4690 2091 4766; baseline 0.004 -25"><span class='ocrx_word' id='word_1_753' title='bbox 382 4702 612 4757; x_wconf 85' lang='lat' dir='ltr'><strong>congere</strong></span> <span class='ocrx_word' id='word_1_754' title='bbox 630 4691 814 4756; x_wconf 81' lang='lat' dir='ltr'><strong>[rusta</strong></span> <span class='ocrx_word' id='word_1_755' title='bbox 835 4690 956 4758; x_wconf 84' lang='lat' dir='ltr'><strong>ejus</strong></span> <span class='ocrx_word' id='word_1_756' title='bbox 991 4692 1047 4744; x_wconf 89' lang='lat' dir='ltr'><strong>in</strong></span> <span class='ocrx_word' id='word_1_757' title='bbox 1077 4706 1202 4745; x_wconf 90' lang='lat' dir='ltr'><strong>eam</strong></span> <span class='ocrx_word' id='word_1_758' title='bbox 1240 4707 1260 4752; x_wconf 85' lang='lat'><strong><em>;</em></strong></span> <span class='ocrx_word' id='word_1_759' title='bbox 1292 4697 1347 4747; x_wconf 87' lang='lat' dir='ltr'><strong>et</strong></span> <span class='ocrx_word' id='word_1_760' title='bbox 1378 4692 1549 4763; x_wconf 89' lang='lat' dir='ltr'><strong>paulo</strong></span> <span class='ocrx_word' id='word_1_761' title='bbox 1593 4698 1718 4763; x_wconf 89' lang='lat' dir='ltr'><strong>post</strong></span> <span class='ocrx_word' id='word_1_762' title='bbox 1749 4710 1760 4746; x_wconf 91' lang='lat'>:</span> <span class='ocrx_word' id='word_1_763' title='bbox 1789 4691 2091 4766; x_wconf 77' lang='lat' dir='ltr'><strong>E/ferbuit;</strong></span> 
     </span>
    </p>
   </div>
   <div class='ocr_carea' id='block_1_97' title="bbox 385 4777 2096 4853">
    <p class='ocr_par' dir='ltr' id='par_1_97' title="bbox 385 4777 2096 4853">
     <span class='ocr_line' id='line_1_97' title="bbox 385 4777 2096 4853; baseline 0.002 -21"><span class='ocrx_word' id='word_1_764' title='bbox 385 4777 564 4832; x_wconf 82' lang='lat' dir='ltr'><strong>coctio</strong></span> <span class='ocrx_word' id='word_1_765' title='bbox 613 4777 748 4846; x_wconf 83' lang='lat' dir='ltr'><strong>ejus,</strong></span> <span class='ocrx_word' id='word_1_766' title='bbox 780 4782 832 4833; x_wconf 88' lang='lat' dir='ltr'><strong>et</strong></span> <span class='ocrx_word' id='word_1_767' title='bbox 871 4779 1088 4834; x_wconf 85' lang='lat' dir='ltr'><strong>decocta</strong></span> <span class='ocrx_word' id='word_1_768' title='bbox 1134 4789 1261 4835; x_wconf 83' lang='lat' dir='ltr'><strong>sunt</strong></span> <span class='ocrx_word' id='word_1_769' title='bbox 1292 4796 1410 4836; x_wconf 81' lang='lat' dir='ltr'><strong>ossa</strong></span> <span class='ocrx_word' id='word_1_770' title='bbox 1439 4783 1558 4853; x_wconf 86' lang='lat' dir='ltr'><strong>ejus</strong></span> <span class='ocrx_word' id='word_1_771' title='bbox 1599 4784 1658 4837; x_wconf 82' lang='lat' dir='ltr'><strong>in</strong></span> <span class='ocrx_word' id='word_1_772' title='bbox 1688 4782 1864 4838; x_wconf 87' lang='lat' dir='ltr'><strong>medio</strong></span> <span class='ocrx_word' id='word_1_773' title='bbox 1900 4783 2096 4848; x_wconf 82' lang='lat' dir='ltr'><strong>illius;</strong></span> 
     </span>
    </p>
   </div>
   <div class='ocr_carea' id='block_1_98' title="bbox 386 4868 2094 4942">
    <p class='ocr_par' dir='ltr' id='par_1_98' title="bbox 386 4868 2094 4942">
     <span class='ocr_line' id='line_1_98' title="bbox 386 4868 2094 4942; baseline 0.003 -20"><span class='ocrx_word' id='word_1_774' title='bbox 386 4871 561 4938; x_wconf 89' lang='lat' dir='ltr'><strong>atque</strong></span> <span class='ocrx_word' id='word_1_775' title='bbox 601 4868 812 4924; x_wconf 88' lang='lat' dir='ltr'><strong>iterum</strong></span> <span class='ocrx_word' id='word_1_776' title='bbox 883 4883 896 4924; x_wconf 91' lang='lat'>:</span> <span class='ocrx_word' id='word_1_777' title='bbox 951 4869 1185 4939; x_wconf 85' lang='lat' dir='ltr'><strong>Congere</strong></span> <span class='ocrx_word' id='word_1_778' title='bbox 1242 4887 1361 4926; x_wconf 83' lang='lat' dir='ltr'><strong>ossa</strong></span> <span class='ocrx_word' id='word_1_779' title='bbox 1409 4887 1533 4942; x_wconf 71' lang='lat' dir='ltr'><strong>quae</strong></span> <span class='ocrx_word' id='word_1_780' title='bbox 1583 4873 1705 4942; x_wconf 83' lang='lat' dir='ltr'><strong>igne</strong></span> <span class='ocrx_word' id='word_1_781' title='bbox 1755 4873 2094 4940; x_wconf 85' lang='lat' dir='ltr'><strong>succendam,</strong></span> 
     </span>
    </p>
   </div>
   <div class='ocr_carea' id='block_1_99' title="bbox 385 4961 2093 5034">
    <p class='ocr_par' dir='ltr' id='par_1_99' title="bbox 385 4961 2093 5034">
     <span class='ocr_line' id='line_1_99' title="bbox 385 4961 2093 5034; baseline 0.004 -23"><span class='ocrx_word' id='word_1_782' title='bbox 385 4962 783 5012; x_wconf 77' lang='lat' dir='ltr'><strong>consumentur</strong></span> <span class='ocrx_word' id='word_1_783' title='bbox 810 4974 1024 5024; x_wconf 77' lang='lat' dir='ltr'><strong>carnes,</strong></span> <span class='ocrx_word' id='word_1_784' title='bbox 1067 4969 1115 5014; x_wconf 86' lang='lat' dir='ltr'><strong>et</strong></span> <span class='ocrx_word' id='word_1_785' title='bbox 1158 4967 1421 5032; x_wconf 86' lang='lat' dir='ltr'><strong>coquetur</strong></span> <span class='ocrx_word' id='word_1_786' title='bbox 1461 4961 1722 5018; x_wconf 81' lang='lat' dir='ltr'><strong>universa</strong></span> <span class='ocrx_word' id='word_1_787' title='bbox 1760 4966 2093 5034; x_wconf 82' lang='lat' dir='ltr'><strong>compositio,</strong></span> 
     </span>
    </p>
   </div>
   <div class='ocr_carea' id='block_1_100' title="bbox 381 5048 2096 5123">
    <p class='ocr_par' dir='ltr' id='par_1_100' title="bbox 381 5048 2096 5123">
     <span class='ocr_line' id='line_1_100' title="bbox 381 5048 2096 5123; baseline 0.006 -25"><span class='ocrx_word' id='word_1_788' title='bbox 381 5055 432 5098; x_wconf 81' lang='lat' dir='ltr'><strong>et</strong></span> <span class='ocrx_word' id='word_1_789' title='bbox 465 5062 586 5100; x_wconf 81' lang='lat' dir='ltr'><strong>ossa</strong></span> <span class='ocrx_word' id='word_1_790' title='bbox 625 5048 916 5104; x_wconf 80' lang='lat' dir='ltr'><strong>tabescent.</strong></span> <span class='ocrx_word' id='word_1_791' title='bbox 966 5050 1112 5102; x_wconf 83' lang='lat' dir='ltr'><strong>Pone</strong></span> <span class='ocrx_word' id='word_1_792' title='bbox 1149 5066 1358 5120; x_wconf 87' lang='lat' dir='ltr'><strong>quoque</strong></span> <span class='ocrx_word' id='word_1_793' title='bbox 1396 5067 1514 5105; x_wconf 89' lang='lat' dir='ltr'><strong>eam</strong></span> <span class='ocrx_word' id='word_1_794' title='bbox 1563 5068 1727 5122; x_wconf 85' lang='lat' dir='ltr'><strong>super</strong></span> <span class='ocrx_word' id='word_1_795' title='bbox 1763 5070 1968 5123; x_wconf 86' lang='lat' dir='ltr'><strong>prunas</strong></span> <span class='ocrx_word' id='word_1_796' title='bbox 2010 5071 2096 5108; x_wconf 80' lang='lat' dir='ltr'><strong>va-</strong></span> 
     </span>
    </p>
   </div>
   <div class='ocr_carea' id='block_1_101' title="bbox 381 5140 2088 5210">
    <p class='ocr_par' dir='ltr' id='par_1_101' title="bbox 381 5140 2088 5210">
     <span class='ocr_line' id='line_1_101' title="bbox 381 5140 2088 5210; baseline 0.006 -23"><span class='ocrx_word' id='word_1_797' title='bbox 381 5151 558 5201; x_wconf 87' lang='lat' dir='ltr'><strong>cuam,</strong></span> <span class='ocrx_word' id='word_1_798' title='bbox 608 5141 665 5190; x_wconf 90' lang='lat' dir='ltr'><strong>ut</strong></span> <span class='ocrx_word' id='word_1_799' title='bbox 715 5140 1000 5194; x_wconf 78' lang='lat' dir='ltr'><strong>incalescat</strong></span> <span class='ocrx_word' id='word_1_800' title='bbox 1033 5145 1084 5193; x_wconf 85' lang='lat' dir='ltr'><strong>et</strong></span> <span class='ocrx_word' id='word_1_801' title='bbox 1123 5141 1370 5210; x_wconf 79' lang='lat' dir='ltr'><strong>tique/int</strong></span> <span class='ocrx_word' id='word_1_802' title='bbox 1411 5156 1487 5196; x_wconf 62' lang='lat'><strong>(23.1</strong></span> <span class='ocrx_word' id='word_1_803' title='bbox 1517 5143 1636 5210; x_wconf 77' lang='lat' dir='ltr'><strong>ejus</strong></span> <span class='ocrx_word' id='word_1_804' title='bbox 1682 5143 1894 5210; x_wconf 68' lang='lat' dir='ltr'><strong>(Ezech.</strong></span> <span class='ocrx_word' id='word_1_805' title='bbox 1939 5160 2088 5210; x_wconf 79' lang='lat' dir='ltr'><strong>xxw,</strong></span> 
     </span>
    </p>
   </div>
   <div class='ocr_carea' id='block_1_102' title="bbox 388 5231 2090 5308">
    <p class='ocr_par' dir='ltr' id='par_1_102' title="bbox 388 5231 2090 5308">
     <span class='ocr_line' id='line_1_102' title="bbox 388 5231 2090 5308; baseline 0.009 -26"><span class='ocrx_word' id='word_1_806' title='bbox 388 5231 451 5283; x_wconf 87' lang='grc'><strong>10</strong></span> <span class='ocrx_word' id='word_1_807' title='bbox 481 5235 531 5284; x_wconf 88' lang='lat' dir='ltr'><strong>et</strong></span> <span class='ocrx_word' id='word_1_808' title='bbox 559 5241 711 5302; x_wconf 86' lang='lat' dir='ltr'><strong>seq.).</strong></span> <span class='ocrx_word' id='word_1_809' title='bbox 747 5237 906 5290; x_wconf 89' lang='lat' dir='ltr'><strong>Tunc</strong></span> <span class='ocrx_word' id='word_1_810' title='bbox 941 5241 1092 5292; x_wconf 86' lang='lat' dir='ltr'><strong>enim</strong></span> <span class='ocrx_word' id='word_1_811' title='bbox 1132 5241 1300 5292; x_wconf 84' lang='lat' dir='ltr'><strong>nobis</strong></span> <span class='ocrx_word' id='word_1_812' title='bbox 1325 5239 1440 5294; x_wconf 91' lang='lat' dir='ltr'><strong>olla</strong></span> <span class='ocrx_word' id='word_1_813' title='bbox 1475 5245 1656 5308; x_wconf 72' lang='lat' dir='ltr'><strong>pasltu</strong></span> <span class='ocrx_word' id='word_1_814' title='bbox 1679 5250 1785 5304; x_wconf 86' lang='lat' dir='ltr'><strong>est,</strong></span> <span class='ocrx_word' id='word_1_815' title='bbox 1815 5259 1944 5296; x_wconf 84' lang='lat' dir='ltr'><strong>cum</strong></span> <span class='ocrx_word' id='word_1_816' title='bbox 1971 5242 2090 5297; x_wconf 61' lang='lat' dir='ltr'><strong>hac</strong></span> 
     </span>
    </p>
   </div>
   <div class='ocr_carea' id='block_1_103' title="bbox 381 5320 2091 5400">
    <p class='ocr_par' dir='ltr' id='par_1_103' title="bbox 381 5320 2091 5400">
     <span class='ocr_line' id='line_1_103' title="bbox 381 5320 2091 5400; baseline 0.01 -29"><span class='ocrx_word' id='word_1_817' title='bbox 381 5325 469 5372; x_wconf 89' lang='lat' dir='ltr'><strong>est</strong></span> <span class='ocrx_word' id='word_1_818' title='bbox 500 5320 702 5375; x_wconf 84' lang='lat' dir='ltr'><strong>civitas</strong></span> <span class='ocrx_word' id='word_1_819' title='bbox 750 5329 1084 5382; x_wconf 86' lang='lat' dir='ltr'><strong>constituta.</strong></span> <span class='ocrx_word' id='word_1_820' title='bbox 1135 5330 1295 5384; x_wconf 90' lang='lat' dir='ltr'><strong>Tunc</strong></span> <span class='ocrx_word' id='word_1_821' title='bbox 1328 5347 1481 5384; x_wconf 78' lang='lat' dir='ltr'><strong>enim</strong></span> <span class='ocrx_word' id='word_1_822' title='bbox 1525 5331 1578 5383; x_wconf 92' lang='lat' dir='ltr'><strong>in</strong></span> <span class='ocrx_word' id='word_1_823' title='bbox 1615 5347 1681 5386; x_wconf 89' lang='lat' dir='ltr'><strong>ea</strong></span> <span class='ocrx_word' id='word_1_824' title='bbox 1723 5349 1871 5400; x_wconf 82' lang='lat' dir='ltr'><strong>aqua</strong></span> <span class='ocrx_word' id='word_1_825' title='bbox 1915 5334 2091 5388; x_wconf 80' lang='lat' dir='ltr'><strong>missa</strong></span> 
     </span>
    </p>
   </div>
   <div class='ocr_carea' id='block_1_104' title="bbox 381 5413 2086 5492">
    <p class='ocr_par' dir='ltr' id='par_1_104' title="bbox 381 5413 2086 5492">
     <span class='ocr_line' id='line_1_104' title="bbox 381 5413 2086 5492; baseline 0.009 -31"><span class='ocrx_word' id='word_1_826' title='bbox 381 5413 492 5475; x_wconf 90' lang='lat' dir='ltr'><strong>est,</strong></span> <span class='ocrx_word' id='word_1_827' title='bbox 526 5414 582 5462; x_wconf 91' lang='lat' dir='ltr'><strong>et</strong></span> <span class='ocrx_word' id='word_1_828' title='bbox 633 5413 817 5467; x_wconf 87' lang='lat' dir='ltr'><strong>frusta</strong></span> <span class='ocrx_word' id='word_1_829' title='bbox 864 5417 990 5483; x_wconf 81' lang='lat' dir='ltr'><strong>ejus</strong></span> <span class='ocrx_word' id='word_1_830' title='bbox 1031 5431 1296 5472; x_wconf 60' lang='lat' dir='ltr'><strong>t&#39;onxesta</strong></span> <span class='ocrx_word' id='word_1_831' title='bbox 1357 5427 1513 5484; x_wconf 71' lang='lat' dir='ltr'><strong>sunt,</strong></span> <span class='ocrx_word' id='word_1_832' title='bbox 1575 5423 1807 5492; x_wconf 88' lang='lat' dir='ltr'><strong>quando</strong></span> <span class='ocrx_word' id='word_1_833' title='bbox 1850 5429 1916 5476; x_wconf 90' lang='lat' dir='ltr'><strong>a-l</strong></span> <span class='ocrx_word' id='word_1_834' title='bbox 1960 5438 2086 5478; x_wconf 88' lang='lat' dir='ltr'><strong>eam</strong></span> 
     </span>
    </p>
   </div>
   <div class='ocr_carea' id='block_1_105' title="bbox 382 5496 2087 5583">
    <p class='ocr_par' dir='ltr' id='par_1_105' title="bbox 382 5496 2087 5583">
     <span class='ocr_line' id='line_1_105' title="bbox 382 5496 2087 5583; baseline 0.01 -32"><span class='ocrx_word' id='word_1_835' title='bbox 382 5496 642 5570; x_wconf 89' lang='lat' dir='ltr'><strong>undique</strong></span> <span class='ocrx_word' id='word_1_836' title='bbox 667 5502 861 5570; x_wconf 91' lang='lat' dir='ltr'><strong>p0puli</strong></span> <span class='ocrx_word' id='word_1_837' title='bbox 912 5506 1298 5574; x_wconf 86' lang='lat' dir='ltr'><strong>conﬂuebant,</strong></span> <span class='ocrx_word' id='word_1_838' title='bbox 1334 5526 1456 5580; x_wconf 86' lang='lat' dir='ltr'><strong>qui,</strong></span> <span class='ocrx_word' id='word_1_839' title='bbox 1498 5514 1653 5566; x_wconf 88' lang='lat' dir='ltr'><strong>velut</strong></span> <span class='ocrx_word' id='word_1_840' title='bbox 1686 5529 1837 5583; x_wconf 85' lang='lat' dir='ltr'><strong>aqua</strong></span> <span class='ocrx_word' id='word_1_841' title='bbox 1867 5513 2087 5580; x_wconf 86' lang='lat' dir='ltr'><strong>calens,</strong></span> 
     </span>
    </p>
   </div>
   <div class='ocr_carea' id='block_1_106' title="bbox 379 5587 2089 5672">
    <p class='ocr_par' dir='ltr' id='par_1_106' title="bbox 379 5587 2089 5672">
     <span class='ocr_line' id='line_1_106' title="bbox 379 5587 2089 5672; baseline 0.011 -31"><span class='ocrx_word' id='word_1_842' title='bbox 379 5587 712 5644; x_wconf 89' lang='lat' dir='ltr'><strong>actionibus</strong></span> <span class='ocrx_word' id='word_1_843' title='bbox 747 5592 952 5647; x_wconf 89' lang='lat' dir='ltr'><strong>mundi</strong></span> <span class='ocrx_word' id='word_1_844' title='bbox 1009 5595 1416 5668; x_wconf 83' lang='lat' dir='ltr'><strong>fervescerent,</strong></span> <span class='ocrx_word' id='word_1_845' title='bbox 1461 5605 1516 5656; x_wconf 89' lang='lat' dir='ltr'><strong>et</strong></span> <span class='ocrx_word' id='word_1_846' title='bbox 1547 5603 1706 5672; x_wconf 87' lang='lat' dir='ltr'><strong>quasi</strong></span> <span class='ocrx_word' id='word_1_847' title='bbox 1746 5603 1929 5658; x_wconf 85' lang='lat' dir='ltr'><strong>frusta</strong></span> <span class='ocrx_word' id='word_1_848' title='bbox 1960 5617 2089 5658; x_wconf 88' lang='lat' dir='ltr'><strong>car-</strong></span> 
     </span>
    </p>
   </div>
   <div class='ocr_carea' id='block_1_107' title="bbox 383 5676 2089 5762">
    <p class='ocr_par' dir='ltr' id='par_1_107' title="bbox 383 5676 2089 5762">
     <span class='ocr_line' id='line_1_107' title="bbox 383 5676 2089 5762; baseline 0.01 -29"><span class='ocrx_word' id='word_1_849' title='bbox 383 5677 545 5734; x_wconf 91' lang='lat' dir='ltr'><strong>nium</strong></span> <span class='ocrx_word' id='word_1_850' title='bbox 579 5676 638 5734; x_wconf 90' lang='lat' dir='ltr'><strong>in</strong></span> <span class='ocrx_word' id='word_1_851' title='bbox 670 5678 798 5751; x_wconf 85' lang='lat' dir='ltr'><strong>ipso</strong></span> <span class='ocrx_word' id='word_1_852' title='bbox 843 5696 951 5738; x_wconf 84' lang='lat' dir='ltr'><strong>suo</strong></span> <span class='ocrx_word' id='word_1_853' title='bbox 984 5682 1199 5740; x_wconf 83' lang='lat' dir='ltr'><strong>fervore</strong></span> <span class='ocrx_word' id='word_1_854' title='bbox 1242 5685 1618 5755; x_wconf 88' lang='lat' dir='ltr'><strong>liquarentur.</strong></span> <span class='ocrx_word' id='word_1_855' title='bbox 1673 5690 1751 5748; x_wconf 84' lang='lat' dir='ltr'><strong>De</strong></span> <span class='ocrx_word' id='word_1_856' title='bbox 1784 5708 1898 5762; x_wconf 86' lang='lat' dir='ltr'><strong>qua</strong></span> <span class='ocrx_word' id='word_1_857' title='bbox 1945 5692 2089 5750; x_wconf 83' lang='lat' dir='ltr'><strong>bene</strong></span> 
     </span>
    </p>
   </div>
   <div class='ocr_carea' id='block_1_108' title="bbox 2204 4609 3932 4686">
    <p class='ocr_par' dir='ltr' id='par_1_108' title="bbox 2204 4609 3932 4686">
     <span class='ocr_line' id='line_1_108' title="bbox 2204 4609 3932 4686; baseline -0.003 -15"><span class='ocrx_word' id='word_1_858' title='bbox 2204 4617 2388 4686; x_wconf 87' lang='lat' dir='ltr'><strong>capite</strong></span> <span class='ocrx_word' id='word_1_859' title='bbox 2437 4615 2559 4669; x_wconf 88' lang='lat' dir='ltr'><strong>fieri</strong></span> <span class='ocrx_word' id='word_1_860' title='bbox 2612 4613 2775 4679; x_wconf 88' lang='lat' dir='ltr'><strong>solet,</strong></span> <span class='ocrx_word' id='word_1_861' title='bbox 2829 4613 3130 4668; x_wconf 86' lang='lat' dir='ltr'><strong>calvitium</strong></span> <span class='ocrx_word' id='word_1_862' title='bbox 3183 4628 3314 4666; x_wconf 91' lang='lat' dir='ltr'><strong>vero</strong></span> <span class='ocrx_word' id='word_1_863' title='bbox 3361 4609 3571 4681; x_wconf 70' lang='lat' dir='ltr'><strong>aquilae</strong></span> <span class='ocrx_word' id='word_1_864' title='bbox 3605 4611 3662 4664; x_wconf 92' lang='lat' dir='ltr'><strong>in</strong></span> <span class='ocrx_word' id='word_1_865' title='bbox 3700 4614 3826 4666; x_wconf 88' lang='lat' dir='ltr'><strong>toto</strong></span> <span class='ocrx_word' id='word_1_866' title='bbox 3867 4611 3932 4665; x_wconf 85' lang='lat' dir='ltr'><strong>fit</strong></span> 
     </span>
    </p>
   </div>
   <div class='ocr_carea' id='block_1_109' title="bbox 2203 4699 3929 4778">
    <p class='ocr_par' dir='ltr' id='par_1_109' title="bbox 2203 4699 3929 4778">
     <span class='ocr_line' id='line_1_109' title="bbox 2203 4699 3929 4778; baseline -0.003 -16"><span class='ocrx_word' id='word_1_867' title='bbox 2203 4721 2462 4778; x_wconf 89' lang='lat' dir='ltr'><strong>corpore,</strong></span> <span class='ocrx_word' id='word_1_868' title='bbox 2523 4705 2660 4776; x_wconf 84' lang='lat' dir='ltr'><strong>quia</strong></span> <span class='ocrx_word' id='word_1_869' title='bbox 2692 4720 2824 4758; x_wconf 92' lang='lat' dir='ltr'><strong>cum</strong></span> <span class='ocrx_word' id='word_1_870' title='bbox 2879 4704 3043 4758; x_wconf 90' lang='lat' dir='ltr'><strong>valde</strong></span> <span class='ocrx_word' id='word_1_871' title='bbox 3093 4700 3370 4768; x_wconf 89' lang='lat' dir='ltr'><strong>senuerit,</strong></span> <span class='ocrx_word' id='word_1_872' title='bbox 3414 4699 3624 4771; x_wconf 69' lang='lat' dir='ltr'><strong>pluma:</strong></span> <span class='ocrx_word' id='word_1_873' title='bbox 3675 4701 3808 4771; x_wconf 87' lang='lat' dir='ltr'><strong>ejus</strong></span> <span class='ocrx_word' id='word_1_874' title='bbox 3859 4716 3929 4756; x_wconf 88' lang='lat' dir='ltr'><strong>ac</strong></span> 
     </span>
    </p>
   </div>
   <div class='ocr_carea' id='block_1_110' title="bbox 2201 4788 3928 4868">
    <p class='ocr_par' dir='ltr' id='par_1_110' title="bbox 2201 4788 3928 4868">
     <span class='ocr_line' id='line_1_110' title="bbox 2201 4788 3928 4868; baseline -0.003 -16"><span class='ocrx_word' id='word_1_875' title='bbox 2201 4811 2405 4868; x_wconf 66' lang='lat' dir='ltr'><strong>pennae</strong></span> <span class='ocrx_word' id='word_1_876' title='bbox 2436 4810 2500 4849; x_wconf 85' lang='lat' dir='ltr'><strong>ex</strong></span> <span class='ocrx_word' id='word_1_877' title='bbox 2520 4794 2793 4849; x_wconf 89' lang='lat' dir='ltr'><strong>omnibus</strong></span> <span class='ocrx_word' id='word_1_878' title='bbox 2820 4791 2977 4848; x_wconf 88' lang='lat' dir='ltr'><strong>illius</strong></span> <span class='ocrx_word' id='word_1_879' title='bbox 3018 4791 3299 4848; x_wconf 87' lang='lat' dir='ltr'><strong>membris</strong></span> <span class='ocrx_word' id='word_1_880' title='bbox 3330 4790 3565 4847; x_wconf 87' lang='lat' dir='ltr'><strong>cadunt.</strong></span> <span class='ocrx_word' id='word_1_881' title='bbox 3597 4788 3928 4846; x_wconf 87' lang='lat' dir='ltr'><strong>Calvitium</strong></span> 
     </span>
    </p>
   </div>
   <div class='ocr_carea' id='block_1_111' title="bbox 2197 4878 3935 4956">
    <p class='ocr_par' dir='ltr' id='par_1_111' title="bbox 2197 4878 3935 4956">
     <span class='ocr_line' id='line_1_111' title="bbox 2197 4878 3935 4956; baseline -0.003 -16"><span class='ocrx_word' id='word_1_882' title='bbox 2197 4900 2332 4956; x_wconf 86' lang='lat' dir='ltr'><strong>ergo</strong></span> <span class='ocrx_word' id='word_1_883' title='bbox 2365 4899 2536 4939; x_wconf 85' lang='lat' dir='ltr'><strong>suum</strong></span> <span class='ocrx_word' id='word_1_884' title='bbox 2566 4883 2717 4938; x_wconf 85' lang='lat' dir='ltr'><strong>sicut</strong></span> <span class='ocrx_word' id='word_1_885' title='bbox 2744 4882 2942 4952; x_wconf 89' lang='lat' dir='ltr'><strong>aquila</strong></span> <span class='ocrx_word' id='word_1_886' title='bbox 2967 4881 3190 4948; x_wconf 88' lang='lat' dir='ltr'><strong>dilatat,</strong></span> <span class='ocrx_word' id='word_1_887' title='bbox 3224 4879 3363 4951; x_wconf 87' lang='lat' dir='ltr'><strong>quia</strong></span> <span class='ocrx_word' id='word_1_888' title='bbox 3393 4878 3626 4950; x_wconf 88' lang='lat' dir='ltr'><strong>plumas</strong></span> <span class='ocrx_word' id='word_1_889' title='bbox 3659 4879 3935 4950; x_wconf 80' lang='lat' dir='ltr'><strong>perdidit</strong></span> 
     </span>
    </p>
   </div>
   <div class='ocr_carea' id='block_1_112' title="bbox 2198 4969 3939 5044">
    <p class='ocr_par' dir='ltr' id='par_1_112' title="bbox 2198 4969 3939 5044">
     <span class='ocr_line' id='line_1_112' title="bbox 2198 4969 3939 5044; baseline -0.002 -14"><span class='ocrx_word' id='word_1_890' title='bbox 2198 4976 2337 5030; x_wconf 89' lang='lat' dir='ltr'><strong>dum</strong></span> <span class='ocrx_word' id='word_1_891' title='bbox 2375 4973 2652 5044; x_wconf 88' lang='lat' dir='ltr'><strong>p0pulum</strong></span> <span class='ocrx_word' id='word_1_892' title='bbox 2685 4971 2900 5027; x_wconf 82' lang='lat' dir='ltr'><strong>amisit.</strong></span> <span class='ocrx_word' id='word_1_893' title='bbox 2938 4973 3172 5027; x_wconf 85' lang='lat' dir='ltr'><strong>Alarum</strong></span> <span class='ocrx_word' id='word_1_894' title='bbox 3207 4971 3422 5042; x_wconf 89' lang='lat' dir='ltr'><strong>quippe</strong></span> <span class='ocrx_word' id='word_1_895' title='bbox 3454 4985 3656 5042; x_wconf 76' lang='lat' dir='ltr'><strong>pennis</strong></span> <span class='ocrx_word' id='word_1_896' title='bbox 3691 4969 3939 5026; x_wconf 89' lang='lat' dir='ltr'><strong>cecide-</strong></span> 
     </span>
    </p>
   </div>
   <div class='ocr_carea' id='block_1_113' title="bbox 2198 5059 3938 5132">
    <p class='ocr_par' dir='ltr' id='par_1_113' title="bbox 2198 5059 3938 5132">
     <span class='ocr_line' id='line_1_113' title="bbox 2198 5059 3938 5132; baseline -0.003 -14"><span class='ocrx_word' id='word_1_897' title='bbox 2198 5070 2330 5118; x_wconf 91' lang='lat' dir='ltr'><strong>runt</strong></span> <span class='ocrx_word' id='word_1_898' title='bbox 2380 5080 2510 5118; x_wconf 91' lang='lat' dir='ltr'><strong>cum</strong></span> <span class='ocrx_word' id='word_1_899' title='bbox 2572 5062 2785 5132; x_wconf 90' lang='lat' dir='ltr'><strong>quibus</strong></span> <span class='ocrx_word' id='word_1_900' title='bbox 2841 5061 3034 5116; x_wconf 88' lang='lat' dir='ltr'><strong>volare</strong></span> <span class='ocrx_word' id='word_1_901' title='bbox 3083 5060 3156 5116; x_wconf 88' lang='lat' dir='ltr'><strong>ad</strong></span> <span class='ocrx_word' id='word_1_902' title='bbox 3203 5059 3454 5130; x_wconf 63' lang='lat' dir='ltr'><strong>predum</strong></span> <span class='ocrx_word' id='word_1_903' title='bbox 3507 5063 3938 5126; x_wconf 85' lang='lat' dir='ltr'><strong>consueverat,</strong></span> 
     </span>
    </p>
   </div>
   <div class='ocr_carea' id='block_1_114' title="bbox 2198 5148 3942 5221">
    <p class='ocr_par' dir='ltr' id='par_1_114' title="bbox 2198 5148 3942 5221">
     <span class='ocr_line' id='line_1_114' title="bbox 2198 5148 3942 5221; baseline -0.001 -16"><span class='ocrx_word' id='word_1_904' title='bbox 2198 5153 2334 5220; x_wconf 87' lang='lat' dir='ltr'><strong>quia</strong></span> <span class='ocrx_word' id='word_1_905' title='bbox 2386 5154 2651 5208; x_wconf 86' lang='lat' dir='ltr'><strong>hom&#39;nes</strong></span> <span class='ocrx_word' id='word_1_906' title='bbox 2701 5151 2824 5220; x_wconf 84' lang='lat' dir='ltr'><strong>ejus</strong></span> <span class='ocrx_word' id='word_1_907' title='bbox 2875 5156 3142 5221; x_wconf 87' lang='lat' dir='ltr'><strong>potentes</strong></span> <span class='ocrx_word' id='word_1_908' title='bbox 3191 5148 3429 5205; x_wconf 81' lang='lat' dir='ltr'><strong>extincti</strong></span> <span class='ocrx_word' id='word_1_909' title='bbox 3464 5151 3605 5204; x_wconf 89' lang='lat' dir='ltr'><strong>sunt</strong></span> <span class='ocrx_word' id='word_1_910' title='bbox 3638 5163 3740 5219; x_wconf 90' lang='lat' dir='ltr'><strong>per</strong></span> <span class='ocrx_word' id='word_1_911' title='bbox 3775 5163 3942 5220; x_wconf 90' lang='lat' dir='ltr'><strong>quos</strong></span> 
     </span>
    </p>
   </div>
   <div class='ocr_carea' id='block_1_115' title="bbox 2199 5242 2705 5311">
    <p class='ocr_par' dir='ltr' id='par_1_115' title="bbox 2199 5242 2705 5311">
     <span class='ocr_line' id='line_1_115' title="bbox 2199 5242 2705 5311; baseline -0.004 -15"><span class='ocrx_word' id='word_1_912' title='bbox 2199 5244 2390 5296; x_wconf 88' lang='lat' dir='ltr'><strong>aliena</strong></span> <span class='ocrx_word' id='word_1_913' title='bbox 2424 5242 2705 5311; x_wconf 87' lang='lat' dir='ltr'><strong>rapiebat.</strong></span> 
     </span>
    </p>
   </div>
   <div class='ocr_carea' id='block_1_116' title="bbox 2272 5326 3943 5402">
    <p class='ocr_par' dir='ltr' id='par_1_116' title="bbox 2272 5326 3943 5402">
     <span class='ocr_line' id='line_1_116' title="bbox 2272 5326 3943 5402; baseline -0.001 -16"><span class='ocrx_word' id='word_1_914' title='bbox 2272 5332 2412 5386; x_wconf 88' lang='lat' dir='ltr'><strong>Item</strong></span> <span class='ocrx_word' id='word_1_915' title='bbox 2466 5333 2522 5386; x_wconf 94' lang='lat' dir='ltr'><strong>in</strong></span> <span class='ocrx_word' id='word_1_916' title='bbox 2565 5330 2937 5402; x_wconf 88' lang='lat' dir='ltr'><strong>Dialogorum</strong></span> <span class='ocrx_word' id='word_1_917' title='bbox 2984 5329 3127 5385; x_wconf 90' lang='lat' dir='ltr'><strong>libro</strong></span> <span class='ocrx_word' id='word_1_918' title='bbox 3182 5328 3436 5384; x_wconf 83' lang='lat' dir='ltr'><strong>secundo</strong></span> <span class='ocrx_word' id='word_1_919' title='bbox 3494 5344 3505 5382; x_wconf 90' lang='lat'><strong>:</strong></span> <span class='ocrx_word' id='word_1_920' title='bbox 3543 5349 3569 5376; x_wconf 88' lang='grc'><strong>‹‹</strong></span> <span class='ocrx_word' id='word_1_921' title='bbox 3605 5326 3943 5394; x_wconf 65' lang='grc' dir='ltr'><strong>Ρτωὶειιθι,</strong></span> 
     </span>
    </p>
   </div>
   <div class='ocr_carea' id='block_1_117' title="bbox 2199 5416 3944 5493">
    <p class='ocr_par' dir='ltr' id='par_1_117' title="bbox 2199 5416 3944 5493">
     <span class='ocr_line' id='line_1_117' title="bbox 2199 5416 3944 5493; baseline -0.001 -18"><span class='ocrx_word' id='word_1_922' title='bbox 2199 5423 2410 5493; x_wconf 90' lang='lat' dir='ltr'><strong>inquit,</strong></span> <span class='ocrx_word' id='word_1_923' title='bbox 2453 5422 2694 5477; x_wconf 87' lang='lat' dir='ltr'><strong>antistes</strong></span> <span class='ocrx_word' id='word_1_924' title='bbox 2753 5421 3060 5476; x_wconf 63' lang='lat' dir='ltr'><strong>Canusinae</strong></span> <span class='ocrx_word' id='word_1_925' title='bbox 3115 5417 3374 5475; x_wconf 66' lang='lat' dir='ltr'><strong>ecclesiae</strong></span> <span class='ocrx_word' id='word_1_926' title='bbox 3404 5417 3476 5472; x_wconf 89' lang='lat' dir='ltr'><strong>ab</strong></span> <span class='ocrx_word' id='word_1_927' title='bbox 3537 5416 3944 5473; x_wconf 87' lang='lat' dir='ltr'><strong>Benedictum</strong></span> 
     </span>
    </p>
   </div>
   <div class='ocr_carea' id='block_1_118' title="bbox 2201 5505 3942 5579">
    <p class='ocr_par' dir='ltr' id='par_1_118' title="bbox 2201 5505 3942 5579">
     <span class='ocr_line' id='line_1_118' title="bbox 2201 5505 3942 5579; baseline -0.002 -12"><span class='ocrx_word' id='word_1_928' title='bbox 2201 5513 2422 5568; x_wconf 83' lang='lat' dir='ltr'><strong>Domini</strong></span> <span class='ocrx_word' id='word_1_929' title='bbox 2473 5511 2752 5566; x_wconf 86' lang='lat' dir='ltr'><strong>famulum</strong></span> <span class='ocrx_word' id='word_1_930' title='bbox 2775 5511 2970 5566; x_wconf 89' lang='lat' dir='ltr'><strong>venire</strong></span> <span class='ocrx_word' id='word_1_931' title='bbox 3019 5513 3414 5579; x_wconf 88' lang='lat' dir='ltr'><strong>consueverat,</strong></span> <span class='ocrx_word' id='word_1_932' title='bbox 3469 5522 3639 5578; x_wconf 91' lang='lat' dir='ltr'><strong>quem</strong></span> <span class='ocrx_word' id='word_1_933' title='bbox 3685 5505 3776 5561; x_wconf 88' lang='lat' dir='ltr'><strong>vir</strong></span> <span class='ocrx_word' id='word_1_934' title='bbox 3821 5507 3942 5563; x_wconf 86' lang='lat' dir='ltr'><strong>Dei</strong></span> 
     </span>
    </p>
   </div>
   <div class='ocr_carea' id='block_1_119' title="bbox 2197 5596 3941 5675">
    <p class='ocr_par' dir='ltr' id='par_1_119' title="bbox 2197 5596 3941 5675">
     <span class='ocr_line' id='line_1_119' title="bbox 2197 5596 3941 5675; baseline -0.003 -17"><span class='ocrx_word' id='word_1_935' title='bbox 2197 5619 2297 5675; x_wconf 89' lang='lat' dir='ltr'><strong>pro</strong></span> <span class='ocrx_word' id='word_1_936' title='bbox 2331 5601 2458 5658; x_wconf 77' lang='lat' dir='ltr'><strong>vitae</strong></span> <span class='ocrx_word' id='word_1_937' title='bbox 2507 5618 2621 5657; x_wconf 66' lang='lat' dir='ltr'><strong>sum</strong></span> <span class='ocrx_word' id='word_1_938' title='bbox 2657 5601 2863 5657; x_wconf 88' lang='lat' dir='ltr'><strong>merito</strong></span> <span class='ocrx_word' id='word_1_939' title='bbox 2900 5599 3061 5656; x_wconf 86' lang='lat' dir='ltr'><strong>valde</strong></span> <span class='ocrx_word' id='word_1_940' title='bbox 3095 5598 3394 5670; x_wconf 84' lang='lat' dir='ltr'><strong>diligebat.</strong></span> <span class='ocrx_word' id='word_1_941' title='bbox 3443 5597 3497 5652; x_wconf 89' lang='lat' dir='ltr'><strong>Is</strong></span> <span class='ocrx_word' id='word_1_942' title='bbox 3537 5596 3741 5668; x_wconf 86' lang='lat' dir='ltr'><strong>itaque</strong></span> <span class='ocrx_word' id='word_1_943' title='bbox 3773 5597 3941 5654; x_wconf 85' lang='lat' dir='ltr'><strong>dum</strong></span> 
     </span>
    </p>
   </div>
   <div class='ocr_carea' id='block_1_120' title="bbox 2194 5685 3944 5764">
    <p class='ocr_par' dir='ltr' id='par_1_120' title="bbox 2194 5685 3944 5764">
     <span class='ocr_line' id='line_1_120' title="bbox 2194 5685 3944 5764; baseline -0.002 -16"><span class='ocrx_word' id='word_1_944' title='bbox 2194 5708 2324 5750; x_wconf 90' lang='lat' dir='ltr'><strong>cum</strong></span> <span class='ocrx_word' id='word_1_945' title='bbox 2356 5691 2455 5750; x_wconf 94' lang='lat' dir='ltr'><strong>illo</strong></span> <span class='ocrx_word' id='word_1_946' title='bbox 2481 5691 2550 5748; x_wconf 90' lang='lat' dir='ltr'><strong>de</strong></span> <span class='ocrx_word' id='word_1_947' title='bbox 2599 5691 2861 5764; x_wconf 87' lang='lat' dir='ltr'><strong>ingressu</strong></span> <span class='ocrx_word' id='word_1_948' title='bbox 2914 5689 3064 5762; x_wconf 86' lang='lat' dir='ltr'><strong>regis</strong></span> <span class='ocrx_word' id='word_1_949' title='bbox 3084 5687 3283 5746; x_wconf 82' lang='lat' dir='ltr'><strong>Totilae</strong></span> <span class='ocrx_word' id='word_1_950' title='bbox 3334 5691 3389 5744; x_wconf 90' lang='lat' dir='ltr'><strong>et</strong></span> <span class='ocrx_word' id='word_1_951' title='bbox 3435 5685 3711 5744; x_wconf 79' lang='lat' dir='ltr'><strong>Romanis</strong></span> <span class='ocrx_word' id='word_1_952' title='bbox 3747 5686 3944 5745; x_wconf 82' lang='lat' dir='ltr'><strong>urbis</strong></span> 
     </span>
    </p>
   </div>
  </div>
