4106 6174
228 243 320 304 2i?
715 241 778 301 S.
826 237 1196 302 GREGORII
1246 239 1485 302 MAGNl
1537 241 1744 313 Vl'l‘A,
1791 235 2020 303 AUCT.
2067 236 2381 304 JOANNE
2429 238 2790 302 DIACONO.
2841 241 2990 302 LIB.
3042 240 3140 303 IV.

3575 244 3692 303 218

221 382 506 456 perditione
557 377 906 450 colloquium
958 379 1218 449 haberet,
1253 379 1428 434 dixit:
1463 379 1569 434 Per
1599 377 1756 432 hunc
1789 393 1879 432 re-
1914 381 1963 446 Α
1994 393 2106 432 non
2138 377 2372 444 sufficit,
2408 380 2644 448 pensate
2679 375 2818 446 quid
2866 390 3032 446 agere
3074 375 3280 447 poterit
3332 376 3535 432 divisa.
3563 378 3690 432 Sci-

223 472 527 545 gemcivitss
542 471 647 526 ista
668 471 1020 536 destruetur,
1048 471 1244 540 utjam
1279 469 1532 540 amplius
1566 485 1679 524 non
1711 468 1881 522 inha-

221 566 423 619 bitetur.
446 561 544 616 Cui
572 560 657 615 vir
699 559 796 615 Dei
831 561 1151 631 respondit:
1190 559 1372 614 Roma
1403 576 1436 614 a
1465 559 1733 631 gentibus
1767 573 1881 614 non

220 651 678 717 exterminabitur,
713 651 811 705 sed
850 649 1310 720 tempestatibus,
1329 650 1610 716 coruscis,
1635 648 1882 704 turbini-

217 743 306 798 bus
334 758 393 797 ac
414 747 572 796 terra
604 746 763 794 motu
804 739 1047 811 fatigata
1095 747 1411 795 marcescet
1444 740 1499 793 in
1550 739 1878 809 semetipsa.

218 833 366 901 Cujus
396 829 706 900 prophetiae
735 830 1010 900 mysteria
1039 828 1345 897 nobisjam
1396 829 1541 884 facta
1587 834 1726 883 sunt
1758 828 1882 882 luce

216 920 438 987 clariora,
471 917 569 988 qui
621 919 678 974 in
717 918 818 973 hac
861 918 1002 973 urbe
1046 917 1332 973 dissoluta
1381 918 1616 984 muenia,
1650 934 1880 972 eversas

214 1010 401 1075 domos,
434 1007 756 1062 destructas
787 1006 1063 1063 ecclesias
1100 1007 1330 1063 turbine
1359 1008 1683 1073 cernimus;
1717 1007 1879 1076 ejus-

214 1117 301 1172 que
318 1100 540 1155 aediiicia
562 1099 734 1172 longo
759 1099 921 1156 senio
944 1102 1180 1168 lassata,
1212 1101 1352 1171 quia
1400 1100 1588 1156 ruinis
1620 1102 1879 1156 crebres-

212 1191 438 1245 centibus
467 1193 926 1261 prosternantur,
957 1189 1243 1246 videmus.
1280 1212 1306 1238 ››
1341 1189 1508 1260 (Dial.
1545 1191 1582 1245 ι.
1618 1206 1678 1256 ιι,
1711 1189 1880 1258 σ.15.)

263 1279 384 1334 Item
416 1280 471 1333 in
501 1279 743 1349 epistola
783 1279 1012 1347 Joanni,
1057 1280 1325 1350 episcopo
1376 1280 1718 1347 Ravennati,
1754 1285 1882 1350 post

210 1370 396 1440 aliqua:
422 1391 447 1416 «
477 1371 533 1422 Si
568 1385 684 1440 quo
709 1370 878 1425 modo
907 1374 997 1424 est
1019 1369 1334 1440 aliquando
1360 1369 1521 1424 locus
1557 1370 1877 1430 obtinendi,

209 1465 311 1530 agat
337 1461 479 1530 apud
513 1458 834 1514 exarchum
860 1460 1193 1516 fraternitas
1211 1464 1422 1524 vestra,
1455 1467 1730 1531 utpacem
1746 1475 1880 1516 cum

207 1548 466 1620 Arinlpho,
507 1550 555 1602 si
590 1548 812 1618 aliquid
843 1564 1176 1620 possumus,
1213 1548 1517 1615 faciamus,
1548 1549 1687 1620 quia
1718 1547 1882 1607 miles

211 1639 266 1693 de
291 1638 537 1693 Romana
569 1639 710 1693 urbe
743 1640 820 1708 (a)
855 1639 1037 1694 tultus
1059 1643 1165 1708 est,
1193 1639 1340 1696 165
1369 1639 1520 1695 sicut
1548 1639 1669 1709 ipse
1699 1638 1877 1695 novit.

209 1726 556 1783 Theodosiani
617 1744 749 1783 vero
799 1727 892 1798 qui
928 1727 1020 1782 hic
1061 1733 1488 1796 remanserunt,
1521 1744 1718 1800 rogem
1767 1745 1879 1783 non
1915 1760 1957 1823 Β

206 1817 534 1888 accipientes,
570 1818 666 1872 vix
697 1817 766 1872 ad
816 1833 1117 1873 murorum
1168 1818 1404 1890 quidem
1451 1819 1773 1874 custodiam
1823 1835 1883 1874 se

204 1905 629 1975 accommodant,
671 1911 728 1962 et
779 1907 1063 1962 destituta
1113 1906 1184 1962 ab
1245 1907 1520 1962 omnibus
1575 1907 1803 1973 civitas,
1836 1909 1884 1963 si

203 2012 359 2067 pacem
379 1997 504 2066 ejus
537 2014 658 2052 non
694 1996 887 2066 habet,
922 1997 1210 2069 quomodo
1253 1997 1571 2053 subsistet?
1599 2019 1626 2047 ››
1649 1998 1882 2070 (Regist.

208 2086 234 2142 l.
260 2101 311 2155 ιι,
336 2101 416 2158 ep.
454 2087 571 2158 46.)

261 2178 336 2231 67.
365 2177 566 2232 Tantis
601 2193 871 2232 curarum
907 2178 1253 2234 tumultibus
1277 2195 1378 2250 pro
1410 2179 1739 2234 animarum
1783 2195 1883 2250 pa-

207 2266 313 2321 riter
339 2283 399 2322 ac
447 2267 704 2322 civitatis
752 2267 1020 2322 custodia
1071 2268 1385 2339 Gregorius
1425 2271 1886 2339 gravabatur,th

204 2355 248 2410 in
275 2355 367 2411 coli
401 2358 700 2414 molestias
731 2372 1032 2423 corruens,
1061 2375 1174 2413 non
1227 2359 1415 2413 solum
1451 2359 1624 2430 (sicut
1677 2376 1880 2431 propo-

204 2449 382 2517 suerat)
415 2463 511 2515 per
542 2446 815 2503 ordinem
841 2447 1156 2503 Ezechielis
1178 2449 1452 2520 mysteria
1485 2449 1724 2504 minime
1757 2461 1883 2519 per'

207 2543 455 2605 tractaret,
487 2539 870 2595 verumeliam
899 2539 1208 2595 hostilibus
1255 2540 1707 2606 incursionibus,
1734 2541 1883 2596 mul-

205 2626 362 2697 iisque
406 2628 675 2700 corporis
726 2628 1127 2684 debilitatihus
1175 2634 1547 2700 aggravatus,
1596 2646 1629 2685 a
1687 2630 1881 2684 studio

206 2718 545 2788 expositionis
605 2719 848 2775 omnino
896 2719 1228 2788 desisteret,
1260 2729 1314 2775 et
1363 2719 1436 2775 ad
1467 2720 1592 2775 dies
1643 2719 1772 2775 illos
1822 2735 1882 2774 se

207 2808 491 2875 pervenisse
521 2808 788 2876 deﬁeret,
823 2813 992 2879 atque
1023 2811 1468 2866 dissolutionem
1502 2811 1591 2866 sui
1626 2809 1881 2881 corporis

207 2897 312 2951 totis
345 2896 654 2953 conatibus
713 2898 1011 2967 ﬂagitaret.
1038 2899 1400 2970 Quapropter
1434 2899 1619 2955 eidem
1670 2898 1881 2954 Joanni

209 2985 433 3058 episcopo
501 2987 796 3059 queritur,
829 2987 1066 3043 dicens:
1125 3011 1153 3038 «
1203 2989 1364 3054 Quod
1432 2989 1629 3044 multis
1679 2994 1881 3044 vestrae

211 3077 509 3135 beatitudini
543 3077 797 3134 minime
837 3079 1131 3151 respondi,
1167 3096 1279 3135 non
1329 3080 1435 3135 hoc
1465 3080 1679 3150 torpori
1731 3095 1881 3147 meo,

1988 485 2120 524 mus
2151 473 2344 523 autem
2377 483 2579 522 omnes
2609 468 2748 536 quia
2778 471 2833 520 et
2864 466 3078 521 ﬂuvius
3110 466 3209 536 qui
3241 466 3296 520 in
3321 467 3511 522 multis
3559 469 3694 523 rivis

1988 557 2267 612 dividitur
2292 575 2324 612 a
2355 574 2460 611 suo
2494 555 2650 611 alveo
2681 555 2947 610 siccatur.

2060 649 2200 701 Item
2222 647 2278 700 in
2306 647 2567 716 ejusdem
2598 643 2891 716 prophetas
2925 644 3295 711 tractatibus,
3322 643 3563 700 homilia
3591 647 3649 699 11
3678 661 3690 699 :

1990 762 2016 788 «
2053 737 2201 805 Sive,
2236 738 2442 806 inquit,
2463 737 2735 806 justusin
2767 737 2960 806 culpa,
2986 737 3102 791 sive
3133 744 3404 808 peccator
3427 742 3484 791 in
3512 743 3696 791 morte

1988 835 2237 896 corruat,
2281 829 2631 898 speculatori
2678 829 2999 883 timendum
3033 832 3123 882 est
3165 845 3234 882 ne
3269 829 3421 882 hunc
3471 845 3539 884 ex
3580 844 3688 883 suo

1988 918 2218 974 silentio
2250 923 2480 973 reactus
2515 919 2878 986 peccantium
2915 917 3128 988 pariter
3159 917 3430 972 insolvat.
3463 918 3574 972 Sed
3608 919 3698 972 in-

1988 1009 2180 1077 terim,
2221 1009 2363 1062 dum
2417 1008 2647 1078 loquor,
2689 1012 2947 1062 avertere
2998 1025 3030 1061 a
3086 1007 3434 1076 memetipso
3494 1005 3698 1062 oculos

1987 1098 2136 1168 volo,
2169 1102 2225 1153 et
2263 1114 2394 1153 ecce
2433 1099 2642 1152 iterum
2694 1112 2882 1152 sermo
2914 1096 3148 1151 divinus
3194 1112 3282 1151 me
3313 1095 3589 1166 impingit
3638 1096 3697 1150 in

1989 1189 2502 1260 memetipsum,ut
2533 1203 2719 1242 meam
2745 1186 3158 1258 negligentiam
3188 1187 3439 1255 videam,
3463 1190 3523 1240 et
3555 1185 3698 1241 mihi

1987 1276 2099 1330 dici
2132 1276 2252 1329 haec
2277 1292 2400 1345 quae
2424 1276 2596 1329 audio
2640 1275 3068 1343 pertimescam.
3103 1272 3258 1327 Sicut
3307 1273 3460 1326 enim
3515 1288 3696 1341 supe-

1989 1365 2111 1420 rius
2142 1366 2282 1430 dixi,
2316 1368 2484 1434 cujus
2517 1381 2616 1420 cor
2655 1364 2982 1420 innumeris
3012 1363 3168 1418 curis
3217 1380 3505 1433 sparsum,
3541 1381 3602 1419 se
3624 1364 3695 1418 ad

1988 1471 2050 1509 se
2081 1455 2352 1524 colligat?
2382 1455 2623 1518 Quando
2657 1457 2868 1508 etenim
2906 1469 3144 1524 possum
3187 1459 3243 1507 et
3272 1469 3338 1507 ea
3368 1469 3495 1524 quae
3547 1454 3697 1528 circa

1989 1560 2082 1600 me
2111 1550 2247 1599 sunt
2276 1544 2520 1599 sollicite
2540 1543 2740 1599 omnia
2771 1559 2996 1610 curare,
3027 1547 3082 1597 et
3106 1543 3530 1614 memetipsum,
3556 1545 3693 1598 adu-

1991 1639 2121 1690 nato
2172 1650 2370 1703 sensu,
2403 1632 2775 1702 conspicere?
2805 1636 3042 1696 Quando
3095 1649 3334 1705 possum
3385 1648 3697 1703 pravorum

1989 1723 2271 1793 nequitias
2303 1723 2661 1793 insequendo
2693 1724 2999 1793 corrigere,
3034 1725 3316 1777 bonorum
3351 1729 3519 1777 actus
3568 1721 3698 1776 lau-

1996 1812 2187 1867 dando
2217 1821 2269 1866 et
2300 1811 2667 1866 admonendo
2708 1811 3018 1879 custodire,
3053 1810 3184 1866 aliis
3216 1817 3492 1866 terrorem
3523 1817 3698 1881 atque

1997 1901 2128 1958 aliis
2157 1900 2527 1957 dulcedinem
2569 1901 2963 1956 demonstrare
2988 1899 3015 1954 ?
3055 1901 3295 1964 Quando
3335 1899 3518 1966 valeo,
3541 1904 3597 1954 et
3625 1900 3697 1954 de

1995 1992 2087 2048 his
2119 2009 2245 2063 quas
2277 1997 2414 2047 sunt
2436 1992 2766 2047 necessaria
2796 1991 3071 2046 fratribus
3103 1994 3379 2062 cogitare,
3412 1997 3466 2044 et
3504 1993 3703 2046 contra

1996 2083 2238 2140 hostiles
2277 2083 2497 2156 gladios
2538 2082 2606 2137 de
2641 2083 2807 2138 Urbis
2846 2082 3060 2154 vigiliis
3109 2081 3563 2138 sollicitudinem
3604 2095 3702 2151 ge-

1993 2191 2138 2240 rere,
2173 2191 2245 2230 ne
2282 2174 2616 2229 incursione
2657 2174 2809 2229 160
2846 2174 3038 2228 subita
3080 2173 3231 2227 cives
3292 2176 3528 2242 pereant
3569 2187 3698 2240 pro-

1991 2266 2203 2328 videre,
2237 2269 2294 2320 et
2337 2265 2486 2320 inter
2533 2264 2652 2318 haec
2701 2264 2895 2318 omnia
2942 2280 3042 2333 pro
3074 2262 3406 2316 animarum
3436 2260 3701 2316 custodia

1992 2355 2160 2426 plene
2191 2363 2364 2425 atque
2393 2354 2704 2409 efﬁcaciter
2732 2355 2973 2410 verbum
3005 2351 3423 2407 exhortationis
3463 2351 3661 2419 impen

1991 2443 2170 2500 dere?
2206 2444 2384 2516 Loqui
2426 2444 2641 2498 etenim
2684 2443 2755 2498 de
2802 2442 2919 2498 Deo
2969 2443 3174 2513 quietae
3204 2442 3370 2496 valde
3401 2445 3457 2496 et
3505 2440 3695 2494 libera:

1992 2535 2206 2589 mentis
2236 2540 2343 2589 est.
2386 2533 2549 2587 Tunc
2609 2548 2862 2602 namque
2894 2533 3040 2586 bene
3091 2530 3289 2603 lingua
3333 2530 3608 2600 dirigitur
3635 2528 3696 2584 in

1991 2641 2277 2693 sermone,
2313 2640 2444 2679 cum
2478 2639 2675 2679 secure
2707 2638 2919 2677 sensus
2947 2623 3226 2692 quieverit
3257 2622 3315 2675 in
3354 2618 3696 2690 tranquilli-

1991 2721 2131 2771 tate:
2168 2716 2301 2785 quia
2332 2731 2434 2769 nec
2467 2729 2750 2769 concussa
2778 2729 2931 2784 aqua
2979 2712 3297 2781 imaginem
3331 2708 3696 2777 conspicien-

1988 2809 2064 2862 tis
2099 2804 2307 2872 reddit,
2330 2804 2428 2859 sed
2464 2814 2598 2858 tunc
2622 2803 2679 2858 in
2708 2819 2772 2858 ea
2794 2801 2992 2857 vultus
3014 2799 3371 2855 intendentis
3396 2798 3694 2868 aspicitur,

1992 2913 2122 2951 cum
2156 2912 2270 2950 non
2306 2899 2586 2949 movetur.
2621 2893 2805 2956 Quam
2848 2907 2985 2960 ergo
3035 2890 3490 2945 exhortationem
3530 2886 3692 2941 vobis

1989 2989 2317 3059 speculator
2371 2991 2583 3049 vester,
2618 2985 2825 3037 fratres
2875 2980 3226 3048 charissimi,
3268 2981 3463 3044 faciat,
3523 2992 3700 3048 quem

2000 3085 2084 3135 tot
2141 3093 2332 3134 rerum
2397 3075 2662 3130 confusio
2715 3071 3116 3144 perturbat?»
3187 3069 3253 3124 Et
3311 3069 3479 3140 paulo
3545 3067 3704 3139 post:

249 3131 275 3132 η
546 3131 672 3134 ψη-
839 3131 1131 3151 ητηᾚ,
1169 3131 1279 3135 _-__
1331 3131 1431 3135 --η
1471 3131 1678 3150 ---r-_-
2005 3131 2079 3135 η-
2143 3131 2191 3134 _-
2246 3131 2264 3132 η
2716 3131 2733 3144 ,
3311 3131 3326 3140 .
3545 3131 3561 3139 -

211 3166 288 3220 sed
316 3166 567 3236 languori
636 3171 943 3240 deputata:
981 3169 1117 3240 quia
1168 3171 1420 3241 peccatis
1466 3169 1613 3224 meis
1663 3169 1882 3224 iacien-
1917 3131 1959 3199 Ο
2002 3191 2029 3219 ‹‹
2062 3165 2346 3224 Sacerdos
2378 3165 2546 3219 etiam
2592 3168 2720 3234 post
2768 3159 3279 3231 compunctionem
3308 3175 3368 3214 ac
3418 3157 3708 3228 lacrymas

211 3253 356 3322 tibus,
374 3273 435 3313 eo
466 3266 862 3329 temporequo
894 3257 1212 3328 Ariulphus
1242 3259 1310 3314 ad
1348 3258 1660 3313 Romanam
1688 3259 1887 3312 urbem

212 3346 426 3413 veniens,
450 3346 608 3402 alios
649 3347 884 3411 occidit,
908 3347 1049 3402 alios
1071 3347 1460 3415 detruncavit,
1483 3353 1646 3403 tanta
1677 3347 1891 3402 maesti-

213 3433 272 3485 tia
285 3434 504 3491 affectus
518 3451 687 3503 sum,
702 3441 767 3490 ut
787 3436 844 3490 in
864 3435 971 3491 coli
990 3435 1318 3492 molestiam
1335 3438 1620 3493 caderem.
1645 3458 1672 3486 »
1707 3436 1889 3505 (Ib-id.)

267 3523 385 3579 Item
415 3523 471 3579 in
504 3526 876 3596 expositione
903 3525 1122 3581 ultimae
1153 3526 1392 3582 visionis
1422 3526 1731 3584 Ezechielis
1762 3542 1891 3598 pro-

213 3609 384 3679 pheta:
418 3637 444 3662 α
477 3615 636 3679 Quia
671 3614 870 3670 multis
917 3617 1074 3671 curis
1125 3616 1544 3687 prementibus,
1576 3616 1891 3673 Ezechielis

211 3704 461 3773 prophetae
489 3705 715 3762 librum
751 3722 945 3761 coram
988 3706 1274 3764 charitate
1320 3714 1510 3763 vestra
1551 3712 1738 3763 totum
1790 3726 1892 3780 per

215 3792 433 3849 ordinem
468 3795 824 3867 perscrutari
857 3813 969 3852 non
989 3796 1175 3864 licuit,
1209 3797 1377 3853 bonis
1410 3797 1616 3853 vestris
1662 3799 1889 3854 deside-

218 3880 298 3937 riis
323 3884 531 3954 placuit
564 3890 782 3955 petere,
818 3889 880 3939 ut
911 3885 1117 3941 saltem
1143 3891 1399 3943 extrema
1430 3887 1892 3960 eiusvisio,quaa

218 3970 256 4024 ei
284 3972 416 4029 facta
444 3979 533 4029 est
562 3975 638 4030 de
691 3973 934 4029 aediﬁcio
967 3974 1022 4030 in
1076 3981 1270 4032 monte
1313 3977 1659 4048 constituto,
1683 3994 1808 4048 qua:
1837 3985 1892 4034 et

217 4063 406 4119 cunctis
427 4068 516 4119 est
537 4063 866 4120 visionibus
897 4065 1023 4133 eius
1055 4064 1378 4134 obscurior,
1410 4067 1620 4138 exponi
1651 4068 1888 4126 debuis-

218 4157 296 4203 set.
327 4151 385 4206 Et
415 4153 656 4224 quidem
688 4153 973 4209 voluntati
1021 4159 1220 4210 vestrae
1254 4171 1346 4211 me
1391 4172 1592 4228 parere
1653 4173 1891 4215 necesse

218 4242 299 4293 est.
329 4241 427 4298 Sed
457 4244 572 4299 duo
600 4249 734 4298 sunt
765 4259 890 4315 quis
922 4242 1028 4299 hac
1062 4245 1118 4299 in
1150 4261 1209 4300 re
1241 4247 1580 4316 perturbant
1626 4248 1888 4304 animum

220 4340 398 4385 meum.
431 4329 645 4398 Unum,
681 4333 833 4402 quod
872 4331 986 4387 haec
1017 4333 1216 4388 eadem
1248 4334 1397 4390 visio
1430 4338 1602 4390 tantas
1631 4337 1890 4392 obscuri-

220 4417 558 4477 tatisnebulis
590 4419 824 4492 tegitur,
858 4425 922 4476 ut
951 4421 1044 4476 vix
1093 4422 1150 4477 in
1201 4439 1268 4477 ea
1317 4422 1562 4494 aliquid,
1597 4425 1890 4483 intellectu

2000 3259 2232 3330 cogitur
2264 3253 2585 3311 necessaria
2616 3267 2862 3325 quaeque
2896 3251 3151 3305 filiorum
3202 3264 3443 3304 suorum
3493 3263 3711 3317 cogno-

1999 3364 2178 3410 scere.
2215 3352 2270 3403 et
2300 3363 2367 3402 ea
2397 3361 2524 3416 quas
2567 3344 2775 3415 refugit
2819 3340 3013 3396 animo
3051 3340 3337 3412 patienter
3366 3337 3587 3405 audire,
3621 3339 3707 3391 at-

2000 3453 2112 3507 que
2137 3439 2264 3508 post
2296 3432 2549 3502 suspiria
2578 3429 2922 3498 caelestium,
2955 3427 3354 3499 quorumlibet
3384 3423 3704 3480 carnalium

2000 3525 2306 3581 hominum
2340 3537 2513 3578 onera
2536 3526 2786 3592 portare,
2819 3523 2875 3574 et
2904 3534 3052 3589 saepe
3109 3533 3240 3571 cum
3295 3514 3705 3582 supervenien-

1999 3616 2157 3670 tibus
2187 3630 2286 3670 cor
2317 3613 2373 3667 in
2405 3612 2694 3666 diversam
2728 3609 3070 3681 qualitatem
3106 3605 3539 3661 transfundere.
3562 3601 3709 3657 Nam

2000 3703 2314 3774 aliquando
2359 3703 2429 3756 de
2466 3699 2644 3755 lucris
2689 3697 3094 3768 spiritualibus
3148 3695 3393 3767 gaudet;
3425 3693 3522 3748 sed
3575 3706 3709 3746 cum

2002 3792 2249 3866 quilibet
2275 3806 2514 3845 moerens
2548 3788 2967 3858 supervenerit,
3001 3785 3112 3840 nisi
3146 3789 3271 3853 ejus
3303 3798 3608 3839 mmrorem
3651 3781 3710 3835 in

2002 3896 2061 3935 se
2091 3877 2432 3949 susceperit,
2467 3874 2830 3930 tribulationi
2863 3873 3021 3927 illius
3051 3870 3412 3940 compatiens
3454 3885 3567 3924 non
3601 3870 3708 3922 est.

2001 3970 2070 4025 Et
2100 3967 2415 4039 aliquando
2446 3966 2516 4019 de
2533 3963 2765 4019 damnis
2781 3963 3111 4017 animarum
3140 3959 3325 4030 luget;
3347 3958 3446 4012 sed
3476 3959 3710 4026 repente

2003 4058 2420 4130 superveniunt
2450 4053 2549 4126 qui
2607 4053 2678 4108 de
2734 4052 2856 4108 suis
2903 4048 3387 4122 prosperitatibus
3419 4046 3707 4110 laetantur,

2003 4164 2254 4222 quorum
2288 4147 2338 4202 si
2397 4144 2604 4199 laetitias
2654 4142 2925 4198 sacerdos
2974 4155 3088 4195 non
3138 4136 3484 4208 congaudet,
3516 4134 3712 4189 minus

2005 4253 2201 4296 amare
2233 4236 2486 4292 creditur
2519 4232 2746 4289 ﬁliosin
2779 4246 3026 4304 quorum
3060 4227 3269 4301 gaudio
3296 4242 3408 4281 non
3440 4223 3710 4290 exsultat,

2003 4329 2294 4401 pracipue
2325 4343 2456 4382 cum
2500 4322 2715 4380 Paulus
2748 4323 2932 4376 dicat:
2969 4319 3217 4375 Gaudere
3257 4332 3378 4371 cum
3406 4315 3707 4386 gaudenti-

2006 4421 2123 4487 bus,
2163 4420 2295 4488 ﬂere
2357 4432 2480 4471 cum
2537 4416 2795 4483 ﬂentibus
2845 4412 3015 4482 (Rom.
3067 4426 3168 4474 xu,
3215 4408 3325 4476 15).
3361 4405 3516 4459 Nihil
3575 4419 3712 4474 ergo

219 4501 581 4578 interlucente,
616 4510 901 4565 videatur.
935 4510 1127 4578 Aliud,
1153 4512 1306 4583 quod
1326 4512 1450 4582 jam
1486 4512 1886 4586 Agilulphum,
1924 4508 1967 4573 D
1999 4515 2114 4564 tam
2156 4522 2466 4564 onerosum
2524 4505 2582 4558 in
2646 4501 2848 4557 ordine
2905 4500 3271 4556 sacerdotum
3333 4497 3494 4550 video
3534 4509 3705 4566 quam

224 4591 697 4669 Langobardorum
722 4616 937 4673 regem,
964 4602 1032 4656 ad
1050 4601 1414 4658 obsidionem
1441 4608 1694 4659 nostram
1738 4622 1897 4662 sum-

223 4696 420 4755 mopere
461 4689 858 4756 festinantem,
895 4691 1117 4745 Padum
1160 4690 1444 4748 transisse
1490 4693 1891 4764 cognovimus.

226 4767 356 4831 Unde
395 4783 653 4849 pensata,
700 4779 906 4836 fratres
946 4779 1302 4851 charissimi,
1338 4782 1396 4836 in
1447 4782 1781 4854 caliginosis
1831 4802 1896 4841 ac

225 4866 443 4930 mysticis
463 4868 736 4924 sensibus
767 4868 905 4940 quid
942 4869 1124 4925 valeat
1157 4886 1322 4926 mens
1380 4871 1615 4939 misera,
1667 4874 1897 4930 timoris

228 4953 294 5006 sui
322 4958 845 5026 perturbationibus
877 4960 1408 5032 occupata.Quanto
1440 4962 1592 5018 enim
1618 4964 1769 5019 circa
1785 4969 1897 5020 ter-

228 5054 336 5097 rena
365 5046 485 5116 plus
517 5048 752 5120 satagit,
783 5053 941 5106 tanto
973 5051 1030 5104 in
1062 5049 1153 5105 his
1177 5066 1306 5120 quas
1338 5057 1473 5106 sunt
1509 5051 1763 5108 cmlestia
1797 5054 1899 5109 mi-

231 5143 317 5184 nus
343 5135 515 5190 videt:
551 5153 653 5207 pro
683 5153 748 5193 eo
798 5138 950 5208 quod
986 5137 1137 5193 curis
1168 5139 1293 5194 suis
1324 5144 1481 5194 extra
1534 5156 1596 5195 se
1639 5141 1893 5209 ducitur,

228 5217 363 5275 valde
392 5221 548 5280 intus
605 5225 794 5282 minor
825 5231 942 5282 est:
973 5228 1114 5298 quia
1163 5227 1448 5298 scriptum
1483 5236 1598 5284 est:
1622 5230 1898 5302 Περι-ἐνηέι

230 5307 413 5363 terrena
441 5311 776 5369 inhabitatio
817 5329 1034 5370 sensum
1078 5315 1257 5371 multa
1305 5319 1629 5387 cogitantem
1652 5318 1806 5388 (Sap.
1838 5319 1892 5388 9,

231 5391 461 5465 i5).Quaa
517 5403 670 5459 enim
720 5405 1022 5476 superiora
1072 5413 1396 5479 penetrare,
1420 5406 1588 5464 etiam
1630 5407 1895 5480 collecta,

232 5639 267 5692 Β
269 5569 464 5700 £383:
482 5574 594 5631 isto
617 5578 788 5635 verbo
819 5577 1125 5635 disseritur
1158 5578 1214 5634 in
1252 5583 1388 5636 nota
1437 5579 1471 5635 h
1501 5597 1592 5654 ep.
1629 5582 1696 5637 46
1729 5583 1827 5638 lib.
1855 5600 1894 5638 ιι

290 5713 354 5783 (b)
383 5714 464 5772 Ita
487 5717 716 5779 Colh.ot
730 5721 826 5779 alii
861 5721 1474 5793 Mss.Excusi,quibus
1501 5725 1898 5798 astipulantur

2007 4600 2258 4671 rigorem
2319 4594 2533 4651 mentis
2573 4590 2976 4663 compatiendo
3025 4594 3270 4656 ﬂectere,
3299 4591 3355 4641 et
3401 4602 3533 4640 curn
3578 4600 3711 4656 per-

2007 4689 2166 4745 sonis
2222 4683 2764 4758 supervenientibus
2821 4681 3085 4736 animum
3139 4681 3392 4743 mutare;
3427 4683 3478 4730 et
3518 4682 3710 4728 tamen

2006 4778 2115 4834 hoc
2144 4777 2309 4832 valde
2339 4780 2427 4832 est
2453 4771 2872 4830 necessarium.
2906 4769 3052 4825 Nam
3077 4767 3310 4839 quando
3341 4781 3409 4820 ex
3441 4763 3715 4833 praedica-

2006 4869 2163 4924 tione
2192 4868 2318 4938 ejus
2351 4865 2422 4920 ad
2455 4860 2799 4933 boniOperis
2830 4859 3076 4933 gratiam
3106 4860 3373 4928 peccator
3395 4851 3709 4915 reducitur,

2009 4958 2054 5012 si
2079 4958 2202 5028 ipse
2232 4956 2331 5028 qui
2358 4953 2627 5026 praedicat
2648 4952 2875 5008 videtur
2907 4946 3219 5020 ingratus?
3251 4966 3276 4992 ››
3307 4944 3569 5012 (Prae/at.
3597 4939 3634 4992 I.
3672 4954 3709 4992 ιι

2008 5049 2064 5103 in
2107 5045 2328 5116 Ezech.)

2079 5141 2223 5192 Item
2272 5135 2331 5191 in
2365 5134 2478 5190 fine
2525 5133 2783 5202 ejusdem
2833 5125 3169 5183 voluminis:
3211 5142 3233 5171 ι
3268 5122 3409 5176 Ecce
3455 5119 3595 5186 haec,
3647 5120 3713 5173 ut

2008 5227 2254 5283 Domino
2313 5225 2595 5295 largiente
2649 5219 2967 5291 potuimus,
3046 5230 3239 5270 coram
3301 5209 3717 5275 vobis,fratres

2007 5310 2565 5381 charissimi,rimati
2597 5323 2824 5366 sumus.
2859 5310 3036 5361 Nemo
3060 5309 3255 5360 autem
3281 5318 3372 5358 me
3399 5298 3716 5372 reprehen-

2008 5404 2109 5462 dat
2137 5405 2211 5476 (b)
2237 5406 2286 5460 si
2318 5407 2449 5475 post
2479 5401 2625 5456 hanc
2656 5397 3004 5454 locutionem
3035 5410 3352 5460 cessavero,
3372 5389 3532 5464 quia,
3563 5388 3716 5443 sicut

2008 5580 2144 5650 Reg.
2180 5581 2236 5632 et
2265 5577 2393 5633 cod.
2435 5576 2497 5631 Β.
2530 5571 2722 5630 Mariis
2780 5571 2984 5636 Paris.,
3014 5574 3062 5626 si
3112 5568 3337 5639 posthac
3365 5582 3398 5622 ιι
3446 5564 3717 5620 locutione

2006 5665 2300 5707 cenavero.
