4106 6174
423 399 538 460 219

968 400 1032 457 S.
1078 389 1446 456 GREGOBII
1493 389 1746 451 MAGNI
1792 385 2002 458 VI'I‘A,
2056 385 2281 447 AUCT.
2328 385 2628 447 JOANNE
2676 387 3042 448 DIACONO.
3092 385 3235 448 LIB.
3285 384 3385 449 IV.

3815 388 3925 446 220

425 551 626 591 omnes
685 533 941 598 cernitis,
987 534 1196 586 nostra
1260 527 1659 583 tribulationes
1725 527 2119 578 excreverunt.
2151 524 2206 587 Α
2235 522 2462 578 Domine
2517 524 2690 594 (Psal.
2730 541 2876 592 cxm,
2910 542 2958 581 υ.
3001 525 3154 594 ulL).
3201 524 3309 578 Sed
3360 523 3500 594 quia
3558 522 3703 579 meis
3751 523 3931 579 adhuc

425 618 1267 694 Undiquegladiiscircuml'usi
1294 632 1522 679 sumus,
1543 612 2133 684 undiqueimminens

423 717 627 770 mortis
672 714 994 785 periculum
1037 713 1332 765 timemus.
1367 707 1476 761 Alii
1522 708 1879 760 detruncatis
1923 704 1996 759 ad
2029 719 2133 758 nos

423 806 695 858 manibus
745 805 1018 866 redeunt;
1075 799 1170 853 alii
1225 799 1401 868 capti,
1451 794 1546 849 alii
1602 795 1935 865 interempti
1991 809 2135 848 nun-

422 895 666 948 tiantur.
698 897 827 947 Jam
862 907 1035 960 cogor
1065 890 1328 958 linguam
1362 886 1434 940 ab
1465 884 1824 954 expositione
1863 883 2134 946 retinere,

423 986 561 1056 quia
594 985 763 1039 tadet
800 983 1057 1036 animam
1108 995 1290 1033 meam
1319 979 1446 1031 vita
1507 991 1646 1029 mea
1706 975 1950 1044 (Job.x).
1999 973 2130 1028 Jam

427 1073 711 1129 nullusin
767 1087 857 1126 me
911 1069 1061 1124 sacri
1111 1067 1328 1137 eloquii
1377 1066 1634 1120 studium
1686 1064 1959 1134 requirat,
1995 1061 2132 1132 quia

425 1179 587 1217 versa
616 1166 706 1217 est
735 1162 792 1215 in
827 1161 1046 1214 luctum
1081 1159 1303 1212 cithara
1340 1173 1489 1221 mea,
1519 1162 1577 1210 et.
1618 1168 1899 1223 organum
1933 1167 2131 1206 meum

424 1252 484 1306 in
516 1267 710 1306 vocem
758 1250 1024 1305 flentium
1059 1248 1195 1317 (Job.
1250 1249 1402 1316 xxx).
1435 1247 1560 1300 Jam
1605 1245 1794 1299 cordis
1826 1243 2031 1298 oculus
2072 1241 2132 1296 in

425 1342 836 1413 mysteriorum
866 1338 1234 1394 discussione
1265 1353 1378 1390 non
1424 1335 1642 1406 vigilat,
1679 1334 1812 1403 quia
1852 1332 2133 1387 dormita-

425 1432 505 1483 vit
558 1430 756 1484 anima
804 1445 928 1484 mea
984 1444 1099 1498 pra:
1129 1428 1293 1481 tadio
1323 1425 1495 1496 (Psal.
1528 1424 1742 1488 cxvm).
1774 1423 1904 1477 Jam
1939 1423 2132 1476 minus

425 1519 594 1574 lectio
628 1519 820 1573 animo
852 1517 1037 1572 dulcis
1059 1523 1168 1578 est,
1192 1515 1330 1587 quia
1356 1514 1572 1570 oblitus
1604 1529 1733 1567 sum
1781 1513 2132 1567 manduciire

428 1625 633 1679 panem
694 1623 887 1662 meum
930 1624 962 1660 a
1018 1622 1154 1660 voce
1198 1605 1451 1675 gemitus
1512 1602 1620 1657 mei
1677 1602 1849 1672 (Psal.
1884 1610 1982 1667 cr).
2025 1599 2129 1655 Cui

426 1703 618 1754 autem
651 1697 835 1752 vivere
858 1713 967 1750 non
1009 1694 1163 1760 licet,
1197 1698 1266 1750 de
1295 1693 1601 1763 Scriptura
1650 1709 1826 1746 sacra
1859 1691 2131 1746 sensibus

426 1785 584 1856 loqui
625 1785 862 1857 mystica
894 1785 1143 1855 qualiter
1189 1783 1366 1837 libet?
1399 1787 1460 1836 Et
1487 1782 1586 1852 qui
1638 1797 1813 1853 cogor
1871 1780 2132 1851 quotidie

2244 613 2511 682 precibus
2544 615 2805 671 obtinere
2837 632 2949 670 non
2983 629 3229 678 mereor,
3247 629 3385 685 rogo
3416 619 3700 670 utvestra
3730 615 3933 670 sancti-

2242 704 2382 757 tatis
2413 705 2595 759 oratio
2627 722 2746 760 sua
2775 704 2918 759 mibi
2945 704 3380 760 intercessionis
3404 704 3761 773 adiutorium
3805 720 3933 774 pra-

2241 792 2393 860 beat,
2427 809 2634 865 meque
2667 811 2700 848 a
2729 795 2948 864 peccati
2996 799 3054 849 et
3102 793 3490 863 corruptionis
3525 794 3776 863 pondere
3803 792 3936 848 libe-

2245 897 2372 936 rum
2409 883 2607 938 reddat
2636 883 2693 938 in
2755 884 2938 951 illam,
2973 899 3148 954 quam
3187 883 3332 938 bene
3372 882 3580 949 nostis,
3612 881 3930 937 libertatem

2242 971 2438 1043 gloria
2468 972 2724 1029 ﬁliorum
2757 973 2881 1028 Dei.
2917 995 2945 1022 »
2972 972 3126 1042 (Lib.
3159 989 3214 1040 x,
3236 988 3320 1042 ep.
3344 971 3463 1043 35.)

2317 1061 2458 1117 Item
2490 1063 2741 1119 eisdem:
2769 1083 2796 1112 «
2830 1064 2967 1118 Peto
2999 1070 3191 1117 autem
3227 1068 3291 1116 ut
3321 1077 3424 1132 pro
3459 1077 3551 1117 me
3575 1060 3804 1116 enixius
3851 1076 3937 1116 ve-

2243 1155 2366 1206 stra
2396 1153 2674 1208 sanctitas
2707 1169 2874 1208 orare
2903 1153 3127 1218 debeat,
3161 1152 3299 1222 quia
3332 1152 3598 1223 podagra
3621 1149 3931 1214 doloribus.

2243 1246 2298 1296 et
2321 1242 2705 1298 barbarorum
2738 1241 2965 1312 gladiis,
2994 1251 3046 1297 et
3076 1256 3348 1297 curarum
3395 1240 3814 1297 alﬂictionibus
3847 1240 3931 1295 in-

2241 1345 2528 1388 cessanter
2563 1348 2811 1402 premor.
2844 1333 2947 1387 Sed
2983 1332 3032 1386 si
3065 1331 3203 1387 mihi
3229 1331 3508 1386 orationis
3535 1335 3738 1386 vestra
3770 1345 3930 1402 opem

2241 1420 2599 1491 impenditis,
2625 1423 2793 1476 credo
2853 1421 3004 1492 quod
3054 1436 3147 1475 me
3195 1426 3397 1474 contra
3445 1419 3688 1474 adversa
3739 1418 3930 1474 omnia

2243 1509 2712 1581 fortiterjuvetis.
2739 1532 2766 1560 »
2796 1511 2939 1580 (Lib.
2967 1527 3044 1577 ιι,
3067 1527 3153 1580 ep.
3185 1509 3307 1580 78.)

2314 1602 2456 1656 Item
2545 1600 2752 1656 eidem:
2800 1624 2827 1651 «
2876 1601 3033 1672 Rogo
3093 1617 3225 1673 ergo
3275 1606 3339 1655 ut
3377 1616 3478 1670 pro
3517 1617 3605 1656 me
3645 1605 3938 1672 peccatore

2241 1695 2468 1750 enixius
2491 1695 2688 1760 oretis,
2721 1694 2858 1765 quia
2900 1699 2958 1750 et
2991 1692 3155 1750 dolor
3201 1693 3483 1765 corporis,
3514 1700 3568 1748 et
3615 1693 3939 1750 amaritudo

2241 1786 2431 1840 cordis
2463 1800 2529 1840 ex
2553 1801 2823 1839 curarum
2847 1784 3288 1851 afﬂictionibus,
3321 1789 3376 1839 et
3400 1784 3679 1838 immensa
3701 1782 3941 1838 vastitas

427 1892 626 1929 amara
655 1875 869 1940 bibere,
916 1875 1150 1945 quando
1201 1889 1436 1944 possunt
1483 1872 1678 1926 dulcia
1719 1870 2068 1942 propinare?
2100 1892 2125 1922 ν
2163 1899 2210 1964 Β
2244 1871 2637 1934 mortalitatis,
2670 1873 2823 1926 inter
2851 1877 2938 1927 tot
2967 1871 3350 1926 barbarorum
3393 1868 3616 1940 gladios
3649 1885 3741 1924 me
3771 1868 3942 1925 vebe-

427 1964 649 2031 (Homil.
691 1963 816 2033 ult.)

500 2052 638 2107 Item
700 2051 908 2106 Italica
977 2051 1230 2122 patricia
1300 2053 1356 2104 et
1413 2048 1714 2115 Venantio,
1773 2047 2133 2102 exmonacbo

428 2141 702 2215 patricio:
727 2164 754 2191 ‹‹
788 2142 1082 2205 Quosdam
1116 2142 1186 2196 de
1217 2141 1412 2196 Sicilia
1439 2141 1738 2194 venientes
1768 2139 1972 2194 aﬂ‘ectu
2017 2154 2133 2208 quo

427 2233 603 2286 debui
635 2233 706 2287 de
738 2235 1018 2303 sospitate
1055 2231 1407 2287 excellentia
1453 2236 1648 2287 vestra
1697 2231 1994 2300 requirere
2025 2247 2134 2284 cu-

427 2322 569 2387 ravi,
626 2326 723 2377 sed
782 2324 851 2376 de
900 2323 1241 2378 assiduitate
1287 2321 1701 2393 aegritudinum
1755 2320 1898 2375 mihi
1941 2320 2133 2375 tristia

427 2413 877 2481 responderunt.
913 2411 1043 2466 Haec
1069 2419 1263 2466 autem
1309 2413 1526 2479 dicens,
1572 2428 1675 2466 nec
1707 2427 1811 2481 ego
1843 2409 2005 2465 vobis
2062 2411 2133 2464 de

429 2500 906 2571 meipsoinvenio
968 2499 1120 2555 aliud
1169 2501 1320 2570 quod
1377 2501 1614 2555 debeam
1670 2499 1958 2565 nuntiare,
2018 2499 2131 2555 nisi

427 2588 605 2661 quod,
649 2591 901 2660 peccatis
945 2591 1088 2646 meis
1121 2591 1488 2657 facientibus,
1523 2606 1654 2644 ecce
1701 2591 1815 2660 iam
1863 2591 2129 2645 undecim

427 2695 659 2734 menses
678 2683 815 2734 sunt
843 2681 994 2750 quod
1029 2679 1194 2734 valde
1216 2696 1408 2734 rarum
1440 2685 1528 2734 est
1550 2680 1592 2734 si
1629 2680 1698 2733 de
1729 2678 1873 2734 lecto
1896 2694 2132 2749 surgere

428 2768 744 2840 aliquando
805 2769 982 2838 potui.
1016 2768 1216 2824 Tantis
1259 2769 1414 2823 enim
1477 2769 1740 2839 podagra
1809 2768 2130 2837 doloribus,

426 2859 716 2926 tantisque
780 2856 1175 2912 molestiarum
1238 2874 1465 2928 premor
1521 2858 1860 2927 angoribus,
1914 2865 1973 2911 ut
2023 2857 2134 2912 vita

430 2948 574 3002 mibi
613 2947 958 3018 gravissima
1001 2964 1168 3018 pcena
1197 2946 1288 3001 sit.
1323 2948 1585 3014 Quotidie
1631 2948 1786 3001 enim
1850 2948 1906 3000 in
1939 2947 2135 3002 dolore

429 3036 651 3101 deficio,
685 3044 739 3090 et
791 3037 985 3090 morlis
1030 3037 1350 3091 remedium
1386 3037 1738 3106 expectando
1784 3038 2035 3107 suspiro.
2071 3039 2132 3093 In

431 3125 584 3178 clero
614 3140 744 3178 vero
778 3125 925 3179 167
965 3124 1142 3194 hujus
1167 3125 1324 3180 urbis
1366 3131 1422 3180 et
1453 3125 1666 3196 populo
1707 3126 1854 3180 tanti
1887 3126 2133 3181 febrium

432 3212 742 3283 languores
772 3213 1085 3282 irruerunt,
1113 3219 1177 3269 ut
1201 3230 1343 3285 pene
1373 3214 1569 3269 nullus
1599 3213 1762 3285 liber,
1799 3213 1992 3270 nullus
2022 3231 2137 3270 ser-

430 3320 536 3359 vus
571 3306 939 3371 remanserit,
970 3306 1068 3376 qui
1096 3306 1336 3360 idoneus
1368 3321 1497 3360 esse
1526 3307 1594 3360 ad
1619 3305 1849 3375 aliquod
1877 3306 2137 3361 officium

431 3392 518 3448 vel
579 3395 971 3448 ministerium
1027 3395 1231 3465 possit.
1263 3394 1340 3450 De
1394 3394 1599 3450 vicinis
1645 3401 1842 3449 autem
1901 3394 2142 3448 urbibus

441 3489 664 3550 strages
689 3480 856 3535 nobis
882 3481 1252 3536 mortalitatis
1276 3481 1534 3551 quotidie
1564 3483 1930 3536 nuntiantur.
1951 3481 2144 3537 Africa

444 3577 635 3624 autem
680 3571 930 3638 qualiter
979 3570 1327 3625 mortalitate
1366 3576 1424 3626 et
1461 3571 1840 3642 languoribus
1871 3579 2140 3638 vastetur,

444 3664 660 3728 quanto
682 3658 990 3714 viciniores
1036 3659 1178 3714 estis
1238 3665 1391 3714 tanto
1437 3665 1606 3715 credo
1664 3660 1814 3730 quod
1866 3659 2144 3715 subtilius

442 3746 811 3818 cognovistis.
861 3747 941 3804 De
969 3748 1198 3804 Oriente
1239 3765 1370 3804 vero
1416 3749 1511 3820 qui
1552 3751 1810 3814 veniunt,
1850 3749 2143 3820 graviores

443 3835 835 3892 desolationes
867 3837 1154 3894 nuntiant.
1194 3839 1251 3893 In
1286 3839 1377 3894 bis
1422 3841 1610 3909 itaque
1667 3838 2143 3909 omnibus,quia,

443 3926 944 3998 appropinquante
977 3929 1090 3984 fine
1121 3927 1683 4000 mundi,generalem
1709 3928 2143 3998 percussionem

442 4030 566 4070 esse
595 4019 1025 4088 cognoscimus,
1059 4018 1232 4087 afﬂigi
1266 4018 1440 4074 nimis
1471 4019 1543 4074 de
1574 4016 1823 4088 propriis
1863 4019 2145 4074 molestiis

443 4121 559 4160 non
592 4106 894 4163 debemus.
929 4129 959 4158 ››
991 4108 1216 4177 (Regist.
1250 4109 1289 4162 1.
1312 4125 1389 4176 xi,
1421 4124 1506 4178 ep.
1547 4108 1692 4179 123.)

517 4199 656 4251 Item
695 4197 953 4269 Eulogio,
987 4198 1326 4269 patriarcha
1378 4198 1804 4253 Alexandrino:
1841 4221 1870 4248 «
1928 4203 2148 4254 Trans—

443 4290 570 4339 acto
599 4302 750 4340 anno
782 4286 1126 4342 suavissima
1155 4287 1482 4342 sanctitatis
1520 4293 1722 4342 vestra
1770 4286 1985 4358 scripta
2013 4305 2145 4343 sus-

446 4377 590 4446 cepi,
617 4377 828 4446 quibus
861 4395 963 4448 pro
995 4379 1358 4449 agritudinis
1391 4395 1529 4433 mea
1560 4378 1853 4434 nimietate
1904 4395 2146 4450 respon-

445 4464 579 4517 dere
614 4481 768 4519 nunc
802 4482 985 4537 usque
1006 4484 1118 4521 non
1144 4467 1318 4522 valui.
1348 4469 1488 4523 Ecce
1517 4468 1670 4524 enim
1695 4469 1821 4539 jam
1849 4467 2144 4524 biennium

446 4569 592 4624 pene
624 4555 884 4625 expletur
924 4573 1039 4627 quo
1071 4558 1280 4613 lectulo
1317 4566 1533 4626 teneor,
1565 4561 1856 4632 tantisque
1887 4561 2150 4632 podagra

2244 1965 2471 2018 menter
2509 1961 2739 2032 afﬂigit.
2774 1964 2928 2017 Inter
2964 1977 3092 2032 qua
3132 1960 3330 2016 omnia
3376 1976 3490 2016 non
3535 1959 3936 2031 temporalem,

2240 2055 2340 2110 sed
2385 2059 2661 2108 aeternam
2705 2053 3159 2108 consolationem
3207 2051 3462 2123 requiro,
3505 2067 3678 2121 quam
3721 2065 3817 2122 per
3851 2065 3941 2105 me

2240 2144 2556 2214 impetrare
2587 2157 2702 2196 non
2735 2141 2918 2210 valeo,
2947 2142 3046 2196 sed
3082 2158 3180 2211 per
3228 2141 3707 2196 intercessionem
3739 2143 3940 2195 vestra

2238 2232 2618 2288 beatitudinis
2664 2232 2814 2287 banc
2870 2247 2960 2286 me
3016 2231 3276 2287 obtinere
3302 2229 3551 2286 confido.
3585 2249 3611 2282 ι
3645 2229 3785 2297 (Lib.
3817 2243 3937 2294 xm,

2239 2335 2322 2391 ep.
2369 2320 2487 2390 41.)

2312 2410 2449 2464 Item
2479 2410 2557 2479 (a)
2602 2409 2950 2475 Mariniano,
2981 2408 3251 2479 episcOpo
3303 2408 3612 2464 Ravenna:
3640 2426 3666 2458 ι
3693 2403 3938 2460 Multum

2233 2501 2353 2570 jam
2398 2506 2628 2568 tempus
2681 2504 2764 2553 est
2809 2515 2923 2570 quo
2964 2514 3205 2568 surgere
3245 2497 3314 2552 de
3356 2495 3503 2552 lecto
3572 2511 3686 2551 non
3739 2495 3936 2549 valeo:

2238 2606 2374 2645 nam
2409 2604 2500 2643 me
2532 2592 2705 2644 modo
2749 2591 3012 2660 podagra
3052 2586 3216 2643 dolor
3245 2586 3487 2653 cruciat,
3522 2585 3693 2641 modo
3743 2583 3938 2640 nescio

2241 2681 2373 2753 quis
2405 2679 2462 2734 in
2497 2685 2616 2736 toto
2648 2695 2884 2751 corpore
2914 2696 2977 2735 se
3007 2679 3157 2750 ignis
3174 2694 3308 2733 cum
3331 2677 3529 2734 dolore
3558 2677 3859 2747 expandit;
3883 2678 3943 2729 et

2239 2773 2306 2826 fit
2337 2771 2682 2842 plerumque
2713 2777 2773 2824 ut
2806 2786 2922 2825 uno
2953 2769 3010 2823 in
3047 2785 3138 2824 me
3166 2773 3428 2840 tempore
3466 2768 3636 2822 ardor
3675 2781 3806 2820 cum
3838 2765 3942 2820 do-

2239 2860 2359 2916 lore
2390 2859 2686 2926 conﬂigat,
2720 2865 2776 2914 et.
2813 2875 3023 2928 corpus
3055 2858 3113 2912 in
3166 2874 3257 2914 me
3299 2859 3644 2927 animusque
3682 2854 3940 2911 deficiat.

2238 2949 2474 3013 Quantis
2522 2954 2716 3004 autem
2769 2948 2899 3004 aliis
2935 2947 3377 3004 necessitatibus
3427 2954 3589 3002 extra
3632 2944 3738 3000 bas
3785 2961 3938 3015 quas

2240 3039 2456 3110 protuli
2509 3037 2883 3094 infirmitates
2933 3038 3154 3094 afﬁciar
3191 3051 3534 3093 enumerare
3594 3050 3710 3089 non
3753 3034 3944 3098 valeo,

2240 3128 2341 3182 sed
2377 3128 2625 3183 breviter
2655 3128 2784 3183 dico
2816 3127 2957 3199 quia
2985 3127 3070 3183 sic
3102 3143 3194 3182 me
3217 3126 3452 3181 infectio
3490 3124 3646 3180 noxii
3679 3121 3946 3177 humoris

2243 3216 2497 3283 imbibit,
2533 3226 2598 3272 ut
2634 3217 2827 3272 vivere
2858 3216 3003 3271 mibi
3029 3233 3198 3288 pana
3227 3216 3326 3282 sit,
3356 3220 3413 3270 et
3444 3224 3685 3269 mortem
3720 3211 3955 3267 deside-

2246 3311 2442 3359 ranter
2485 3310 2804 3376 expectem,
2837 3321 3010 3376 quam
3064 3304 3378 3376 gemitibus
3430 3302 3575 3358 meis
3606 3301 3788 3358 solam
3819 3316 3956 3356 esse

2248 3396 2418 3451 credo
2452 3398 2787 3452 remedium.
2823 3396 3090 3461 Proinde,
3125 3396 3300 3450 frater
3320 3392 3715 3456 sanctissime,
3738 3390 3959 3446 divina

2247 3502 2353 3558 pro
2387 3501 2474 3540 me
2509 3485 2738 3555 pietatis
2771 3485 3229 3541 misericordiam
3254 3485 3583 3556 deprecare,
3617 3487 3682 3536 ut
3710 3496 3964 3552 percus-

2257 3576 2447 3633 sionis
2478 3592 2594 3630 sua
2625 3575 2779 3631 168
2810 3590 2947 3646 erga
2986 3591 3076 3630 me
3115 3573 3342 3644 ﬂagella
3375 3571 3655 3643 pr0pitius
3705 3568 3957 3636 mitiget,

2247 3674 2301 3721 et
2349 3665 2690 3736 patientiam
2742 3665 3027 3720 tolerandi
3072 3665 3370 3728 concedat,
3421 3678 3494 3718 ne
3543 3659 3745 3724 nimio,
3796 3659 3962 3730 quod

2250 3757 2422 3822 absit,
2461 3754 2633 3810 tadio
2684 3755 2743 3810 in
2789 3754 3212 3825 impatientiam
3262 3771 3361 3809 cor
3402 3755 3692 3823 erumpat,
3726 3754 3784 3805 et
3827 3766 3966 3818 qua

2251 3844 2444 3901 curari
2468 3861 2570 3916 per
2587 3844 2812 3916 plagam
2832 3847 3238 3916 poteratculpa
3252 3846 3476 3899 crescat
3497 3857 3564 3896 ex
3588 3854 3908 3896 murmure.
3935 3861 3968 3887 ››

2252 3935 2393 4006 (Lib.
2427 3951 2506 4000 ιι,
2538 3950 2622 4004 ep.
2654 3934 2768 3996 3'2.)

2328 4025 2470 4079 Item
2504 4022 2850 4078 Rusticiana
2893 4021 3176 4093 patricia:
3211 4045 3239 4073 «
3268 4022 3350 4078 De
3390 4021 3655 4091 podagra
3687 4016 3978 4073 molestia

2253 4131 2432 4188 quam
2467 4113 2628 4169 vobis
2657 4114 2920 4169 evenisse
2953 4113 3256 4185 signastis,
3289 4116 3347 4168 et
3377 4112 3757 4168 contristatus
3777 4106 3974 4163 vehe-

2261 4209 2486 4262 menter
2515 4220 2642 4260 sum
2679 4208 2736 4260 et
2766 4203 3313 4270 Iatatus.Latatus,
3344 4202 3483 4273 quia
3503 4201 3718 4258 humor
3745 4197 3973 4254 noxius

2254 4295 2531 4350 inferiora
2572 4298 2797 4365 petens,
2842 4294 3141 4365 superiora
3191 4293 3444 4364 profecto
3501 4290 3776 4348 deseruit.
3812 4287 3979 4343 Con-

2253 4385 2525 4440 tristatus
2543 4399 2697 4450 vero,
2714 4383 2854 4454 quia
2874 4382 2934 4439 in
2958 4390 3071 4439 tam
3094 4381 3441 4439 tenuissimo
3465 4397 3703 4452 corpore
3733 4377 3982 4435 dolores

2254 4490 2353 4530 vos
2383 4472 2595 4528 nimios
2627 4474 2846 4544 perpeti
2880 4473 3250 4544 pertimesco.
3272 4471 3378 4528 Ubi
3412 4470 3568 4528 enim
3600 4471 3763 4526 deest
3803 4483 3981 4531 caro,

2256 4581 2382 4636 qua
2440 4564 2623 4618 virtus
2671 4579 2802 4620 esse
2861 4564 3074 4635 poterit
3145 4561 3448 4620 doloribus
3507 4557 3824 4618 resistens?
3873 4556 3979 4613 Ma

446 4643 747 4701 doloribus
777 4645 1024 4717 alﬂtgor,
1052 4653 1114 4702 ut
1149 4649 1239 4702 vix
1300 4649 1360 4704 in
1405 4650 1610 4706 diebus
1639 4652 1801 4706 festis
1860 4667 2043 4721 usque
2074 4651 2144 4705 ad
2179 4642 2225 4707 D
2257 4653 2497 4721 etenim,
2544 4669 2717 4724 quem
2767 4653 2954 4724 qualis
2997 4651 3208 4708 fuerim
3263 4651 3466 4718 nostis,
3499 4651 3581 4706 ita
3629 4646 3980 4704 amaritudo

445 4733 717 4791 horarum
757 4737 936 4792 trium
989 4739 1240 4809 spatium
1284 4757 1523 4812 surgere
1571 4741 1790 4797 valeam
1832 4742 2143 4798 missarum

444 4824 730 4881 solemnia
758 4827 1070 4884 celebrare.
1104 4832 1226 4884 Mox
1259 4839 1449 4886 autem
1477 4847 1609 4886 cum
1642 4831 1800 4902 gravi
1832 4831 2144 4903 compellor

442 4915 642 4971 dolore
664 4916 1035 4984 decumbere,
1069 4919 1470 4975 utcruciatum
1521 4937 1711 4976 meum
1755 4937 1868 4976 non
1903 4921 2142 4989 possim,

442 5006 663 5077 gemitu
699 5008 1179 5079 interrumpente,
1211 5010 1474 5065 tolerare.
1521 5012 1626 5076 Qui
1657 5010 1820 5066 dolor
1847 5011 2144 5066 interdum

444 5096 590 5151 mihi
624 5096 809 5153 lentus
831 5102 934 5161 est,
952 5097 1244 5154 interdum
1266 5098 1506 5167 nimius,
1523 5101 1623 5154 sed
1644 5116 1828 5171 neque
1851 5103 1929 5156 ita
1950 5099 2144 5155 lentus

444 5191 505 5236 ut
537 5186 785 5255 recedat,
811 5201 1000 5258 neque
1024 5186 1101 5241 ita
1132 5188 1350 5243 nimius
1376 5189 1774 5244 utinterficiat.
1800 5187 1963 5243 Unde
1987 5188 2049 5242 tit
2083 5193 2147 5244 ut

445 5269 541 5338 qui
574 5274 829 5339 quotidie
852 5276 909 5329 in
945 5281 1125 5332 morte
1156 5277 1575 5348 sum,repellar
1596 5296 1629 5333 a
1652 5282 1853 5333 morte.
1878 5276 1993 5333 Nec
2033 5277 2144 5332 mi-

446 5374 597 5425 rum.
642 5364 773 5430 Quia
824 5372 1086 5434 peccator
1137 5368 1329 5439 gravis
1359 5368 1460 5424 tali
1502 5369 1890 5440 corruptionis
1916 5383 2144 5424 carcere

445 5445 542 5501 diu
577 5457 773 5505 teneor
803 5453 1090 5521 inclusus;
1122 5456 1272 5512 unde
1303 5461 1617 5531 compellor
1657 5458 1905 5515 clamare
1950 5476 1962 5514 :
1997 5459 2148 5513 Educ

444 5535 511 5592 de
538 5553 757 5594 carcere
786 5540 1034 5598 animam
1053 5559 1229 5598 meam
1260 5545 1330 5600 ad
1368 5548 1733 5618 conﬁtendum
1779 5548 1995 5605 nomini
2035 5556 2143 5617 tuo,

517 5741 594 5810 (a)
624 5739 690 5822 In
720 5739 1075 5822 Excusisjin
1097 5741 1380 5822 Uticensi,
1414 5749 1473 5822 et_
1499 5745 1556 5801 in
1592 5746 1781 5822 tribus
1812 5747 1995 5822 Paris.
2021 5751 2144 5822 Epi-

444 5827 602 5883 σοομο
654 5811 888 5868 Arabia.
935 5811 1034 5868 Hic
1095 5811 1411 5882 Episcopus
1458 5815 1516 5870 in
1550 5816 1798 5886 vulgatis
1841 5820 2015 5878 modo
2062 5811 2145 5877 'di-

2255 4745 2433 4801 animi
2485 4748 2539 4801 et
2587 4743 2827 4800 assidua
2883 4743 3242 4800 exacerbatio
3297 4749 3469 4813 atque
3525 4740 3634 4796 hoc
3691 4739 3983 4811 podagra

2259 4835 2524 4891 molestia
2554 4833 2765 4902 aII‘ecit,
2792 4839 2854 4890 ut
2883 4850 3092 4905 corpus
3122 4849 3317 4889 meum
3337 4836 3636 4902 tamquam
3673 4828 3732 4883 in
3763 4827 3989 4898 sepul-

2255 4929 2385 4980 tura
2408 4924 2690 4980 siccatum
2715 4923 2793 4980 sit
2813 4925 2965 4980 unde
2989 4924 3055 4978 ﬁt.
3079 4923 3270 4993 utjam
3298 4937 3427 4977 raro
3449 4919 3687 4976 delecto
3722 4931 3990 4988 surgere

2252 5014 2498 5070 valeam.
2533 5035 2561 5064 ››
2585 5013 2728 5083 (Lib.
2762 5029 2946 5085 xt,ep.
2982 5013 3097 5082 44.)

2327 5103 2467 5158 Item
2499 5101 2718 5159 eidem:
2751 5124 2779 5151 «
2805 5102 2921 5174 Ego
2951 5101 3009 5156 in
3029 5104 3190 5156 tanto
3218 5101 3439 5173 gemitu
3471 5105 3525 5154 et
3555 5093 3990 5167 occupationi-

2255 5190 2366 5247 bus
2397 5193 2543 5262 vivo,
2577 5196 2641 5247 ut
2670 5191 2740 5246 ad
2773 5191 2898 5247 dies
2930 5207 3078 5262 quos
3121 5205 3230 5261 ago
3252 5187 3602 5261 {pervenisse
3634 5201 3725 5240 me
3767 5183 3985 5255 paeni-

2253 5284 2392 5350 teat,
2427 5281 2663 5352 solaque
2687 5280 2829 5336 mibi
2851 5280 2906 5334 in
2932 5278 3325 5336 consolatione
3345 5278 3426 5334 sit
3448 5277 3644 5333 mortis
3664 5277 3994 5344 exspecta-

2255 5368 2357 5424 tio.
2388 5367 2553 5425 Unde
2597 5375 2730 5441 peto
2776 5373 2840 5425 ut
2879 5386 2982 5442 pro
3024 5386 3114 5425 me
3146 5385 3309 5424 orare
3357 5365 3639 5433 debeatis,
3673 5367 3995 5434 quatenus

2255 5458 2324 5513 de
2353 5457 2464 5512 hoc
2494 5457 2686 5513 carnis
2717 5473 2943 5514 carcere
2975 5456 3151 5512 citius
3181 5455 3411 5523 educat,
3444 5471 3518 5510 ne
3546 5453 3722 5508 tantis
3744 5449 3996 5505 labori-

2255 5548 2363 5602 bus
2415 5547 2640 5602 diutius
2711 5552 3003 5620 torquear.
3056 5568 3084 5597 »
3131 5545 3274 5616 (Lib.
3335 5559 3455 5613 xm,
3507 5559 3593 5616 ep.
3641 5539 3761 5612 22.)
3818 5539 3993 5595 Item

2253 5751 2402 5809 citur
2450 5748 2840 5815 Maximianus,
2893 5746 3065 5803 modo
3114 5742 3548 5813 Marianas,'_aul
3595 5737 4000 5795 Marinianus.
