4106 6174
423 211 540 271 223

975 212 1040 271 S.
1089 199 1461 268 GREGORII
1507 199 1752 261 MAGNI
1801 195 2000 263 VITA,
2054 193 2277 255 AUCT.
2324 189 2630 254 JOANNE
2674 188 3033 250 DIACONO.
3081 183 3227 246 LIB.
3275 181 3378 244 IV.

3813 177 3918 239 224

420 343 551 415 Job,
586 348 866 414 Ezechiel,
917 345 1226 415 Evangelia
1256 347 1313 398 et
1343 339 1696 396 Pastoralem
1738 335 2022 406 exposuit,
2067 336 2122 387 et
2153 331 2206 396 Α
2241 334 2564 394 extensum,
2595 330 2655 384 in
2688 346 2785 385 sex
2817 326 3113 383 codicibus
3151 321 3417 394 explevit.
3451 321 3708 385 Quorum
3741 332 3924 374 exem-

425 439 608 494 multa
637 439 772 493 alia.
806 437 879 492 Ut
901 435 1245 499 subaudias,
1281 448 1410 502 quae
1431 431 1555 499 jam
1588 427 1832 482 inveniri
1858 441 1969 480 non
1996 439 2122 494 pos-

424 538 582 595 sunt,
616 529 888 598 quoniam
917 541 1112 579 revera
1133 531 1263 576 ante
1287 535 1562 574 succensa
1586 521 1920 585 suntquam
1948 512 2120 576 edita,

424 617 817 688 sicutreliqua
840 614 1024 685 ipsius
1041 629 1214 684 opera
1241 626 1365 680 quae
1386 609 1611 662 nuncin
1637 611 1838 660 sancta
1867 603 2127 657 Romana

423 707 676 763 Ecclesia
709 709 1034 761 retinentur
1080 701 1273 757 adhuc
1304 699 1413 754 sub
1454 696 1737 761 custodia,
1775 710 1844 749 ne
1897 693 2129 765 penitus

424 795 824 868 vulgarentur.

496 888 585 939 71.
621 887 818 955 Itaque
861 883 909 938 si
951 879 1234 936 curiosius
1284 875 1669 946 perpendatur
1707 888 1880 930 omne
1911 871 2130 940 Grego-

429 977 497 1032 rii
535 974 821 1029 tractandi
864 979 1096 1041 tempus
1128 985 1242 1040 quo
1284 966 1465 1020 libros
1509 965 1605 1036 qui
1653 980 1803 1018 nunc
1847 962 2134 1016 habentur

428 1067 716 1134 exposuit,
760 1079 792 1116 a
833 1061 1097 1115 diaconio
1130 1074 1236 1112 suo
1278 1071 1464 1127 usque
1495 1056 1563 1108 ad
1608 1052 1999 1125 penultimum
2043 1049 2135 1104 sui

431 1153 800 1226 pontificatus
843 1166 1059 1204 annum
1102 1148 1470 1213 extenditur;
1517 1150 1572 1200 et
1613 1143 1768 1209 licet,
1806 1141 2134 1211 Langobar-

431 1243 630 1298 dorum
679 1240 920 1310 perfidia
967 1238 1254 1302 smviente,
1309 1241 1434 1305 post
1475 1232 1786 1287 Ezechielis
1834 1234 2136 1293 tractatus,

433 1332 502 1387 ab
536 1331 895 1403 expositione
921 1330 1202 1384 librorum
1234 1326 1536 1392 destiterit,
1562 1323 1631 1376 ab
1656 1319 2011 1392 exponendis
2051 1324 2136 1372 ta-

438 1438 568 1477 men
600 1420 885 1491 epistolis,
909 1418 1189 1490 quamdiu
1217 1417 1402 1470 viverc
1429 1412 1632 1483 potuit,
1672 1426 1992 1481 numquam
2017 1424 2139 1464 om-

439 1512 577 1565 nino
610 1508 892 1575 cessavit;
928 1523 1168 1578 quarum
1211 1503 1478 1559 videlicet
1510 1506 1594 1555 tot
1627 1500 1804 1555 libros
1839 1500 1897 1554 in
1929 1498 2142 1552 scrinio

440 1599 772 1670 dereliquit,
808 1603 949 1668 quot
980 1612 1165 1651 annos
1206 1595 1441 1649 advixit.
1477 1614 1504 1640 ‹‹
1540 1589 1703 1646 Unde
1742 1587 2144 1659 quartum-de-

2234 420 2418 492 plaria
2438 422 2627 491 primo
2662 436 2760 490 per
2788 418 2954 472 Urbis
2987 413 3340 471 monasteria
3360 411 3695 478 subdivisit,
3721 414 3923 480 postre-

2236 527 2330 564 mo
2362 527 2492 565 vero
2517 510 2698 566 eidem
2735 507 2990 563 Leandro
3022 505 3295 575 episcopo
3319 503 3652 557 destinavit.

2305 601 2396 654 73.
2427 601 2532 655 Sed
2577 600 2634 654 in
2685 600 2808 671 ipso
2859 596 2951 652 sui
3001 594 3372 664 episcopatus
3416 593 3669 656 exordio,
3722 588 3850 644 dum
3899 603 3929 641 a

2237 689 2481 758 Joanne,
2515 688 2868 744 Ravennatis
2898 685 3057 741 urbis
3088 683 3377 754 episcopo,
3416 680 3710 736 humiliter
3741 694 3927 750 repre-

2241 781 2459 837 hensus
2491 782 2713 846 fuisset,
2748 795 2851 834 cur
2875 773 3179 846 pastoralis
3203 790 3353 829 cura:
3386 769 3777 827 delitescendo
3805 783 3932 839 pon-

2241 876 2378 929 dera
2408 872 2604 942 fugere
2637 870 2722 923 vir
2753 873 2871 923 tam
2896 868 3142 920 idoneus
3171 862 3471 926 voluisset,
3502 860 3720 915 librum
3757 857 3938 926 Regu-

2244 961 2310 1016 la:
2343 958 2655 1015 Pastoralis
2684 954 3012 1027 composuit
3038 970 3050 1006 :
3085 969 3254 1024 quem
3279 950 3700 1022 quadripartita
3719 946 3934 1002 ratione

2247 1051 2641 1120 distinguens,
2683 1045 2846 1100 valde
2889 1043 3250 1116 pensandum
3289 1055 3415 1094 esse
3451 1037 3771 1110 perdocuit,
3811 1049 3934 1089 cum

2249 1155 2438 1195 rerum
2469 1135 2784 1192 necessitas
2816 1133 3095 1204 exposcit,
3137 1131 3206 1185 ad
3241 1127 3472 1184 culmen
3505 1127 3754 1199 quisque
3792 1123 3938 1194 regi-

2251 1231 2425 1284 minis
2457 1226 2705 1298 qualiter
2747 1224 2955 1290 veniat,
2990 1228 3163 1293 atque
3205 1219 3279 1275 ad
3318 1219 3428 1274 hoc
3461 1218 3567 1272 rite
3609 1213 3941 1288 perveniens

2252 1319 2499 1391 qualiter
2524 1317 2698 1379 vivat,
2722 1319 2776 1371 et
2799 1316 2943 1369 bene
2964 1313 3164 1366 vivens
3188 1309 3434 1381 qualiter
3456 1308 3681 1373 doceat,
3707 1313 3759 1360 et
3801 1308 3944 1359 recte

2253 1413 2467 1464 docens
2498 1406 2896 1462 infirmitatem
2930 1418 3096 1458 suam
3127 1400 3384 1470 quotidie
3407 1401 3627 1468 quanta
3649 1395 3795 1450 valet
3825 1410 3947 1450 con-

2253 1499 2604 1556 sideratione
2634 1498 2965 1566 cognoscat,
3001 1493 3068 1562 (ε)
3102 1509 3172 1546 ne
3203 1495 3303 1546 aut
3333 1486 3636 1543 humilitas
3661 1501 3946 1542 accessum

2256 1589 2460 1660 fugiat,
2496 1592 2596 1641 aut
2647 1583 3000 1655 perventioni
3052 1581 3169 1636 vita
3216 1579 3599 1644 contradicat,
3634 1580 3737 1630 aut
3783 1575 3946 1628 vitam

440 1661 661 1744 cimun'i
683 1661 1291 1758 epistolarumlibrum
1317 1677 2148 1746 septima:indictionisimper-
2178 1708 2225 1774 Β
2257 1677 2524 1734 doctrina
2555 1677 2849 1741 destituat,
2882 1678 2981 1727 aut
3011 1671 3328 1726 doctrinam
3363 1665 3742 1739 praesumptio
3775 1661 3952 1719 εχιοι-

444 1778 658 1832 tectum
692 1776 926 1846 reliquit
958 1773 1228 1844 quoniam
1264 1772 1330 1826 ad
1376 1770 1638 1840 ejusdem
1674 1765 2004 1821 indictionis
2036 1771 2145 1820 ter-

445 1866 671 1920 minum
706 1882 817 1919 non
855 1862 1147 1934 pertingit.
1183 1864 1259 1914 Ex
1294 1875 1542 1931 quorum
1579 1855 1951 1912 multitudine
1975 1854 2148 1924 primi

445 1952 720 2009 Hadriani
755 1968 912 2024 papae
967 1951 1324 2021 temporibus
1357 1948 1620 2018 quazdam
1666 1944 1918 2014 epistola:
1947 1945 2146 1998 decre-

447 2043 592 2099 tales
627 2060 726 2114 per
774 2041 1031 2113 singulas
1081 2039 1426 2094 indictiones
1467 2041 1742 2105 excerptas
1794 2040 1953 2100 sunt,
1987 2038 2043 2088 et
2089 2031 2147 2086 in

444 2132 672 2186 duobus
706 2129 1113 2196 voluminibus,
1147 2130 1291 2182 sicut
1331 2127 1498 2181 modo
1529 2124 1807 2191 cernitur,
1841 2138 2152 2191 congrega-

446 2226 540 2277 ιω.
583 2222 649 2277 Et
678 2220 986 2293 Gregorius
1019 2218 1366 2289 jamdudum
1401 2216 1458 2270 in
1513 2213 1864 2270 monasterio
1909 2212 2149 2284 positus,

445 2311 543 2365 ubi
575 2328 708 2367 cum
743 2311 982 2382 angelus
1026 2309 1251 2363 Domini
1297 2307 1404 2361 sub
1447 2305 1649 2360 habitu
1704 2303 1964 2373 naufragi
2008 2300 2153 2356 seri-

448 2400 678 2457 bentem
728 2405 1037 2473 repererat,
1084 2397 1360 2452 nimirum
1408 2395 1673 2466 quaedam
1721 2393 2057 2458 dictaverat,
2091 2393 2155 2444 ut

451 2492 520 2548 ad
566 2491 979 2561 expositionem
1021 2493 1193 2542 tanta:
1245 2484 1654 2556 profunditatis
1695 2499 1870 2554 quam
1908 2481 1964 2535 in
2009 2480 2155 2534 libro

445 2582 553 2637 Job
607 2586 903 2650 penetrare
954 2577 1164 2649 potuit,
1216 2592 1280 2630 eo
1316 2576 1572 2646 paratior
1617 2589 1732 2644 quo
1782 2589 1850 2627 ex
1897 2569 2156 2625 dictandi

447 2669 870 2727 consuetudine
902 2669 1146 2732 doctior,
1190 2666 1532 2737 perveniret.

518 2760 612 2813 7'2.
651 2759 794 2828 Ergo
826 2757 1141 2826 Gregorius
1173 2755 1231 2809 in
1264 2754 1531 2808 diaconio
1565 2768 1692 2817 suo,
1726 2751 1865 2805 dum
1901 2748 2067 2804 illum
2099 2747 2157 2802 in

450 2845 1096 2916 Gonstantinopolitana
1138 2843 1278 2897 urbe
1308 2843 1464 2897 sedis
1502 2840 1832 2911 apostolicae
1883 2851 2162 2909 responsa

452 2937 934 3005 constringerent,
968 2941 1024 2988 et
1058 2933 1408 3000 Leandrum,
1445 2931 1770 3001 Hispanum
1799 2929 2159 3000 episcopum,

453 3027 720 3094 injuncta
753 3040 853 3093 pro
886 3022 1076 3077 causis
1121 3021 1250 3075 fidei
1296 3019 1762 3088 Wisigothorum
1818 3018 1898 3073 ibi
1949 3018 2159 3088 legatio

2259 1771 2356 1824 lat.
2403 1766 2658 1822 Primum
2701 1780 2838 1835 ergo
2878 1765 3201 1833 appetitum
3247 1760 3419 1813 timor
3456 1760 3740 1827 temperet
3779 1770 3791 1820 ;
3835 1759 3954 1825 post

2258 1863 2452 1913 autem
2488 1853 2893 1925 magisterium
2921 1849 3076 1922 quod
3098 1865 3130 1904 a
3155 1865 3267 1903 non
3293 1851 3584 1918 quaerente
3616 1843 3947 1913 suscipitur,

2256 1948 2371 2002 vita
2402 1945 2813 2008 commendet;
2841 1941 3050 1996 deinde
3084 1954 3316 1993 necesse
3347 1942 3436 1991 est
3486 1940 3547 1989 ut
3576 1935 3821 2005 pastoris
3851 1933 3952 1988 bo-

2261 2053 2424 2105 num,
2455 2036 2608 2106 quod
2640 2033 2882 2087 vivendo
2914 2029 3260 2094 ostenditur,
3295 2027 3467 2082 etiam
3500 2024 3790 2096 loquendo
3826 2038 3956 2092 pro-

2260 2134 2550 2198 pagetur;
2601 2125 2670 2178 ad
2721 2127 3044 2178 extremum
3098 2134 3228 2172 vero
3289 2121 3554 2185 superest
3602 2119 3664 2169 ut
3717 2112 3962 2183 perfecta

2261 2231 2502 2286 quaeque
2533 2230 2704 2284 opera
2733 2208 3121 2266 consideratio
3167 2205 3408 2278 proprias
3459 2201 3814 2257 inﬁrmitatis
3857 2198 3966 2255 dc-

2263 2305 2497 2377 primat,
2531 2320 2601 2358 ne
2635 2303 2756 2357 haec
2787 2304 2921 2355 ante
2952 2296 3162 2354 occulti
3186 2294 3388 2350 arbitri
3411 2293 3608 2348 oculos
3631 2296 3824 2346 tumor
3851 2288 3965 2344 ela-

2263 2395 2438 2448 tionis
2468 2391 2824 2460 exstinguat.
2859 2388 2929 2442 Et
2960 2385 3099 2457 quia
3129 2383 3410 2456 quosdam
3441 2378 3742 2449 imperitos
3776 2377 3843 2432 ad
3874 2393 3968 2432 sa-

2263 2484 2583 2538 cerdotium
2615 2478 2980 2550 conspirasse
3024 2481 3384 2546 cognoverat,
3428 2470 3708 2542 quosdam
3741 2467 3968 2536 conspi-

2265 2580 2495 2626 raturos
2525 2586 2648 2626 esse
2699 2566 3045 2638 praevidebat
3079 2579 3091 2618 :
3128 2563 3230 2635 qui
3279 2560 3470 2616 metiri
3521 2575 3581 2613 se
3627 2559 3974 2623 nescientes,

2269 2679 2399 2735 quae
2432 2679 2543 2716 non
2595 2659 2922 2714 didicerunt
2955 2655 3161 2710 docere
3211 2650 3705 2722 concupiscerent,
3758 2648 3979 2718 quique

2268 2753 2496 2824 pondus
2542 2747 2859 2821 magisterii
2897 2750 3058 2800 tanto
3114 2742 3299 2798 levius
3347 2742 3703 2796 aestimarent
3753 2741 3983 2808 quanto

2271 2844 2383 2898 vim
2418 2842 2575 2897 illius
2599 2836 3018 2909 magnitudinis
3051 2835 3420 2905 ignorarent:
3457 2831 3558 2885 bos
3588 2828 3645 2882 in
3681 2829 3804 2898 ipso
3839 2825 3976 2880 libri

2272 2935 2362 2990 sui
2400 2927 3046 3002 reprehenditexordio,
3083 2929 3143 2979 ut
3173 2923 3222 2977 si
3255 2921 3488 2993 quando
3512 2916 3728 2974 indocti
3751 2933 3813 2971 ac
3839 2932 3983 2987 prae-

2274 3022 2476 3094 cipites
2508 3020 2781 3075 doctrina:
2824 3031 3008 3072 arcem
3057 3018 3253 3069 tenere
3293 3009 3676 3082 appetissent,
3718 3023 3750 3061 a
3784 3003 3989 3077 praeci-

455 3112 839 3186 perduxisset,
891 3113 1092 3167 eodem
1147 3109 1398 3164 Leandro
1448 3084 1620 3179 (sicut
1669 3109 1725 3163 in
1789 3108 1974 3178 primo
2007 3084 2162 3162 iibro
2195 3084 2236 3151 (ἶ
2277 3084 2574 3185 pitationis
2609 3126 2724 3164 suae
2753 3107 2994 3163 ausibus
3023 3103 3078 3158 in
3113 3105 3239 3172 ipsa
3271 3099 3636 3171 Gregorianaa
3669 3095 3990 3151 locutionis

454 3204 671 3260 dixisse
739 3218 830 3256 me
881 3200 1093 3268 recolo)
1162 3214 1292 3252 cum
1355 3198 1633 3252 fratribus
1697 3203 1836 3252 tunc
1888 3196 2161 3268 Gregorio

453 3293 913 3356 adhaerentibus,
1011 3288 1508 3359 importunissime
1605 3289 2009 3359 compellente,
2085 3286 2165 3340 li-

456 3384 626 3439 brum
679 3382 829 3437 beati
887 3380 994 3435 Job
1037 3379 1210 3447 cmpit
1254 3394 1537 3447 exponere
1593 3378 1731 3449 (Lib.
1789 3392 1828 3446 ι,
1876 3379 1989 3448 27).
2027 3375 2162 3441 Οιιί-

459 3476 569 3531 bus
601 3490 795 3530 coram
849 3470 1051 3544 positis
1105 3471 1297 3540 priora
1338 3470 1469 3524 libri
1520 3469 1628 3523 sub
1659 3469 1842 3524 oculis
1892 3469 2073 3534 dixit;
2107 3471 2162 3522 et

463 3565 602 3636 quia
632 3568 862 3631 tempus
896 3560 1067 3632 paulo
1097 3561 1400 3614 vacantius
1432 3559 1665 3629 reperit,
1705 3557 2021 3628 posteriora
2052 3565 2164 3611 tra-

461 3655 669 3712 ctando
701 3653 958 3708 dictavit.
992 3650 1250 3721 Cumque
1289 3650 1341 3703 ei
1373 3650 1562 3717 spatia
1604 3648 1848 3719 largiora
1889 3651 2168 3717 suppete-

462 3750 610 3810 rent,
645 3742 827 3797 multa
859 3757 1106 3812 augens,
1140 3755 1325 3809 pauca
1357 3739 1728 3800 subtrahens,
1763 3743 1937 3808 atque
1977 3737 2059 3789 ita
2104 3740 2167 3790 ut

463 3835 700 3889 inventa
739 3838 876 3887 sunt
923 3829 1204 3886 nonnulla
1244 3828 1674 3898 derelinquens,
1707 3843 1772 3883 ea
1820 3843 1944 3897 quas
1986 3841 2047 3880 se
2078 3825 2169 3881 lo-

464 3927 675 3996 quente
705 3925 973 3993 excerpta
1002 3922 1108 3976 sub
1141 3918 1327 3975 oculis
1360 3920 1604 3986 fuerant,
1641 3934 1740 3988 per
1771 3917 1948 3972 libros
1979 3931 2171 3970 emen-

465 4014 655 4069 dando
685 4011 1018 4082 composuit.
1051 4009 1157 4075 Qui
1189 4025 1322 4064 cum
1351 4010 1470 4079 jam
1507 4008 1692 4063 factus
1723 4007 2033 4078 episcopus
2064 4009 2172 4060 Ro-

467 4119 574 4157 mea
609 4107 902 4172 postrema
934 4099 1194 4163 dictaret,
1229 4115 1343 4169 quo
1367 4097 1512 4169 stylo
1545 4098 1728 4168 prima
1759 4096 1982 4150 dixerat
2013 4093 2173 4150 solli-

467 4191 577 4246 cite
599 4191 929 4255 attendens,
953 4190 1072 4260 egit
1095 4193 1158 4243 ut
1179 4204 1242 4242 ea
1266 4204 1398 4259 quae
1430 4187 1655 4242 locutus
1681 4186 1885 4253 fuerat,
1910 4186 2171 4240 studiosa

469 4281 876 4336 emendatione
915 4285 1342 4340 transcurrens,
1391 4275 1558 4347 quasi
1611 4275 1683 4330 ad
1722 4275 2169 4330 similitudinem

472 4369 728 4422 dictatus
771 4369 1034 4439 erigeret,
1067 4373 1122 4421 et
1152 4383 1218 4421 ea
1249 4383 1373 4437 qua:
1419 4368 1751 4431 dictaverat,
1801 4383 1908 4421 non
1944 4365 2109 4436 longe
2141 4381 2175 4419 a

2265 3202 2451 3275 janua
2483 3199 2856 3271 pellerentur.
2884 3194 3050 3250 Hunc
3082 3192 3297 3247 librum
3328 3187 3653 3254 Anatolius,
3678 3186 3993 3250 diaconus,

2274 3273 2404 3361 ejus
2452 3287 2888 3360 apocrisiarius,
2921 3280 3204 3354 quaerenti
3259 3295 3323 3334 ac
3361 3275 3590 3348 jubenti
3645 3273 3998 3345 imperatori

2274 3381 2565 3452 quondam
2599 3376 2906 3441 obtulerat,
2931 3387 3102 3444 quem
3129 3386 3376 3437 magnus
3407 3364 3763 3430 Anastasius,
3789 3363 4002 3419 Antio-

2274 3470 2495 3526 chenus
2527 3467 2858 3537 episcopus,
2894 3464 2952 3517 in
2984 3466 3237 3516 Grecam
3270 3459 3529 3525 linguam
3564 3452 3902 3523 transfodit,
3937 3457 4001 3508 et

2275 3556 2667 3613 Orientalibus
2698 3550 2960 3610 ecclesiis
2991 3566 3138 3620 opus
3170 3545 3494 3602 venerabile
3526 3543 3876 3615 procuravit.

2345 3648 2436 3701 74.
2484 3646 2725 3710 Deinde,
2781 3642 2934 3697 sicut
2966 3640 3021 3694 in
3056 3637 3311 3694 secundo
3365 3635 3542 3703 hujus
3594 3631 3785 3703 operis
3837 3630 4000 3684 libro

2269 3739 2394 3808 jam
2429 3735 2621 3803 retuli,
2654 3736 2796 3789 dum
2829 3731 3020 3787 adhuc
3051 3726 3362 3799 Gregorius
3393 3724 3465 3779 ad
3505 3721 3862 3793 loquendum
3902 3735 4003 3773 vo-

2277 3845 2340 3885 ce
2371 3833 2640 3898 statuque
2671 3823 2782 3879 sibi
2815 3821 3129 3884 sufﬁcerct,
3166 3833 3267 3889 per
3307 3815 3586 3870 stationes
3617 3810 4001 3878 discurrens,

2277 3917 2473 3989 viginti
2527 3913 2798 3969 homilias
2862 3906 3152 3979 Evangelii
3205 3905 3430 3960 diverso
3478 3905 3736 3970 tempore
3788 3912 4002 3952 coram

2280 3987 2490 4078 populo
2504 4001 2879 4069 declamavit;
2905 3998 3162 4070 reliquas
3183 4010 3315 4050 vero
3338 3992 3599 4064 ejusdem
3621 3988 3855 4044 numeri
3878 3987 4014 4042 dic—

2279 4095 2422 4152 tavit
2444 4095 2698 4166 quidem,
2719 4092 2841 4159 sed,
2871 4088 3224 4145 lassescente
3242 4079 3537 4138 stomacho
3558 4078 3840 4148 languore
3860 4091 4014 4132 con-

2280 4185 2468 4251 tinuo,
2495 4184 2626 4238 aliis
2650 4177 3021 4253 pronuntiare
3043 4171 3309 4247 permisit
3331 4169 3468 4240 (Lib.
3491 4184 3569 4235 1x,
3592 4183 3676 4238 ep.
3700 4166 3824 4236 52):
3855 4180 4017 4235 qua-

2283 4292 2412 4330 rum
2446 4269 2796 4340 exemplaria
2818 4266 3084 4324 Secundo
3113 4279 3279 4319 servo
3304 4260 3404 4315 Dei
3431 4255 3644 4329 petenti
3667 4253 4018 4310 mandavit.

2352 4365 2442 4418 75.
2478 4363 2739 4432 Cumque
2766 4378 2798 4415 a
2829 4357 2953 4415 suis
2985 4351 3373 4411 familiaribus
3406 4353 3466 4404 ut
3489 4347 3686 4417 aliqua
3715 4344 3787 4399 de
3822 4342 4014 4398 mira-

473 4457 856 4527 colloquentis
897 4473 1167 4512 sermone
1218 4456 1617 4527 discreparent
1651 4472 1663 4510 :
1707 4463 1994 4526 quatenus
2034 4435 2173 4508 dum
2211 4456 2252 4521 Ι)
2282 4455 2432 4510 culis
2449 4462 2679 4525 patrum
2705 4447 3057 4505 describeret
3081 4439 3397 4513 Gregorius
3420 4435 3646 4492 enixius
3665 4436 4023 4503 rogaretur,

477 4547 581 4602 hoc
615 4547 895 4611 tenditur,
945 4547 1086 4601 illud
1121 4546 1472 4616 adtrahitur,
1504 4547 1656 4601 edita
1690 4547 1858 4602 modo
1901 4542 2177 4600 dissimili

475 4651 565 4691 res
598 4651 709 4690 non
743 4635 1050 4691 dissimilis
1075 4635 1441 4691 formaretur.
1477 4634 1708 4698 Qamvis
1731 4635 1960 4690 tertiam
1992 4633 2176 4703 ipsius

475 4724 665 4796 operis
696 4730 909 4796 partem
946 4728 1008 4778 ut
1056 4724 1436 4796 colloquendo
1488 4725 1744 4796 protulit,
1791 4740 1936 4796 pene
1966 4723 2047 4778 ita
2077 4722 2178 4778 de-

477 4813 716 4886 reliquit
750 4830 762 4868 :
797 4814 936 4885 quia
975 4813 1114 4868 dum
1154 4830 1286 4869 eum
1330 4815 1535 4870 fratres
1579 4816 1723 4869 171
1763 4815 1830 4868 ad
1870 4813 1980 4868 alia
2011 4828 2181 4883 expo-

477 4906 673 4962 nenda
705 4903 1121 4975 pertraherent,
1155 4903 1302 4958 hanc
1334 4905 1610 4959 subtilius
1651 4904 1948 4960 emendari
1988 4903 2182 4959 nolue-

477 4999 634 5049 runt.
670 4992 892 5058 Quibus
925 4992 1108 5048 multa
1142 4994 1511 5063 jubentibus,
1562 4997 1703 5048 dum
1756 5008 1959 5064 parere
2010 4993 2180 5046 modo

477 5085 554 5153 (b)
579 5099 676 5153 per
696 5083 1072 5152 expositionis
1097 5083 1484 5138 ministerium
1510 5084 1682 5137 modo
1708 5098 1804 5150 per
1827 5079 2180 5151 contempla-

477 5173 654 5227 tionis
684 5189 1016 5235 ascensum.
1042 5173 1212 5228 modo
1237 5188 1337 5246 per
1363 5172 1700 5228 moralitatis
1723 5174 2180 5228 instrumentum

478 5262 756 5328 studeret,
810 5261 918 5318 hoc
964 5279 1129 5334 opus,
1162 5280 1264 5335 per
1312 5263 1545 5335 triginta
1592 5267 1649 5319 et
1697 5263 1952 5333 quinque
2004 5261 2183 5316 libros

537 5461 992 5548 _(.a).Sic_legitur
1021 5464 1391 5548 inpticensi,
1425 5471 1480 5522 et
1511 5466 2013 5548 quidembptime,
2052 5466 2183 5520 licet

475 5533 603 5616 aliis
634 5534 691 5587 in
727 5532 863 5588 Mss.
897 5550 961 5589 ac
992 5537 1163 5591 editis
1195 5539 1440 5606 legatur,
1475 5532 1859 5596 uﬂdsteru’urh
1883 5540 2177 5595 decimum.

475 5604 621 5660 Vide
646 5605 764 5659 Prae
779 5607 880 5660 fat.
919 5613 1180 5663 nostram
1211 5611 1279 5663 ad
1312 5610 1582 5667 epistolas
1614 5628 1778 5667 num.
1805 5611 1858 5666 5.

551 5676 629 5751 (b)
658 5675 890 5743 Excusi,
923 5691 1056 5733 cum
1089 5677 1274 5736 tribus
1305 5675 1447 5737 Mss.
1477 5680 1683 5748 Parim,
1701 5698 1800 5753 per
1826 5681 2184 5755 expositionis

2288 4523 2665 4608 Maximiano,
2698 4541 3060 4612 Syracusano
3106 4533 3396 4605 episcopo,
3439 4524 3695 4597 scripsit,
3740 4523 3964 4577 dicens
4008 4537 4025 4575 :

2288 4659 2315 4687 ‹‹
2350 4635 2577 4690 Fratres
2612 4609 2871 4698 mei,'qui
2919 4639 3142 4680 mecum
3187 4618 3547 4677 familiariter
3575 4614 3798 4678 vivunt,
3835 4609 4026 4665 omni

2289 4726 2461 4782 modo
2484 4740 2575 4778 me
2599 4717 2957 4791 compellunt
2977 4714 3170 4784 aliqua
3194 4711 3260 4765 de
3287 4703 3585 4762 miraculis
3611 4703 3850 4758 l‘atrum
3876 4715 4029 4791 quae

2287 4816 2347 4870 in
2381 4813 2540 4869 Italia
2576 4788 3076 4867 facta'audivimus
3099 4801 3206 4857 sub
3234 4798 3510 4854 brevitate
3533 4791 3901 4848 describere.
3931 4788 4032 4842 Ad

2289 4919 2463 4977 quam
2496 4918 2615 4957 rem
2648 4898 2850 4955 solatio
2882 4901 3078 4951 vestra
3110 4887 3412 4946 charitatis
3441 4884 3816 4940 vehementer
3847 4877 4043 4933 indi-

2289 4973 2411 5066 geo,
2456 4997 2520 5047 ut
2551 5006 2677 5061 quae
2725 4986 2887 5042 vobis
2920 4985 2978 5038 in
3037 4978 3381 5036 memoriam
3436 4973 3700 5038 redeunt,
3747 4982 4042 5040 quaeque

2289 5057 2629 5155 cognovisse
2658 5095 2758 5133 vos
2791 5079 2826 5130 1
2847 5075 2941 5131 72
2973 5070 3232 5138 contigit,
3269 5065 3412 5122 mihi
3439 5060 3687 5118 breviter
3708 5057 4046 5112 indicetis.

2291 5150 2615 5229 De'domno
2639 5173 2830 5224 autem
2857 5165 3131 5220 Nonnoso
3156 5159 3386 5222 abbate,
3411 5153 3508 5226 qui
3529 5152 3695 5222 juxta
3715 5150 4049 5203 domuum

2289 5261 2657 5319 Anastasium
2690 5257 2760 5313 de
2783 5252 3075 5312 Pentomis
3118 5250 3244 5313 fuit,
3279 5246 3472 5316 aliqua
3503 5238 3775 5296 retulisse
3806 5240 3873 5292 te
3901 5251 4056 5291 me-

2288 5469 2739 5608 miiiegéi'i-zépie
2770 5530 3013 5601 quidam
3038 5525 3199 5593 editi,
3230 5518 3572 5578 humilitatis
3600 5528 3907 5572 accessum
3949 5512 4063 5586 fu-

2289 5611 2426 5682 θέαι.
