4106 6174
212 343 299 404 225

207 475 309 531 nimi
336 492 450 547 quas
477 474 739 531 oblivioni
775 472 1063 530 mandavi.
1098 474 1166 529 Et
1199 474 1320 529 haec
1350 490 1503 544 ergo,
1542 477 1597 527 et
1632 473 1680 528 si
1717 489 1833 544 qua
1864 473 1915 539 Α

206 573 303 620 sunt
326 564 442 632 alia,
466 565 573 618 tuis
593 568 719 633 peto
743 561 1305 634 epistolisimprimi,
1336 572 1388 617 et
1423 563 1561 616 mihi
1598 563 1706 616 sub
1740 578 1837 616 ce-

207 655 379 710 lcritate
407 651 732 720 transmitti,
759 653 809 706 si
840 657 1035 706 tamen
1069 652 1136 706 ad
1173 667 1263 706 me
1286 653 1410 721 ipse
1431 669 1541 706 non
1570 652 1833 722 proﬁcis-

205 743 328 799 ceris.
358 764 381 791 ››
412 740 622 812 (Regist.
647 741 743 795 tib.
780 757 863 807 ιιι,
893 757 974 811 ep.
1009 744 1120 808 51.)
1147 740 1292 797 Hinc
1319 741 1630 810 Gregorius
1665 741 1838 794 robo-

205 838 344 896 ratus,
363 837 676 885 sanctorum
703 829 982 884 miracula
1005 831 1239 884 Patrum
1264 845 1394 885 cum
1421 829 1584 884 Petro
1599 846 1702 883 suo
1717 829 1842 882 dia-

204 937 310 976 cono
331 937 439 991 quae
462 937 558 991 per
586 919 1022 991 inquisitionem
1047 930 1219 990 atque
1241 919 1675 989 responsionem
1705 937 1835 990 pro-

203 1009 372 1063 tulerat
393 1010 461 1078 (α)
493 1007 868 1080 expositionis
892 1006 1068 1062 altius
1092 1007 1351 1062 studium
1379 1006 1840 1077 interrumpens,

202 1098 293 1154 sola
314 1097 582 1152 nominum
601 1098 1017 1169 praenotatione
1040 1095 1329 1162 distinxit,
1347 1101 1401 1150 et
1421 1097 1476 1150 in
1501 1096 1680 1152 libros
1700 1115 1840 1169 qua-

199 1189 705 1252 tuorordinavitmt,
732 1190 886 1243 sicut
909 1189 966 1243 in
1010 1187 1178 1242 libris
1223 1187 1650 1258 expositionum
1699 1205 1840 1243 sua-

202 1293 289 1332 rum
303 1278 489 1348 quibus
511 1287 660 1333 esset
683 1277 988 1333 virtutibus
1010 1278 1408 1333 insudandum
1432 1277 1729 1343 docuerat,
1760 1279 1839 1331 ita

199 1367 326 1421 etiam
349 1365 637 1436 descriptis
669 1371 1001 1422 sanctorum
1051 1365 1351 1422 miraculis
1394 1383 1519 1437 quae
1561 1366 1838 1420 virtutum

197 1455 351 1508 luisset
385 1456 706 1510 earumdem
757 1455 994 1510 claritas
1043 1455 1170 1511 luce
1219 1455 1432 1510 clarius
1482 1461 1828 1511 ostentaret.

196 1545 310 1608 Quos
359 1543 523 1598 libros
580 1542 912 1609 Zacharias,
961 1551 1171 1600 sanctae
1228 1543 1495 1600 Ecclesiae
1558 1548 1830 1599 Romanis

196 1634 462 1704 episcopus,
519 1632 716 1688 Graeco
761 1633 1076 1705 Latinoque
1125 1649 1391 1690 sermone
1436 1634 1835 1703 doctissimus,

197 1723 499 1791 temporibus
521 1722 884 1776 Constantini
910 1723 1282 1793 imperatoris
1307 1732 1432 1794 post
1453 1741 1636 1778 annos
1662 1725 1841 1781 ferme

680 339 742 399 S.
790 338 1157 400 GREGORII
1203 338 1464 398 MAGNI
1509 338 1713 414 VITA,
1761 335 1992 398 AUCT.
2034 335 2339 398 JOANNE
2385 336 2763 398 DIACONO.
2811 335 2962 398 LIB.
3010 336 3112 397 IV.

3527 339 3646 400 226

1946 475 2235 527 Geneseos
2265 471 2588 526 admiratus
2618 487 2633 531 :
2658 494 2684 521 «
2716 471 2980 542 Sumpta,
3013 470 3225 543 inquit,
3247 481 3403 534 sunt,
3438 471 3509 527 ab
3550 491 3648 530 au-

1947 561 2207 615 ctoribus
2255 560 2376 614 haec
2416 560 2685 630 Origene,
2725 559 3043 627 Victorino,
3089 561 3420 625 Ambrosio,
3456 562 3651 616 Hiero-

1947 667 2144 721 nymo,
2192 649 2490 710 Cassiano,
2540 651 2888 720 Augustino,
2943 649 3268 721 Fulgentio,
3313 666 3379 703 ac
3431 651 3646 706 nostris

1946 741 2306 808 temporibus
2349 738 2654 807 insigniter
2710 741 2860 794 I73
2925 740 3231 807 eloquente
3284 738 3578 810 Gregorio.
3620 761 3640 790 ι

1945 829 2052 882 Sed
2087 835 2136 881 et
2170 827 2319 883 Beda
2353 827 2655 897 presbyter
2687 827 2742 881 in
2770 827 2915 880 libro
2949 828 3019 880 de
3041 827 3440 881 schematibus
3465 835 3651 882 orato-

1949 933 2039 972 res
2063 915 2550 971 homceoteleuton
2587 917 2770 971 facere
2803 917 3131 984 perhibens,
3157 916 3488 986 exemplum
3525 935 3652 989 pro-

1952 1008 2167 1077 posuit,
2199 1007 2438 1060 dicens:
2466 1027 2492 1054 ‹‹
2528 1006 2733 1059 Beatus
2763 1005 2872 1060 Job
2907 1007 3019 1060 Deo
3049 1005 3158 1058 soli
3189 1006 3420 1076 sibique
3451 1008 3650 1072 cogni-

1950 1104 2065 1164 tus,
2101 1097 2158 1149 in
2191 1095 2508 1150 tentatione
2540 1095 2609 1149 ad
2643 1100 2903 1150 nostram
2938 1093 3200 1149 notitiam
3230 1096 3650 1166 perducendus,

1951 1193 2142 1244 tactus
2174 1193 2261 1242 est
2291 1188 2526 1242 vulnere
2562 1192 2625 1241 ut
2655 1187 2891 1242 odorem
2958 1204 3195 1242 suarum
3247 1187 3456 1243 virium
3490 1194 3649 1245 tanto

1952 1278 2126 1332 latius
2154 1283 2467 1347 spargeret,
2503 1282 2721 1347 quanto
2757 1293 2914 1332 more
2960 1281 3287 1332 aromatum
3341 1277 3547 1334 melius
3578 1296 3645 1335 ex

1949 1367 2266 1422 intentione
2302 1367 2593 1435 fragraret.
2627 1370 2748 1430 Quo
2781 1367 3073 1421 schemate
3104 1368 3248 1436 ipse,
3283 1366 3379 1437 qui
3415 1369 3518 1422 hoc
3551 1371 3646 1424 di-

1951 1459 2051 1524 xit,
2089 1460 2289 1511 beatus
2322 1473 2472 1528 papa
2499 1457 2811 1528 Gregorius
2842 1458 3164 1528 saepissime
3197 1472 3334 1512 usus
3358 1459 3536 1515 fuisse
3558 1477 3653 1517 co-

1951 1547 2288 1620 gnoscitur;
2325 1552 2382 1602 et
2425 1546 2761 1615 hujusmodi
2814 1546 3106 1600 orationes
3155 1563 3279 1600 esse
3329 1563 3452 1601 reor
3503 1565 3650 1620 quas

1951 1636 2337 1708 Hieronymus
2375 1637 2688 1690 concinnas
2733 1635 3032 1689 rhetorum
3069 1634 3521 1692 declamationes
3549 1654 3652 1708 ap-

1953 1726 2151 1796 pellat.
2191 1747 2217 1772 υ

198 1819 378 1867 centum
401 1818 769 1884 septuaginta
793 1812 1048 1884 quinque
1070 1813 1126 1868 in
1153 1830 1394 1879 gracam
1423 1814 1680 1885 linguam
1703 1832 1837 1870 con-
1872 1845 1918 1910 B
2019 1816 2110 1869 78.
2147 1819 2210 1867 At
2242 1813 2555 1883 Gregorius
2588 1812 2936 1867 humilitatis
2968 1829 3088 1868 suae
3121 1813 3346 1869 cautela
3392 1831 3650 1870 commo-

195 1901 796 1969 rertens,0rientalibus
819 1901 1076 1957 ecclesiis
1121 1903 1546 1975 divulgavit,(b)
1579 1905 1840 1974 quamvis

196 1996 341 2045 astuta
381 1991 710 2046 Graecorum
766 1991 1129 2062 perversitas,
1186 1992 1241 2045 in
1286 1995 1840 2050 commemoratione

192 2079 386 2148 Spiritus
409 2081 587 2135 sancti
621 2097 652 2135 a
685 2079 851 2135 Patre
876 2081 1266 2150 procedentis,
1293 2098 1503 2137 nomen
1530 2083 1656 2137 Filii
1707 2100 1843 2138 sua-

193 2173 290 2241 ptitn
319 2172 509 2227 radens
538 2171 878 2228 abstulerit.

236 2264 306 2317 76.
336 2263 570 2317 Primam
609 2280 844 2335 quoque
868 2263 1213 2319 etultimam
1249 2265 1561 2322 Ezechielis
1603 2266 1846 2337 prophe-

188 2357 234 2407 ta
253 2358 411 2424 partes
431 2369 554 2425 quae
581 2355 940 2410 videbantur
961 2354 1634 2423 obscuriores,Romanis
1656 2364 1848 2428 postu-

189 2442 409 2511 lantibus,
451 2446 849 2515 pertractavit,
899 2460 1115 2516 easque
1160 2462 1258 2516 per
1309 2446 1580 2501 homilias
1639 2447 1843 2518 viginti

193 2539 229 2586 et
250 2534 368 2589 duas
389 2536 783 2606 distinguens,
815 2544 1096 2607 quantum
1121 2535 1269 2591 lucis
1293 2536 1450 2592 intus
1476 2537 1727 2592 habeant
1754 2538 1850 2591 de-

194 2627 509 2694 monstravit;
536 2631 608 2681 et.
631 2627 684 2679 in
711 2624 802 2681 his
825 2627 1611 2699 tractandis,sicutsuperius
1639 2628 1844 2698 patuit,

195 2713 328 2768 ﬁnem
356 2715 496 2771 fecit.

244 2806 310 2857 77.
341 2806 437 2870 Qui
471 2805 605 2860 libri
641 2805 785 2859 dum
814 2822 844 2860 a
879 2805 1212 2860 doctoribus
1245 2807 1543 2876 sequentis
1566 2807 1848 2878 temporis

194 2896 275 2948 tarn
307 2895 633 2950 rectissimis
668 2895 968 2950 sententiis
999 2896 1138 2949 editi
1172 2913 1346 2966 quam
1373 2896 1842 2952 luculentissimo

193 2983 430 3040 rhetorica:
459 2985 747 3041 facundia
772 2985 916 3056 stylo
947 2985 1253 3055 compositi
1286 2988 1561 3042 veraciter
1605 2987 1846 3043 docean-

191 3079 256 3126 tur
282 3091 363 3129 eos
399 3076 596 3130 beatus
637 3075 949 3142 Gregorius
987 3091 1055 3130 ex
1088 3075 1432 3132 humilitatis
1466 3094 1582 3132 sum
1635 3076 1836 3132 dulce-

192 3160 547 3220 dineincuttos
583 3165 876 3237 perhibet,
911 3164 1165 3220 Leandro
1217 3167 1486 3238 episcopo
1537 3167 1688 3221 inter
1735 3184 1840 3222 θεε-
1874 3198 1916 3265 C

192 3253 275 3305 tera
291 3254 528 3308 scribens
558 3271 570 3308 :
601 3276 630 3302 ‹‹
660 3253 865 3316 Quwso
889 3262 947 3307 ut
972 3254 1145 3324 hujus
1169 3255 1360 3324 operis
1394 3256 1566 3324 (haud
1596 3256 1840 3309 dubium

193 3342 294 3409 quin
337 3343 676 3414 Moralium)
707 3344 858 3397 dicta
904 3359 1270 3414 percurrens,
1304 3345 1359 3399 in
1397 3344 1482 3399 bis
1538 3345 1840 3399 verborum

193 3428 289 3485 folia
308 3449 405 3487 non
431 3436 725 3506 requiras,
761 3434 892 3502 quia
926 3450 1026 3505 per
1054 3449 1215 3489 sacra
1248 3435 1478 3507 eloquia
1519 3437 1588 3490 ab
1643 3453 1842 3492 eorum

192 3523 555 3578 tractatoribus
573 3523 1336 3593 infructuosaaloquacitatis
1359 3524 1564 3580 levitas
1587 3526 1847 3582 studiose

193 3611 542 3677 compescitur,
569 3609 711 3662 dum
736 3608 793 3662 in
822 3609 1035 3679 templo
1070 3607 1171 3664 Dei
1206 3626 1413 3666 nemus
1454 3611 1698 3682 plantari
1727 3629 1848 3682 pro-

192 3692 391 3750 hibetur.
418 3699 476 3751 Et
506 3697 710 3752 cuncti
744 3697 1124 3768 proculdubio
1161 3701 1379 3754 scimus
1429 3701 1587 3772 quia,
1623 3704 1847 3771 quoties

191 3779 232 3833 in
260 3783 388 3839 loliis
419 3786 568 3841 male
617 3785 762 3841 laetas
795 3787 1006 3858 segetis
1051 3788 1223 3843 culmi
1273 3790 1602 3858 proficiunt,
1638 3791 1848 3845 minori

195 3871 509 3940 plenitudine
540 3878 837 3947 spicarum
868 3893 1045 3946 grana
1076 3882 1443 3949 turgescunt.
1479 3879 1642 3936 Unde
1673 3885 1727 3935 et
1767 3881 1851 3950 ip-

192 3975 285 4030 sam
307 3962 560 4034 loquendi
585 3972 773 4022 artem
799 3983 970 4038 quam
999 3968 1330 4037 magisteria
1353 3968 1672 4040 disciplinae
1695 3981 1848 4025 exte-

193 4049 320 4105 rioris
357 4054 658 4110 insinuant
710 4071 940 4110 servare
988 4058 1243 4127 despexi.
1275 4057 1419 4113 Nam
1471 4059 1624 4112 sicut
1672 4059 1852 4129 hujus

191 4152 372 4210 quoque
389 4145 645 4214 epistolae
669 4155 831 4200 tenor
853 4160 962 4198 enu
977 4145 1142 4205 ntiat.
1167 4147 1237 4217 (c)
1256 4163 1367 4201 non
1393 4147 1716 4202 metacismi
1739 4149 1850 4204 col-

190 4225 410 4288 lisionem
456 4235 638 4306 fugio,
677 4252 789 4289 non
825 4236 1171 4290 barbarismi
1205 4237 1605 4292 confusionem
1639 4239 1850 4307 devito,

189 4315 344 4376 hiatus
370 4329 672 4393 motusque
702 4325 874 4379 etiam
906 4330 962 4381 et
993 4326 1471 4396 praapositionum
1507 4344 1678 4382 casus
1719 4345 1841 4385 ser-

191 4422 292 4466 vare
310 4421 605 4470 contemno
628 4431 642 4471 :
669 4416 807 4488 quia
835 4416 1129 4487 indignum
1156 4419 1525 4474 vehementer
1561 4421 1850 4487 existimo,

195 4504 241 4552 ut
264 4504 417 4558 verba
447 4506 706 4561 caelestis
737 4506 952 4562 oraculi
989 4507 1336 4578 restringam
1371 4508 1480 4562 sub
1513 4510 1726 4575 regulis
1750 4510 1853 4565 Do-

194 4591 286 4643 nati
304 4608 315 4656 ;
331 4609 507 4665 neque
522 4596 679 4650 enim
698 4596 778 4666 (d)
795 4597 912 4650 haec
929 4597 1002 4650 ab
1017 4595 1152 4651 ullis
1168 4596 1582 4666 interpretibus
1599 4600 1651 4652 in
1668 4599 1856 4670 Scrip-

195 4678 303 4733 turae
326 4698 494 4738 sacrae
517 4686 865 4740 auctoritate
896 4691 1124 4742 servata
1148 4691 1300 4741 sunt.
1331 4691 1406 4741 Ex
1442 4704 1553 4758 qua
1589 4705 1646 4743 re
1680 4689 1858 4743 nimi-

200 4779 300 4823 rum
330 4773 452 4844 quia
497 4780 698 4830 nostra
750 4775 1033 4846 expositio
1077 4776 1282 4841 oritur,
1315 4777 1555 4847 dignum
1607 4777 1859 4847 profecto

198 4863 266 4909 est
294 4867 348 4914 ut
375 4863 539 4934 quasi
575 4865 730 4918 edita
764 4863 992 4920 soboles
1027 4864 1278 4933 speciem
1311 4882 1425 4919 suas
1452 4867 1656 4922 matris
1681 4867 1868 4924 imite-

197 4947 286 5001 tur.
312 4972 335 4997 ιι
360 4953 607 5025 (Prae/at.
641 4956 714 5010 ad
744 4955 841 5011 lib.
876 4955 1050 5011 Μοναί
1075 4956 1095 5026 )
1116 4955 1178 5010 in
1207 4955 1423 5026 quibus
1454 4955 1638 5011 verbis
1656 4973 1867 5027 agnos-

200 5035 320 5092 citur
347 5040 656 5114 Gregorius
689 5061 800 5099 non
837 5045 1140 5100 studuisse
1171 5043 1521 5099 locutionem
1568 5046 1865 5115 pompati-

199 5135 317 5190 eam,
339 5129 430 5183 sed
460 5146 527 5185 ex
561 5131 806 5202 pristina
840 5131 1140 5187 smcularis
1161 5130 1417 5186 exercitii
1443 5133 1867 5190 consuetudine

198 5212 354 5279 potius
383 5218 719 5276 incurrisse.
753 5221 932 5291 Cujus
963 5220 1243 5276 facundia
1277 5222 1723 5276 consonantiam
1758 5221 1864 5278 Isi-

199 5297 360 5373 dorus,
392 5305 756 5381 Hispalensis
807 5311 970 5367 urbis
1018 5312 1346 5384 episcopus,
1397 5311 1452 5365 in
1505 5311 1864 5382 expositione

255 5507 536 5592 (9)‘§i_go_t._._
563 5521 614 5570 et
646 5515 814 5592 Utic‘.,
846 5517 1198 5592 expositionis
1229 5518 1460 5574 alterius
1490 5518 1752 5574 studium.

260 5577 457 5661 (QV’ide
483 5584 580 5640 lib.
599 5603 636 5640 ιι
657 5577 875 5661 Dialog.
900 5577 1027 5660 cap.
1063 5590 1292 5654 ultimo,
1318 5596 1372 5642 et
1399 5598 1564 5645 notas
1584 5599 1639 5644 et
1661 5604 1866 5646 consu-

204 5643 580 5732 le.lD‘e_.G_raaca
618 5643 992 5716 translatione
1034 5661 1239 5732 fusein
1267 5643 1422 5715 l’rmf.
1448 5643 1862 5732 adWDialogos.

266 5721 1014 5806 (clvelpotiusmutacismi,
1049 5731 1322 5806 nimirum
1371 5733 1550 5789 Graeci
1601 5721 1862 5806 appella-

212 5799 339 5861 ιὐηῑν
372 5799 706 5878 μυτακισμὸν
759 5820 891 5862 cum
925 5803 1174 5864 nimium
1209 5812 1304 5862 aut
1334 5812 1542 5863 temere
1575 5799 1862 5880 νηὶ-ὀρθῆς

1959 1903 2114 1957 uitus
2151 1919 2265 1956 non
2292 1901 2480 1955 solum
2505 1900 2786 1954 facundia:
2805 1901 3653 1959 sumredolentiamcontemne-

1957 1993 2074 2057 bat,
2096 2007 2293 2045 verum
2320 1992 2498 2044 etiam
2532 1991 2588 2043 in
2621 1989 3054 2060 comparatione
3085 1995 3369 2045 tractatus
3419 1992 3655 2046 alterius

1957 2083 2238 2136 dictatum
2273 2097 2439 2134 suum
2470 2079 2748 2133 furfurem
2812 2079 3338 2144 nominans,libros
3370 2097 3501 2136 suos
3547 2081 3659 2154 legi

1957 2170 2235 2243 quamdiu
2269 2169 2485 2224 viveret
2525 2169 3037 2223 vehementissime
3090 2169 3454 2239 prohibebat,
3488 2173 3656 2228 Inno-

1957 2261 2146 2318 centio
2177 2261 2445 2332 praefecto
2469 2260 2669 2314 Africae
2695 2259 2844 2313 inter
2862 2264 3068 2314 cetera
3099 2260 3402 2314 scribens:
3429 2284 3454 2309 «
3489 2261 3647 2325 Quod

1956 2353 2014 2408 in
2047 2350 2405 2422 expositione
2437 2349 2614 2402 sancti
2658 2347 2764 2403 Job
2812 2347 3128 2401 transmitti
3181 2349 3341 2404 vobis
3394 2351 3652 2406 codicem

1956 2440 2438 2509 voluistis,vestro
2453 2439 2692 2492 omnino
2708 2437 2898 2490 studio
2914 2437 3352 2507 congaudemus
3369 2454 3380 2492 :
3397 2440 3657 2506 quoniam

1958 2532 2036 2588 illi
2064 2533 2143 2587 rei
2167 2529 2542 2586 eminentiam
2565 2534 2809 2582 vestram
2838 2529 3074 2582 studere
3096 2530 3652 2602 conspicimus.quas

1959 2638 2064 2677 nec
2093 2626 2245 2674 totos
2281 2622 2432 2672 foras
2467 2633 2568 2671 vos
2598 2616 2753 2670 exire
2777 2617 3093 2686 permittat,
3127 2623 3183 2670 et
3215 2617 3287 2671 ad
3319 2635 3417 2673 cor
3449 2620 3656 2674 iterum

1959 2710 2333 2766 saecularibus
2357 2709 2512 2761 curis
2535 2709 2834 2776 dispersos
2860 2705 3171 2773 recolliget.
3188 2706 3296 2760 Sed
3317 2709 3363 2761 si
3389 2709 3660 2764 delicioso

1958 2799 2165 2871 cupitis
2192 2798 2400 2868 pabulo
2423 2795 2698 2864 saginari,
2732 2794 2882 2848 beati
2917 2795 3220 2864 Augustini
3251 2797 3510 2864 patriotaa
3560 2813 3654 2853 ve-

1958 2889 2063 2943 stri
2096 2884 2370 2958 opuscula
2393 2883 2584 2953 legite,
2618 2888 2674 2936 et
2704 2884 2768 2935 ad
2795 2882 3287 2951 comparationem
3312 2884 3382 2953 (c)
3406 2885 3658 2954 siliginis

1955 2976 2113 3032 illius
2141 2979 2402 3030 nostrum
2429 2973 2704 3026 furfurem
2733 2987 2842 3024 non
2865 2969 3195 3040 querentis.»
3222 2973 3440 3042 (Regtsl.
3477 2973 3645 3044 lib,x,

1955 3083 2038 3134 ep.
2073 3065 2192 3135 37.)

2032 3157 2173 3210 ltem
2233 3152 2466 3216 Joanni,
2522 3150 2792 3217 episcopo
2843 3149 3205 3219 Syracusano
3258 3166 3270 3203 ε
3322 3174 3348 3201 ‹‹
3385 3152 3657 3209 Praeterea

1955 3245 2126 3302 audio
2159 3243 2309 3314 quod
2345 3243 2544 3311 aliqua
2575 3241 2643 3293 de
2677 3238 2768 3292 his
2795 3255 2920 3308 qua:
2945 3239 3254 3308 scripsisse
3288 3255 3378 3294 me
3413 3244 3651 3298 memini

1956 3334 2290 3392 fraternitas
2314 3336 2503 3385 vestra
2534 3330 2602 3382 ad
2641 3344 2899 3381 mensam
2935 3343 3094 3380 SUam
3129 3343 3320 3382 coram
3369 3332 3660 3387 extraneis

1956 3425 2066 3494 legi
2095 3423 2283 3478 faciat.
2309 3419 2469 3483 Quod
2509 3417 2647 3471 mihi
2695 3433 2808 3472 non
2860 3416 3088 3470 videtur
3130 3432 3258 3470 esse
3303 3417 3654 3490 faciendum,

1959 3516 2097 3588 quia
2132 3515 2235 3567 hoc
2260 3509 2413 3581 quod
2440 3525 2538 3563 vos
2572 3525 2670 3576 pro
2702 3506 2980 3561 charitate
3013 3505 3221 3571 facitis,
3258 3515 3504 3577 possunt
3539 3511 3657 3579 qui-

1959 3608 2117 3668 dam,
2165 3607 2451 3673 quantum
2495 3599 2564 3652 ad
2610 3613 2700 3651 me
2749 3601 2857 3658 est,
2914 3612 3072 3649 vanas
3129 3595 3324 3665 glorias
3356 3599 3651 3667 deputare.

1959 3695 2208 3762 Ideoque
2240 3705 2431 3744 coram
2466 3685 2754 3742 extraneis
2786 3683 3158 3756 antiquorum
3194 3684 3347 3739 dicta
3381 3686 3656 3756 legite,ex

1961 3797 2204 3854 quorum
2241 3776 2585 3833 auctoritate
2619 3774 2846 3828 valeant
2876 3773 2974 3843 qui
3010 3774 3250 3828 audiant
3272 3774 3593 3832 reformari.
3632 3798 3656 3829 ι

1961 3873 2103 3941 (Lib.
2139 3885 2262 3933 vin,
2292 3883 2377 3937 ep.
2406 3867 2489 3935 9.)

2035 3963 2176 4015 Item
2210 3955 2439 4020 Joanni,
2475 3951 2829 4007 subdiacono
2881 3951 3184 4016 Ravenna,
3243 3957 3374 4022 post
3425 3955 3607 4009 multa
3645 3975 3659 4010 τ

1970 4073 1990 4101 ι
2033 4050 2196 4114 illud,
2240 4047 2450 4117 inquit,
2497 4045 2646 4117 quod
2693 4044 2762 4098 ad
2813 4059 2904 4097 me
2951 4042 3331 4113 quorumdam
3381 4044 3659 4102 relatione

1964 4142 2250 4214 perlatum
2283 4141 2390 4198 est.
2415 4137 2553 4208 quia
2581 4133 3080 4188 reverentissimus
3101 4132 3480 4204 coepiscopus
3501 4151 3662 4190 meus

1966 4229 2327 4288 Marinianus
2358 4226 2471 4295 legi
2503 4229 2827 4279 commenta
2881 4221 3032 4276 beati
3079 4223 3183 4276 Job
3217 4222 3446 4291 publice
3478 4225 3547 4278 ad
3581 4225 3661 4279 vi-

1966 4321 2130 4390 gilias
2164 4319 2317 4384 facit,
2352 4332 2465 4371 non
2499 4321 2660 4386 grate
2692 4311 2942 4378 suscepi,
2976 4311 3107 4381 quia
3159 4311 3303 4366 illud
3354 4331 3502 4384 opus
3549 4331 3662 4370 non

1965 4420 2051 4466 est
2086 4409 2379 4480 populare,
2413 4411 2468 4462 et
2503 4403 2747 4459 rudibus
2779 4403 3144 4456 auditoribus
3178 4401 3662 4470 impedimentum

1968 4501 2154 4570 magis
2185 4513 2359 4568 quam
2398 4499 2733 4566 provectum
2767 4495 3021 4561 generat.
3058 4491 3164 4545 Sed
3201 4491 3291 4544 die
3335 4491 3384 4546 ei
3420 4499 3476 4546 ut
3508 4509 3664 4550 com-

1969 4595 2166 4646 menta
2197 4586 2559 4643 Psalmorum
2594 4582 2747 4650 legat
2769 4581 2840 4635 ad
2872 4579 3118 4650 vigilias,
3153 4596 3279 4651 quas
3313 4587 3533 4635 mentes
3565 4601 3669 4638 sae-

1968 4678 2251 4737 cularium
2278 4677 2346 4730 ad
2377 4675 2558 4730 bonos
2584 4687 2773 4727 mores
2804 4672 3086 4741 praecipue
3107 4669 3440 4726 informent.
3476 4672 3666 4742 Neque

1974 4769 2127 4826 enim
2158 4767 2307 4834 volo,
2340 4767 2558 4820 dumin
2592 4764 2698 4817 hac
2721 4777 2892 4816 carne
2927 4775 3076 4825 sum,
3107 4760 3153 4815 si
3186 4777 3298 4830 qua
3329 4760 3544 4815 dixisse
3578 4778 3669 4816 me

1976 4858 2242 4928 contigit,
2274 4872 2341 4911 ea
2376 4852 2540 4908 facile
2584 4850 2920 4906 hominibus
2971 4849 3278 4904 inuotescl.
3317 4870 3344 4898 ››
3386 4848 3522 4918 (Lib.
3566 4865 3668 4913 ιιι,

1975 4966 2058 5020 ep.
2090 4948 2204 5015 24.)

2043 5038 2133 5092 79.
2168 5036 2395 5100 Quanta
2425 5048 2563 5088 sane
2595 5027 3057 5086 consideratione
3096 5024 3426 5091 Gregorius.
3450 5025 3547 5094 qui
3600 5027 3669 5081 ad

1975 5129 2205 5187 culmen
2231 5125 2531 5198 regiminis
2557 5121 2856 5177 humiliter
2891 5115 3234 5186 pervenisse,
3259 5113 3328 5167 ad
3370 5113 3478 5169 hoc
3525 5131 3676 5184 Opus

1975 5219 2312 5294 perveniens
2335 5217 2479 5271 bene
2503 5213 2732 5278 vixisse,
2758 5211 2902 5264 bene
2923 5204 3166 5262 vivendo
3193 5209 3344 5258 recte
3381 5205 3670 5275 docuisse,

1976 5290 2142 5374 satis,
2177 5309 2239 5361 ut
2269 5304 2496 5377 opinor,
2533 5300 2894 5354 monstratus
2925 5295 3013 5347 est
3057 5290 3465 5348 inﬁrmitatem
3511 5308 3678 5350 suam

1974 5518 2090 5579 tur,
2116 5511 2268 5566 unde
2291 5506 2498 5561 vitiosa
2521 5502 2766 5579 collisio.
2790 5501 2934 5556 Vide
2952 5497 3222 5554 Vossium
3251 5499 3510 5555 Institut.
3535 5501 3678 5555 Ora-

1976 5576 2170 5640 toriar.
2208 5581 2305 5634 lib.
2341 5595 2417 5641 ιν,
2449 5592 2575 5646 cap.
2603 5576 2657 5634 2.
2691 5577 2717 5643 §
2747 5577 2798 5628 2.

2046 5654 2124 5725 (d)
2159 5655 2239 5708 Ita
2271 5650 2496 5706 Mss.At
2523 5643 2766 5712 editi,ab
2801 5644 2955 5700 illius
2980 5643 3241 5716 temporis
3265 5643 3673 5714 interpretibus,

1973 5732 2076 5784 aut
2110 5728 2177 5780 ab
2207 5725 2399 5789 ullius,
2430 5727 2536 5776 etc.

2048 5800 2123 5873 (6)
2154 5798 2334 5871 Bigot.
2369 5800 2425 5853 et
2458 5793 2629 5863 Utic.,
2662 5790 3026 5861 similaginis.
