4106 6174
435 277 553 338 2‘27

971 271 1034 330 S.
1081 266 1456 331 GREGORII
1505 265 1751 328 MAGNI
1807 266 2007 338 VITA,
2061 265 2286 329 AUCT.
2332 267 2636 328 JOANNE
2682 267 3048 330 DIACONO.
3094 269 3247 330 LIB.
3295 268 3399 331 ιν.

3821 271 3928 332 228

428 408 779 474 cognoverit,
803 407 861 462 in
909 414 1162 462 extremo
1214 404 1361 460 libro
1412 403 1714 459 Moralium
1769 401 2127 469 manifestat,
2157 406 2217 473 Α
2241 401 2466 474 legerit,
2503 404 2655 475 apud
2689 404 3018 461 districtum
3049 406 3315 462 Judicem
3345 406 3616 464 solatium
3649 407 3932 464 mihisuaa

427 518 560 558 cum
594 500 737 556 dicit
771 517 783 555 :
829 520 856 548 «
889 498 1126 568 Expleto
1159 497 1352 567 itaque
1384 496 1490 550 hoc
1526 511 1717 566 opere,
1750 493 1818 547 ad
1866 509 1954 547 me
1987 493 2132 548 mihi

427 593 595 646 video
627 606 752 645 esse
783 588 1166 644 redeundum.
1206 585 1448 640 Multum
1484 588 1698 656 quippe
1732 598 1895 636 mens
1932 587 2133 638 nostra

426 682 602 738 etiam
654 696 788 734 cum
839 681 991 732 recte
1039 676 1198 746 loqui
1248 680 1507 739 conatur,
1543 681 1702 727 extra
1753 671 2128 743 semetipsam

423 769 740 842 spargitur.
767 766 1165 836 Integritatem
1192 781 1443 836 namque
1473 764 1676 830 animi,
1705 767 1843 818 dum
1869 763 2129 833 cogitan-

416 866 511 917 tur
544 863 712 914 verba
744 856 995 927 qualiter
1026 855 1418 925 proferantur,
1453 855 1591 925 quia
1623 855 1867 909 trahunt
1900 852 2125 908 extrin-

418 964 603 1014 secus,
634 949 924 1002 minuunt.
969 942 1150 1014 Igitur
1197 959 1229 996 a
1261 942 1490 1012 publico
1525 941 1831 996 locutionis
1879 941 2126 995 redeun-

418 1040 558 1096 dum
604 1042 694 1092 est
737 1036 810 1092 ad
868 1034 1089 1088 curiam
1150 1034 1362 1095 cordis,
1398 1038 1461 1087 ut
1518 1033 1687 1104 quasi
1748 1033 1806 1086 in
1868 1031 2122 1103 quodam

422 1127 666 1184 concilio
698 1121 1146 1180 consultationis
1169 1122 1238 1176 ad
1289 1139 1378 1178 me
1430 1123 1625 1193 ipsum
1673 1121 2122 1176 discernendum

418 1231 724 1273 convocem
784 1211 1162 1284 cogitationes
1212 1210 1445 1278 mentis,
1514 1212 1659 1266 I74
1709 1215 1994 1281 quatenus
2041 1207 2116 1262 ibi

413 1307 645 1362 videam
679 1319 750 1357 ne
778 1306 881 1357 aut
913 1301 1144 1356 incaute
1181 1299 1332 1355 mala
1362 1305 1462 1355 aut
1495 1301 1647 1356 bona
1666 1316 1778 1354 non
1802 1299 1950 1354 bene
1971 1297 2124 1351 dixe-

418 1396 552 1452 rim.
570 1395 734 1449 Tunc
752 1393 905 1448 enim
928 1391 1072 1446 bene
1096 1390 1311 1444 dicitur
1334 1391 1576 1456 bonum,
1601 1389 1810 1444 cumis
1834 1389 1934 1460 qui
1959 1386 2120 1452 dicit,

421 1484 528 1542 soli
570 1483 619 1538 ei
653 1500 685 1538 a
717 1499 830 1553 quo
881 1480 1120 1546 accepit,
1147 1496 1246 1549 per
1302 1480 1356 1533 id
1416 1479 1638 1550 appetit
1689 1477 1914 1550 placere
1969 1476 2122 1547 quod

423 1576 586 1630 dicit.
622 1574 688 1627 Et
716 1572 951 1642 quidem
1005 1569 1157 1625 mala
1200 1586 1292 1625 me
1343 1570 1558 1640 aliqua,
1586 1568 1694 1623 etsi
1745 1568 1960 1622 dixisse
2010 1581 2124 1620 non

423 1666 672 1731 invenio,
709 1673 900 1718 tamen
934 1663 1068 1733 quia
1117 1663 1350 1717 omnino
1393 1679 1507 1716 non
1559 1661 1826 1727 dixerim,
1861 1675 1970 1714 non
2024 1656 2123 1712 de-

425 1755 616 1811 fendo.
645 1759 799 1808 Bona
831 1770 959 1807 vero
991 1752 1038 1806 si
1067 1769 1183 1822 qua
1204 1751 1484 1806 divinitus
1509 1750 1795 1820 accipiens
1830 1750 1968 1815 dixi,
1999 1763 2126 1802 meo
2162 1771 2204 1834 Β

423 1843 691 1900 videlicet
721 1842 856 1897 vitio
892 1844 1086 1896 minus
1120 1857 1210 1894 me
1243 1840 1386 1894 bene
1418 1839 1633 1895 dixisse
1667 1839 1954 1908 profiteor.
1981 1837 2127 1892 Nam

426 1938 492 1991 ad
529 1951 618 1990 me
650 1932 1002 1987 intrinsecus
1035 1931 1288 1998 rediens,
1321 1931 1661 2002 postpositis
1692 1931 1996 1985 verborum
2044 1927 2129 1981 fo-

427 2026 545 2090 liis,
571 2022 909 2094 postpositis
940 2021 1364 2076 sententiarum
1398 2020 1596 2084 ramis,
1626 2021 1755 2075 dum
1776 2020 1965 2091 ipsam
1991 2028 2132 2080 sub-

425 2114 599 2169 tiliter
631 2113 881 2167 radicem
914 2127 1050 2165 mcaa
1085 2109 1424 2164 intentionis
1457 2109 1860 2180 inspieio,Deo
1897 2115 2132 2185 quidem

429 2221 496 2259 ex
527 2220 594 2259 ea
627 2219 718 2257 me
749 2215 1119 2270 summopere
1145 2200 1369 2267 placere
1390 2198 1642 2255 voluisse
1676 2218 1997 2271 cognosco;
2033 2206 2130 2260 sed

425 2294 615 2349 eidem
648 2289 956 2346 intentioni
986 2305 1103 2359 qua
1134 2288 1250 2343 Deo
1285 2287 1508 2359 placere
1561 2291 1790 2359 studeo,
1818 2293 2018 2348 furtim
2069 2310 2131 2349 se

432 2384 629 2439 nescio
660 2380 947 2449 quomodo
981 2378 1225 2433 intentio
1271 2378 1536 2432 humanae
1577 2378 1769 2434 laudis
1814 2382 2129 2440 interserit.

433 2473 592 2538 Quod
616 2472 890 2539 cumjam
922 2468 1292 2539 postmodum
1341 2470 1613 2537 tardeque
1651 2469 1938 2537 discerno,
1973 2473 2130 2531 inve-

436 2562 531 2617 nio
565 2575 658 2614 me
689 2559 851 2612 aliter
883 2573 1049 2628 agere
1083 2556 1237 2626 quod
1285 2555 1405 2611 scio
1452 2571 1543 2609 me
1590 2556 1757 2611 aliter
1803 2558 2129 2618 inchoasse.

435 2651 528 2706 Sic
559 2649 714 2703 enim
748 2663 898 2716 sepe
944 2645 1318 2700 intentionem
1371 2650 1646 2711 nostram,
1681 2646 1816 2700 dum
1859 2654 1992 2703 ante
2032 2650 2129 2705 Dei

439 2741 642 2798 oculos
666 2743 818 2793 recte
841 2735 1138 2806 incipitur,
1167 2737 1391 2790 occulte
1433 2735 1766 2805 subjuncta,
1801 2743 1855 2792 et
1877 2755 2002 2793 eam
2037 2757 2131 2796 ve-

434 2832 521 2888 lut
544 2833 600 2886 in
619 2831 819 2884 itinere
842 2844 964 2882 com
977 2825 1360 2896 prehendens,
1381 2825 1648 2880 humanm
1673 2826 1864 2882 laudis
1888 2831 2132 2888 intentio

438 2921 774 2990 assequitur
817 2935 828 2971 :
873 2916 1021 2971 sicut
1052 2931 1153 2985 pro
1199 2915 1545 2969 necessitate
1577 2915 1809 2984 quidem
1843 2920 2010 2974 cibus
2043 2935 2134 2974 su-

436 3010 638 3074 mitur,
672 3007 771 3060 sed
806 3007 862 3060 in
915 3007 1039 3074 ipso
1089 3021 1213 3070 esu,
1247 3005 1382 3058 dum
1431 3003 1622 3058 furtim
1668 3007 1807 3076 gula
1863 3009 2130 3080 subripit,

426 3099 633 3154 edendi
659 3095 964 3150 delectatio
990 3094 1407 3164 permiscetur;
1445 3094 1597 3147 unde
1623 3094 1965 3168 plerumque
1987 3115 2129 3153 con-

431 3187 603 3256 tingit
635 3190 697 3239 ut
747 3183 1114 3238 refectionem
1163 3183 1440 3252 corporis,
1475 3199 1651 3252 quam
1696 3185 1904 3240 salutis
1952 3203 2128 3242 causa

431 3276 737 3346 cmpimus,
771 3289 949 3327 causa
982 3271 1288 3340 voluptatis
1309 3271 1666 3340 eXpleamus.
1694 3273 2009 3330 Fatendum
2041 3283 2129 3332 est

426 3365 600 3433 igitur
643 3363 796 3434 quod
849 3367 1068 3416 rectam
1119 3361 1351 3430 quidem
1407 3361 1790 3418 intentionem
1843 3376 2126 3432 nostram,

429 3472 553 3525 quae
581 3453 686 3508 soli
716 3453 831 3507 Deo
866 3450 1089 3522 placere
1129 3451 1366 3520 appetit,
1403 3467 1827 3523 nonnunquam
1879 3455 2127 3510 intentio

424 3545 619 3598 minus
651 3548 827 3604 recta,
876 3557 1000 3611 quae
1032 3539 1102 3593 de
1146 3540 1315 3594 donis
1359 3540 1457 3594 Dei
1513 3539 1739 3610 placere
1783 3543 2126 3601 hominibus

421 3632 648 3704 quaerit,
682 3629 1018 3685 insidiando
1049 3629 1375 3684 comitatur.
1407 3631 1466 3686 Si
1508 3637 1702 3686 autem
1745 3633 1816 3686 de
1860 3633 1946 3687 his
1983 3635 2128 3688 divi-

425 3723 585 3778 nitus
616 3721 876 3776 districta
924 3719 1293 3787 discutimur,
1328 3719 1461 3790 quis
1514 3721 1662 3775 inter
1706 3721 1819 3777 ista
1869 3730 2126 3781 remanet

422 3810 631 3866 salutis
658 3809 844 3874 locus,
866 3808 1097 3879 quando
1122 3811 1178 3862 et
1202 3807 1351 3862 mala
1376 3815 1574 3863 nostra
1596 3825 1740 3878 pura
1772 3810 1924 3866 mala
1960 3818 2122 3882 sunt,

421 3905 477 3956 et
503 3901 654 3956 bona
685 3916 811 3970 qua!
845 3916 948 3953 nos
996 3899 1206 3955 habere
1253 3899 1548 3954 credimus
1605 3917 1752 3970 pura
1797 3903 1952 3958 bona
1998 3920 2123 3960 esse

421 4006 790 4060 nequaquam
831 3989 1126 4059 possunt?
1154 3987 1260 4043 Sed
1306 3988 1415 4043 hoc
1460 3989 1604 4043 mihi
1646 4006 1831 4061 operae
1867 3993 2119 4061 pretium

417 4085 608 4146 credo,
653 4081 806 4150 quod
843 4079 1114 4133 fraternis
1163 4077 1406 4133 auribus
1436 4095 1607 4134 omne
1637 4081 1785 4150 quod
1819 4080 1877 4135 in
1912 4098 2003 4137 me
2042 4082 2122 4138 la-

416 4176 603 4225 tenter
648 4170 772 4238 ipse
822 4168 1202 4238 reprehendo,
1255 4169 1666 4224 incunctanter
1709 4171 1924 4240 aperio.
1975 4172 2121 4238 Quia

411 4259 566 4314 enim
601 4259 940 4328 exponendo
991 4274 1105 4312 non
1146 4257 1326 4312 celavi
1373 4259 1528 4328 quod
1575 4260 1755 4325 sensi,
1790 4261 2117 4316 confitendo

414 4365 528 4402 non
553 4347 847 4400 abscondo
869 4347 1022 4416 quod
1059 4347 1262 4416 patior.
1288 4347 1397 4400 Per
1426 4347 1845 4416 expositionem
1877 4352 2116 4419 patefeci

2240 491 2862 563 orationisimpendat,
2897 511 3069 549 omne
3101 495 3254 566 quod
3289 495 3349 550 in
3381 512 3468 551 me
3498 497 3800 553 sordidum
3835 498 3929 552 de-

2241 581 2545 652 prehendit
2575 582 2810 638 fletibus
2831 582 3033 639 diluat.
3050 585 3340 640 Orationis
3355 590 3545 640 autem
3571 590 3746 658 atque
3766 602 3930 658 expo-

2239 669 2463 724 sitionis
2495 671 2705 726 virtute
2745 671 2975 740 collata,
3003 673 3182 728 lector
3225 689 3385 729 meus
3432 674 3490 728 in
3537 690 3931 746 recompensa-

2238 757 2393 814 tione
2422 777 2511 815 me
2543 767 2799 832 superat,
2825 761 2892 822 si.
2920 778 3053 817 cum
3094 779 3193 834 per
3235 779 3326 819 me
3362 765 3531 819 verba
3570 765 3804 837 accipit,
3834 779 3930 837 pro

2239 865 2327 905 tne
2360 849 2644 922 lacrymas
2677 852 2885 906 reddit.
2924 875 2950 902 ››

2306 941 2394 996 80.
2431 941 2614 1011 Hujus
2644 943 2969 998 beatissimi
2993 943 3251 1014 Gregorii
3278 945 3612 1001 venerabile
3637 962 3866 1018 corpus,
3899 963 3932 1002 a

2237 1031 2505 1102 Gregorio
2530 1038 2739 1104 quarto
2761 1034 2914 1089 sedis
2945 1035 3275 1106 apostolica
3299 1035 3545 1107 praesule
3569 1037 3645 1108 (a)
3674 1041 3805 1109 post
3835 1053 3930 1092 an-

2237 1137 2339 1175 nos
2370 1120 2598 1177 circiter
2627 1123 3053 1194 quinquaginta
3073 1124 3447 1194 translatum,
3481 1130 3614 1181 ante
3647 1125 3930 1181 novellum

2236 1211 2611 1266 secretarium
2639 1213 2988 1269 constructis
3012 1213 3336 1279 absidibus,
3362 1215 3533 1271 sicuti
3559 1216 3730 1271 modo
3753 1215 3930 1271 cerni-

2237 1303 2349 1366 tur,
2375 1301 2449 1372 (b)
2488 1303 2596 1357 sub
2628 1302 2790 1359 altari
2838 1304 2930 1359 sui
2980 1305 3238 1360 nominis
3268 1304 3585 1362 collocatur
3618 1323 3630 1360 :
3668 1323 3782 1376 quo
3812 1307 3932 1376 ejus

2234 1389 2631 1445 anniversaria
2657 1391 3000 1447 solemnitas
3039 1393 3264 1450 cunctis
3295 1393 3557 1449 certatim
3592 1398 3931 1465 pernoctan-

2236 1479 2392 1534 tibus
2423 1482 2794 1537 veneratione
2824 1482 3156 1554 gratissima
3186 1484 3522 1550 celebratur,
3560 1485 3614 1539 in
3649 1501 3763 1554 qua
3809 1483 3928 1554 pal-

2235 1567 2376 1623 lium
2437 1572 2586 1640 ejus,
2619 1571 2690 1641 (c)
2753 1576 2809 1626 et
2868 1571 3240 1643 phylacteria,
3273 1575 3370 1628 sed
3411 1578 3465 1628 et
3526 1573 3749 1628 balteus
3806 1575 3930 1640 ejus

2235 1660 2793 1716 consuetudiualiter
2842 1661 3201 1716 osculantur.
3245 1662 3377 1726 Quae
3432 1661 3731 1734 sigillatim
3784 1664 3929 1720 I75

2236 1750 2618 1817 considerata,
2671 1755 2725 1806 et
2777 1751 3182 1822 antiquitatem
3229 1752 3353 1817 viri,
3378 1757 3434 1808 et
3479 1752 3929 1809 mediocritatem

2238 1837 2494 1907 habitus,
2519 1846 2574 1894 et
2595 1841 2847 1912 speciem
2883 1841 3163 1912 regularis
3194 1841 3470 1913 propositi
3505 1842 3688 1914 signis
3713 1842 3932 1914 perspi-

2237 1928 2360 1983 cuis
2413 1935 2849 1999 repraasentant.
2885 1929 3027 1985 Nam
3079 1932 3135 1985 in
3195 1947 3259 1986 eo
3312 1931 3466 2003 quod
3515 1930 3758 2002 pallium
3809 1932 3932 2000 ejus

2237 2017 2408 2088 bysso
2432 2019 2714 2074 candente
2735 2024 3062 2075 contextum
3110 2019 3285 2075 nullis
3317 2021 3496 2077 fuisse
3516 2021 3775 2077 cernitur
3805 2039 3933 2077 acu-

2237 2106 2347 2162 bus
2381 2109 2752 2177 perforatutn,
2778 2109 2860 2163 sic
2893 2111 3084 2181 ipsum
3114 2111 3268 2166 circa
3289 2110 3561 2181 scapulas
3599 2112 3932 2168 obvolutum

2234 2197 2433 2263 fuisse,
2468 2215 2581 2253 non
2636 2204 2832 2254 autem
2883 2201 3174 2255 confixum
3225 2201 3609 2272 dignoscitur,
3641 2203 3803 2257 sicuti
3836 2218 3930 2258 ve-

2237 2286 2584 2343 tustissimis
2645 2290 2884 2344 musivis
2946 2289 3027 2344 vel
3089 2289 3330 2360 picturis
3379 2290 3726 2346 ostenditur.
3775 2292 3931 2357 Quod

2237 2380 2428 2430 autem
2465 2376 2839 2448 reliquiarum
2871 2378 3223 2450 phylacteria
3257 2381 3416 2434 tenui
3465 2384 3702 2451 argento
3751 2379 3932 2434 fabri-

2236 2471 2384 2533 cata,
2409 2465 2623 2538 vilique
2655 2467 2848 2538 pallio,
2869 2468 2939 2523 de
2961 2467 3108 2524 collo
3136 2485 3421 2540 suspensa
3444 2471 3624 2525 fuisse
3645 2469 3932 2536 videntur,

2237 2553 2469 2609 habitus
2514 2556 2640 2623 ejus
2691 2556 3089 2612 mediocritate
3140 2557 3594 2613 demonstratur.
3649 2559 3823 2612 Porro
3872 2556 3935 2612 in

2237 2644 2488 2699 exilitate
2521 2645 2717 2713 baltei,
2751 2662 2876 2716 qua:
2913 2647 3088 2703 unius
3140 2647 3367 2719 pollicis
3400 2664 3738 2702 mensuram
3762 2664 3932 2701 num-

2238 2751 2414 2804 quam
2469 2735 2709 2801 excedit,
2771 2737 3023 2806 speciem
3079 2738 3354 2807 propositi
3404 2737 3683 2808 regularis
3728 2737 3864 2791 olim
3901 2753 3935 2791 a

2238 2828 2441 2878 sancto
2466 2824 2772 2879 Benedicto
2795 2826 3017 2892 statuti,
3045 2828 3214 2896 cujus
3238 2828 3363 2896 ipse
3386 2827 3561 2882 vitam
3582 2826 3936 2893 describens,

2240 2913 2296 2967 in
2322 2913 2550 2983 dialogo
2574 2912 2830 2983 regulam
2857 2931 3082 2986 quoque
3125 2914 3477 2982 laudaverat,
3511 2930 3642 2970 eum
3675 2930 3942 2970 servasse

2240 3001 2368 3056 luce
2398 3000 2610 3056 clarius
2632 3003 2987 3072 manifestat,
3014 3006 3327 3075 praesertim
3352 3003 3656 3058 cumidem
3693 3020 3942 3058 venera-

2243 3091 2375 3146 bilis
2407 3091 2608 3145 doctor
2638 3091 2952 3159 Gregorius
2985 3095 3236 3148 Graecam
3271 3094 3528 3163 linguam
3561 3092 3852 3160 nescierit,
3887 3100 3943 3148 et

2240 3180 2331 3235 sui
2387 3180 2715 3236 monasterii
2767 3183 3086 3237 monachos
3126 3182 3414 3238 Benedicti
3471 3181 3668 3251 utique
3719 3181 3941 3253 regulis

2239 3270 2595 3340 mancipatos
2626 3272 2684 3325 in
2714 3271 3017 3326 Saxoniam
3053 3272 3375 3328 destinarit.

2306 3362 2394 3416 81.
2430 3361 2729 3431 Siquidem
2790 3361 2944 3432 quod
3001 3361 3258 3416 Graecam
3319 3361 3582 3432 linguam
3639 3360 3938 3432 nescierit,

2237 3448 2360 3520 ipse
2421 3455 2664 3506 testatur
2710 3452 2770 3504 in
2820 3451 3063 3521 epistola
3112 3452 3376 3517 Eusebio,
3422 3451 3941 3507 Thessalonicensi

2234 3541 2526 3610 episc0po,
2579 3541 2840 3596 scribens
2886 3541 3104 3596 :Lator
3149 3541 3522 3612 praesentium
3573 3541 3941 3611 Theodorus,

2233 3629 2501 3685 Ecclesiae
2557 3630 2755 3697 lector,
2791 3632 2862 3684 ad
2911 3637 3241 3686 sanctorum
3290 3629 3681 3701 apostolorum
3732 3631 3944 3688 limina

2234 3718 2488 3786 veniens,
2519 3719 2657 3772 dum
2722 3718 2892 3773 homo
2941 3719 3181 3789 (quippe
3240 3723 3302 3772 ut
3360 3718 3565 3787 novus)
3623 3717 3945 3773 haberetur

2231 3806 2582 3877 incognitus,
2601 3807 2836 3862 Andreae
2861 3808 3280 3879 monacho,qui
3299 3808 3367 3862 ad
3393 3812 3661 3862 sanctum
3686 3807 3942 3864 Paulum

2230 3897 2495 3952 inclusus
2530 3897 2732 3960 fuerat,
2763 3914 2850 3953 res
2873 3903 2929 3952 et
2957 3897 3188 3952 chartas
3206 3914 3348 3968 quas
3373 3896 3603 3963 detulit,
3633 3901 3696 3952 ut
3719 3913 3778 3950 re
3805 3913 3946 3952 vera

2229 3985 2366 4040 olim
2404 3991 2557 4046 noto,
2593 3987 2930 4042 innocenter
2972 3986 3263 4057 deposuit,
3296 3986 3536 4040 credens
3566 3987 3718 4057 quod
3769 4002 3946 4041 mens

2232 4076 2417 4146 ipsius
2448 4078 2624 4146 (sicut
2654 4083 2709 4132 et
2742 4094 2846 4132 nos
2895 4082 3027 4132 ante
3074 4078 3509 4148 putaveramus)
3549 4093 3680 4132 eum
3727 4076 3942 4131 habitu

2228 4166 2632 4222 concordaret.
2662 4165 2772 4220 Sed
2812 4165 2908 4220 ille
2941 4171 3112 4221 tantae
3156 4165 3453 4235 pravitatis
3499 4165 3767 4220 inventus
3811 4175 3937 4233 est,

2229 4261 2286 4306 ut
2310 4253 2355 4306 si
2381 4254 2508 4321 ejus
2532 4253 2792 4308 stultitiae
2813 4253 2920 4308 sub
2955 4253 3295 4308 inclusionis
3320 4253 3509 4323 specie
3533 4251 3704 4322 paulo
3735 4252 3942 4308 adhuc

2225 4343 2478 4413 amplius
2507 4344 2785 4413 licuisset,
2812 4345 3124 4399 multorum
3160 4345 3381 4399 animas
3413 4343 3646 4398 malitiae
3679 4360 3800 4400 sua
3833 4344 3947 4399 fal-

415 4437 590 4499 dona,
619 4452 718 4505 per
759 4434 1185 4490 confessionem
1221 4436 1421 4505 detego
1460 4435 1716 4493 vulnera.
1756 4438 1825 4493 Et
1872 4442 2010 4510 quia
2057 4443 2113 4497 in
2152 4461 2194 4522 υ
2226 4434 2394 4487 sitate
2426 4435 2734 4506 deciperet,
2768 4442 2823 4490 et
2867 4451 3252 4507 quaecumque
3304 4436 3587 4504 potuisset
3620 4451 3731 4489 non
3784 4434 3948 4491 levia

414 4524 521 4580 hoc
556 4533 668 4578 tam
716 4541 929 4595 magno
980 4525 1240 4580 humano
1279 4542 1510 4596 genere,
1545 4544 1649 4583 nec
1695 4528 1855 4600 parvi
1904 4531 2113 4587 desunt

415 4613 517 4685 qui
540 4613 712 4667 dictis
743 4614 886 4668 meis
916 4614 1162 4667 debeant
1183 4614 1414 4683 instrui,
1441 4633 1544 4670 nec
1569 4618 1759 4686 magni
1779 4619 1991 4674 desunt
2017 4623 2115 4689 qui

416 4703 658 4774 cognitae
690 4720 830 4758 meae
872 4704 1120 4758 debeant
1154 4705 1480 4760 infirmitati
1532 4708 1811 4776 misereri,
1848 4726 1946 4780 per
1995 4711 2116 4766 haec

415 4803 474 4850 ut
507 4811 655 4865 aqua
685 4793 816 4848 aliis
849 4793 1127 4848 fratribus
1160 4803 1448 4866 quantum
1484 4814 1720 4868 possum
1742 4816 1941 4856 curam
1976 4818 2113 4859 con-

412 4886 554 4950 fero,
579 4885 650 4938 ab
676 4883 804 4937 aliis
837 4899 1023 4951 spero.
1049 4883 1168 4939 Illis
1193 4885 1308 4939 dixi
1333 4889 1672 4956 exponendo
1694 4890 1849 4958 quod
1882 4891 2110 4957 faciant,

405 4975 539 5032 istis
566 4973 760 5045 aperio
793 4972 1125 5028 confitendo
1157 4977 1309 5044 quod
1346 4982 1606 5046 parcant.
1642 4977 1760 5034 Illis
1800 4981 2111 5035 verborum

409 5064 838 5120 medicamenta
863 5079 976 5118 non
1003 5064 1306 5131 subtraho,
1325 5066 1452 5121 istis
1474 5066 1882 5124 lacerationem
1915 5069 2111 5126 vulne-

411 5171 540 5210 rum
585 5170 695 5209 non
751 5153 1064 5210 abscondo.
1101 5153 1282 5225 Igitur
1336 5171 1532 5225 quaso
1566 5160 1629 5211 ut
1683 5159 1954 5230 quisquis
2003 5159 2109 5216 hoc

483 5313 1020 5392 (aj‘liegeducentos
1040 5316 1527 5392 vigintiquinque
1551 5335 1564 5373 :
1592 5337 1726 5376 nam
1766 5321 2003 5391 Gregor.
2035 5321 2109 5378 IV

410 5384 628 5462 an._§27
651 5387 847 5441 sedere
867 5387 1057 5458 cmpit.
1083 5384 1187 5444 A'ut
1227 5384 1560 5462 legendum,
1585 5397 1712 5449 ante
1733 5409 1824 5448 an.
1857 5384 1971 5461 [Ere
2016 5393 2106 5449 50.

412 5456 472 5510 In
509 5455 671 5518 Reg.,
703 5465 817 5522 post
846 5455 1021 5512 annos
1049 5468 1262 5516 mullos.

481 5525 556 5596 (b)
577 5524 672 5579 Plu
685 5542 726 5579 r.
753 5530 816 5580 ed
831 5570 840 5580 .
853 5569 866 5591 ,
891 5545 988 5581 sua
1002 5534 1200 5585 altaris
1212 5535 1648 5590 stu'nominibus.
1671 5536 1752 5590 IIu
1765 5551 1833 5590 nc
1855 5551 2106 5591 errorem

406 5599 1202 5656 correxeruntBollandiani:
1229 5611 1382 5660 certe
1417 5608 1581 5662 facile
1616 5623 1684 5661 ex
1724 5607 1864 5662 Mss.
1909 5608 2109 5663 redar-

451 5667 1030 5745 uendum._Ca3terum
1050 5681 1255 5745 praeter
1276 5674 1425 5731 hanc
1449 5679 1910 5745 translationem,
1936 5678 2104 5735 aliam

426 5739 532 5816 ego
561 5739 784 5798 Baculo
831 5749 889 5800 tv
931 5739 1169 5812 Densi,
1197 5743 1410 5804 Christi
1460 5765 1634 5823 nono,
1666 5767 1782 5824 quo
1835 5739 2015 5808 sacra
2043 5750 2104 5808 Β.

2225 4524 2500 4577 scandala
2522 4530 2842 4595 generaret.
2860 4527 3001 4581 Nam
3029 4525 3178 4579 inter
3202 4525 3314 4578 alia
3340 4541 3464 4595 quae
3491 4524 3640 4578 idem
3665 4524 3945 4580 Andreas

2227 4616 2474 4688 pessime
2495 4616 2770 4687 cogitavit
2793 4622 2848 4671 et
2873 4617 3030 4684 fecit,
3056 4632 3182 4672 eam
3212 4631 3444 4686 quoque
3493 4632 3665 4684 quam
3699 4614 3772 4669 ad
3823 4632 3944 4673 nos

2229 4707 2496 4771 misistis,
2550 4708 2688 4760 dum
2743 4708 2895 4776 apud
2939 4707 3130 4776 ipsum
3163 4723 3195 4760 a
3236 4705 3468 4776 praafato
3516 4704 3726 4760 lectore
3775 4711 3948 4761 esset

2224 4797 2508 4867 deposita,
2569 4796 2864 4850 infalsavit
2912 4795 3238 4868 epistolam,
3287 4799 3348 4849 ut
3393 4794 3752 4865 quicumque
3801 4809 3946 4851 eam

2220 4885 2458 4957 legeret,
2481 4902 2584 4940 vos
2609 4902 2709 4940 nec
2734 4885 3019 4941 catholica
3064 4902 3166 4940 nec
3190 4893 3342 4940 recta
3379 4899 3582 4955 sapere
3633 4884 3949 4940 evidenter

2221 4986 2510 5047 argueret.
2547 4977 2623 5031 Ex
2654 4994 2768 5048 qua
2799 4993 2856 5031 re
2889 4975 3136 5046 contigit
3167 4981 3231 5030 ut
3278 4976 3417 5030 dum
3466 4973 3765 5029 veritatem
3802 4984 3948 5030 stu-

2218 5066 2380 5120 diose
2406 5081 2821 5136 quaereremus,
2841 5065 2968 5135 ejus
2989 5080 3116 5135 quae
3140 5063 3352 5119 latebat
3384 5064 3668 5134 iniquitas
3726 5062 3949 5135 vulga-

2218 5162 2427 5212 retur:
2463 5162 2711 5213 ettanta
2759 5157 2816 5213 in
2851 5173 2915 5212 eo
2967 5161 3194 5228 reperta
3244 5162 3399 5224 sunt,
3433 5161 3648 5227 quanta
3700 5171 3805 5210 nec
3861 5156 3947 5212 de

2215 5318 2477 5374 Doctoris
2525 5318 2785 5390 reliquis:
2827 5320 3176 5374 monasterio
3198 5322 3252 5375 8.
3287 5317 3542 5390 Meda_rdi
3567 5317 3795 5390 Suess.,
3832 5332 3950 5371 ca-

2217 5395 2320 5461 put
2345 5405 2477 5445 vero
2502 5388 2787 5447 benedict.
2844 5391 3102 5446 caenobio
3138 5390 3194 5445 S.
3224 5390 3370 5444 Petri
3412 5388 3514 5443 viri
3566 5389 3943 5445 Senonensis

2215 5463 2463 5516 cessisse
2496 5464 2843 5517 referuntur.

2287 5533 2358 5602 (υ)
2385 5533 2875 5604 Phylacteriorum
2909 5535 3143 5587 nomine
3170 5531 3425 5602 intellige
3452 5545 3683 5604 crucem
3732 5536 3950 5600 pecto-

2217 5601 2394 5659 ralem
2420 5601 2703 5676 Reliquiis
2734 5609 3023 5670 refertam,
3050 5621 3222 5676 quam
3247 5603 3463 5675 gestari
3489 5601 3729 5676 solila:_n_
3749 5604 3948 5658 refert

2214 5679 2447 5748 Gregor.
2478 5671 2702 5744 liben,
2728 5679 2914 5751 ep.7;
2950 5671 3104 5733 nunc
3143 5671 3398 5745 libfxtv,
3433 5690 3521 5746 ep.
3560 5674 3645 5730 12.
3678 5671 3948 5732 ΜΑΒιιι..
