4132 6172
225 190 346 251 229

779 190 839 250 S.
886 191 1257 252 GREGORII
1303 193 1552 254 MAGNI
1599 194 1818 266 VITA,
1865 196 2095 258 AUGT.
2142 197 2449 260 JOANNE
2494 199 2856 264 DIACONO.
2907 205 3052 266 LIB.
3101 208 3204 270 ιν.

3630 215 3756 278 230

213 350 500 406 scelerato
533 367 905 424 quocumque
933 351 1074 406 laico
1106 351 1497 406 crederentur.
1524 352 1592 406 Et
1622 353 1760 423 quia
1785 352 1895 408 inte

2051 335 2289 392 inferior
2319 339 2512 393 tunica
2564 340 2982 409 pseudolactini
3016 343 3222 401 coloris
3270 355 3565 418 appareat,
3625 370 3750 423 qua)

215 439 454 496 diversa
485 443 638 496 mala
667 441 897 512 aliquos
935 442 1103 496 etiam
1135 456 1431 496 sermones
1471 442 1722 512 scripsit,
1755 447 1936 513 atque

213 546 314 586 eos
345 547 418 586 ex
451 538 649 587 nostro
680 531 916 587 nomine
946 531 1222 598 titulavit,
1257 536 1312 586 et
1338 533 1598 602 suspecti
1622 549 1829 587 sumus
1863 550 1933 589 ne

214 635 313 675 eos
341 620 562 676 alicubi
595 621 1000 685 transmiserit,
1020 621 1352 677 fraternitas
1371 627 1562 678 vestra
1585 622 1936 676 sollicitudi-

212 727 348 766 nem
379 715 543 782 gerat
575 715 668 777 ;et
706 710 754 766 si
789 711 928 782 quid
960 709 1074 766 tale
1106 710 1405 781 repererit,
1438 727 1534 766 eos
1572 712 1831 766 exscindi
1880 717 1936 768 et

212 801 561 856 omnimodo
612 799 786 854 faciat
817 799 1051 866 aboleri,
1089 805 1148 855 ut
1178 801 1331 871 quod
1379 801 1687 872 imperitus
1719 802 1935 857 littera-

213 907 352 946 rum
385 895 441 946 et
470 890 777 962 Scriptura;
806 891 1016 945 divinas
1048 891 1298 956 nescius,
1340 897 1559 956 nostro,
1589 893 1737 947 sicut
1787 892 1934 946 dixi-

213 996 378 1045 mus,
410 979 648 1035 nomine
700 978 1056 1050 praenotavit,
1106 980 1492 1051 quorumdam
1542 981 1772 1036 animos
1817 999 1928 1037 non

211 1068 407 1140 possit
457 1069 714 1124 inficere.
747 1068 892 1123 Nam
934 1085 1037 1123 nos
1098 1084 1203 1124 nec
1239 1072 1435 1124 Graeco
1482 1070 1775 1138 novimus,
1828 1087 1932 1126 nec

211 1157 453 1228 aliquod
495 1173 641 1229 Opus
672 1157 868 1212 Graece
897 1156 1211 1228 aliquando
1243 1157 1771 1229 conscripsimus.»
1804 1159 1930 1228 (Re-

211 1249 344 1315 θέει.
381 1246 486 1303 lib.
516 1263 591 1316 xi,
623 1263 707 1317 ep.
740 1246 856 1317 69.)

282 1334 374 1390 82.
409 1335 574 1400 Quod
605 1351 738 1391 vero
770 1335 1062 1402 monachi,
1101 1336 1197 1407 qui
1229 1352 1262 1391 a
1309 1336 1587 1407 Gregorio
1642 1337 1699 1392 in
1755 1338 1932 1393 Saxo—

212 1425 378 1481 niam
403 1424 796 1490 missi,sancti
817 1424 1108 1480 Benedicti
1123 1426 1333 1494 regulaa
1358 1424 1572 1480 fuerint
1598 1426 1927 1495 mancipati,

213 1515 372 1570 I70
411 1514 568 1569 inter
599 1513 712 1569 alia
750 1516 926 1570 etiam
958 1514 1101 1568 illud
1149 1516 1421 1582 ostendit,
1456 1516 1608 1586 quod
1647 1532 1714 1570 ex
1745 1517 1930 1587 ipsius

212 1601 530 1674 discipulis
561 1603 652 1656 vix
670 1602 924 1670 potestin
950 1602 1066 1657 illis
1091 1603 1352 1673 partibus
1377 1604 1698 1659 monachus
1723 1605 1931 1674 aliquis

213 1693 650 1763 inveniriaquo
683 1708 793 1746 non
827 1693 1165 1748 observetur
1195 1697 1311 1747 tam
1346 1692 1402 1747 in
1438 1695 1731 1764 proposito
1753 1711 1926 1764 quam
1963 1703 2008 1768 Β

212 1787 269 1841 in
306 1785 518 1840 habitu
552 1786 751 1857 regula
782 1784 1097 1840 Benedicti.
1127 1787 1490 1856 Quapropter
1517 1787 1668 1842 sicut
1707 1793 1934 1841 constat

212 1877 635 1948 Gregorianum
664 1876 1083 1930 monasterium
1099 1891 1132 1930 a
1158 1874 1470 1930 Latinitate
1490 1877 1544 1930 in
1562 1877 1638 1946 (a)
1663 1876 1934 1932 Graecita-

213 1973 324 2020 tem
391 1965 738 2021 necessitate
776 1964 968 2036 potius
1001 1981 1175 2036 quam
1225 1964 1526 2019 voluntate
1558 1981 1929 2030 conversum,

213 2055 292 2110 ita
317 2054 570 2110 ﬁdeliter
601 2053 974 2126 praestolatur
1000 2054 1057 2108 in
1095 2053 1418 2108 Latinitatis
1450 2053 1668 2108 cultum
1704 2055 1930 2110 favente

214 2143 465 2199 Domino
496 2147 686 2198 denuo
721 2159 1111 2198 reversurum.

279 2232 374 2287 83.
414 2232 477 2287 In
522 2233 688 2303 cujus
738 2232 1085 2288 venerabilis
1165 2232 1498 2286 monasterii
1547 2233 1715 2302 atrio,
1763 2235 1926 2302 jussu

208 2321 498 2392 Gregorii,
524 2321 698 2392 juxta
725 2322 800 2391 (δ’)
833 2321 1179 2392 nymphium
1205 2322 1331 2376 duae
1363 2321 1567 2376 iconiaa
1598 2323 1926 2379 veterrimas

208 2411 601 2466 artificialiter
650 2412 890 2483 depictas
949 2426 1136 2482 usque
1196 2410 1476 2465 hactenus
1525 2411 1816 2466 videntur.
1863 2414 1921 2468 In

210 2516 469 2572 quarum
501 2499 682 2554 altera
707 2499 903 2553 beatus
921 2498 1120 2554 Petrus
1143 2498 1439 2568 apostolus
1465 2499 1676 2554 sedens
1697 2500 1925 2570 conspi-

205 2589 382 2655 citur,
418 2593 668 2642 stantem
690 2588 763 2658 (c)
795 2587 1174 2654 Gordianum,
1211 2587 1625 2655 regionarium,
1657 2588 1923 2643 videlicet

201 2684 435 2752 patrem
494 2677 773 2749 Gregorii,
809 2692 980 2731 manu
1044 2678 1273 2731 dextera
1333 2693 1434 2748 per
1483 2677 1774 2732 dexteram
1820 2678 1917 2732 ni-

199 2765 534 2821 hilominus
557 2764 905 2835 suscepisse.
925 2763 1104 2833 Cujus
1119 2763 1390 2817 Gordiani
1410 2763 1638 2818 habitus
1657 2763 1917 2818 castanei

194 2857 413 2913 coloris
450 2857 680 2927 planeta
702 2859 810 2920 est,
844 2855 955 2908 sub
975 2855 1203 2923 planeta
1225 2853 1556 2922 dalmatica,
1584 2854 1639 2906 in
1667 2855 1917 2925 pedibus

195 2946 421 3018 caligas
454 2947 707 3011 habens;
742 2945 1174 3015 staturalonga,
1211 2945 1385 2998 facies
1406 2944 1672 3009 deducta,
1704 2946 1918 3003 virides

2043 442 2250 496 magno
2285 429 2616 484 sinuamine
2647 447 2822 500 super
2849 434 3022 501 pedes
3055 435 3300 503 deﬂuat;
3328 441 3558 497 duabus
3587 447 3748 502 zonis

2041 516 2110 568 ad
2127 515 2570 571 similitudinem
2588 517 3162 586 dalmaticarum,sed
3181 527 3487 583 latioribus
3509 533 3748 589 omnino

2042 604 2320 660 distincta
2353 623 2366 672 ;
2417 616 2639 662 statura
2697 608 2887 677 plena,
2921 611 3098 666 facies
3131 617 3379 672 rotunda
3422 619 3660 689 quidem
3693 627 3751 676 et

2040 694 2308 761 candida,
2354 696 2456 750 sed
2500 698 2814 766 seniojam
2875 715 3100 768 rugosa,
3144 720 3318 774 quam
3353 707 3483 778 ipsa
3514 726 3746 781 quoque

2039 789 2307 838 senectus
2334 786 2779 854 pulcherrimam
2816 790 2995 844 fuisse
3027 791 3344 861 significat;
3378 799 3748 869 oculisglau-

2040 874 2124 926 cis
2142 879 2197 927 et
2218 876 2557 943 grandibus,
2581 879 2905 948 superciliis
2923 881 3184 950 modicis,
3210 883 3437 940 labellis
3466 891 3742 959 venustis,

2038 963 2201 1017 vultu
2240 965 2426 1030 hilari,
2465 967 2649 1022 ferens
2686 969 2743 1023 in
2776 971 2963 1038 capite
2987 971 3063 1039 (ά)
3098 977 3481 1032 matronalem
3516 979 3746 1036 mitram

2039 1054 2342 1107 candentis
2373 1058 2441 1125 (ε)
2466 1057 2701 1111 brandei
2734 1060 2964 1115 raritate
2998 1063 3274 1118 niblatam
3302 1084 3314 1131 ;
3342 1066 3570 1122 duobus
3601 1070 3743 1125 dex-

2038 1147 2173 1195 teras
2202 1143 2403 1214 digitis
2427 1146 2728 1216 signaculo
2761 1149 2950 1203 crucis
2982 1167 3043 1206 se
3066 1153 3290 1207 munire
3324 1156 3465 1210 velle
3499 1164 3740 1226 praeten-

2040 1230 2205 1295 dens,
2241 1231 2297 1286 in
2331 1233 2572 1289 sinistra
2596 1253 2731 1291 vero
2765 1244 2968 1308 patens
3004 1241 3348 1309 psalterium
3373 1248 3650 1313 retinens,
3682 1249 3742 1303 in

2039 1336 2154 1389 quo
2187 1321 2292 1376 hoc
2343 1327 2625 1395 scriptum
2656 1331 2740 1380 est
2775 1345 2788 1382 :
2831 1327 2969 1382 Vivit
2999 1332 3190 1386 anima
3248 1350 3385 1393 mea.
3413 1345 3462 1390 et
3496 1337 3744 1394 laudabit

2041 1416 2112 1477 te,
2143 1418 2194 1464 et
2241 1413 2457 1480 judicia
2501 1419 2598 1469 tua
2627 1415 2963 1486 adjuuabunt
3004 1436 3088 1474 me
3117 1422 3344 1491 (Psalm.
3378 1441 3571 1491 cxvm,
3600 1443 3740 1482 vers.

2035 1502 2275 1571 penult.)
2299 1501 2363 1572 (Ι)
2395 1505 2440 1558 Α
2472 1507 2702 1560 dextero
2736 1522 2864 1561 vero
2897 1509 3091 1564 cubito
3125 1527 3303 1582 usque
3334 1515 3406 1568 ad
3439 1517 3741 1573 sinistrum

2038 1589 2191 1644 circa
2223 1593 2495 1663 scapulas
2525 1611 2728 1649 versus
2779 1597 3101 1654 ascendens
3148 1601 3482 1670 reﬂectitur,
3517 1608 3619 1676 qui
3665 1609 3745 1663 ita

2038 1693 2101 1732 se
2132 1679 2302 1734 habet
2333 1697 2345 1735 :
2383 1680 2668 1752 Gregorius
2699 1683 2889 1742 Silviae
2911 1690 3080 1742 matri
3105 1691 3260 1756 fecit.

2114 1769 2199 1822 48.
2223 1772 2332 1824 Sed
2364 1781 2412 1825 et
2445 1773 2528 1839 (g)
2565 1775 2621 1826 in
2655 1774 2926 1830 absidula
2976 1785 3103 1847 post
3137 1781 3376 1836 fratrum
3437 1783 3742 1843 cellarium

2041 1859 2351 1928 Gregorius
2381 1862 2639 1930 ejusdem
2675 1864 2915 1918 artificis
2943 1868 3273 1937 magisterio
3299 1871 3355 1924 in
3387 1878 3510 1926 rota
3531 1890 3746 1946 gypsea

2042 1947 2234 2018 pictus
2264 1952 2608 2017 ostenditur,
2639 1954 3041 2022 staturajusta
3063 1968 3114 2010 et
3136 1959 3280 2014 bene
3304 1961 3572 2029 formata,
3605 1965 3746 2021 facie

2039 2037 2109 2092 de
2139 2043 2390 2108 paterna
2433 2039 2592 2094 faciei
2617 2040 2978 2111 longitudine
3008 2049 3064 2098 et
3084 2054 3354 2103 maternas
3387 2055 3745 2109 rotunditate

2040 2127 2118 2182 ita
2153 2129 2339 2183 medie
2377 2135 2719 2198 temperata,
2765 2138 2826 2187 ut
2881 2149 3016 2189 cum
3080 2140 3434 2195 rotunditate
3494 2147 3743 2212 quadam

2037 2216 2445 2273 decentissime
2489 2220 2756 2274 videatur
2803 2239 2930 2276 esse
2965 2225 3237 2293 deducta,
3272 2227 3453 2283 barba
3508 2240 3744 2300 paterno

2036 2321 2192 2360 more
2223 2305 2494 2361 subt‘ulva
2524 2313 2577 2362 et
2612 2309 2838 2364 modica
2881 2331 2894 2379 ;
2931 2313 3010 2367 ita
3043 2314 3342 2380 calvaster,
3379 2323 3438 2371 ut
3461 2317 3517 2372 in
3554 2320 3743 2373 medio

2035 2395 2241 2450 frontis
2273 2398 2554 2466 gemellos
2576 2399 2880 2456 cincinnos
2908 2404 3237 2459 rarusculos
3270 2405 3498 2473 habeat,
3531 2413 3587 2462 et
3609 2409 3746 2464 dex-

2029 2487 2284 2539 trorsum
2355 2487 2624 2552 reﬂexos;
2679 2504 2893 2544 corona
2944 2493 3190 2547 rotunda
3238 2499 3295 2548 et
3345 2498 3621 2566 spatiosa,
3650 2514 3745 2553 ca-

2027 2573 2168 2643 pillo
2204 2578 2484 2644 subnigro
2517 2587 2570 2631 et
2604 2580 2874 2634 decenter
2932 2581 3144 2636 intorto
3178 2584 3286 2637 sub
3317 2586 3593 2642 auriculae
3624 2603 3745 2642 me-

2035 2661 2201 2717 dium
2255 2665 2686 2734 prOpendente:
2719 2669 2904 2723 fronte
2935 2671 3217 2738 speciosa,
3248 2671 3410 2726 elatis
3443 2679 3498 2727 et
3533 2675 3743 2746 longis,

2023 2755 2122 2806 sed
2147 2753 2399 2808 exilibus
2435 2755 3103 2830 superciliis;oculis(h)
3138 2761 3354 2829 pupilla
3401 2763 3581 2818 furvis
3627 2781 3739 2819 non

2037 2843 2268 2910 quidem
2307 2845 2539 2914 magnis
2564 2845 2660 2898 sed
2715 2846 2926 2913 patulis
2962 2863 2976 2910 ',
3007 2847 3460 2905 subocularibus
3506 2852 3690 2921 plenis
3727 2869 3742 2920 ;

2031 2947 2172 2985 naso
2195 2951 2228 2985 a
2253 2933 2445 2987 radice
2469 2934 2612 2987 I11
2644 2939 3000 3004 vergentium
3023 2937 3086 3005 (ἱ)
3129 2939 3574 3005 superciliorum
3607 2943 3746 2997 sub-

196 3036 374 3103 oculi,
407 3038 586 3090 barba
617 3035 868 3103 modica,
901 3034 1093 3104 capilli
1126 3033 1426 3097 condensi,
1458 3034 1654 3090 vultus
1695 3038 1906 3106 gravis.
1953 3066 1996 3132 Ο
2024 3019 2632 3121 tiliterdirectp,circa
2673 3024 2927 3078 medium
2949 3024 3404 3132 Ilatiorc,deinde
3444 3029 3742 3100 paululum

199 3128 257 3183 In
294 3127 481 3182 altera
511 3141 644 3179 vero
678 3129 862 3178 mater
901 3123 1152 3189 Gregorii
1186 3124 1396 3178 sedens
1428 3125 1654 3194 depicta
1695 3131 1782 3180 est
1811 3128 1915 3182 Sil-

196 3219 304 3284 via,
341 3215 592 3271 candido
623 3214 907 3270 velamine
938 3215 1187 3269 adextro
1221 3213 1465 3269 humero
1490 3214 1682 3270 taliter
1717 3223 1915 3274 contra

198 3304 502 3360 sinistram
549 3302 809 3359 revoluto
862 3307 1149 3368 contecta,
1185 3305 1247 3355 ut
1278 3303 1388 3356 sub
1428 3317 1492 3356 co
1527 3319 1735 3359 manus
1767 3313 1912 3361 tam-

192 3411 365 3466 quam
403 3395 475 3449 de
508 3393 736 3464 planeta
767 3393 1093 3459 subducat;
1129 3397 1183 3447 et
1214 3393 1370 3447 circa
1400 3399 1602 3463 pectus
1636 3394 1744 3448 sub
1766 3397 1907 3466 gula

265 3560 340 3628 (a)
377 3558 464 3611 An
509 3555 654 3611 forte
682 3558 738 3609 S.
765 3555 1006 3611 Andreae
1035 3553 1453 3628 monasterium
1480 3555 1911 3612 Grecismona-

185 3625 689 3686 chisconoessum
723 3632 813 3682 est
835 3643 869 3680 a
897 3625 1190 3697 Stephano
1211 3642 1358 3696 papa
1377 3625 1588 3697 lll,qui
1609 3629 1913 3685 monachis

187 3703 406 3758 itidem
463 3698 678 3755 Grecis
736 3698 1058 3771 canobium
1115 3698 1493 3771 S._l_)_lonysio
1539 3701 1907 3771 Areopagum

188 3787 432 3830 sacrum
467 3787 501 3824 a
533 3787 594 3824 se
625 3776 876 3824 erectum
894 3770 1156 3824 attribuit
1179 3767 1206 3821 ‘f
1236 3767 1307 3823 Ut
1332 3767 1392 3822 ut
1416 3771 1512 3833 sit,
1536 3769 1674 3823 illud
1707 3767 1909 3826 SfAn-

183 3847 342 3899 drea
402 3841 752 3897 asceterium
809 3840 1414 3908 Benedictinis,juxta
1455 3839 1620 3895 Joan.
1677 3842 1908 3897 Diaconi

182 3922 394 3972 votum
413 3912 728 3982 aliquando
749 3913 1340 3978 restitutum,tandem
1363 3911 1908 3970 Camaldulensibus

181 4006 214 4044 ι
246 3989 426 4051 Greg.
493 3985 619 4041 XIII
651 3987 1014 4052 assignatum
1045 3989 1154 4038 est.
1199 3982 1442 4038 Manum.

253 4060 329 4126 (ὁ)
350 4058 749 4123 Esttemplum
777 4057 1123 4111 feminarum
1151 4069 1250 4108 seu
1275 4054 1647 4124 locustempli
1677 4055 1906 4112 feminis

177 4131 540 4196 destinatus,
575 4129 765 4197 inquit
822 4127 1040 4182 Mabill.
1095 4133 1167 4180 At
1225 4126 1539 4180 Bollandus
1591 4126 1684 4181 hic
1736 4144 1904 4196 nym-

177 4202 419 4272 phreum
457 4217 557 4267 pro
589 4199 813 4253 lavacro
862 4215 964 4254 seu
999 4199 1154 4252 fonte
1195 4197 1427 4268 accipit,
1460 4197 1593 4269 quia
1631 4199 1902 4270 nymphae

177 4288 479 4345 aquarium
508 4275 638 4345 dem
657 4277 835 4345 erant.

249 4339 324 4415 (c)
363 4344 563 4414 Imago
583 4339 967 4398 illaGordiani
995 4355 1166 4415 quam
1182 4339 1535 4394 Baroniusin
1564 4339 1894 4415 An‘nalibus

176 4411 442 4474 exhibet.
495 4411 788 4484 quamque
838 4413 1123 4484 excudere
1169 4413 1575 4484 curaruntqui
1635 4411 1893 4482 Gregorii

178 4503 364 4558 opera
404 4482 712 4558 Vaticanis
735 4484 883 4558 typis
914 4483 1163 4558 edidere,
1194 4482 1669 4558 Gussanvillaeus,
1705 4489 1759 4537 et
1790 4501 1898 4558 nn-

180 4552 286 4631 per
340 4564 542 4631 noster
600 4552 976 4631 Mabillonius
1010 4553 1356 4631 _Annalibus
1390 4552 1627 4631 Bened._
1661 4555 1900 4631 non__vi-

180 4624 364 4684 detur
393 4644 462 4682 ea
490 4627 619 4698 ipsa
650 4643 826 4698 quam
869 4625 962 4679 hic
1000 4624 1262 4698 Joannes
1291 4624 1568 4679 Diaconus
1597 4625 1895 4680 describit.

184 4702 291 4759 Ubi
367 4695 530 4754 enim
580 4695 786 4753 Petrus
843 4702 1032 4764 apost.
1091 4695 1448 4753 Gordianum
1504 4711 1605 4766 per
1663 4712 1899 4752 manum

182 4775 488 4827 dexteram
510 4771 841 4841 suscipiens
870 4767 898 4822 ?
925 4768 1116 4841 certe“
1139 4767 1197 4822 in
1229 4767 1360 4822 istis
1391 4767 1656 4841 iconibus
1693 4769 1900 4841 visitur

180 4841 506 4912 Gregorius
529 4836 754 4896 medius
778 4841 929 4895 inter
948 4836 1391 4912 Gordianum_et
1418 4838 1656 4912 Silviam
1695 4841 1793 4912 qui
1826 4840 1897 4895 ad

182 4909 332 4969 eum»
358 4911 640 4984 tantisper
670 4912 874 4966 faciem
907 4915 1270 4965 convertunt.
1297 4909 1374 4965 De
1417 4910 1505 4964 his
1536 4909 1897 4981 imaginibus

181 4987 368 5040 infra.

252 5058 337 5124 (ά)
372 5054 748 5112 Matronalem
779 5051 1032 5124 appellat
1063 5051 1212 5106 hanc
1245 5050 1576 5124 mitram,ut
1601 5054 1742 5110 forte
1771 5069 1899 5110 eam

182 5119 518 5197 distinguat
543 5143 578 5181 a
608 5126 778 5181 mitra
819 5119 1126 5180 sacrarum
1167 5123 1485 5197 virginum,
1516 5124 1603 5197 de
1623 5141 1744 5197 qua
1767 5127 1898 5197 vide

185 5193 525 5255 notam'6l3
583 5199 640 5252 in
675 5197 775 5253 lib.
817 5199 1072 5252 Sacram.
1125 5193 1234 5249 col.
1297 5195 1394 5251 441
1433 5199 1490 5250 et
1543 5193 1668 5250 442.
1730 5195 1898 5251 Mitra

184 5271 410 5340 proprie
467 5272 593 5324 erat
661 5266 945 5340 muliebre
1000 5265 1206 5334 capitis
1228 5270 1695 5340 firmamentum;
1745 5269 1900 5325 unde

185 5336 354 5414 turpe
386 5345 510 5397 erat
542 5340 660 5395 viro
695 5339 923 5394 mitram
958 5343 1196 5407 gestare.
1228 5336 1369 5392 Hinc
1398 5337 1616 5394 Eneid.
1652 5355 1708 5393 iv
1743 5356 1756 5394 :

340 5448 403 5497 Et
436 5459 580 5496 nunc
609 5445 698 5494 ille
731 5445 874 5494 Paris
905 5457 1026 5494 cum
1057 5442 1306 5493 semiviro
1338 5445 1588 5494 comitatu

342 5508 575 5558 Meonia
604 5513 841 5558 mentum
875 5509 1029 5558 mitra
1060 5507 1370 5570 crinemque
1394 5509 1696 5557 madentem

331 5571 626 5624 Subnixus.

189 5671 553 5738 Minionis
601 5670 853 5732 habebat
883 5671 1072 5744 mitra,
1104 5684 1229 5744 qua
1261 5670 1432 5730 verbo
1466 5670 1665 5731 Greco
1689 5670 1896 5731 Lucre-

2029 3125 2264 3165 recurvo
2296 3116 2347 3165 et
2408 3111 2466 3164 in
2499 3118 2756 3166 extremo
2803 3113 3015 3182 patulis
3049 3117 3283 3169 naribus
3316 3119 3683 3187 prominente
3719 3140 3732 3187 ;

2026 3215 2124 3254 ore
2155 3201 2332 3255 rubeo
2355 3217 2368 3267 ;
2392 3203 2601 3255 crassis
2632 3209 2689 3254 et
2709 3203 3066 3258 subdividuis
3098 3204 3287 3271 labiis,
3314 3208 3479 3275 genis
3504 3225 3738 3280 compo-

2023 3289 2155 3344 sitis
2189 3309 2202 3357 ;
2237 3296 2431 3344 mento
2462 3309 2490 3343 a
2514 3290 2766 3344 confinio
2788 3291 3152 3347 maxillarum
3183 3295 3736 3368 decibiliterpromi-

2026 3385 2224 3447 nente;
2250 3379 2315 3450 (j)
2348 3381 2538 3434 colore
2569 3380 2827 3451 aquilino
2849 3385 2907 3435 et
2939 3382 3148 3448 vivido,
3184 3386 3467 3454 nondum,
3500 3389 3651 3443 sicut
3683 3389 3731 3442 ei

2022 3540 2140 3668 Eua
2169 3542 2286 3668 iljib.
2321 3559 2377 3598 ιν
2435 3543 2787 3601 Anademata
2845 3546 3122 3617 appellat.
3159 3546 3312 3603 idem
3345 3553 3498 3606 Maro
3533 3549 3632 3606 lib.
3685 3569 3738 3606 ix

2094 3630 2160 3668 ne
2233 3657 2241 3667 .

2094 3630 2241 3668 D010.

2269 3750 2330 3798 Et
2365 3749 2561 3799 habent
2591 3751 2908 3800 redimicula
2938 3751 3129 3802 mitras.

2090 3883 2160 3952 (θ)
2195 3883 2374 3946 Bigot.
2407 3891 2462 3938 et
2485 3883 2655 3951 Utic.,
2687 3885 2921 3952 prandet
2951 3886 3090 3941 ibid.
3130 3903 3248 3951 pro,
3275 3890 3519 3943 raritate
3578 3892 3730 3948 nim-

2019 3955 2415 4031 ζὶιίιι(ιγη.[]ιί‹>ἶ
2451 3955 2621 4031 hath
2679 3959 3236 4031 raritati/iuslatam.
3302 3959 3518 4014 Mabill.
3568 3968 3734 4031 putat

2015 4026 2318 4097 legendum
2353 4026 2678 4081 nimbatam.
2717 4028 2856 4082 Nam
2896 4029 3127 4081 nimbus
3159 4026 3732 4098 inquit,estfasciola

2015 4105 2349 4154 transversa
2396 4115 2462 4152 ex
2515 4115 2656 4154 auro
2713 4109 2916 4154 assuta
2974 4100 3149 4156 linteo
3201 4100 3258 4155 in
3322 4104 3508 4157 fronte
3561 4106 3726 4159 femi-

2016 4186 2244 4226 narum.

2073 4242 2312 4367 1(/’_)lla=.c
2371 4241 2541 4296 etiam
2603 4243 2816 4297 omissa
2851 4246 2989 4298 sunt
3038 4244 3094 4298 in
3154 4243 3344 4315 effigie
3400 4246 3633 4315 vulgata
3666 4246 3725 4303 S.

2101 4329 2218 4367 vtae.

2011 4316 2218 4368 Silvius.

2082 4386 2159 4455 (g)
2192 4385 2418 4458 Excusi,
2454 4384 2868 4458 inrabsidicala.
2897 4387 3060 4450 Apud
3091 4387 3262 4441 Guss.
3297 4389 3428 4441 etin
3454 4387 3724 4458 plurimis

2009 4458 2182 4512 editis
2216 4457 2429 4525 legitur
2453 4457 2628 4510 etiam
2661 4458 2909 4524 auriﬁcis
2943 4475 3042 4526 pro
3074 4459 3328 4525 artiﬁcis.

2081 4527 2168 4596 (Ιι)
2191 4527 2430 4600 Mabill.,
2451 4527 2740 4584 Gussanv.
2763 4529 2951 4594 etalii,
2974 4530 3187 4600 pupilla
3201 4531 3388 4600 fulvis.
3409 4531 3726 4589 Bollaudus

2010 4599 2152 4656 Mss.
2188 4599 2477 4656 sequitur.

2077 4617 2152 4654 ss.
2188 4617 2477 4655 seruntur.

2077 4670 2141 4731 (it
2181 4672 2236 4725 [n
2264 4617 2399 4741 iteg.
2435 4670 2652 4737 Germ.,
2683 4674 2842 4740 Bigot
2872 4681 2920 4724 et
2946 4670 3118 4734 Utic.,
3155 4672 3435 4728 ciliorum.

2078 4743 2141 4812 (ἱ)
2160 4745 2238 4797 lla
2257 4745 2474 4810 Optime
2492 4741 2804 4796 Bollandus
2820 4744 3325 4799 consentientibus
3357 4747 3493 4800 Mss.
3512 4745 3720 4811 Vatic.,

2007 4819 2142 4881 etc.,
2166 4815 2356 4871 Alii.et
2374 4813 2559 4867 livido.
2581 4812 3009 4868 CerteJoannes
3053 4816 3328 4870 describit
3359 4819 3476 4870 oris
3497 4818 3553 4872 S.
3581 4817 3719 4872 Gre-

2007 4886 2155 4955 gorii
2212 4884 2480 4946 colorem.
2532 4892 2840 4954 antequam
2904 4887 3123 4940 morbis
3155 4888 3410 4942 assiduis
3461 4894 3718 4943 mutatus

2007 4965 2178 5017 esset,
2233 4962 2296 5011 ut
2345 4956 2651 5027 sequentia
2708 4958 2880 5010 verba
2926 4958 3534 5023 innuunt,nandum...
3592 4975 3722 5013 car-

2006 5027 2179 5083 diaco.
2206 5027 2352 5099 Ergo
2387 5027 2910 5100 potiuslegendum
2937 5029 3116 5083 vivido
3148 5045 3310 5100 quam
3332 5029 3529 5100 livido,
3564 5031 3717 5098 quod

2009 5100 2202 5171 nescio
2237 5098 2428 5154 utrum
2462 5099 2519 5154 in
2555 5098 2746 5165 aliquo
2770 5099 2904 5154 Mss.
2940 5101 3138 5154 codice
3163 5098 3500 5169 reperiatur.
3547 5101 3721 5171 Aqui.

2007 5170 2164 5226 linus
2192 5172 2349 5226 color
2397 5188 2499 5226 seu
2530 5171 2765 5238 aquilus
2795 5174 2866 5224 ab
2928 5187 3091 5242 aqua?
3122 5171 3334 5225 dicitur
3390 5170 3717 5230 secundum

2009 5244 2288 5314 quosdam
2323 5244 2760 5312 grammaticos,
2787 5248 2843 5295 et
2872 5242 2942 5294 ab
2967 5241 3160 5308 aquila
3187 5245 3351 5311 juxta
3383 5242 3549 5297 alios.
3582 5244 3720 5301 Sue-

2008 5315 2207 5369 tonius
2238 5315 2294 5368 in
2331 5319 2621 5385 Augusto:
2651 5316 2854 5368 Nasum
2884 5328 3146 5385 asumma
3176 5317 3717 5373 eminentiorem.....

2007 5387 2239 5441 colorem
2264 5384 2715 5458 inter’aquitum
2744 5384 3172 5455 candidumque.
3207 5388 3269 5441 In
3315 5385 3444 5458 Vita
3469 5386 3715 5458 Virgilii,

2009 5463 2239 5528 auctore
2261 5457 2488 5528 Tiberio
2509 5457 2748 5528 Donato,
2781 5469 3003 5528 corpore
3029 5468 3080 5510 et
3111 5463 3328 5511 statura
3347 5457 3460 5528 fuit
3489 5457 3713 5527 grandi,

2008 5527 2186 5582 colore
2214 5527 2484 5596 aquilino.
2519 5525 2687 5579 Color
2717 5525 3018 5581 cardiacus
3049 5533 3134 5582 est
3172 5525 3355 5599 pallor
3380 5525 3714 5599 contractus

2011 5614 2078 5655 ex
2097 5599 2360 5671 cardiaco
2386 5599 2608 5660 morbo,
2634 5614 2742 5671 seu
2767 5614 2835 5653 ex
2869 5601 3146 5670 languore
3169 5596 3490 5668 stomachi;
3522 5596 3715 5671 καρδια

2012 5671 2163 5730 enim
2195 5668 2389 5728 Grece
2411 5685 2528 5728 non
2567 5668 2754 5730 solum
2787 5668 3071 5746 signiﬁcat
3103 5689 3220 5738 cor,
3257 5673 3354 5730 sed
3383 5672 3556 5730 etiam
3588 5668 3717 5728 ven-
