4106 6174
364 265 477 329 231

914 265 977 326 S.
1025 258 1397 323 GBEGORII
1444 259 1699 320 MAGNI
1745 256 1954 334 VITA,
2002 256 2233 319 AUCT.
2283 256 2596 320 JOANNE
2647 259 3004 322 DIACONO.
3051 259 3204 323 LIB.
3252 262 3354 324 IV.

3777 264 3896 325 233

358 412 558 479 postea
578 403 840 476 contigit,
871 400 1134 458 cardiaco
1166 419 1179 468 ;
1207 398 1368 454 vultu
1393 397 1550 453 mitis
1577 414 1590 464 ;
1627 396 1900 452 manibus
1930 394 2060 467 pul-
2095 399 2143 464 Α
2176 394 2328 449 tertii
2384 411 2573 467 usque
2633 397 2704 453 ab
2739 398 2944 454 horam
2977 399 3207 455 tertiam
3239 415 3373 455 cum
3420 400 3642 473 ingenti
3673 401 3903 473 fragore

355 497 513 555 chris
547 514 561 563 ;
594 495 873 551 teretibus
914 490 1114 561 digitis
1146 494 1202 545 et
1223 489 1516 543 habilibus
1548 489 1617 542 ad
1671 487 2065 543 scribendum.

356 590 636 643 Praeterea
670 585 895 655 planeta
927 597 1096 651 super
1129 578 1508 633 dalmaticam
1559 583 1851 645 castanea,
1890 576 2073 631 Evan-

353 677 568 750 gelium
602 675 660 729 in
721 673 978 740 sinistra,
1031 671 1236 724 modus
1295 667 1486 721 crucis
1519 668 1575 720 in
1620 666 1858 732 dextra;
1895 665 2069 735 pallio

355 764 627 821 mediocri
660 780 693 816 a
723 765 920 817 dextro
951 757 1217 813 videlicet
1248 755 1490 810 humero
1522 757 1629 810 sub
1659 758 1886 823 pectore
1901 769 2072 824 super

356 853 724 910 stomachum
777 847 1099 905 circulatim
1132 847 1397 911 deducto,
1451 845 1659 900 deinde
1705 859 1940 900 sursum
1974 859 2074 914 per

356 945 661 1001 sinistrum
696 941 1008 995 humerum
1035 941 1163 1006 post
1190 940 1414 1005 tergum
1450 934 1921 1005 deposito,cujus
1938 950 2072 1002 pars

359 1035 538 1090 altera
570 1047 747 1100 super
767 1028 1036 1084 eumdem
1072 1027 1379 1080 humerum
1401 1026 1639 1080 veniens
1653 1024 1884 1094 propria
1902 1023 2072 1078 recti-

353 1123 574 1189 tudine,
610 1137 724 1176 non
757 1134 858 1190 per
888 1117 1141 1173 medium
1171 1115 1454 1186 corporis,
1489 1114 1588 1169 sed
1623 1129 1690 1169 ex
1721 1113 1900 1169 latere
1933 1128 2069 1182 pen-

357 1215 450 1270 det
484 1213 675 1280 ;circa
703 1209 972 1266 verticem
1006 1224 1139 1263 vero
1172 1205 1380 1261 tabula
1413 1203 1883 1270 similitudinem,
1917 1203 2070 1274 quod

357 1304 604 1359 viventis
633 1301 860 1372 insigne
889 1303 993 1364 est,
1029 1297 1357 1369 praeferens,
1384 1311 1497 1350 non
1529 1310 1822 1350 coronam.
1849 1293 1927 1348 Ex
1959 1308 2071 1364 quo

358 1391 840 1448 manifestissime
873 1387 1216 1453 declaratur,
1243 1386 1373 1456 quia
1407 1383 1720 1453 Gregorius
1750 1383 1888 1437 dum
1922 1381 2072 1437 advi-

353 1488 533 1549 veret,
567 1498 728 1538 suam
764 1477 1205 1535 similitudinem
1239 1474 1475 1546 depingi
1525 1473 1839 1528 salubriter
1867 1471 2070 1539 voluit,

355 1575 412 1630 in
437 1590 554 1646 qua
586 1580 780 1643 posset
812 1588 842 1625 a
875 1571 998 1625 suis
1032 1565 1487 1630 monachis,non
1521 1581 1621 1634 pro
1652 1562 1922 1618 elationis
1950 1561 2067 1631 glo-

360 1665 583 1729 ria,sed
619 1680 719 1732 pro
753 1660 994 1730 cognitae
1027 1655 1410 1712 districtionis
1433 1653 1680 1722 cautela,
1705 1652 2068 1724 frequentius

372 1753 607 1808 intueri.
645 1750 751 1806 Ubi
784 1746 1124 1818 hujusmodi
1155 1745 1448 1801 distichon
1480 1744 1604 1815 ipse
1633 1743 1873 1798 dictavit
1903 1759 1916 1796 :

516 1857 723 1905 Christe
757 1859 953 1917 potens
982 1853 1226 1917 Domine,
1258 1851 1423 1917 nostri
1461 1849 1678 1917 largitor
1707 1847 1944 1904 honoris,

521 1912 790 1967 Indultum
821 1916 1054 1966 ofﬁcium
1086 1914 1241 1962 solita
1270 1913 1462 1976 pietate
1492 1912 1733 1973 guberna

425 2016 516 2073 85.
553 2014 652 2072 Ubi
685 2014 858 2070 etiam
893 2018 1153 2082 tempore
1184 2007 1766 2076 Petriarchidiaconi,
1790 2009 1846 2061 et
1873 2007 1953 2076 (α)
1973 2006 2068 2062 Jo-

353 2109 524 2165 annis
548 2103 883 2176 hegumeni,
914 2100 1266 2158 Saturninus
1317 2097 1640 2153 monachus
1671 2098 1867 2151 dextra
1897 2096 2068 2149 laeva-

348 2215 461 2270 que
511 2196 664 2252 beati
721 2195 978 2265 Gregorii
1011 2191 1236 2262 efﬁgies
1268 2195 1598 2245 sanctorum
1644 2185 2065 2257 apostolorum,

350 2288 849 2364 quemadmodum
875 2286 1045 2340 modo
1073 2285 1361 2350 videntur,
1394 2281 1673 2352 depinxit.
1699 2277 1820 2341 Quo
1844 2278 2068 2333 scilicet

347 2382 476 2438 loco
533 2393 955 2448 nonnunquam
987 2374 1266 2430 divinitus
1298 2373 1542 2428 candela
1587 2369 1980 2436 succenditur,
2012 2375 2067 2424 et

355 2472 412 2526 in
433 2471 695 2541 ejusdem
730 2463 1140 2522 similitudinis
1163 2463 1354 2534 efﬁgie
1382 2478 1483 2532 pro
1509 2459 1790 2531 regimine
1822 2457 1913 2512 sui
1940 2474 2064 2512 mo-

350 2559 590 2617 nasterii
624 2573 776 2628 saepe
810 2558 1007 2609 beatus
1038 2553 1350 2623 Gregorius
1385 2553 1776 2622 praesentatur.

419 2652 506 2706 86.
564 2649 706 2704 Nam
743 2652 805 2701 ut
863 2661 1046 2716 pauca
1077 2645 1147 2698 de
1209 2641 1407 2696 multis
1465 2640 1819 2709 contingam,
1856 2636 2062 2692 Leonis

349 2740 544 2804 Quarti
581 2737 870 2808 pontificis
894 2740 1330 2804 tempore,cum
1366 2727 1757 2800 Megistus,(b)
1777 2725 2062 2782 Ostiensis

349 2831 660 2901 episcopus
692 2832 748 2881 et
780 2823 1107 2895 apostolicus
1139 2822 1288 2876 sedis
1335 2818 1836 2880 bibliothecarius,
1865 2817 2058 2872 eidem

350 2916 705 2974 monasterio
759 2916 1048 2981 praeesset,
1108 2910 1364 2964 Joannes
1422 2907 1740 2978 presbyter,
1791 2907 2059 2974 ejusdem

348 3006 716 3080 praepositus,
740 3019 870 3056 cum
905 3001 1154 3070 quadam
1191 2998 1407 3052 femina
1439 2998 1681 3067 turpiter
1712 2996 1930 3061 vivens,
1963 3011 2057 3049 ve-

348 3095 792 3152 hementissimo
827 3093 1095 3160 podagrae
1126 3087 1321 3142 dolore
1339 3092 1638 3156 correptus
1669 3090 1779 3151 est,
1813 3085 1913 3155 qui
1945 3100 2058 3141 me-

349 3137 790 3152 μυηωμυυυηην
829 3137 1094 3160 μηδ-,ν
1129 3137 1635 3156 --η---μηπη

346 3186 606 3242 dicorum
645 3199 820 3237 manu
845 3180 1202 3235 cauteriatus
1236 3194 1333 3247 per
1353 3176 1674 3231 exustionis
1705 3176 1916 3230 vulnus
1947 3174 2060 3230 cal-
2088 3137 2130 3203 Ο

342 3292 468 3332 cem
503 3275 675 3343 cmpit
707 3270 1212 3332 etfundere.Quam
1253 3267 1598 3336 restringere
1631 3264 1810 3319 nullis
1836 3265 2061 3322 artibus

348 3361 774 3438 praevalens,in
827 3367 1041 3413 tantam
1094 3355 1557 3426 desperationem
1609 3354 1920 3426 perductus
1951 3360 2060 3423 est,

359 3460 422 3509 ut
450 3454 520 3507 ab
551 3450 709 3507 omni
745 3449 902 3503 illius
927 3447 1153 3502 feminas
1177 3445 1504 3499 visitatione
1525 3444 1850 3508 desisteret,
1883 3449 1938 3498 et
1959 3443 2062 3499 illa

351 3543 459 3599 sibi
495 3541 741 3596 alterum
778 3538 885 3592 sub
917 3535 1118 3591 eodem
1154 3534 1403 3588 facinore
1437 3532 1753 3603 c0pularet.
1788 3531 1899 3586 Sed
1935 3540 2061 3602 post

355 3646 568 3688 annum
618 3628 916 3698 presbyter
965 3626 1035 3679 ad
1081 3624 1384 3695 pristinam
1416 3622 1721 3676 sanitatem
1750 3626 2057 3686 revertens,

347 3734 702 3794 quamquam
739 3716 1098 3788 propositum
1116 3713 1221 3768 sibi
1253 3713 1455 3768 fuisset
1476 3718 1536 3766 ut
1567 3711 1810 3767 ulterius
1841 3711 2059 3767 nullam

341 3812 724 3879 contingeret,
759 3806 828 3859 ad
864 3804 1129 3859 eamdem
1163 3811 1353 3857 tamen
1389 3801 1568 3856 misso
1602 3799 1826 3865 nuntio,
1863 3799 2055 3856 futuro

342 3903 434 3959 die
465 3899 767 3966 Dominico
829 3912 889 3951 se
922 3894 1108 3949 redire
1161 3893 1456 3963 professus
1505 3899 1610 3944 est.
1644 3889 1767 3952 Quo
1801 3894 2050 3960 recepto,

336 3992 436 4047 ubi
489 4006 594 4044 suo
628 3984 915 4041 desiderio
966 3988 1160 4038 votum
1197 3996 1426 4051 quoque
1461 3979 1820 4036 mulierculae
1850 3995 2055 4034 conve-

337 4082 460 4138 nire
484 4078 746 4150 gravisus
766 4087 874 4134 est,
912 4075 978 4129 ad
1000 4074 1207 4129 balnea
1235 4072 1539 4142 processit.
1557 4070 1720 4126 Unde
1744 4078 2052 4136 revertens,

339 4175 564 4226 tantum
600 4166 806 4222 laetitias
842 4163 1173 4235 potionibus
1205 4165 1261 4215 et
1287 4160 1656 4215 cantionibus
1683 4176 1744 4215 se
1767 4160 2052 4227 dissolvit,

336 4265 400 4315 ut
431 4260 777 4326 subrepente
799 4270 1005 4310 somno
1029 4254 1311 4306 interesse
1344 4250 1644 4304 nocturnis
1670 4266 1804 4305 cum
1854 4251 2051 4305 fratri-

336 4349 449 4402 bus
474 4361 774 4415 nunquam
810 4344 1092 4414 potuisset
1125 4340 1354 4395 officiis.
1382 4338 1595 4393 Eadem
1619 4343 1785 4395 nocte
1816 4340 2050 4395 cuidam

335 4437 674 4506 presbytero
709 4440 765 4488 et
798 4430 1085 4486 monacho
1137 4430 1336 4484 beatus
1370 4427 1682 4498 Gregorius
1714 4428 1773 4482 in
1824 4430 2047 4486 somnis

2179 501 2294 555 prze
2333 484 2601 544 incendio
2633 486 2890 558 linguam
2924 489 2994 544 ab
3026 505 3123 545 ore
3155 489 3468 560 projiciens
3504 492 3776 546 ultimum
3798 491 3904 547 fla-

2181 582 2301 631 tum
2339 577 2719 646 protraheret.
2752 580 2933 643 Quem
2969 580 3295 652 presbyteri
3342 587 3460 636 tam
3493 583 3716 639 duriter
3744 583 3907 638 labo-

2181 682 2308 722 rare
2329 667 2611 737 videntes,
2637 669 2929 738 deputatis
2957 670 3077 726 illic
3113 671 3442 739 monachis,
3476 673 3572 743 qui
3594 689 3726 727 cum
3754 673 3910 744 psal-

2183 755 2390 810 modiis
2438 757 2563 827 ejus
2611 757 2830 813 exitum
2886 759 3389 828 commendarent,
3424 761 3533 833 ipsi
3569 777 3669 832 pro
3702 777 3767 817 eo
3791 777 3910 817 om-

2181 844 2464 914 nipotenti
2499 852 2611 901 Deo
2634 848 2994 903 studuerunt
3021 847 3312 904 solemnes
3334 849 3556 906 hostias
3579 850 3903 908 immolare.

2181 935 2288 989 Sed
2322 935 2584 991 monachi
2622 937 3009 1006 psalmodiam
3039 939 3401 1006 deserentes,
3428 956 3545 995 non
3580 940 3905 998 timuerunt

2181 1025 2332 1080 inter
2364 1044 2422 1082 se
2455 1028 2720 1083 morienti
2755 1029 2918 1084 fratri
2955 1029 3291 1099 detrahere;
3331 1046 3464 1086 cum
3497 1047 3628 1088 ecce
3659 1033 3902 1105 presby-

2180 1116 2285 1172 teri
2319 1134 2352 1171 a
2378 1118 2688 1172 missorum
2716 1118 3018 1174 solemniis
3053 1119 3207 1175 circa
3233 1118 3429 1175 horam
3464 1120 3777 1191 septimam
3813 1137 3903 1176 re-

2181 1209 2460 1275 meantes,
2509 1205 2793 1260 Joannem
2829 1207 3249 1278 presbyterum,
3276 1224 3449 1279 quem
3475 1208 3904 1264 incredibiliter

2179 1308 2313 1349 cum
2379 1298 2558 1350 morte
2591 1295 2902 1351 luctantem
2956 1295 3328 1368 reliquerant,
3363 1296 3545 1352 levius
3577 1314 3635 1354 se
3681 1297 3901 1354 habere

2182 1383 2373 1438 mirati
2405 1391 2558 1450 sunt,
2593 1401 2842 1455 cumque
2873 1384 3217 1441 nominatim
3275 1386 3531 1442 clamare
3579 1393 3903 1459 coeperunt.

2181 1473 2311 1528 Mox
2343 1473 2437 1528 ille
2467 1474 2690 1536 oculos,
2746 1475 3128 1544 subridendo,
3190 1478 3530 1533 concutiens
3562 1495 3575 1532 :
3614 1500 3640 1528 ‹‹
3675 1478 3908 1546 Pareat,

2179 1563 2393 1634 inquit,
2420 1565 2585 1619 vobis
2621 1565 2929 1633 Dominus,
2965 1566 3206 1621 fratres:
3241 1583 3421 1637 quare
3452 1583 3543 1622 me
3588 1567 3908 1625 sollicitare

2180 1653 2496 1708 voluistis?
2527 1655 2631 1720 Qui
2665 1655 2736 1710 ab
2794 1655 2922 1726 ipso
2983 1655 3162 1726 hujus
3221 1655 3332 1712 diei
3384 1657 3672 1728 principio
3721 1674 3910 1730 usque

2105 1771 2152 1835 Β
2184 1759 2339 1797 nunc
2370 1759 2562 1798 coram
2597 1745 2822 1799 Christo
2848 1745 3179 1814 praesidenti
3212 1745 3414 1801 multis
3439 1746 3701 1802 millibus
3725 1764 3911 1819 ange-

2184 1831 2375 1885 lorum
2425 1847 2557 1886 cum
2584 1831 2813 1888 diabolo
2855 1834 2925 1886 ad
2955 1833 3255 1903 judicium
3283 1834 3440 1899 steti,
3472 1838 3548 1903 et,
3576 1835 3910 1905 adjuvanti-

2182 1921 2290 1975 bus
2313 1937 2404 1977 me
2440 1923 2663 1977 sanctis
2704 1924 2932 1978 Andrea
2963 1929 3020 1978 et
3055 1922 3353 1993 Gregorio,
3385 1926 3605 1979 cunctis
3635 1926 3763 1996 ejus
3794 1929 3909 1982 ob-

2173 2010 2529 2080 jectionibus
2561 2014 2707 2069 bene
2731 2013 3024 2086 respondi.
3059 2015 3266 2070 Sciatis
3300 2019 3498 2071 autem
3521 2017 3659 2087 quia
3692 2033 3906 2072 mona-

2181 2101 2340 2155 sterii
2375 2101 2712 2164 sextarium,
2765 2101 3052 2170 modium,
3102 2102 3340 2172 libram,
3402 2105 3903 2160 consuetudinem

2177 2189 2680 2260 eleemosynarum
2711 2199 2766 2247 et
2814 2192 3130 2259 luminum,
3162 2209 3511 2264 omnemque
3552 2209 3904 2251 mensuram

2177 2281 2574 2336 curiosissime
2632 2281 2855 2336 Christo
2901 2282 3183 2352 quaerenti
3234 2297 3420 2354 usque
3471 2284 3543 2338 ad
3579 2283 3905 2340 scabellum

2176 2373 2384 2443 pedum
2439 2373 2565 2440 ejus
2623 2371 2866 2440 portavi.
2923 2370 3037 2426 Sed
3069 2373 3137 2426 de
3169 2388 3285 2426 una
3315 2372 3667 2442 objections,
3695 2373 3906 2442 fateor,

2172 2462 2247 2533 (ε)
2280 2464 2580 2516 convictus
2615 2460 2789 2514 metui
2824 2460 2894 2515 de
2927 2477 3043 2531 qua
3070 2460 3511 2530 nimium,sicut
3537 2461 3790 2530 vidistis,
3827 2463 3912 2518 la-

2173 2552 2432 2608 borando
2465 2558 2703 2605 vexatus
2735 2566 2886 2618 sum,
2923 2558 2975 2606 et
3010 2566 3101 2606 me
3150 2550 3340 2605 adhuc
3373 2551 3617 2606 liberare
3649 2568 3762 2608 non
3796 2571 3910 2625 po-

2182 2644 2292 2697 tui.
2323 2641 2585 2712 Cumque
2617 2641 2821 2694 fratres
2853 2641 2924 2695 de
2968 2655 3035 2695 ea
3068 2639 3447 2712 requirerent,
3479 2641 3559 2696 ait
3590 2659 3601 2696 :
3637 2640 3762 2696 Non
3797 2659 3912 2698 au-

2179 2733 2286 2787 deo
2319 2731 2529 2797 dicere,
2564 2730 2698 2800 quia
2719 2729 2956 2800 quando
2991 2745 3088 2785 vos
3123 2745 3211 2784 me
3261 2729 3587 2796 clamastis,
3620 2736 3674 2786 et
3709 2749 3741 2784 a
3764 2748 3912 2786 san-

2169 2827 2258 2876 cto
2317 2821 2594 2892 Gregorio
2656 2819 2843 2874 redire
2870 2819 3073 2888 jussus
3131 2835 3287 2879 sum,
3325 2823 3387 2874 ut
3416 2819 3581 2875 vobis
3613 2821 3783 2875 etiam
3826 2822 3904 2878 de

2169 2910 2460 2965 mensuris
2478 2912 2534 2963 et
2556 2907 3079 2964 consuetudinibus
3113 2909 3454 2964 monasterii
3488 2925 3761 2979 ponerem
3799 2927 3906 2965 ra-

2168 2999 2406 3064 tionem,
2433 2997 2699 3053 diabolus
2724 3001 2962 3068 questus
2985 3003 3095 3064 est,
3130 3001 3368 3068 putans,
3402 2998 3559 3070 quod
3597 3014 3684 3052 me
3718 3001 3904 3055 Pater

2167 3089 2236 3143 ad
2274 3088 2671 3158 paenitentiam
2702 3087 3040 3142 remisisset.
3083 3088 3440 3158 Quapropter
3485 3089 3711 3144 beatum
3741 3088 3896 3146 Gre-

2169 3179 2391 3248 gorium
2426 3177 2627 3232 vadem
2654 3177 2808 3244 dedi,
2834 3193 2904 3232 ne
2928 3182 3278 3232 commotam
3312 3176 3665 3234 calumniam
3718 3180 3896 3235 cuili-

2168 3269 2264 3323 bet
2296 3266 2628 3322 revelarem.
2652 3265 2770 3321 Illis
2803 3266 2989 3336 magis
3022 3265 3488 3333 imminentibus,
3525 3275 3576 3322 et
3598 3283 3660 3323 se
3691 3285 3793 3340 pro
3819 3285 3891 3324 eo

2169 3359 2577 3429 deprecaturae
2637 3356 2947 3411 Dominum
3013 3356 3506 3427 promittentibus,
3543 3362 3606 3412 ut
3648 3373 3893 3414 causam

2170 3447 2441 3502 fratribus
2474 3445 3195 3514 revelaret,defunctorum
3225 3446 3618 3517 quorumdam
3655 3447 3893 3516 domos,

2170 3544 2228 3594 et
2257 3537 2570 3592 viventium
2605 3537 2812 3592 merita
2843 3536 3189 3607 proferebat,
3233 3537 3461 3592 dicens:
3503 3537 3615 3592 lste
3646 3537 3896 3608 dignus,

2169 3627 2266 3683 ille
2296 3629 2569 3697 indignus
2601 3631 2708 3682 est.
2736 3627 2960 3681 Rursus
2985 3626 3399 3697 interrogatus,
3435 3628 3502 3682 ad
3543 3630 3898 3698 monachos,

2171 3720 2270 3790 qui
2303 3719 2526 3790 pridem
2560 3735 2758 3773 secum
2823 3725 3246 3784 remanserant,
3281 3734 3593 3773 conversus
3644 3725 3756 3786 est,
3797 3721 3898 3774 di-

2169 3823 2305 3863 cens
2340 3825 2352 3862 :
2383 3808 2588 3863 Omnia
2620 3808 2677 3861 in
2711 3807 2926 3877 quibus
2960 3807 3106 3861 mihi
3131 3808 3489 3873 detraxistis,
3525 3809 3753 3875 fratres,
3791 3827 3899 3865 au-

2169 3901 2304 3968 divi,
2351 3916 2704 3972 quamquam
2739 3900 3089 3968 respondere
3143 3901 3500 3971 nequiverim
3533 3906 3589 3956 et
3648 3903 3894 3974 inpedi-

2169 3992 2428 4041 mentum
2489 3984 2630 4039 mihi
2665 4000 2777 4038 non
2830 3984 3122 4038 modicum
3155 3986 3502 4053 generastis,
3536 3986 3670 4055 quia
3701 3992 3821 4041 tam
3859 4005 3900 4043 ει

2167 4075 2328 4130 vobis
2387 4091 2560 4146 quam
2592 4091 2622 4127 a
2683 4072 2912 4127 diabolo
2944 4073 3053 4127 sub
3115 4090 3229 4126 uno
3254 4078 3514 4144 tempore
3545 4086 3890 4144 accusatus,

2167 4164 2495 4220 nesciebam
2528 4162 2620 4218 cui
2671 4162 2943 4234 primitus
2978 4161 3279 4217 calumniae
3313 4164 3743 4234 responderem.
3772 4165 3892 4220 Sed

2166 4253 2211 4308 si
2245 4253 2479 4324 quando
2539 4250 2857 4322 quemlibet
2891 4251 3236 4320 migrantem
3285 4250 3565 4317 videritis,
3598 4253 3894 4324 compati-

2166 4341 2306 4396 mini
2341 4341 2479 4396 sorti
2508 4339 2830 4408 communi,
2863 4345 2918 4393 et
2950 4339 3126 4394 nolite
3157 4342 3227 4395 de
3269 4356 3334 4395 eo
3360 4340 3646 4410 judicare,
3681 4341 3782 4412 qui
3811 4343 3886 4396 ad

2166 4439 2285 4486 tam
2319 4431 2568 4486 districti
2622 4429 2840 4498 judicis
2873 4447 3004 4483 cum
3049 4430 3422 4485 criminatore
3454 4447 3560 4486 suo
3585 4431 3889 4500 judicium

331 4495 641 4595 apparens,
675 4523 754 4576 ait
788 4538 801 4576 :
833 4521 1040 4589 Surge,
1083 4524 1138 4572 et
1185 4517 1276 4571 dic
1308 4495 1616 4587 praeposito
1666 4524 1725 4571 ut
1768 4518 2044 4586 poeniten-
2080 4495 2123 4558 ί)
2157 4521 2334 4576 vadit.
2371 4543 2397 4570 ››
2433 4519 2529 4574 His
2561 4495 2823 4589 expletis,
2858 4523 3100 4573 cunctos
3138 4518 3309 4589 jubet
3340 4495 3884 4588 abscedere,solum

331 4614 473 4668 tiam
533 4626 732 4681 agens,
769 4607 1062 4681 peculium
1119 4621 1316 4670 suum,
1370 4606 1524 4674 quod
1568 4621 1701 4660 eum
1735 4622 2044 4677 aggregare

333 4721 449 4761 non
485 4701 695 4773 puduit
723 4717 822 4769 pro
858 4703 1092 4766 peccato
1126 4695 1503 4751 conscientiae
1533 4713 1674 4754 suae,
1708 4696 2043 4768 dispergat:

334 4790 495 4849 I18
558 4787 692 4862 quia
724 4787 814 4843 die
866 4784 1040 4839 tertia
1091 4783 1354 4838 funditus
1409 4784 1868 4855 exstinguetura
1913 4785 2045 4840 vita.

331 4882 493 4949 Quod
528 4880 875 4949 prepositus
908 4879 971 4929 ut
1011 4872 1253 4937 audivit,
1286 4872 1655 4927 vehementer
1685 4874 1930 4944 expavit.
1985 4876 2051 4930 Et

333 4973 472 5044 quia
505 4967 763 5041 Gregorii
795 4965 1065 5021 mandato
1097 4961 1436 5017 incredulus
1467 4979 1595 5017 esse
1651 4981 1764 5018 non
1801 4968 2048 5032 poterat,

335 5062 734 5134 paenitentiam
757 5056 947 5128 erepit,
976 5057 1302 5124 cunctaque
1333 5067 1439 5106 sua
1469 5068 1646 5107 sanus
1669 5053 2050 5122 distribuens,

334 5154 497 5205 tanto
531 5149 707 5204 febris
739 5147 945 5203 ardore
987 5147 1287 5214 correptus
1318 5146 1428 5209 est,
1461 5146 1546 5208 ut,
1572 5158 1606 5197 a
1637 5142 1897 5199 diluculo
1930 5143 2044 5201 diei

334 5301 615 5360 triculum
648 5318 747 5357 seu
797 5298 1190 5363 stomachum,
1225 5302 1479 5361 maxime
1509 5317 1574 5358 os
1608 5296 1935 5357 ventriculi.
1974 5298 2050 5352 De

338 5376 445 5431 hoc
478 5373 678 5428 morbo
712 5372 981 5426 Horatius
1004 5369 1102 5425 lib.
1139 5389 1202 5436 ιι,
1237 5375 1400 5432 satir.
1432 5375 1485 5428 3.

524 5453 641 5562 gon
674 5458 753 5500 est
778 5451 1072 5510 cardiacus,
1100 5452 1374 5504 Craterum
1405 5451 1599 5500 dixisse
1624 5453 1833 5513 putato,

575 5530 621 5562 ιο
652 5527 808 5576 ωεστ.

405 5587 483 5660 (a)
516 5588 602 5641 Ita
634 5586 771 5640 Mss.
808 5586 898 5660 At
925 5582 1062 5660 editi
1097 5583 1608 5660 Ιρεηιηωεοηοηιᾷ.Δ
1629 5589 1896 5660 Fortasse
1918 5601 2051 5660 cum

340 5653 659 5723 S.Andreaz
679 5656 1098 5730 monasterium
1113 5653 1326 5730 Grecis
1339 5656 1643 5730 monachis
1656 5657 2054 5730 cessisset,qui

340 5743 480 5796 tunc
503 5730 612 5805 ipsi
639 5731 877 5806 preerat
901 5723 1135 5786 nomine
1165 5729 1362 5788 Graeco
1392 5729 1693 5787 dicebatur
1723 5723 2053 5805 ἡγούμιλδός,

2162 4611 2562 4682 presbyterum
2599 4609 2696 4680 qui
2731 4607 2843 4662 sibi
2879 4613 3124 4663 mortem
3156 4608 3644 4677 praenuntiaverat
3675 4626 3885 4666 secum

2163 4706 2388 4756 tenens.
2415 4699 2518 4766 Qui
2540 4698 2699 4754 solus
2724 4713 3023 4752 remanere
3049 4713 3386 4768 pavescens,
3414 4698 3662 4753 alterum
3681 4715 3885 4756 secum

2161 4790 2419 4852 retinuit,
2447 4789 2716 4843 hortatus
2751 4791 2813 4841 ut
2844 4803 3074 4841 causam
3112 4803 3210 4855 pro
3243 4803 3355 4857 qua
3387 4785 3728 4842 conflixerat
3758 4787 3882 4843 sal-

2158 4882 2274 4934 tem
2324 4878 2436 4933 eibi
2489 4878 2744 4948 pandere
2811 4894 2922 4931 non
2984 4878 3229 4934 timeret.
3263 4879 3334 4931 At
3390 4876 3486 4931 ille
3520 4877 3670 4931 I79
3704 4877 3878 4932 vehe-

2161 4973 2382 5024 menter
2443 4965 2728 5036 ingenuit,
2788 4971 2843 5020 et
2892 4982 3166 5020 converso
3226 4966 3296 5019 ad
3343 4966 3621 5037 parietem
3657 4967 3880 5036 capite,

2160 5056 2474 5122 clamabat,
2536 5056 2734 5111 dicens
2768 5073 2780 5110 :
2817 5078 2842 5105 ‹‹
2898 5056 2941 5111 0
2997 5055 3247 5120 Andrea,
3281 5055 3534 5121 Andrea,
3566 5056 3675 5111 hoc
3719 5072 3882 5112 anno

2162 5163 2385 5217 pereas,
2426 5146 2527 5217 qui
2559 5161 2648 5201 me
2699 5162 2870 5218 pravo
2900 5144 3141 5200 consilio
3173 5146 3244 5200 ad
3282 5143 3594 5216 periculum
3631 5162 3878 5217 compu-

2159 5306 2269 5362 hoc
2322 5310 2408 5361 est
2468 5320 2703 5375 praises,
2763 5303 3072 5377 praefectus
3128 5303 3484 5360 monasterii.
3519 5303 3671 5377 Infra
3719 5319 3770 5377 c.
3804 5304 3881 5359 88

2163 5379 2350 5449 liquet
2383 5374 2535 5432 hunc
2569 5374 3119 5449 begumenmn,ieeu
3143 5391 3529 5443 moonomum,
3564 5380 3625 5431 ut
3657 5374 3880 5431 habent

2163 5448 2392 5510 Escusi,
2426 5449 2779 5503 monasterio
2814 5448 3137 5517 prmfuisse.

2234 5523 2313 5591 (ὁ)
2346 5520 2513 5587 Utic.,
2547 5520 3126 5591 Ηοδιὶεηίείδνερίδςορί.

2234 5588 2304 5663 (ε)
2339 5594 2563 5660 Excusi,
2623 5589 3118 5660 adstipulantibus
3151 5591 3364 5658 Germ.,
3397 5588 3557 5645 Colb.
3592 5605 3644 5644 ει
3706 5588 3876 5660 Reg,

2162 5667 2438 5720 convictus
2467 5663 2665 5720 erubui
2692 5663 2756 5717 de
2783 5677 2886 5718 me.
3851 5692 3862 5698 -
