4106 6174
280 256 391 318 233

820 257 884 319 S.
929 256 1302 320 GREGORll
1347 258 1594 321 MAGNI
1646 257 1849 332 VITA,
1897 259 2126 324 AUCT.
2173 259 2478 325 JOANNE
2523 261 2887 327 DIACONO.
2939 269 3087 330 LIB.
3136 267 3236 331 ιν.

3669 271 3788 335 234

277 389 410 447 iisti.
445 413 474 441 υ
509 391 548 449 E
583 389 824 461 vestigio
853 390 1157 448 Zacharias
1199 391 1485 459 medicus,
1517 392 1616 466 qui
1649 410 1801 450 anno
1835 410 1973 465 pras-
2005 411 2060 478 Α
2088 395 2385 464 cebantur,
2410 397 2482 470 (α)
2509 398 2741 470 penitus
2773 399 3107 457 interdixit:
3139 418 3272 458 cum
3313 403 3575 474 ejusdem
3614 405 3790 465 l80

278 483 439 537 terito
469 481 542 536 ad
572 497 734 548 suos,
762 481 1028 537 videlicet
1064 483 1434 550 Sarracenos,
1477 485 1860 554 apostatando
1889 500 1984 540 re-

277 589 471 627 versus
503 576 614 639 est,
638 573 847 639 adfuit,
873 572 1158 643 tectisque
1179 573 1561 643 temporibus,
1590 577 1791 644 jurare
1813 574 1980 646 cmpit

276 665 674 736 presbyterum
694 679 762 719 ex
783 666 981 720 eadem
1004 665 1335 720 valetudine
1356 666 1597 721 minime
1613 666 1980 722 moriturum.

276 758 455 821 Quem
491 754 806 826 languidus
839 760 902 810 ut
931 754 1174 821 audivit,
1208 771 1340 808 cum
1375 755 1593 824 ingenti
1625 757 1983 811 animadver-

276 847 439 903 sione
470 845 705 918 repulit,
739 846 980 901 dicens:
1013 868 1042 895 «
1091 845 1338 912 Fratres,
1383 862 1505 914 jam
1551 863 1724 902 omne
1772 863 1983 916 corpus

275 952 469 992 meum
494 942 584 990 est
615 941 932 1002 mortuum,
996 935 1054 990 in
1088 934 1364 990 extremis
1413 936 1676 991 faucibus
1707 937 1979 1008 spiritum

277 1027 629 1099 permissum
685 1026 929 1092 retineo,
988 1025 1268 1081 continuo
1326 1026 1694 1094 moriturus;
1755 1031 1980 1082 tantum

275 1115 526 1188 psallite,
561 1121 624 1170 ut
656 1115 946 1170 revideam
1005 1115 1239 1187 angelus
1297 1129 1444 1185 quos
1484 1115 1772 1180 videbam,
1799 1120 1855 1170 et
1884 1117 1983 1170 iu-

276 1223 466 1262 nuens
495 1204 659 1262 vobis
690 1204 1018 1260 ostendam.
1045 1226 1074 1254 »
1098 1203 1320 1269 Quibus
1343 1205 1667 1272 orantibus,
1701 1211 1854 1260 totus
1879 1222 1983 1260 cm-

276 1298 356 1368 pit
387 1304 654 1361 tremere,
713 1292 1047 1365 pallescere,
1103 1308 1339 1349 sursum
1395 1295 1796 1350 desideranter
1827 1294 1982 1366 aspi-

273 1403 611 1445 cere:cum
670 1385 862 1442 subito
919 1384 1165 1458 spiritus
1223 1386 1532 1441 adventare
1592 1385 1981 1455 conspiciens,

275 1476 556 1533 revolutis
587 1474 925 1532 terribiliter
969 1475 1177 1542 oculis,
1212 1474 1516 1531 monachis
1549 1473 1758 1543 innuit,
1791 1479 1848 1530 et
1877 1475 1984 1528 ab-

273 1569 526 1633 scessit;
557 1581 775 1637 eosque
833 1569 991 1621 tanto
1047 1569 1267 1620 terrore
1315 1565 1612 1635 perculsos
1643 1565 1886 1633 dimisit,
1921 1568 1982 1619 ut

274 1657 479 1713 multis
511 1655 781 1711 noctibus
804 1654 911 1710 soli
931 1654 1127 1726 jacere
1155 1654 1480 1711 timuerint.

340 1747 436 1802 87.
472 1746 685 1802 Eodem
722 1744 817 1800 die
873 1745 1022 1799 sicut
1054 1749 1255 1815 postea
1285 1743 1710 1813 deprehensum
1745 1749 1852 1810 est,
1885 1761 1982 1799 eo-

270 1839 526 1907 demque
549 1843 866 1902 momento,
889 1834 1125 1905 quando
1150 1833 1448 1904 presbyter
1472 1833 1725 1888 moriens
1748 1836 1984 1888 Andreae

271 1926 607 2000 periculum
673 1924 862 1979 fuerat
919 1923 1297 1994 imprecatus,
1328 1922 1477 1976 idem
1510 1921 1788 1991 Andreas,
1823 1922 1986 1978 fundi

274 2014 625 2082 Barbiliani,
655 2011 829 2085 positi
863 2011 1088 2068 scilicet
1131 2010 1226 2066 via
1254 2011 1534 2077 Ostiensi,
1566 2013 1900 2073 conductor.
1924 2011 1985 2068 in

270 2105 561 2163 lectulum
591 2102 849 2169 decidit;
881 2101 940 2156 in
974 2117 1088 2173 quo
1120 2116 1220 2170 per
1250 2099 1499 2154 multum
1540 2100 1815 2171 temporis
1847 2117 1983 2156 con-

269 2198 441 2254 tinuo
471 2195 749 2263 languore
770 2197 1091 2262 correptus,
1124 2183 1204 2245 ita
1248 2194 1404 2245 totus
1435 2190 1734 2254 emarcuit,
1769 2198 1827 2243 ut
1858 2206 1983 2245 om-

269 2303 342 2344 ne
377 2302 600 2356 corpus
632 2285 756 2354 ejus
789 2279 1179 2354 particulatim
1202 2279 1490 2335 videretur
1523 2279 1780 2336 dissolvi.
1815 2278 1988 2334 Cum-

268 2393 384 2449 que
418 2373 815 2430 defluentibus
845 2369 1116 2427 carnibus
1146 2369 1415 2425 consumi
1447 2372 1664 2439 posset,
1700 2369 1843 2423 mori
1879 2385 1986 2423 au-

269 2473 390 2524 tem
430 2481 546 2520 non
576 2467 794 2534 posset,
847 2477 1009 2525 uxor,
1043 2475 1170 2530 qua:
1219 2458 1477 2514 fmtorem
1511 2458 1818 2512 vulnerum
1852 2456 1980 2512 viri-

267 2573 385 2629 que
413 2551 706 2609 cruciatus
729 2551 857 2622 jam
919 2548 1207 2603 sustinere
1261 2563 1376 2602 non
1410 2549 1653 2615 poterat,
1705 2545 1988 2600 intellexit

267 2645 422 2700 tanti
457 2639 758 2711 languoris
784 2637 1152 2694 incommoda
1183 2635 1308 2692 sine
1339 2635 1543 2690 divinae
1578 2633 1816 2690 ultionis
1841 2649 1985 2689 sen-

269 2732 462 2790 tentia
510 2731 666 2786 hunc
698 2728 1042 2783 nullatenus
1085 2724 1422 2780 incurrisse.
1456 2726 1634 2791 Quem
1666 2723 1855 2779 ﬂendo
1887 2739 1986 2778 cu-

266 2823 426 2880 ravit
453 2819 774 2891 inquirere,
837 2825 899 2872 ut
955 2813 1231 2886 quoniam
1289 2828 1324 2867 a
1369 2813 1651 2869 moriente
1683 2813 1988 2883 praeposito

267 2915 492 2968 frustra
521 2907 713 2964 vocari
746 2923 860 2962 non
897 2908 1134 2975 peteret,
1168 2901 1305 2974 quid
1339 2917 1474 2957 cum
1512 2902 1638 2974 ipso
1668 2905 1985 2959 commise-

267 3009 362 3059 rat
395 2998 706 3056 monachis
736 2996 1041 3063 revelaret,
1073 2991 1124 3048 si
1181 2994 1324 3047 forte
1382 2991 1654 3047 Dominus
1684 2993 1812 3060 ejus
1843 3008 1984 3047 con-

269 3094 594 3151 fessionem
626 3088 939 3160 recipiens,
972 3101 1106 3140 eum
1132 3100 1165 3139 a
1197 3084 1374 3139 tantis
1405 3084 1764 3138 cruciatibus
1790 3084 1992 3136 libera-

2095 486 2565 558 Quadragesimaa
2586 493 2844 560 tempore
2878 490 3080 546 beatus
3112 492 3420 564 Gregorius
3442 493 3623 550 eidem
3657 513 3790 568 pre-

2094 576 2325 646 sbytero
2358 577 2452 632 cui
2484 594 2658 648 supra
2698 583 2753 633 et
2807 580 3093 636 monacho
3154 582 3210 635 in
3244 583 3468 639 somnis
3497 587 3788 656 apparuit,

2092 665 2321 720 dicens:
2357 665 2513 721 Vade
2543 673 2600 722 et
2630 667 2722 723 dic
2753 668 3116 740 hugemeno:
3169 671 3314 734 Quia
3343 672 3623 729 diminuit
3651 692 3790 731 con-

2092 755 2486 820 suetudinem,
2522 774 2699 827 quam
2758 775 2863 828 ego
2913 761 3210 826 constitui,
3243 761 3522 818 Dominus
3563 779 3792 835 quoque

2091 846 2218 915 ejus
2249 847 2372 900 dies
2403 845 2710 900 diminuet.
2744 848 2906 913 Quod
2932 849 3296 919 bugemenus
3319 861 3377 906 ut
3407 853 3650 922 audivit,
3686 855 3796 925 pri-

2093 951 2185 991 mo
2217 936 2448 1004 quidem
2483 938 2852 1004 contremuit,
2889 944 3017 1008 post
3041 955 3170 995 vero
3202 944 3362 996 tanto
3396 944 3594 999 minus
3616 945 3797 1002 credi-

2091 1024 2196 1088 dit,
2231 1029 2448 1094 quanto
2474 1026 2645 1079 vitam
2681 1043 2848 1081 suam
2876 1027 3106 1098 longius
3127 1031 3512 1100 cognoscebat
3541 1034 3793 1089 extendi.

2089 1113 2159 1169 Et
2189 1129 2320 1169 ecce
2349 1113 2458 1169 sub
2492 1115 2634 1185 ipsis
2658 1115 2807 1171 albis
2827 1115 3204 1174 Paschalibus
3236 1120 3293 1173 in
3326 1123 3575 1177 oratorio
3607 1123 3796 1179 sancti

2093 1202 2343 1257 Severini
2378 1219 2508 1257 cum
2541 1204 2818 1259 fratribus
2875 1208 3222 1275 vespertinis
3253 1209 3536 1265 assistens
3567 1212 3794 1279 ofﬁciis,

2091 1293 2292 1347 ardere
2317 1293 2589 1363 parietem
2613 1295 2777 1362 vidit,
2799 1311 2972 1365 quem
2997 1296 3272 1353 fratribus
3294 1299 3660 1370 exstinguere
3682 1301 3796 1357 im-

2093 1380 2330 1449 peravit.
2365 1381 2588 1444 Quibus
2629 1381 2779 1437 hunc
2829 1382 3188 1438 vinolentum
3247 1386 3638 1455 credentibus,
3672 1388 3799 1461 ipse

2092 1472 2323 1524 tandem
2357 1469 2598 1525 ferulam
2633 1487 2811 1543 quam
2843 1473 3078 1528 tenebat
3110 1474 3442 1544 projiciens,
3466 1492 3799 1549 manusque

2091 1575 2194 1628 per
2233 1559 2510 1630 parietem
2533 1560 2978 1617 circumducens
3013 1565 3332 1618 conabatur
3355 1565 3493 1620 foris
3530 1566 3799 1624 ﬂammas

2091 1648 2478 1718 exstinguere,
2513 1665 2661 1720 quas
2719 1651 3024 1704 constabat
3054 1651 3263 1708 intima
3316 1654 3437 1723 ejus
3467 1657 3795 1726 depascere.

2097 1740 2349 1808 Denique
2379 1738 2448 1792 ad
2484 1738 2806 1810 hospitium
2867 1739 3120 1809 rediens,
3154 1747 3323 1796 tantis
3384 1743 3561 1798 febris
3592 1745 3800 1801 ardore

2094 1845 2410 1884 succensus
2432 1835 2540 1897 est,
2565 1833 2628 1884 ut
2654 1829 2950 1900 pervenire
2982 1831 3053 1884 ad
3076 1831 3229 1885 diem
3261 1834 3575 1904 septimum
3610 1834 3801 1891 nulla-

2096 1924 2266 1972 tenus
2294 1918 2601 1988 potuisset.
2650 1919 2792 1985 Quia
2824 1934 2959 1990 ergo
3004 1919 3143 1975 dum
3177 1922 3550 1979 consuluisse
3581 1923 3804 1996 putavit

2095 2023 2158 2064 se
2191 2009 2513 2076 monachis,
2572 2009 2931 2081 pauperibus
2991 2011 3260 2068 nocuisse
3317 2029 3432 2068 non
3487 2014 3707 2082 timuit,
3737 2029 3803 2071 ac

2096 2112 2196 2168 per
2228 2095 2334 2151 hoc
2370 2112 2481 2168 quo
2513 2113 2574 2152 se
2636 2097 2866 2168 placare
2926 2112 3096 2169 posse
3153 2098 3496 2170 Gregorium
3536 2099 3801 2170 credidit,

2095 2201 2335 2256 prorsus
2360 2186 2599 2241 offendit
2625 2204 2637 2240 :
2665 2188 2875 2240 frustra
2899 2186 3159 2244 flammas
3183 2189 3418 2258 parietis
3433 2190 3804 2261 exstinguere

2093 2277 2297 2347 voluit,
2330 2278 2469 2349 quia
2501 2277 2836 2332 tenacitatis
2866 2292 2982 2332 suae
3014 2277 3286 2336 ﬂammas
3318 2281 3684 2354 exstinguere
3716 2298 3801 2338 re-

2092 2369 2340 2422 cusavit.

2164 2458 2253 2512 89.
2287 2458 2496 2512 Eodem
2528 2456 2910 2512 nihilominus
2930 2462 3192 2527 tempore
3232 2463 3365 2531 post
3388 2460 3646 2517 absidem
3678 2479 3806 2519 ora-

2097 2546 2225 2601 torii
2260 2549 2474 2601 sanctae
2534 2546 2726 2600 Mariae
2759 2563 2987 2616 semper
3031 2548 3281 2620 Virginis
3311 2550 3564 2606 oratorio
3594 2561 3803 2608 sancta

2097 2636 2374 2700 Barbarae,
2441 2634 2538 2688 ubi
2597 2634 2910 2707 Gregorius
2969 2636 3174 2692 laudes
3224 2638 3470 2693 Domino
3511 2639 3807 2696 celebrare

2095 2725 2344 2791 solebat,
2378 2724 2698 2795 conjuncti,
2734 2724 2958 2779 daemon
3021 2725 3310 2796 apparuit,
3344 2726 3573 2798 sibique
3607 2729 3665 2784 in
3699 2747 3805 2784 an-

2094 2822 2205 2881 tro,
2234 2815 2384 2885 quod
2414 2813 2534 2868 illic
2557 2813 2832 2880 cernitur,
2869 2814 3190 2885 hospitium
3227 2816 3470 2883 faciens,
3501 2819 3804 2876 nocturnis

2096 2905 2254 2961 boris
2289 2910 2448 2958 tanto
2470 2903 2790 2972 crepitabat
2831 2905 3074 2973 fragore,
3103 2910 3168 2959 ut
3199 2905 3393 2961 omnia
3425 2907 3806 2965 fundamenta

2097 2993 2434 3051 monasterii
2462 2999 2768 3063 putaretur
2788 2993 3128 3048 convellere.
3157 2995 3592 3066 Nonnunquam
3623 3012 3804 3068 equos

2096 3086 2167 3140 de
2185 3083 2426 3140 stabulis
2459 3085 2726 3138 auferens
2750 3083 3097 3137 audiebatur
3119 3089 3237 3138 tota
3260 3091 3428 3140 nocte
3449 3086 3798 3157 discurrere,

266 3192 374 3242 ret.
411 3181 630 3245 Atille,
663 3192 1021 3251 cognoscens
1080 3173 1304 3230 malum
1352 3171 1506 3243 quod
1564 3174 1770 3228 fecerat
1810 3171 1984 3228 latere
2016 3166 2058 3232 C
2097 3193 2340 3241 quorum
2376 3176 2523 3229 duos
2583 3173 2900 3245 praecipitio
2958 3175 3304 3231 demersisse
3362 3177 3635 3248 probatus
3689 3186 3800 3237 est.

267 3293 383 3332 non
414 3288 611 3346 posse,
645 3266 984 3325 monasterii
1038 3262 1355 3320 monachos
1402 3263 1706 3318 convocari
1737 3265 1982 3333 rogavit,

263 3367 476 3438 eisque
507 3361 809 3418 confessus
837 3361 925 3413 est
954 3372 1086 3411 cum
1116 3355 1318 3411 eodem
1351 3352 1658 3425 prmposito
1698 3354 1980 3424 quasdam

264 3451 618 3512 monasterii
640 3447 940 3506 chartulas
977 3443 1260 3517 rapuisse,
1288 3459 1353 3498 ac
1376 3444 1624 3513 receptis
1647 3443 1847 3514 pretiis
1879 3459 1982 3498 ex—

265 3547 494 3602 traneis
528 3541 869 3606 tradidisse,
902 3551 1077 3608 seque
1136 3542 1350 3590 certum
1408 3534 1652 3589 existere
1709 3533 1848 3604 quia
1878 3550 1980 3605 pro

265 3635 378 3692 hoc
410 3631 635 3706 ﬂagitio
688 3627 835 3685 mori
869 3643 984 3683 non
1041 3629 1238 3695 posset
1293 3638 1596 3694 quousque
1645 3623 1755 3679 hoc
1785 3639 1977 3679 coram

265 3724 554 3781 omnibus
584 3720 886 3776 revelaret.
919 3715 1078 3779 Quod
1138 3711 1406 3767 videlicet
1455 3727 1654 3766 verum
1688 3711 1868 3766 fuisse
1899 3710 1981 3766 rei

265 3816 461 3871 exitus
492 3811 790 3868 evidenter
821 3805 1095 3861 ostendit.
1148 3803 1292 3858 Nam
1324 3817 1456 3855 mox
1486 3805 1551 3856 ut
1581 3805 1806 3855 tantum
1839 3799 1977 3856 faci-

263 3922 382 3962 nus
414 3899 647 3958 cunctis
678 3895 953 3961 innotuit,
988 3895 1037 3948 is
1062 3893 1161 3965 qui
1194 3893 1416 3947 dudum
1453 3890 1599 3946 mori
1630 3890 1830 3945 volens
1862 3905 1977 3945 non

264 3997 522 4069 poterat,
546 3991 701 4045 inter
728 3986 901 4042 verba
929 3999 1050 4039 sua:
1099 3980 1482 4069 confessionis
1520 3978 1758 4069 efﬂavit.
1794 3981 1973 4069 Quem

262 4064 488 4139 idcirco
521 4077 674 4134 Deus
731 4073 1102 4143 omnipotens
1157 4069 1256 4123 diu
1319 4065 1565 4123 cruciari
1596 4065 1797 4134 voluit,
1830 4064 1978 4120 mori

265 4179 491 4234 autem,
526 4168 710 4225 donec
741 4167 964 4220 reatum
1024 4176 1198 4216 suum
1231 4158 1624 4222 conﬁteretur,
1671 4172 1779 4212 non
1815 4171 1974 4226 posse

261 4259 559 4336 permisit,
594 4262 657 4312 ut
694 4252 959 4324 exemplo
990 4251 1082 4307 sui
1115 4249 1406 4305 cruciatus
1439 4247 1789 4336 ostenderet,
1831 4249 1968 4319 quid

256 4335 714 4418 consumptores
748 4357 942 4398 rerum
1001 4337 1258 4410 Gregorii
1312 4338 1380 4390 de
1413 4335 1743 4405 semetipsis
1776 4337 1974 4408 utique

251 4457 496 4515 sperare
529 4437 893 4494 debuissent.

2091 3265 2354 3336 Cumque
2388 3281 2593 3335 pavore
2633 3265 2771 3319 tanti
2821 3265 3044 3319 sonitus
3096 3266 3414 3321 monachos
3459 3283 3493 3322 a
3523 3268 3797 3340 triclinio,

2092 3356 2150 3409 in
2183 3371 2298 3425 quo
2328 3355 2396 3407 ad
2432 3369 2628 3406 auram
2685 3358 2922 3423 propter
2977 3355 3254 3408 fervorem
3296 3356 3583 3412 caumatis
3605 3357 3800 3427 jacere

2092 3443 2374 3505 solebant,
2401 3442 2631 3514 penitus
2671 3443 2998 3510 avertisset,
3037 3459 3188 3498 unus
3210 3460 3408 3499 eorum
3442 3446 3697 3504 conﬁsus
3736 3447 3797 3504 in

2093 3533 2302 3588 virtute
2333 3532 2430 3588 Dei
2463 3533 2880 3601 omnipotentis
2937 3540 3074 3589 ante
3113 3536 3370 3590 foramen
3417 3536 3795 3608 decumbens,

2089 3621 2350 3676 oratione
2375 3621 2538 3690 facta,
2564 3622 2736 3692 ccepit
2770 3621 3045 3677 dormire.
3071 3623 3171 3677 Cui
3197 3622 3421 3678 daemon
3446 3624 3502 3679 in
3528 3626 3796 3682 similitu-

2090 3711 2224 3765 dine
2280 3709 2414 3764 catti
2472 3710 2761 3780 apparuit,
2797 3726 3047 3782 eumque
3107 3713 3403 3782 unguibus
3446 3718 3535 3768 est
3565 3731 3796 3787 aggres-

2089 3817 2189 3856 sus
2246 3801 2594 3872 discerpere.
2653 3802 2773 3864 Quo
2838 3802 3162 3857 monachus
3220 3803 3480 3858 oratione
3539 3808 3790 3877 repulso,

2088 3889 2404 3944 identidem
2437 3890 2630 3959 sopori
2662 3905 2721 3943 se
2769 3889 3028 3956 tradidit,
3061 3906 3192 3944 cum
3246 3891 3438 3947 subito
3472 3893 3698 3949 daemon
3732 3897 3791 3950 in

2087 3978 2476 4035 similitudine
2507 3979 2809 4043 cujusdam
2841 3978 3127 4049 Ethiopis
3160 3978 3356 4032 lancea
3390 3980 3665 4036 minando
3695 3999 3794 4055 ap-

2086 4070 2300 4142 paruit,
2335 4069 2562 4125 dicens:
2587 4068 2704 4136 Ego
2737 4068 2971 4138 quidem
3025 4067 3158 4122 hinc
3181 4069 3346 4136 vado,
3371 4069 3471 4124 sed
3498 4074 3553 4125 te
3585 4070 3789 4128 vulne-

2085 4165 2273 4216 ratum
2299 4159 2544 4214 dimitto.
2569 4158 2885 4222 Quodicto,
2912 4156 3165 4212 lanceam
3189 4158 3266 4228 (b)
3288 4157 3551 4226 vibravit,
3586 4176 3790 4217 mona-

2083 4252 2380 4321 chumque
2410 4249 2559 4303 sicut
2613 4247 2937 4312 videbatur,
2970 4248 3027 4302 in
3085 4246 3311 4302 somnis
3338 4249 3645 4319 percussit.
3678 4252 3787 4318 Qui

2082 4341 2260 4397 tantis
2289 4339 2645 4396 clamoribus
2700 4339 2960 4408 ejulavit,
2995 4346 3265 4406 tanquam
3325 4339 3370 4393 si
3429 4356 3626 4398 revera
3656 4359 3787 4414 per-

2082 4447 2293 4486 cussus
2350 4428 2662 4494 exstiterit;
2696 4427 3223 4498 accurentibusque
3273 4430 3595 4499 monachis,
3654 4430 3788 4489 licet

320 4531 417 4587 88.
450 4529 642 4602 Ipsius
673 4538 906 4598 quoque
936 4520 1230 4595 pontificis
1279 4525 1538 4589 tempore
1568 4519 1830 4586 ejusdem
1864 4517 1972 4573 Pa-
2000 4537 2046 4601 ο
2080 4519 2348 4589 pavidus,
2383 4517 2536 4588 quod
2561 4516 2784 4572 viderat
2814 4516 3114 4584 indicavit,
3145 4526 3198 4573 et
3224 4516 3500 4592 deinceps
3532 4520 3610 4576 ibi
3643 4520 3787 4578 ulte‘

248 4622 358 4677 tris
392 4616 756 4674 monasterio
789 4610 1143 4671 Athanasius
1167 4607 1418 4681 prefuit,
1451 4607 1537 4660 vir
1567 4607 1799 4678 quidem
1833 4605 1964 4661 cha-

249 4711 424 4766 ritate
454 4707 816 4778 conspicuus
841 4708 897 4757 et
927 4701 1014 4756 sui
1049 4695 1391 4754 monasterii
1415 4695 1796 4751 cautissimus
1826 4710 1960 4750 exe-

246 4807 442 4858 cutor.
477 4797 587 4862 Qui
615 4811 745 4850 cum
779 4789 1067 4848 saavientis
1098 4789 1305 4857 inopia
1339 4792 1571 4856 tempus
1604 4787 1960 4856 agnosceret,

246 4907 319 4947 ne
347 4885 664 4945 monachis
687 4881 1001 4939 necessitas
1023 4876 1290 4932 fortassis
1316 4875 1698 4939 incumberet,
1723 4875 1962 4944 quadra-

246 4981 418 5052 ginta
447 4989 799 5050 pauperum,
821 4985 968 5042 quos
991 4968 1199 5022 beatus
1239 4963 1552 5035 Gregorius
1586 4963 1744 5033 pasci
1777 4960 1958 5017 semel

244 5073 302 5126 in
337 5083 496 5124 anno
529 5065 886 5126 decreverat,
918 5056 1286 5113 refectionem
1323 5054 1622 5108 subduxit.
1652 5051 1812 5117 Quod
1848 5053 1961 5107 im-

246 5175 404 5232 pune
435 5173 499 5212 se
531 5152 736 5209 fecisse
768 5146 1156 5222 perpendens,
1183 5144 1358 5198 etiam
1393 5143 1694 5232 duodecim
1739 5155 1954 5232 paupe-

243 5228 376 5304 rum
413 5243 722 5316 prandium
752 5237 1111 5306 totidemque
1168 5232 1436 5288 denarios
1470 5231 1565 5301 qui
1598 5231 1689 5285 die
1725 5228 1956 5302 deposi-

240 5337 422 5393 tionis
460 5334 616 5390 beati
645 5327 903 5399 Gregorii
939 5342 1044 5399 pro
1075 5321 1626 5379 commemoratione
1653 5320 1956 5376 duodecim

238 5429 310 5483 ab
345 5443 414 5482 eo
445 5423 740 5496 quondam
763 5419 1166 5480 invitatorum,
1192 5428 1440 5485 quorum
1463 5413 1669 5467 tertius
1689 5411 1959 5467 decimus

238 5515 519 5588 angelum
553 5528 616 5568 se
646 5525 774 5567 esse
794 5506 1092 5580 professus
1112 5501 1804 5572 est,consuetudina1iter
1824 5517 1957 5575 pas-

316 5751 392 5820 (τι)
432 5745 492 5800 ln
529 5738 801 5813 vulgatis,
832 5737 1053 5808 penitus
1087 5733 1383 5803 intercipit.

573 5842 840 5902 Perses.
890 5832 1121 5899 LXXV.

2077 4606 2196 4660 rius
2227 4606 2576 4660 daemonium
2620 4621 2734 4659 non
2764 4606 3032 4660 accessit.

2142 4696 2231 4749 90.
2266 4693 2559 4750 Benedicti
2618 4709 2852 4764 quoque
2912 4693 3203 4764 pontiﬁcis
3258 4698 3783 4768 tempore,Lucido

2066 4785 2325 4840 Ficulino
2386 4784 2655 4855 episcOpo
2724 4783 2912 4837 eidem
2978 4785 3332 4840 monasterio
3385 4786 3778 4854 praeminente.

2066 4893 2199 4934 cum
2236 4875 2572 4944 pestilentia
2613 4874 2868 4929 faucium
2901 4874 3217 4930 multitudo
3246 4875 3498 4944 quotidie
3530 4876 3797 4933 maxima

2068 4966 2374 5035 deperiret,
2405 4964 2560 5019 idem
2588 4963 2936 5030 monachus,
2972 4963 3273 5034 praeclusis
3301 4963 3590 5032 faucibus,
3622 4965 3782 5021 venit

2067 5057 2136 5114 ad
2173 5060 2442 5121 mortem,
2470 5054 2563 5109 cui
2594 5053 2924 5123 desperanti
2961 5057 3159 5108 beatus
3203 5051 3512 5119 Gregorius
3542 5052 3600 5108 in
3633 5069 3784 5110 som-

2069 5147 2159 5201 nis
2190 5146 2479 5216 apparuit,
2518 5143 2752 5199 dicens:
2777 5140 2874 5194 Vis
2905 5157 3087 5196 sanus
3118 5140 3283 5196 ﬁeri?
3315 5142 3386 5196 At
3414 5140 3511 5197 ille
3543 5157 3780 5214 respon-

2068 5237 2154 5292 dit
2185 5251 2248 5291 se
2277 5234 2439 5290 velle.
2474 5238 2542 5287 Et
2576 5234 2780 5287 beatus
2811 5230 3148 5300 Gregorius:
3196 5252 3225 5279 «
3271 5230 3329 5286 Si
3364 5230 3530 5299 mihi,
3562 5232 3773 5306 inquit,

2068 5324 2406 5398 promiseris
2437 5338 2504 5376 ea
2531 5337 2657 5392 quas
2687 5321 2792 5376 tibi
2827 5320 3024 5374 dixero
3057 5320 3176 5374 fore
3207 5320 3524 5389 dicturum,
3553 5325 3778 5381 scitote

2067 5430 2195 5469 esse
2225 5413 2550 5469 sanandum
2578 5429 2591 5478 ;
2621 5411 2709 5465 sin
2733 5425 2886 5477 vero,
2910 5409 3086 5465 citius
3119 5411 3491 5467 moriturum.
3516 5412 3776 5485 Cumque

2067 5500 2164 5555 ille
2195 5517 2256 5553 se
2288 5498 2582 5553 dicturum
2608 5502 2725 5552 tota
2742 5497 3091 5552 certitudine
3116 5497 3493 5569 promitteret,
3525 5499 3769 5556 audivit:

2138 5724 2208 5795 (b)
2245 5723 2449 5798 Bigot.,
2484 5721 2727 5784 libravit.
