  <div class='ocr_page' id='page_1' title='image "/cluster/home/n/w/nwhite01/storage/ocr_20150623/75/hvd.32044054758800/123.png"; bbox 0 0 4106 6174; ppageno 0'>
   <div class='ocr_carea' id='block_1_1' title="bbox 347 248 463 310">
    <p class='ocr_par' dir='ltr' id='par_1_1' title="bbox 347 248 463 310">
     <span class='ocr_line' id='line_1_1' title="bbox 347 248 463 310; baseline -0.009 0"><span class='ocrx_word' id='word_1_1' title='bbox 347 248 463 310; x_wconf 71' lang='grc'><strong>235</strong></span> 
     </span>
    </p>
   </div>
   <div class='ocr_carea' id='block_1_2' title="bbox 893 229 3320 311">
    <p class='ocr_par' dir='ltr' id='par_1_2' title="bbox 893 229 3320 311">
     <span class='ocr_line' id='line_1_2' title="bbox 893 229 3320 311; baseline -0.005 -6"><span class='ocrx_word' id='word_1_2' title='bbox 893 244 960 306; x_wconf 92' lang='lat' dir='ltr'><strong>S.</strong></span> <span class='ocrx_word' id='word_1_3' title='bbox 1006 240 1374 304; x_wconf 77' lang='lat' dir='ltr'><strong>GREGORll</strong></span> <span class='ocrx_word' id='word_1_4' title='bbox 1422 238 1678 302; x_wconf 83' lang='lat' dir='ltr'><strong>MAGNI</strong></span> <span class='ocrx_word' id='word_1_5' title='bbox 1724 232 1936 311; x_wconf 83' lang='lat' dir='ltr'><strong>VITA,</strong></span> <span class='ocrx_word' id='word_1_6' title='bbox 1983 233 2216 296; x_wconf 80' lang='lat' dir='ltr'><strong>AUCT.</strong></span> <span class='ocrx_word' id='word_1_7' title='bbox 2263 231 2558 293; x_wconf 76' lang='lat' dir='ltr'><strong>JOANNE</strong></span> <span class='ocrx_word' id='word_1_8' title='bbox 2605 229 2971 295; x_wconf 80' lang='lat' dir='ltr'><strong>DIACONO.</strong></span> <span class='ocrx_word' id='word_1_9' title='bbox 3022 235 3172 296; x_wconf 82' lang='lat' dir='ltr'><strong>LIB.</strong></span> <span class='ocrx_word' id='word_1_10' title='bbox 3221 235 3320 296; x_wconf 85' lang='lat' dir='ltr'><strong>IV.</strong></span> 
     </span>
    </p>
   </div>
   <div class='ocr_carea' id='block_1_3' title="bbox 3754 241 3875 304">
    <p class='ocr_par' dir='ltr' id='par_1_3' title="bbox 3754 241 3875 304">
     <span class='ocr_line' id='line_1_3' title="bbox 3754 241 3875 304; baseline 0 -1"><span class='ocrx_word' id='word_1_11' title='bbox 3754 241 3875 304; x_wconf 86' lang='lat'><strong>236</strong></span> 
     </span>
    </p>
   </div>
   <div class='ocr_carea' id='block_1_4' title="bbox 343 362 3874 448">
    <p class='ocr_par' dir='ltr' id='par_1_4' title="bbox 343 362 3874 448">
     <span class='ocr_line' id='line_1_4' title="bbox 343 362 3874 448; baseline -0.002 -10"><span class='ocrx_word' id='word_1_12' title='bbox 343 383 449 448; x_wconf 89' lang='lat' dir='ltr'><strong>Ito,</strong></span> <span class='ocrx_word' id='word_1_13' title='bbox 481 377 839 436; x_wconf 79' lang='lat' dir='ltr'><strong>denuntians</strong></span> <span class='ocrx_word' id='word_1_14' title='bbox 891 375 1076 442; x_wconf 65' lang='lat' dir='ltr'><strong>Saba,</strong></span> <span class='ocrx_word' id='word_1_15' title='bbox 1123 373 1352 440; x_wconf 85' lang='lat' dir='ltr'><strong>Joanni,</strong></span> <span class='ocrx_word' id='word_1_16' title='bbox 1415 370 1742 433; x_wconf 88' lang='lat' dir='ltr'><strong>Benedicto,</strong></span> <span class='ocrx_word' id='word_1_17' title='bbox 1777 366 2047 434; x_wconf 88' lang='lat' dir='ltr'><strong>Martino,</strong></span> <span class='ocrx_word' id='word_1_18' title='bbox 2080 368 2132 435; x_wconf 75' lang='grc' dir='ltr'><strong>Α</strong></span> <span class='ocrx_word' id='word_1_19' title='bbox 2163 365 2276 420; x_wconf 89' lang='lat' dir='ltr'><strong>Deo</strong></span> <span class='ocrx_word' id='word_1_20' title='bbox 2323 362 2501 419; x_wconf 88' lang='lat' dir='ltr'><strong>fuisse</strong></span> <span class='ocrx_word' id='word_1_21' title='bbox 2559 364 2864 437; x_wconf 81' lang='lat' dir='ltr'><strong>placabilis</strong></span> <span class='ocrx_word' id='word_1_22' title='bbox 2912 368 3137 425; x_wconf 92' lang='lat' dir='ltr'><strong>cunctis</strong></span> <span class='ocrx_word' id='word_1_23' title='bbox 3193 369 3530 428; x_wconf 87' lang='lat' dir='ltr'><strong>videntibus</strong></span> <span class='ocrx_word' id='word_1_24' title='bbox 3573 377 3874 430; x_wconf 84' lang='lat' dir='ltr'><strong>monstra-</strong></span> 
     </span>
    </p>
   </div>
   <div class='ocr_carea' id='block_1_5' title="bbox 347 456 2055 531">
    <p class='ocr_par' dir='ltr' id='par_1_5' title="bbox 347 456 2055 531">
     <span class='ocr_line' id='line_1_5' title="bbox 347 456 2055 531; baseline -0.01 -6"><span class='ocrx_word' id='word_1_25' title='bbox 347 469 631 525; x_wconf 87' lang='lat' dir='ltr'><strong>Palumbo</strong></span> <span class='ocrx_word' id='word_1_26' title='bbox 655 472 712 524; x_wconf 90' lang='lat' dir='ltr'><strong>et</strong></span> <span class='ocrx_word' id='word_1_27' title='bbox 731 466 981 522; x_wconf 84' lang='lat' dir='ltr'><strong>Antonio</strong></span> <span class='ocrx_word' id='word_1_28' title='bbox 1013 463 1336 531; x_wconf 80' lang='lat' dir='ltr'><strong>monachis,</strong></span> <span class='ocrx_word' id='word_1_29' title='bbox 1365 459 1670 516; x_wconf 89' lang='lat' dir='ltr'><strong>Laurentio</strong></span> <span class='ocrx_word' id='word_1_30' title='bbox 1697 473 1856 522; x_wconf 90' lang='lat' dir='ltr'><strong>coco,</strong></span> <span class='ocrx_word' id='word_1_31' title='bbox 1879 456 2055 511; x_wconf 85' lang='lat' dir='ltr'><strong>Gem-</strong></span> 
     </span>
    </p>
   </div>
   <div class='ocr_carea' id='block_1_6' title="bbox 348 547 2053 630">
    <p class='ocr_par' dir='ltr' id='par_1_6' title="bbox 348 547 2053 630">
     <span class='ocr_line' id='line_1_6' title="bbox 348 547 2053 630; baseline -0.009 -14"><span class='ocrx_word' id='word_1_32' title='bbox 348 575 514 616; x_wconf 86' lang='lat' dir='ltr'><strong>moso</strong></span> <span class='ocrx_word' id='word_1_33' title='bbox 536 557 922 630; x_wconf 83' lang='lat' dir='ltr'><strong>carpentario,</strong></span> <span class='ocrx_word' id='word_1_34' title='bbox 947 557 1196 624; x_wconf 85' lang='lat' dir='ltr'><strong>Accepto</strong></span> <span class='ocrx_word' id='word_1_35' title='bbox 1229 550 1458 623; x_wconf 79' lang='lat' dir='ltr'><strong>pistori,</strong></span> <span class='ocrx_word' id='word_1_36' title='bbox 1490 550 1750 614; x_wconf 69' lang='lat' dir='ltr'><strong>Audrem,</strong></span> <span class='ocrx_word' id='word_1_37' title='bbox 1772 547 2053 612; x_wconf 83' lang='lat' dir='ltr'><strong>Romano,</strong></span> 
     </span>
    </p>
   </div>
   <div class='ocr_carea' id='block_1_7' title="bbox 344 638 2053 718">
    <p class='ocr_par' dir='ltr' id='par_1_7' title="bbox 344 638 2053 718">
     <span class='ocr_line' id='line_1_7' title="bbox 344 638 2053 718; baseline -0.009 -13"><span class='ocrx_word' id='word_1_38' title='bbox 344 655 402 705; x_wconf 91' lang='lat' dir='ltr'><strong>et</strong></span> <span class='ocrx_word' id='word_1_39' title='bbox 423 649 605 705; x_wconf 85' lang='lat' dir='ltr'><strong>Leoni</strong></span> <span class='ocrx_word' id='word_1_40' title='bbox 628 648 813 715; x_wconf 90' lang='lat' dir='ltr'><strong>laicis,</strong></span> <span class='ocrx_word' id='word_1_41' title='bbox 839 644 1115 718; x_wconf 90' lang='lat' dir='ltr'><strong>quoniam</strong></span> <span class='ocrx_word' id='word_1_42' title='bbox 1141 661 1174 698; x_wconf 90' lang='lat' dir='ltr'><strong>a</strong></span> <span class='ocrx_word' id='word_1_43' title='bbox 1194 641 1446 697; x_wconf 90' lang='lat' dir='ltr'><strong>crastino</strong></span> <span class='ocrx_word' id='word_1_44' title='bbox 1480 638 1826 706; x_wconf 81' lang='lat' dir='ltr'><strong>incipientes</strong></span> <span class='ocrx_word' id='word_1_45' title='bbox 1849 651 2053 690; x_wconf 90' lang='lat' dir='ltr'><strong>omnes</strong></span> 
     </span>
    </p>
   </div>
   <div class='ocr_carea' id='block_1_8' title="bbox 340 725 2052 809">
    <p class='ocr_par' dir='ltr' id='par_1_8' title="bbox 340 725 2052 809">
     <span class='ocr_line' id='line_1_8' title="bbox 340 725 2052 809; baseline -0.008 -16"><span class='ocrx_word' id='word_1_46' title='bbox 340 737 629 809; x_wconf 85' lang='lat' dir='ltr'><strong>(a)dictim</strong></span> <span class='ocrx_word' id='word_1_47' title='bbox 651 753 714 793; x_wconf 90' lang='lat' dir='ltr'><strong>se</strong></span> <span class='ocrx_word' id='word_1_48' title='bbox 738 733 1033 792; x_wconf 88' lang='lat' dir='ltr'><strong>moriendo</strong></span> <span class='ocrx_word' id='word_1_49' title='bbox 1055 732 1507 802; x_wconf 77' lang='lat' dir='ltr'><strong>subsequentur.</strong></span> <span class='ocrx_word' id='word_1_50' title='bbox 1544 727 1577 783; x_wconf 92' lang='lat' dir='ltr'><strong>I</strong></span> <span class='ocrx_word' id='word_1_51' title='bbox 1596 725 1648 782; x_wconf 80' lang='lat'><strong>8</strong></span> <span class='ocrx_word' id='word_1_52' title='bbox 1665 726 1700 781; x_wconf 88' lang='grc' dir='ltr'><strong>Ι</strong></span> <span class='ocrx_word' id='word_1_53' title='bbox 1740 726 1876 781; x_wconf 89' lang='lat' dir='ltr'><strong>Post</strong></span> <span class='ocrx_word' id='word_1_54' title='bbox 1906 741 2052 795; x_wconf 86' lang='lat' dir='ltr'><strong>quo-</strong></span> 
     </span>
    </p>
   </div>
   <div class='ocr_carea' id='block_1_9' title="bbox 341 812 2047 887">
    <p class='ocr_par' dir='ltr' id='par_1_9' title="bbox 341 812 2047 887">
     <span class='ocr_line' id='line_1_9' title="bbox 341 812 2047 887; baseline -0.01 -5"><span class='ocrx_word' id='word_1_55' title='bbox 341 842 474 882; x_wconf 90' lang='lat' dir='ltr'><strong>rum</strong></span> <span class='ocrx_word' id='word_1_56' title='bbox 505 827 810 881; x_wconf 79' lang='lat' dir='ltr'><strong>decessum</strong></span> <span class='ocrx_word' id='word_1_57' title='bbox 859 820 1154 886; x_wconf 88' lang='lat' dir='ltr'><strong>denuntia,</strong></span> <span class='ocrx_word' id='word_1_58' title='bbox 1217 819 1496 874; x_wconf 85' lang='lat' dir='ltr'><strong>Lucidum</strong></span> <span class='ocrx_word' id='word_1_59' title='bbox 1546 817 1908 887; x_wconf 84' lang='lat' dir='ltr'><strong>episcopum,</strong></span> <span class='ocrx_word' id='word_1_60' title='bbox 1949 812 2047 884; x_wconf 89' lang='lat' dir='ltr'><strong>qui</strong></span> 
     </span>
    </p>
   </div>
   <div class='ocr_carea' id='block_1_10' title="bbox 337 902 2048 978">
    <p class='ocr_par' dir='ltr' id='par_1_10' title="bbox 337 902 2048 978">
     <span class='ocr_line' id='line_1_10' title="bbox 337 902 2048 978; baseline -0.009 -6"><span class='ocrx_word' id='word_1_61' title='bbox 337 920 497 972; x_wconf 87' lang='lat' dir='ltr'><strong>tenet.</strong></span> <span class='ocrx_word' id='word_1_62' title='bbox 526 915 581 970; x_wconf 88' lang='lat' dir='ltr'><strong>id</strong></span> <span class='ocrx_word' id='word_1_63' title='bbox 617 913 1063 978; x_wconf 79' lang='lat' dir='ltr'><strong>monasterium,</strong></span> <span class='ocrx_word' id='word_1_64' title='bbox 1095 908 1188 964; x_wconf 92' lang='lat' dir='ltr'><strong>die</strong></span> <span class='ocrx_word' id='word_1_65' title='bbox 1216 909 1460 978; x_wconf 90' lang='lat' dir='ltr'><strong>septimo</strong></span> <span class='ocrx_word' id='word_1_66' title='bbox 1496 905 1864 960; x_wconf 91' lang='lat' dir='ltr'><strong>moriturum.</strong></span> <span class='ocrx_word' id='word_1_67' title='bbox 1894 924 1921 952; x_wconf 85' lang='lat'><strong>»</strong></span> <span class='ocrx_word' id='word_1_68' title='bbox 1947 902 2048 956; x_wconf 86' lang='lat' dir='ltr'><strong>His</strong></span> 
     </span>
    </p>
   </div>
   <div class='ocr_carea' id='block_1_11' title="bbox 337 991 2046 1070">
    <p class='ocr_par' dir='ltr' id='par_1_11' title="bbox 337 991 2046 1070">
     <span class='ocr_line' id='line_1_11' title="bbox 337 991 2046 1070; baseline -0.009 -11"><span class='ocrx_word' id='word_1_69' title='bbox 337 1004 530 1070; x_wconf 87' lang='lat' dir='ltr'><strong>dictis,</strong></span> <span class='ocrx_word' id='word_1_70' title='bbox 564 1001 916 1058; x_wconf 89' lang='lat' dir='ltr'><strong>monachum</strong></span> <span class='ocrx_word' id='word_1_71' title='bbox 961 998 1206 1054; x_wconf 88' lang='lat' dir='ltr'><strong>osoitare</strong></span> <span class='ocrx_word' id='word_1_72' title='bbox 1260 995 1619 1066; x_wconf 66' lang='lat' dir='ltr'><strong>precipiens,</strong></span> <span class='ocrx_word' id='word_1_73' title='bbox 1648 993 1796 1047; x_wconf 92' lang='lat' dir='ltr'><strong>duos</strong></span> <span class='ocrx_word' id='word_1_74' title='bbox 1837 991 2046 1059; x_wconf 80' lang='lat' dir='ltr'><strong>digitos</strong></span> 
     </span>
    </p>
   </div>
   <div class='ocr_carea' id='block_1_12' title="bbox 340 1083 2047 1157">
    <p class='ocr_par' dir='ltr' id='par_1_12' title="bbox 340 1083 2047 1157">
     <span class='ocr_line' id='line_1_12' title="bbox 340 1083 2047 1157; baseline -0.008 -12"><span class='ocrx_word' id='word_1_75' title='bbox 340 1091 400 1145; x_wconf 91' lang='lat' dir='ltr'><strong>in</strong></span> <span class='ocrx_word' id='word_1_76' title='bbox 434 1091 660 1144; x_wconf 83' lang='lat' dir='ltr'><strong>faucem</strong></span> <span class='ocrx_word' id='word_1_77' title='bbox 683 1087 951 1157; x_wconf 86' lang='lat' dir='ltr'><strong>conjecit,</strong></span> <span class='ocrx_word' id='word_1_78' title='bbox 975 1084 1300 1154; x_wconf 86' lang='lat' dir='ltr'><strong>vulnusque</strong></span> <span class='ocrx_word' id='word_1_79' title='bbox 1321 1083 1714 1150; x_wconf 85' lang='lat' dir='ltr'><strong>disrumpens,</strong></span> <span class='ocrx_word' id='word_1_80' title='bbox 1737 1083 1801 1133; x_wconf 90' lang='lat' dir='ltr'><strong>ut</strong></span> <span class='ocrx_word' id='word_1_81' title='bbox 1819 1092 2047 1133; x_wconf 82' lang='lat' dir='ltr'><strong>excrea-</strong></span> 
     </span>
    </p>
   </div>
   <div class='ocr_carea' id='block_1_13' title="bbox 337 1166 2045 1249">
    <p class='ocr_par' dir='ltr' id='par_1_13' title="bbox 337 1166 2045 1249">
     <span class='ocr_line' id='line_1_13' title="bbox 337 1166 2045 1249; baseline -0.008 -15"><span class='ocrx_word' id='word_1_82' title='bbox 337 1183 426 1234; x_wconf 85' lang='lat' dir='ltr'><strong>ret</strong></span> <span class='ocrx_word' id='word_1_83' title='bbox 445 1177 721 1249; x_wconf 80' lang='lat' dir='ltr'><strong>injunxit.</strong></span> <span class='ocrx_word' id='word_1_84' title='bbox 750 1175 848 1231; x_wconf 92' lang='lat' dir='ltr'><strong>llle</strong></span> <span class='ocrx_word' id='word_1_85' title='bbox 876 1175 1157 1241; x_wconf 89' lang='lat' dir='ltr'><strong>tussiens,</strong></span> <span class='ocrx_word' id='word_1_86' title='bbox 1183 1184 1404 1244; x_wconf 90' lang='lat' dir='ltr'><strong>partem</strong></span> <span class='ocrx_word' id='word_1_87' title='bbox 1429 1169 1713 1241; x_wconf 89' lang='lat' dir='ltr'><strong>coagulati</strong></span> <span class='ocrx_word' id='word_1_88' title='bbox 1738 1166 2045 1238; x_wconf 84' lang='lat' dir='ltr'><strong>sanguinis</strong></span> 
     </span>
    </p>
   </div>
   <div class='ocr_carea' id='block_1_14' title="bbox 335 1257 2043 1337">
    <p class='ocr_par' dir='ltr' id='par_1_14' title="bbox 335 1257 2043 1337">
     <span class='ocr_line' id='line_1_14' title="bbox 335 1257 2043 1337; baseline -0.008 -14"><span class='ocrx_word' id='word_1_89' title='bbox 335 1267 396 1323; x_wconf 91' lang='lat' dir='ltr'><strong>in</strong></span> <span class='ocrx_word' id='word_1_90' title='bbox 428 1268 671 1323; x_wconf 92' lang='lat' dir='ltr'><strong>modum</strong></span> <span class='ocrx_word' id='word_1_91' title='bbox 714 1264 925 1337; x_wconf 81' lang='lat' dir='ltr'><strong>lapidis</strong></span> <span class='ocrx_word' id='word_1_92' title='bbox 974 1281 1033 1319; x_wconf 92' lang='lat' dir='ltr'><strong>re</strong></span> <span class='ocrx_word' id='word_1_93' title='bbox 1079 1279 1210 1319; x_wconf 91' lang='lat' dir='ltr'><strong>vera</strong></span> <span class='ocrx_word' id='word_1_94' title='bbox 1243 1262 1512 1333; x_wconf 90' lang='lat' dir='ltr'><strong>projecit;</strong></span> <span class='ocrx_word' id='word_1_95' title='bbox 1547 1266 1606 1314; x_wconf 89' lang='lat' dir='ltr'><strong>et</strong></span> <span class='ocrx_word' id='word_1_96' title='bbox 1631 1259 1702 1314; x_wconf 88' lang='lat' dir='ltr'><strong>ab</strong></span> <span class='ocrx_word' id='word_1_97' title='bbox 1726 1257 1868 1326; x_wconf 88' lang='lat' dir='ltr'><strong>ipsis</strong></span> <span class='ocrx_word' id='word_1_98' title='bbox 1902 1272 2043 1325; x_wconf 91' lang='lat' dir='ltr'><strong>pene</strong></span> 
     </span>
    </p>
   </div>
   <div class='ocr_carea' id='block_1_15' title="bbox 331 1352 2040 1426">
    <p class='ocr_par' dir='ltr' id='par_1_15' title="bbox 331 1352 2040 1426">
     <span class='ocr_line' id='line_1_15' title="bbox 331 1352 2040 1426; baseline -0.009 -13"><span class='ocrx_word' id='word_1_99' title='bbox 331 1355 532 1413; x_wconf 89' lang='lat' dir='ltr'><strong>mortis</strong></span> <span class='ocrx_word' id='word_1_100' title='bbox 558 1355 755 1426; x_wconf 87' lang='lat' dir='ltr'><strong>januis</strong></span> <span class='ocrx_word' id='word_1_101' title='bbox 786 1355 1088 1416; x_wconf 89' lang='lat' dir='ltr'><strong>liberatus,</strong></span> <span class='ocrx_word' id='word_1_102' title='bbox 1147 1352 1349 1407; x_wconf 90' lang='lat' dir='ltr'><strong>eadem</strong></span> <span class='ocrx_word' id='word_1_103' title='bbox 1405 1358 1570 1405; x_wconf 91' lang='lat' dir='ltr'><strong>nocte</strong></span> <span class='ocrx_word' id='word_1_104' title='bbox 1624 1353 1827 1403; x_wconf 87' lang='lat' dir='ltr'><strong>contra</strong></span> <span class='ocrx_word' id='word_1_105' title='bbox 1879 1360 2040 1416; x_wconf 83' lang='lat' dir='ltr'><strong>spem</strong></span> 
     </span>
    </p>
   </div>
   <div class='ocr_carea' id='block_1_16' title="bbox 338 1436 2040 1512">
    <p class='ocr_par' dir='ltr' id='par_1_16' title="bbox 338 1436 2040 1512">
     <span class='ocr_line' id='line_1_16' title="bbox 338 1436 2040 1512; baseline -0.009 -10"><span class='ocrx_word' id='word_1_106' title='bbox 338 1447 602 1502; x_wconf 88' lang='lat' dir='ltr'><strong>omnium</strong></span> <span class='ocrx_word' id='word_1_107' title='bbox 635 1442 1084 1500; x_wconf 72' lang='lat' dir='ltr'><strong>matutinalibus</strong></span> <span class='ocrx_word' id='word_1_108' title='bbox 1117 1440 1351 1512; x_wconf 83' lang='lat' dir='ltr'><strong>hymnis</strong></span> <span class='ocrx_word' id='word_1_109' title='bbox 1380 1438 1662 1494; x_wconf 88' lang='lat' dir='ltr'><strong>interfuit.</strong></span> <span class='ocrx_word' id='word_1_110' title='bbox 1699 1436 2040 1491; x_wconf 86' lang='lat' dir='ltr'><strong>Mirantibus</strong></span> 
     </span>
    </p>
   </div>
   <div class='ocr_carea' id='block_1_17' title="bbox 334 1523 2040 1601">
    <p class='ocr_par' dir='ltr' id='par_1_17' title="bbox 334 1523 2040 1601">
     <span class='ocr_line' id='line_1_17' title="bbox 334 1523 2040 1601; baseline -0.009 -11"><span class='ocrx_word' id='word_1_111' title='bbox 334 1535 635 1601; x_wconf 81' lang='lat' dir='ltr'><strong>fratribus,</strong></span> <span class='ocrx_word' id='word_1_112' title='bbox 659 1532 928 1589; x_wconf 80' lang='lat' dir='ltr'><strong>sanitatis</strong></span> <span class='ocrx_word' id='word_1_113' title='bbox 950 1548 1068 1585; x_wconf 75' lang='lat' dir='ltr'><strong>sure</strong></span> <span class='ocrx_word' id='word_1_114' title='bbox 1089 1530 1323 1586; x_wconf 90' lang='lat' dir='ltr'><strong>modum</strong></span> <span class='ocrx_word' id='word_1_115' title='bbox 1349 1527 1618 1592; x_wconf 82' lang='lat' dir='ltr'><strong>innotuit,</strong></span> <span class='ocrx_word' id='word_1_116' title='bbox 1642 1541 1786 1597; x_wconf 88' lang='lat' dir='ltr'><strong>quos</strong></span> <span class='ocrx_word' id='word_1_117' title='bbox 1809 1523 2040 1594; x_wconf 89' lang='lat' dir='ltr'><strong>quando</strong></span> 
     </span>
    </p>
   </div>
   <div class='ocr_carea' id='block_1_18' title="bbox 333 1612 2041 1694">
    <p class='ocr_par' dir='ltr' id='par_1_18' title="bbox 333 1612 2041 1694">
     <span class='ocr_line' id='line_1_18' title="bbox 333 1612 2041 1694; baseline -0.008 -15"><span class='ocrx_word' id='word_1_118' title='bbox 333 1629 390 1680; x_wconf 89' lang='lat' dir='ltr'><strong>et</strong></span> <span class='ocrx_word' id='word_1_119' title='bbox 411 1623 661 1694; x_wconf 83' lang='lat' dir='ltr'><strong>qualiter</strong></span> <span class='ocrx_word' id='word_1_120' title='bbox 681 1639 750 1676; x_wconf 80' lang='lat' dir='ltr'><strong>ex</strong></span> <span class='ocrx_word' id='word_1_121' title='bbox 799 1620 1136 1675; x_wconf 83' lang='lat' dir='ltr'><strong>monasterii</strong></span> <span class='ocrx_word' id='word_1_122' title='bbox 1178 1617 1398 1673; x_wconf 83' lang='lat' dir='ltr'><strong>familia</strong></span> <span class='ocrx_word' id='word_1_123' title='bbox 1420 1618 1732 1671; x_wconf 90' lang='lat' dir='ltr'><strong>morituros</strong></span> <span class='ocrx_word' id='word_1_124' title='bbox 1767 1612 2041 1684; x_wconf 53' lang='lat' dir='ltr'><strong>praevide—</strong></span> 
     </span>
    </p>
   </div>
   <div class='ocr_carea' id='block_1_19' title="bbox 2167 457 2346 508">
    <p class='ocr_par' dir='ltr' id='par_1_19' title="bbox 2167 457 2346 508">
     <span class='ocr_line' id='line_1_19' title="bbox 2167 457 2346 508; baseline -0.006 0"><span class='ocrx_word' id='word_1_125' title='bbox 2167 457 2346 508; x_wconf 89' lang='lat' dir='ltr'><strong>retur.</strong></span> 
     </span>
    </p>
   </div>
   <div class='ocr_carea' id='block_1_20' title="bbox 2235 541 3876 617">
    <p class='ocr_par' dir='ltr' id='par_1_20' title="bbox 2235 541 3876 617">
     <span class='ocr_line' id='line_1_20' title="bbox 2235 541 3876 617; baseline 0.009 -23"><span class='ocrx_word' id='word_1_126' title='bbox 2235 541 2324 594; x_wconf 84' lang='lat'><strong>92.</strong></span> <span class='ocrx_word' id='word_1_127' title='bbox 2380 541 2594 597; x_wconf 87' lang='lat' dir='ltr'><strong>Eodem</strong></span> <span class='ocrx_word' id='word_1_128' title='bbox 2641 546 2899 614; x_wconf 80' lang='lat' dir='ltr'><strong>tempore</strong></span> <span class='ocrx_word' id='word_1_129' title='bbox 2947 560 3263 616; x_wconf 90' lang='lat' dir='ltr'><strong>germanus</strong></span> <span class='ocrx_word' id='word_1_130' title='bbox 3301 548 3566 617; x_wconf 87' lang='lat' dir='ltr'><strong>ejusdem</strong></span> <span class='ocrx_word' id='word_1_131' title='bbox 3599 552 3876 608; x_wconf 87' lang='lat' dir='ltr'><strong>monachi</strong></span> 
     </span>
    </p>
   </div>
   <div class='ocr_carea' id='block_1_21' title="bbox 2147 630 3875 703">
    <p class='ocr_par' dir='ltr' id='par_1_21' title="bbox 2147 630 3875 703">
     <span class='ocr_line' id='line_1_21' title="bbox 2147 630 3875 703; baseline 0.008 -19"><span class='ocrx_word' id='word_1_132' title='bbox 2147 631 2380 690; x_wconf 72' lang='lat' dir='ltr'><strong>,meutis</strong></span> <span class='ocrx_word' id='word_1_133' title='bbox 2411 630 2702 687; x_wconf 87' lang='lat' dir='ltr'><strong>insaniam</strong></span> <span class='ocrx_word' id='word_1_134' title='bbox 2733 649 2942 702; x_wconf 82' lang='lat' dir='ltr'><strong>passus</strong></span> <span class='ocrx_word' id='word_1_135' title='bbox 2963 640 3072 703; x_wconf 88' lang='lat' dir='ltr'><strong>est,</strong></span> <span class='ocrx_word' id='word_1_136' title='bbox 3093 636 3173 690; x_wconf 88' lang='lat' dir='ltr'><strong>ita</strong></span> <span class='ocrx_word' id='word_1_137' title='bbox 3195 642 3258 691; x_wconf 94' lang='lat' dir='ltr'><strong>ut</strong></span> <span class='ocrx_word' id='word_1_138' title='bbox 3288 637 3546 694; x_wconf 86' lang='lat' dir='ltr'><strong>humana</strong></span> <span class='ocrx_word' id='word_1_139' title='bbox 3577 643 3875 698; x_wconf 85' lang='lat' dir='ltr'><strong>consortia</strong></span> 
     </span>
    </p>
   </div>
   <div class='ocr_carea' id='block_1_22' title="bbox 2164 719 3872 800">
    <p class='ocr_par' dir='ltr' id='par_1_22' title="bbox 2164 719 3872 800">
     <span class='ocr_line' id='line_1_22' title="bbox 2164 719 3872 800; baseline 0.009 -27"><span class='ocrx_word' id='word_1_140' title='bbox 2164 719 2409 789; x_wconf 83' lang='lat' dir='ltr'><strong>fugiens,</strong></span> <span class='ocrx_word' id='word_1_141' title='bbox 2438 722 2618 776; x_wconf 88' lang='lat' dir='ltr'><strong>multo</strong></span> <span class='ocrx_word' id='word_1_142' title='bbox 2657 726 2917 794; x_wconf 89' lang='lat' dir='ltr'><strong>tempore</strong></span> <span class='ocrx_word' id='word_1_143' title='bbox 2959 741 3241 796; x_wconf 88' lang='lat' dir='ltr'><strong>pervagus</strong></span> <span class='ocrx_word' id='word_1_144' title='bbox 3283 743 3382 796; x_wconf 85' lang='lat' dir='ltr'><strong>per</strong></span> <span class='ocrx_word' id='word_1_145' title='bbox 3410 735 3642 800; x_wconf 83' lang='lat' dir='ltr'><strong>cryptas</strong></span> <span class='ocrx_word' id='word_1_146' title='bbox 3671 731 3872 788; x_wconf 88' lang='lat' dir='ltr'><strong>solita-</strong></span> 
     </span>
    </p>
   </div>
   <div class='ocr_carea' id='block_1_23' title="bbox 2163 807 3870 890">
    <p class='ocr_par' dir='ltr' id='par_1_23' title="bbox 2163 807 3870 890">
     <span class='ocr_line' id='line_1_23' title="bbox 2163 807 3870 890; baseline 0.009 -29"><span class='ocrx_word' id='word_1_147' title='bbox 2163 807 2295 875; x_wconf 89' lang='lat' dir='ltr'><strong>rias,</strong></span> <span class='ocrx_word' id='word_1_148' title='bbox 2326 812 2384 864; x_wconf 88' lang='lat' dir='ltr'><strong>et</strong></span> <span class='ocrx_word' id='word_1_149' title='bbox 2413 825 2646 865; x_wconf 75' lang='lat' dir='ltr'><strong>cmnosa</strong></span> <span class='ocrx_word' id='word_1_150' title='bbox 2677 817 3060 867; x_wconf 88' lang='lat' dir='ltr'><strong>monumenta</strong></span> <span class='ocrx_word' id='word_1_151' title='bbox 3091 815 3461 872; x_wconf 86' lang='lat' dir='ltr'><strong>discurreret.</strong></span> <span class='ocrx_word' id='word_1_152' title='bbox 3495 819 3676 890; x_wconf 82' lang='lat' dir='ltr'><strong>Cujus</strong></span> <span class='ocrx_word' id='word_1_153' title='bbox 3705 819 3870 876; x_wconf 88' lang='lat' dir='ltr'><strong>insa-</strong></span> 
     </span>
    </p>
   </div>
   <div class='ocr_carea' id='block_1_24' title="bbox 2159 897 3871 974">
    <p class='ocr_par' dir='ltr' id='par_1_24' title="bbox 2159 897 3871 974">
     <span class='ocr_line' id='line_1_24' title="bbox 2159 897 3871 974; baseline 0.01 -24"><span class='ocrx_word' id='word_1_154' title='bbox 2159 897 2267 951; x_wconf 70' lang='lat' dir='ltr'><strong>niaa</strong></span> <span class='ocrx_word' id='word_1_155' title='bbox 2296 898 2471 952; x_wconf 80' lang='lat' dir='ltr'><strong>frater</strong></span> <span class='ocrx_word' id='word_1_156' title='bbox 2503 899 2748 954; x_wconf 91' lang='lat' dir='ltr'><strong>nimium</strong></span> <span class='ocrx_word' id='word_1_157' title='bbox 2777 901 3114 970; x_wconf 90' lang='lat' dir='ltr'><strong>condolens,</strong></span> <span class='ocrx_word' id='word_1_158' title='bbox 3147 905 3405 974; x_wconf 87' lang='lat' dir='ltr'><strong>quotidie</strong></span> <span class='ocrx_word' id='word_1_159' title='bbox 3439 914 3706 964; x_wconf 88' lang='lat' dir='ltr'><strong>sanctum</strong></span> <span class='ocrx_word' id='word_1_160' title='bbox 3731 910 3871 966; x_wconf 87' lang='lat' dir='ltr'><strong>Gre-</strong></span> 
     </span>
    </p>
   </div>
   <div class='ocr_carea' id='block_1_25' title="bbox 2155 985 3875 1060">
    <p class='ocr_par' dir='ltr' id='par_1_25' title="bbox 2155 985 3875 1060">
     <span class='ocr_line' id='line_1_25' title="bbox 2155 985 3875 1060; baseline 0.01 -23"><span class='ocrx_word' id='word_1_161' title='bbox 2155 985 2380 1055; x_wconf 89' lang='lat' dir='ltr'><strong>gorium</strong></span> <span class='ocrx_word' id='word_1_162' title='bbox 2415 986 2664 1056; x_wconf 88' lang='lat' dir='ltr'><strong>profusis</strong></span> <span class='ocrx_word' id='word_1_163' title='bbox 2695 986 2969 1060; x_wconf 85' lang='lat' dir='ltr'><strong>lacrymis</strong></span> <span class='ocrx_word' id='word_1_164' title='bbox 3002 994 3369 1060; x_wconf 86' lang='lat' dir='ltr'><strong>precabatur,</strong></span> <span class='ocrx_word' id='word_1_165' title='bbox 3406 1001 3467 1049; x_wconf 90' lang='lat' dir='ltr'><strong>ut</strong></span> <span class='ocrx_word' id='word_1_166' title='bbox 3497 996 3606 1049; x_wconf 87' lang='lat' dir='ltr'><strong>sibi</strong></span> <span class='ocrx_word' id='word_1_167' title='bbox 3637 997 3875 1055; x_wconf 81' lang='lat' dir='ltr'><strong>fratrem</strong></span> 
     </span>
    </p>
   </div>
   <div class='ocr_carea' id='block_1_26' title="bbox 2156 1074 3867 1153">
    <p class='ocr_par' dir='ltr' id='par_1_26' title="bbox 2156 1074 3867 1153">
     <span class='ocr_line' id='line_1_26' title="bbox 2156 1074 3867 1153; baseline 0.009 -25"><span class='ocrx_word' id='word_1_168' title='bbox 2156 1074 2431 1142; x_wconf 86' lang='lat' dir='ltr'><strong>sospitem</strong></span> <span class='ocrx_word' id='word_1_169' title='bbox 2489 1077 2726 1132; x_wconf 87' lang='lat' dir='ltr'><strong>reddere</strong></span> <span class='ocrx_word' id='word_1_170' title='bbox 2797 1078 3155 1150; x_wconf 85' lang='lat' dir='ltr'><strong>dignaretur.</strong></span> <span class='ocrx_word' id='word_1_171' title='bbox 3223 1082 3426 1153; x_wconf 86' lang='lat' dir='ltr'><strong>Itaque</strong></span> <span class='ocrx_word' id='word_1_172' title='bbox 3501 1084 3672 1142; x_wconf 63' lang='lat' dir='ltr'><strong>I82</strong></span> <span class='ocrx_word' id='word_1_173' title='bbox 3732 1105 3867 1144; x_wconf 89' lang='lat' dir='ltr'><strong>cum</strong></span> 
     </span>
    </p>
   </div>
   <div class='ocr_carea' id='block_1_27' title="bbox 2156 1164 3864 1244">
    <p class='ocr_par' dir='ltr' id='par_1_27' title="bbox 2156 1164 3864 1244">
     <span class='ocr_line' id='line_1_27' title="bbox 2156 1164 3864 1244; baseline 0.008 -28"><span class='ocrx_word' id='word_1_174' title='bbox 2156 1169 2323 1217; x_wconf 89' lang='lat' dir='ltr'><strong>nocte</strong></span> <span class='ocrx_word' id='word_1_175' title='bbox 2379 1164 2630 1233; x_wconf 90' lang='lat' dir='ltr'><strong>quadam</strong></span> <span class='ocrx_word' id='word_1_176' title='bbox 2695 1171 2820 1234; x_wconf 89' lang='lat' dir='ltr'><strong>post</strong></span> <span class='ocrx_word' id='word_1_177' title='bbox 2881 1166 3218 1237; x_wconf 85' lang='lat' dir='ltr'><strong>hujusmodi</strong></span> <span class='ocrx_word' id='word_1_178' title='bbox 3288 1171 3462 1228; x_wconf 86' lang='lat' dir='ltr'><strong>ﬂetus</strong></span> <span class='ocrx_word' id='word_1_179' title='bbox 3520 1175 3864 1244; x_wconf 87' lang='lat' dir='ltr'><strong>quiesceret,</strong></span> 
     </span>
    </p>
   </div>
   <div class='ocr_carea' id='block_1_28' title="bbox 2155 1249 3864 1339">
    <p class='ocr_par' dir='ltr' id='par_1_28' title="bbox 2155 1249 3864 1339">
     <span class='ocr_line' id='line_1_28' title="bbox 2155 1249 3864 1339; baseline 0.009 -35"><span class='ocrx_word' id='word_1_180' title='bbox 2155 1249 2358 1306; x_wconf 86' lang='lat' dir='ltr'><strong>beatus</strong></span> <span class='ocrx_word' id='word_1_181' title='bbox 2397 1252 2705 1321; x_wconf 73' lang='lat' dir='ltr'><strong>Gregorius</strong></span> <span class='ocrx_word' id='word_1_182' title='bbox 2745 1258 3010 1325; x_wconf 87' lang='lat' dir='ltr'><strong>apparuit</strong></span> <span class='ocrx_word' id='word_1_183' title='bbox 3041 1257 3092 1312; x_wconf 89' lang='lat' dir='ltr'><strong>ei</strong></span> <span class='ocrx_word' id='word_1_184' title='bbox 3116 1260 3344 1316; x_wconf 88' lang='lat' dir='ltr'><strong>dicens:</strong></span> <span class='ocrx_word' id='word_1_185' title='bbox 3370 1283 3397 1311; x_wconf 87' lang='lat'><strong>«</strong></span> <span class='ocrx_word' id='word_1_186' title='bbox 3431 1262 3648 1318; x_wconf 82' lang='lat' dir='ltr'><strong>Videris</strong></span> <span class='ocrx_word' id='word_1_187' title='bbox 3679 1264 3864 1339; x_wconf 79' lang='lat' dir='ltr'><strong>lacry-</strong></span> 
     </span>
    </p>
   </div>
   <div class='ocr_carea' id='block_1_29' title="bbox 2154 1344 3864 1425">
    <p class='ocr_par' dir='ltr' id='par_1_29' title="bbox 2154 1344 3864 1425">
     <span class='ocr_line' id='line_1_29' title="bbox 2154 1344 3864 1425; baseline 0.01 -32"><span class='ocrx_word' id='word_1_188' title='bbox 2154 1355 2280 1394; x_wconf 89' lang='lat' dir='ltr'><strong>mas</strong></span> <span class='ocrx_word' id='word_1_189' title='bbox 2329 1345 2478 1407; x_wconf 90' lang='lat' dir='ltr'><strong>tuas,</strong></span> <span class='ocrx_word' id='word_1_190' title='bbox 2511 1344 2741 1414; x_wconf 89' lang='lat' dir='ltr'><strong>suscepi</strong></span> <span class='ocrx_word' id='word_1_191' title='bbox 2793 1347 3110 1401; x_wconf 89' lang='lat' dir='ltr'><strong>orationem</strong></span> <span class='ocrx_word' id='word_1_192' title='bbox 3153 1352 3342 1416; x_wconf 88' lang='lat' dir='ltr'><strong>tuam;</strong></span> <span class='ocrx_word' id='word_1_193' title='bbox 3378 1357 3432 1404; x_wconf 90' lang='lat' dir='ltr'><strong>et</strong></span> <span class='ocrx_word' id='word_1_194' title='bbox 3463 1366 3595 1407; x_wconf 92' lang='lat' dir='ltr'><strong>ecce</strong></span> <span class='ocrx_word' id='word_1_195' title='bbox 3623 1369 3864 1425; x_wconf 56' lang='lat' dir='ltr'><strong>germao</strong></span> 
     </span>
    </p>
   </div>
   <div class='ocr_carea' id='block_1_30' title="bbox 2151 1431 3863 1500">
    <p class='ocr_par' dir='ltr' id='par_1_30' title="bbox 2151 1431 3863 1500">
     <span class='ocr_line' id='line_1_30' title="bbox 2151 1431 3863 1500; baseline 0.009 -16"><span class='ocrx_word' id='word_1_196' title='bbox 2151 1445 2292 1484; x_wconf 88' lang='lat' dir='ltr'><strong>num</strong></span> <span class='ocrx_word' id='word_1_197' title='bbox 2325 1435 2491 1486; x_wconf 92' lang='lat' dir='ltr'><strong>tuum</strong></span> <span class='ocrx_word' id='word_1_198' title='bbox 2525 1431 2632 1487; x_wconf 90' lang='lat' dir='ltr'><strong>tibi</strong></span> <span class='ocrx_word' id='word_1_199' title='bbox 2693 1434 2856 1488; x_wconf 88' lang='lat' dir='ltr'><strong>hodie</strong></span> <span class='ocrx_word' id='word_1_200' title='bbox 2907 1452 3116 1491; x_wconf 89' lang='lat' dir='ltr'><strong>sanum</strong></span> <span class='ocrx_word' id='word_1_201' title='bbox 3176 1440 3473 1496; x_wconf 87' lang='lat' dir='ltr'><strong>reducam.</strong></span> <span class='ocrx_word' id='word_1_202' title='bbox 3517 1442 3586 1497; x_wconf 84' lang='lat' dir='ltr'><strong>Et</strong></span> <span class='ocrx_word' id='word_1_203' title='bbox 3616 1443 3722 1498; x_wconf 91' lang='lat' dir='ltr'><strong>hoc</strong></span> <span class='ocrx_word' id='word_1_204' title='bbox 3755 1446 3863 1500; x_wconf 90' lang='lat' dir='ltr'><strong>tibi</strong></span> 
     </span>
    </p>
   </div>
   <div class='ocr_carea' id='block_1_31' title="bbox 2150 1518 3864 1603">
    <p class='ocr_par' dir='ltr' id='par_1_31' title="bbox 2150 1518 3864 1603">
     <span class='ocr_line' id='line_1_31' title="bbox 2150 1518 3864 1603; baseline 0.012 -32"><span class='ocrx_word' id='word_1_205' title='bbox 2150 1518 2407 1589; x_wconf 86' lang='lat' dir='ltr'><strong>signum,</strong></span> <span class='ocrx_word' id='word_1_206' title='bbox 2435 1521 2591 1591; x_wconf 85' lang='lat' dir='ltr'><strong>quia,</strong></span> <span class='ocrx_word' id='word_1_207' title='bbox 2612 1522 2807 1576; x_wconf 89' lang='lat' dir='ltr'><strong>statim</strong></span> <span class='ocrx_word' id='word_1_208' title='bbox 2832 1529 2893 1578; x_wconf 93' lang='lat' dir='ltr'><strong>ut</strong></span> <span class='ocrx_word' id='word_1_209' title='bbox 2914 1524 3034 1580; x_wconf 91' lang='lat' dir='ltr'><strong>dies</strong></span> <span class='ocrx_word' id='word_1_210' title='bbox 3061 1525 3517 1598; x_wconf 86' lang='lat' dir='ltr'><strong>illuxerit,jussu</strong></span> <span class='ocrx_word' id='word_1_211' title='bbox 3542 1533 3864 1603; x_wconf 80' lang='lat' dir='ltr'><strong>pontificis,</strong></span> 
     </span>
    </p>
   </div>
   <div class='ocr_carea' id='block_1_32' title="bbox 2150 1610 3861 1684">
    <p class='ocr_par' dir='ltr' id='par_1_32' title="bbox 2150 1610 3861 1684">
     <span class='ocr_line' id='line_1_32' title="bbox 2150 1610 3861 1684; baseline 0.011 -23"><span class='ocrx_word' id='word_1_212' title='bbox 2150 1610 2452 1681; x_wconf 82' lang='lat' dir='ltr'><strong>presbyter</strong></span> <span class='ocrx_word' id='word_1_213' title='bbox 2473 1611 2568 1680; x_wconf 89' lang='lat' dir='ltr'><strong>qui</strong></span> <span class='ocrx_word' id='word_1_214' title='bbox 2611 1611 2703 1666; x_wconf 90' lang='lat' dir='ltr'><strong>hic</strong></span> <span class='ocrx_word' id='word_1_215' title='bbox 2747 1613 3011 1669; x_wconf 88' lang='lat' dir='ltr'><strong>inclusus</strong></span> <span class='ocrx_word' id='word_1_216' title='bbox 3034 1621 3123 1670; x_wconf 90' lang='lat' dir='ltr'><strong>est</strong></span> <span class='ocrx_word' id='word_1_217' title='bbox 3145 1619 3501 1676; x_wconf 83' lang='lat' dir='ltr'><strong>extrahetur.</strong></span> <span class='ocrx_word' id='word_1_218' title='bbox 3525 1642 3553 1670; x_wconf 74' lang='grc' dir='ltr'><strong><em>ιο</em></strong></span> <span class='ocrx_word' id='word_1_219' title='bbox 3587 1621 3693 1684; x_wconf 90' lang='lat' dir='ltr'><strong>Qui</strong></span> <span class='ocrx_word' id='word_1_220' title='bbox 3726 1639 3861 1678; x_wconf 85' lang='lat' dir='ltr'><strong>sur-</strong></span> 
     </span>
    </p>
   </div>
   <div class='ocr_carea' id='block_1_33' title="bbox 332 1699 3862 1794">
    <p class='ocr_par' dir='ltr' id='par_1_33' title="bbox 332 1699 3862 1794">
     <span class='ocr_line' id='line_1_33' title="bbox 332 1699 3862 1794; baseline 0.001 -26"><span class='ocrx_word' id='word_1_221' title='bbox 332 1713 430 1782; x_wconf 87' lang='lat' dir='ltr'><strong>rit,</strong></span> <span class='ocrx_word' id='word_1_222' title='bbox 455 1711 769 1779; x_wconf 87' lang='lat' dir='ltr'><strong>indicavit;</strong></span> <span class='ocrx_word' id='word_1_223' title='bbox 804 1711 874 1766; x_wconf 91' lang='lat' dir='ltr'><strong>de</strong></span> <span class='ocrx_word' id='word_1_224' title='bbox 906 1711 1028 1764; x_wconf 87' lang='lat' dir='ltr'><strong>sola</strong></span> <span class='ocrx_word' id='word_1_225' title='bbox 1059 1708 1316 1780; x_wconf 22' lang='lat' dir='ltr'><strong>ginterim</strong></span> <span class='ocrx_word' id='word_1_226' title='bbox 1378 1705 1632 1776; x_wconf 79' lang='lat' dir='ltr'><strong>episCOpi</strong></span> <span class='ocrx_word' id='word_1_227' title='bbox 1667 1712 1844 1758; x_wconf 88' lang='lat' dir='ltr'><strong>morte</strong></span> <span class='ocrx_word' id='word_1_228' title='bbox 1873 1701 2042 1756; x_wconf 89' lang='lat' dir='ltr'><strong>dubi-</strong></span> <span class='ocrx_word' id='word_1_229' title='bbox 2071 1729 2116 1794; x_wconf 81' lang='grc' dir='ltr'><strong>Β</strong></span> <span class='ocrx_word' id='word_1_230' title='bbox 2147 1713 2291 1768; x_wconf 81' lang='lat' dir='ltr'><strong>gens</strong></span> <span class='ocrx_word' id='word_1_231' title='bbox 2326 1699 2645 1754; x_wconf 86' lang='lat' dir='ltr'><strong>matutinali</strong></span> <span class='ocrx_word' id='word_1_232' title='bbox 2695 1706 2955 1771; x_wconf 89' lang='lat' dir='ltr'><strong>tempore</strong></span> <span class='ocrx_word' id='word_1_233' title='bbox 3011 1705 3287 1761; x_wconf 89' lang='lat' dir='ltr'><strong>fratribus</strong></span> <span class='ocrx_word' id='word_1_234' title='bbox 3346 1707 3644 1768; x_wconf 82' lang='lat' dir='ltr'><strong>iudicavit.</strong></span> <span class='ocrx_word' id='word_1_235' title='bbox 3692 1715 3862 1770; x_wconf 73' lang='lat' dir='ltr'><strong>Forte</strong></span> 
     </span>
    </p>
   </div>
   <div class='ocr_carea' id='block_1_34' title="bbox 327 1791 2035 1867">
    <p class='ocr_par' dir='ltr' id='par_1_34' title="bbox 327 1791 2035 1867">
     <span class='ocr_line' id='line_1_34' title="bbox 327 1791 2035 1867; baseline -0.006 -12"><span class='ocrx_word' id='word_1_236' title='bbox 327 1803 507 1856; x_wconf 88' lang='lat' dir='ltr'><strong>tando</strong></span> <span class='ocrx_word' id='word_1_237' title='bbox 566 1801 866 1855; x_wconf 89' lang='lat' dir='ltr'><strong>conticuit.</strong></span> <span class='ocrx_word' id='word_1_238' title='bbox 929 1803 1052 1853; x_wconf 79' lang='lat' dir='ltr'><strong>Ete</strong></span> <span class='ocrx_word' id='word_1_239' title='bbox 1109 1798 1348 1867; x_wconf 83' lang='lat' dir='ltr'><strong>vestigio</strong></span> <span class='ocrx_word' id='word_1_240' title='bbox 1379 1795 1438 1849; x_wconf 90' lang='lat' dir='ltr'><strong>in</strong></span> <span class='ocrx_word' id='word_1_241' title='bbox 1487 1800 1828 1848; x_wconf 90' lang='lat' dir='ltr'><strong>cunctorum</strong></span> <span class='ocrx_word' id='word_1_242' title='bbox 1863 1791 2035 1846; x_wconf 90' lang='lat' dir='ltr'><strong>morti</strong></span> 
     </span>
    </p>
   </div>
   <div class='ocr_carea' id='block_1_35' title="bbox 326 1881 2033 1961">
    <p class='ocr_par' dir='ltr' id='par_1_35' title="bbox 326 1881 2033 1961">
     <span class='ocr_line' id='line_1_35' title="bbox 326 1881 2033 1961; baseline -0.005 -17"><span class='ocrx_word' id='word_1_243' title='bbox 326 1891 738 1961; x_wconf 88' lang='lat' dir='ltr'><strong>deputatorum</strong></span> <span class='ocrx_word' id='word_1_244' title='bbox 770 1889 1010 1944; x_wconf 88' lang='lat' dir='ltr'><strong>auribus</strong></span> <span class='ocrx_word' id='word_1_245' title='bbox 1042 1887 1244 1941; x_wconf 89' lang='lat' dir='ltr'><strong>volans</strong></span> <span class='ocrx_word' id='word_1_246' title='bbox 1281 1887 1432 1940; x_wconf 90' lang='lat' dir='ltr'><strong>fama</strong></span> <span class='ocrx_word' id='word_1_247' title='bbox 1464 1884 1778 1949; x_wconf 87' lang='lat' dir='ltr'><strong>discurrit;</strong></span> <span class='ocrx_word' id='word_1_248' title='bbox 1810 1886 1867 1936; x_wconf 87' lang='lat' dir='ltr'><strong>et</strong></span> <span class='ocrx_word' id='word_1_249' title='bbox 1895 1881 2033 1936; x_wconf 90' lang='lat' dir='ltr'><strong>dum</strong></span> 
     </span>
    </p>
   </div>
   <div class='ocr_carea' id='block_1_36' title="bbox 322 1973 2033 2042">
    <p class='ocr_par' dir='ltr' id='par_1_36' title="bbox 322 1973 2033 2042">
     <span class='ocr_line' id='line_1_36' title="bbox 322 1973 2033 2042; baseline -0.005 -7"><span class='ocrx_word' id='word_1_250' title='bbox 322 1997 389 2035; x_wconf 82' lang='lat' dir='ltr'><strong>ex</strong></span> <span class='ocrx_word' id='word_1_251' title='bbox 423 1979 701 2036; x_wconf 88' lang='lat' dir='ltr'><strong>relatione</strong></span> <span class='ocrx_word' id='word_1_252' title='bbox 760 1978 1028 2035; x_wconf 86' lang='lat' dir='ltr'><strong>monachi</strong></span> <span class='ocrx_word' id='word_1_253' title='bbox 1061 1993 1122 2032; x_wconf 90' lang='lat' dir='ltr'><strong>se</strong></span> <span class='ocrx_word' id='word_1_254' title='bbox 1165 1977 1471 2032; x_wconf 85' lang='lat' dir='ltr'><strong>morituros</strong></span> <span class='ocrx_word' id='word_1_255' title='bbox 1518 1984 1668 2029; x_wconf 90' lang='lat' dir='ltr'><strong>certo</strong></span> <span class='ocrx_word' id='word_1_256' title='bbox 1699 1973 1790 2027; x_wconf 91' lang='lat' dir='ltr'><strong>die</strong></span> <span class='ocrx_word' id='word_1_257' title='bbox 1825 1987 2033 2042; x_wconf 87' lang='lat' dir='ltr'><strong>cogno-</strong></span> 
     </span>
    </p>
   </div>
   <div class='ocr_carea' id='block_1_37' title="bbox 321 2064 2028 2140">
    <p class='ocr_par' dir='ltr' id='par_1_37' title="bbox 321 2064 2028 2140">
     <span class='ocr_line' id='line_1_37' title="bbox 321 2064 2028 2140; baseline -0.006 -16"><span class='ocrx_word' id='word_1_258' title='bbox 321 2073 575 2135; x_wconf 88' lang='lat' dir='ltr'><strong>scereut,</strong></span> <span class='ocrx_word' id='word_1_259' title='bbox 606 2067 912 2140; x_wconf 87' lang='lat' dir='ltr'><strong>dispositis</strong></span> <span class='ocrx_word' id='word_1_260' title='bbox 940 2069 1064 2123; x_wconf 83' lang='lat' dir='ltr'><strong>suis</strong></span> <span class='ocrx_word' id='word_1_261' title='bbox 1098 2065 1334 2129; x_wconf 84' lang='lat' dir='ltr'><strong>recolis,</strong></span> <span class='ocrx_word' id='word_1_262' title='bbox 1365 2064 1445 2119; x_wconf 90' lang='lat' dir='ltr'><strong>ita</strong></span> <span class='ocrx_word' id='word_1_263' title='bbox 1478 2081 1540 2120; x_wconf 93' lang='lat' dir='ltr'><strong>se</strong></span> <span class='ocrx_word' id='word_1_264' title='bbox 1571 2065 1628 2117; x_wconf 89' lang='lat' dir='ltr'><strong>in</strong></span> <span class='ocrx_word' id='word_1_265' title='bbox 1665 2069 1905 2118; x_wconf 90' lang='lat' dir='ltr'><strong>mortem</strong></span> <span class='ocrx_word' id='word_1_266' title='bbox 1940 2076 2028 2115; x_wconf 88' lang='lat' dir='ltr'><strong>se-</strong></span> 
     </span>
    </p>
   </div>
   <div class='ocr_carea' id='block_1_38' title="bbox 323 2152 1763 2217">
    <p class='ocr_par' dir='ltr' id='par_1_38' title="bbox 323 2152 1763 2217">
     <span class='ocr_line' id='line_1_38' title="bbox 323 2152 1763 2217; baseline -0.006 -5"><span class='ocrx_word' id='word_1_267' title='bbox 323 2159 444 2212; x_wconf 92' lang='lat' dir='ltr'><strong>cuti</strong></span> <span class='ocrx_word' id='word_1_268' title='bbox 477 2162 632 2217; x_wconf 88' lang='lat' dir='ltr'><strong>sunt,</strong></span> <span class='ocrx_word' id='word_1_269' title='bbox 667 2159 819 2213; x_wconf 89' lang='lat' dir='ltr'><strong>sicut</strong></span> <span class='ocrx_word' id='word_1_270' title='bbox 851 2157 1080 2212; x_wconf 83' lang='lat' dir='ltr'><strong>fuerant</strong></span> <span class='ocrx_word' id='word_1_271' title='bbox 1111 2155 1167 2209; x_wconf 88' lang='lat' dir='ltr'><strong>in</strong></span> <span class='ocrx_word' id='word_1_272' title='bbox 1201 2155 1426 2209; x_wconf 89' lang='lat' dir='ltr'><strong>somnio</strong></span> <span class='ocrx_word' id='word_1_273' title='bbox 1459 2152 1763 2207; x_wconf 89' lang='lat' dir='ltr'><strong>nominati.</strong></span> 
     </span>
    </p>
   </div>
   <div class='ocr_carea' id='block_1_39' title="bbox 391 2240 2026 2316">
    <p class='ocr_par' dir='ltr' id='par_1_39' title="bbox 391 2240 2026 2316">
     <span class='ocr_line' id='line_1_39' title="bbox 391 2240 2026 2316; baseline -0.004 -18"><span class='ocrx_word' id='word_1_274' title='bbox 391 2246 481 2302; x_wconf 82' lang='lat'><strong>91.</strong></span> <span class='ocrx_word' id='word_1_275' title='bbox 513 2245 777 2316; x_wconf 87' lang='lat' dir='ltr'><strong>Cumque</strong></span> <span class='ocrx_word' id='word_1_276' title='bbox 810 2245 1110 2316; x_wconf 83' lang='lat' dir='ltr'><strong>presbyter</strong></span> <span class='ocrx_word' id='word_1_277' title='bbox 1141 2243 1466 2298; x_wconf 88' lang='lat' dir='ltr'><strong>monachus</strong></span> <span class='ocrx_word' id='word_1_278' title='bbox 1510 2241 1726 2296; x_wconf 89' lang='lat' dir='ltr'><strong>Lucido</strong></span> <span class='ocrx_word' id='word_1_279' title='bbox 1757 2240 2026 2310; x_wconf 87' lang='lat' dir='ltr'><strong>episcopo</strong></span> 
     </span>
    </p>
   </div>
   <div class='ocr_carea' id='block_1_40' title="bbox 318 2331 2024 2399">
    <p class='ocr_par' dir='ltr' id='par_1_40' title="bbox 318 2331 2024 2399">
     <span class='ocr_line' id='line_1_40' title="bbox 318 2331 2024 2399; baseline -0.005 -8"><span class='ocrx_word' id='word_1_280' title='bbox 318 2339 437 2391; x_wconf 90' lang='lat' dir='ltr'><strong>tam</strong></span> <span class='ocrx_word' id='word_1_281' title='bbox 472 2336 663 2390; x_wconf 90' lang='lat' dir='ltr'><strong>dirum</strong></span> <span class='ocrx_word' id='word_1_282' title='bbox 699 2335 971 2390; x_wconf 89' lang='lat' dir='ltr'><strong>nuntium</strong></span> <span class='ocrx_word' id='word_1_283' title='bbox 1031 2332 1282 2388; x_wconf 88' lang='lat' dir='ltr'><strong>revelare</strong></span> <span class='ocrx_word' id='word_1_284' title='bbox 1310 2331 1560 2399; x_wconf 89' lang='lat' dir='ltr'><strong>timeret,</strong></span> <span class='ocrx_word' id='word_1_285' title='bbox 1611 2337 1798 2385; x_wconf 78' lang='lat' dir='ltr'><strong>tacere</strong></span> <span class='ocrx_word' id='word_1_286' title='bbox 1831 2334 2024 2383; x_wconf 90' lang='lat' dir='ltr'><strong>autem</strong></span> 
     </span>
    </p>
   </div>
   <div class='ocr_carea' id='block_1_41' title="bbox 317 2417 2023 2496">
    <p class='ocr_par' dir='ltr' id='par_1_41' title="bbox 317 2417 2023 2496">
     <span class='ocr_line' id='line_1_41' title="bbox 317 2417 2023 2496; baseline -0.005 -18"><span class='ocrx_word' id='word_1_287' title='bbox 317 2426 548 2496; x_wconf 87' lang='lat' dir='ltr'><strong>penitus</strong></span> <span class='ocrx_word' id='word_1_288' title='bbox 572 2442 683 2480; x_wconf 90' lang='lat' dir='ltr'><strong>non</strong></span> <span class='ocrx_word' id='word_1_289' title='bbox 709 2425 969 2493; x_wconf 87' lang='lat' dir='ltr'><strong>auderet,</strong></span> <span class='ocrx_word' id='word_1_290' title='bbox 995 2421 1349 2478; x_wconf 86' lang='lat' dir='ltr'><strong>monasterio</strong></span> <span class='ocrx_word' id='word_1_291' title='bbox 1381 2422 1692 2476; x_wconf 88' lang='lat' dir='ltr'><strong>setandem</strong></span> <span class='ocrx_word' id='word_1_292' title='bbox 1720 2417 2023 2490; x_wconf 89' lang='lat' dir='ltr'><strong>proripuit,</strong></span> 
     </span>
    </p>
   </div>
   <div class='ocr_carea' id='block_1_42' title="bbox 320 2505 2023 2584">
    <p class='ocr_par' dir='ltr' id='par_1_42' title="bbox 320 2505 2023 2584">
     <span class='ocr_line' id='line_1_42' title="bbox 320 2505 2023 2584; baseline -0.005 -17"><span class='ocrx_word' id='word_1_293' title='bbox 320 2518 375 2567; x_wconf 86' lang='lat' dir='ltr'><strong>et</strong></span> <span class='ocrx_word' id='word_1_294' title='bbox 428 2515 497 2568; x_wconf 91' lang='lat' dir='ltr'><strong>ad</strong></span> <span class='ocrx_word' id='word_1_295' title='bbox 528 2515 766 2569; x_wconf 92' lang='lat' dir='ltr'><strong>domum</strong></span> <span class='ocrx_word' id='word_1_296' title='bbox 810 2512 1066 2584; x_wconf 88' lang='lat' dir='ltr'><strong>episcopi</strong></span> <span class='ocrx_word' id='word_1_297' title='bbox 1129 2527 1242 2566; x_wconf 91' lang='lat' dir='ltr'><strong>non</strong></span> <span class='ocrx_word' id='word_1_298' title='bbox 1279 2509 1446 2580; x_wconf 86' lang='lat' dir='ltr'><strong>longe</strong></span> <span class='ocrx_word' id='word_1_299' title='bbox 1476 2526 1509 2563; x_wconf 90' lang='lat' dir='ltr'><strong>a</strong></span> <span class='ocrx_word' id='word_1_300' title='bbox 1541 2508 1782 2563; x_wconf 86' lang='lat' dir='ltr'><strong>flumine</strong></span> <span class='ocrx_word' id='word_1_301' title='bbox 1811 2505 2023 2571; x_wconf 88' lang='lat' dir='ltr'><strong>Tiberi,</strong></span> 
     </span>
    </p>
   </div>
   <div class='ocr_carea' id='block_1_43' title="bbox 310 2597 2024 2676">
    <p class='ocr_par' dir='ltr' id='par_1_43' title="bbox 310 2597 2024 2676">
     <span class='ocr_line' id='line_1_43' title="bbox 310 2597 2024 2676; baseline -0.005 -18"><span class='ocrx_word' id='word_1_302' title='bbox 310 2603 393 2672; x_wconf 75' lang='grc' dir='ltr'><strong>(ὁ)</strong></span> <span class='ocrx_word' id='word_1_303' title='bbox 413 2604 644 2676; x_wconf 80' lang='lat' dir='ltr'><strong>regione</strong></span> <span class='ocrx_word' id='word_1_304' title='bbox 665 2604 1121 2672; x_wconf 84' lang='lat' dir='ltr'><strong>videlicetjuxta</strong></span> <span class='ocrx_word' id='word_1_305' title='bbox 1135 2601 1437 2656; x_wconf 89' lang='lat' dir='ltr'><strong>basilicam</strong></span> <span class='ocrx_word' id='word_1_306' title='bbox 1462 2605 1794 2655; x_wconf 89' lang='lat' dir='ltr'><strong>sanctorum</strong></span> <span class='ocrx_word' id='word_1_307' title='bbox 1819 2597 1945 2669; x_wconf 85' lang='lat' dir='ltr'><strong>Cyri</strong></span> <span class='ocrx_word' id='word_1_308' title='bbox 1967 2600 2024 2651; x_wconf 89' lang='lat' dir='ltr'><strong>et</strong></span> 
     </span>
    </p>
   </div>
   <div class='ocr_carea' id='block_1_44' title="bbox 307 2686 2017 2763">
    <p class='ocr_par' dir='ltr' id='par_1_44' title="bbox 307 2686 2017 2763">
     <span class='ocr_line' id='line_1_44' title="bbox 307 2686 2017 2763; baseline -0.004 -17"><span class='ocrx_word' id='word_1_309' title='bbox 307 2692 554 2749; x_wconf 84' lang='lat' dir='ltr'><strong>Joannis</strong></span> <span class='ocrx_word' id='word_1_310' title='bbox 614 2694 891 2763; x_wconf 85' lang='lat' dir='ltr'><strong>positam,</strong></span> <span class='ocrx_word' id='word_1_311' title='bbox 951 2693 1243 2748; x_wconf 89' lang='lat' dir='ltr'><strong>somnium</strong></span> <span class='ocrx_word' id='word_1_312' title='bbox 1305 2690 1676 2744; x_wconf 84' lang='lat' dir='ltr'><strong>nuntiaturus</strong></span> <span class='ocrx_word' id='word_1_313' title='bbox 1753 2686 2017 2744; x_wconf 89' lang='lat' dir='ltr'><strong>accesit.</strong></span> 
     </span>
    </p>
   </div>
   <div class='ocr_carea' id='block_1_45' title="bbox 316 2778 2020 2850">
    <p class='ocr_par' dir='ltr' id='par_1_45' title="bbox 316 2778 2020 2850">
     <span class='ocr_line' id='line_1_45' title="bbox 316 2778 2020 2850; baseline -0.005 -13"><span class='ocrx_word' id='word_1_314' title='bbox 316 2782 496 2845; x_wconf 86' lang='lat' dir='ltr'><strong>Quem</strong></span> <span class='ocrx_word' id='word_1_315' title='bbox 523 2783 766 2846; x_wconf 88' lang='lat' dir='ltr'><strong>scilicet,</strong></span> <span class='ocrx_word' id='word_1_316' title='bbox 810 2782 909 2836; x_wconf 92' lang='lat' dir='ltr'><strong>ubi</strong></span> <span class='ocrx_word' id='word_1_317' title='bbox 938 2797 1071 2835; x_wconf 91' lang='lat' dir='ltr'><strong>cum</strong></span> <span class='ocrx_word' id='word_1_318' title='bbox 1115 2780 1383 2850; x_wconf 86' lang='lat' dir='ltr'><strong>pontifice</strong></span> <span class='ocrx_word' id='word_1_319' title='bbox 1413 2779 1468 2833; x_wconf 92' lang='lat' dir='ltr'><strong>in</strong></span> <span class='ocrx_word' id='word_1_320' title='bbox 1495 2778 1705 2850; x_wconf 82' lang='lat' dir='ltr'><strong>palatio</strong></span> <span class='ocrx_word' id='word_1_321' title='bbox 1741 2779 2020 2848; x_wconf 87' lang='lat' dir='ltr'><strong>prandere</strong></span> 
     </span>
    </p>
   </div>
   <div class='ocr_carea' id='block_1_46' title="bbox 310 2864 2016 2941">
    <p class='ocr_par' dir='ltr' id='par_1_46' title="bbox 310 2864 2016 2941">
     <span class='ocr_line' id='line_1_46' title="bbox 310 2864 2016 2941; baseline -0.004 -18"><span class='ocrx_word' id='word_1_322' title='bbox 310 2871 955 2941; x_wconf 84' lang='lat' dir='ltr'><strong>cognovit,exspectans</strong></span> <span class='ocrx_word' id='word_1_323' title='bbox 981 2869 1335 2934; x_wconf 85' lang='lat' dir='ltr'><strong>redeuntem,</strong></span> <span class='ocrx_word' id='word_1_324' title='bbox 1362 2866 1818 2922; x_wconf 87' lang='lat' dir='ltr'><strong>sacerdotalibus</strong></span> <span class='ocrx_word' id='word_1_325' title='bbox 1837 2864 2016 2920; x_wconf 88' lang='lat' dir='ltr'><strong>vesti—</strong></span> 
     </span>
    </p>
   </div>
   <div class='ocr_carea' id='block_1_47' title="bbox 316 2955 2014 3026">
    <p class='ocr_par' dir='ltr' id='par_1_47' title="bbox 316 2955 2014 3026">
     <span class='ocr_line' id='line_1_47' title="bbox 316 2955 2014 3026; baseline -0.002 -15"><span class='ocrx_word' id='word_1_326' title='bbox 316 2957 529 3012; x_wconf 85' lang='lat' dir='ltr'><strong>mentis</strong></span> <span class='ocrx_word' id='word_1_327' title='bbox 555 2959 845 3023; x_wconf 91' lang='lat' dir='ltr'><strong>indutum,</strong></span> <span class='ocrx_word' id='word_1_328' title='bbox 872 2957 1060 3011; x_wconf 91' lang='lat' dir='ltr'><strong>colore</strong></span> <span class='ocrx_word' id='word_1_329' title='bbox 1090 2956 1396 3025; x_wconf 87' lang='lat' dir='ltr'><strong>fulgidum,</strong></span> <span class='ocrx_word' id='word_1_330' title='bbox 1419 2955 1749 3010; x_wconf 89' lang='lat' dir='ltr'><strong>valetudine</strong></span> <span class='ocrx_word' id='word_1_331' title='bbox 1779 2969 2014 3026; x_wconf 90' lang='lat' dir='ltr'><strong>quoque</strong></span> 
     </span>
    </p>
   </div>
   <div class='ocr_carea' id='block_1_48' title="bbox 306 3043 2003 3114">
    <p class='ocr_par' dir='ltr' id='par_1_48' title="bbox 306 3043 2003 3114">
     <span class='ocr_line' id='line_1_48' title="bbox 306 3043 2003 3114; baseline -0.002 -15"><span class='ocrx_word' id='word_1_332' title='bbox 306 3045 713 3112; x_wconf 88' lang='lat' dir='ltr'><strong>sanissimum,</strong></span> <span class='ocrx_word' id='word_1_333' title='bbox 773 3045 1023 3099; x_wconf 83' lang='lat' dir='ltr'><strong>salutare</strong></span> <span class='ocrx_word' id='word_1_334' title='bbox 1080 3044 1316 3099; x_wconf 87' lang='lat' dir='ltr'><strong>curavit.</strong></span> <span class='ocrx_word' id='word_1_335' title='bbox 1376 3043 1476 3098; x_wconf 87' lang='lat' dir='ltr'><strong>Cui</strong></span> <span class='ocrx_word' id='word_1_336' title='bbox 1536 3044 1844 3114; x_wconf 90' lang='lat' dir='ltr'><strong>episcopus</strong></span> <span class='ocrx_word' id='word_1_337' title='bbox 1888 3045 2003 3096; x_wconf 87' lang='lat' dir='ltr'><strong>ait:</strong></span> 
     </span>
    </p>
   </div>
   <div class='ocr_carea' id='block_1_49' title="bbox 307 3131 2007 3203">
    <p class='ocr_par' dir='ltr' id='par_1_49' title="bbox 307 3131 2007 3203">
     <span class='ocr_line' id='line_1_49' title="bbox 307 3131 2007 3203; baseline -0.001 -16"><span class='ocrx_word' id='word_1_338' title='bbox 307 3157 334 3182; x_wconf 74' lang='grc' dir='ltr'><strong><em>α</em></strong></span> <span class='ocrx_word' id='word_1_339' title='bbox 355 3135 477 3189; x_wconf 76' lang='lat' dir='ltr'><strong>iam</strong></span> <span class='ocrx_word' id='word_1_340' title='bbox 499 3152 653 3189; x_wconf 89' lang='lat' dir='ltr'><strong>nunc</strong></span> <span class='ocrx_word' id='word_1_341' title='bbox 673 3135 729 3188; x_wconf 90' lang='lat' dir='ltr'><strong>in</strong></span> <span class='ocrx_word' id='word_1_342' title='bbox 759 3139 876 3188; x_wconf 85' lang='lat' dir='ltr'><strong>tota</strong></span> <span class='ocrx_word' id='word_1_343' title='bbox 901 3134 1042 3188; x_wconf 88' lang='lat' dir='ltr'><strong>urbe</strong></span> <span class='ocrx_word' id='word_1_344' title='bbox 1072 3149 1169 3202; x_wconf 91' lang='lat' dir='ltr'><strong>pro</strong></span> <span class='ocrx_word' id='word_1_345' title='bbox 1196 3133 1471 3203; x_wconf 79' lang='lat' dir='ltr'><strong>divino(c)</strong></span> <span class='ocrx_word' id='word_1_346' title='bbox 1493 3132 1741 3199; x_wconf 88' lang='lat' dir='ltr'><strong>haberis,</strong></span> <span class='ocrx_word' id='word_1_347' title='bbox 1770 3131 1907 3202; x_wconf 89' lang='lat' dir='ltr'><strong>quia</strong></span> <span class='ocrx_word' id='word_1_348' title='bbox 1939 3132 2007 3186; x_wconf 89' lang='lat' dir='ltr'><strong>de</strong></span> 
     </span>
    </p>
   </div>
   <div class='ocr_carea' id='block_1_50' title="bbox 313 3222 2011 3296">
    <p class='ocr_par' dir='ltr' id='par_1_50' title="bbox 313 3222 2011 3296">
     <span class='ocr_line' id='line_1_50' title="bbox 313 3222 2011 3296; baseline -0.003 -16"><span class='ocrx_word' id='word_1_349' title='bbox 313 3224 405 3280; x_wconf 89' lang='lat' dir='ltr'><strong>bis</strong></span> <span class='ocrx_word' id='word_1_350' title='bbox 423 3241 570 3296; x_wconf 91' lang='lat' dir='ltr'><strong>quos</strong></span> <span class='ocrx_word' id='word_1_351' title='bbox 589 3225 900 3279; x_wconf 90' lang='lat' dir='ltr'><strong>morituros</strong></span> <span class='ocrx_word' id='word_1_352' title='bbox 919 3223 1344 3293; x_wconf 58' lang='lat' dir='ltr'><strong>praenuntiasti,</strong></span> <span class='ocrx_word' id='word_1_353' title='bbox 1364 3223 1524 3278; x_wconf 90' lang='lat' dir='ltr'><strong>solus</strong></span> <span class='ocrx_word' id='word_1_354' title='bbox 1547 3239 1699 3276; x_wconf 91' lang='lat' dir='ltr'><strong>unus</strong></span> <span class='ocrx_word' id='word_1_355' title='bbox 1716 3222 2011 3277; x_wconf 88' lang='lat' dir='ltr'><strong>remansit.</strong></span> 
     </span>
    </p>
   </div>
   <div class='ocr_carea' id='block_1_51' title="bbox 312 3310 2015 3382">
    <p class='ocr_par' dir='ltr' id='par_1_51' title="bbox 312 3310 2015 3382">
     <span class='ocr_line' id='line_1_51' title="bbox 312 3310 2015 3382; baseline -0.002 -16"><span class='ocrx_word' id='word_1_356' title='bbox 312 3313 539 3369; x_wconf 85' lang='lat' dir='ltr'><strong>Atille:</strong></span> <span class='ocrx_word' id='word_1_357' title='bbox 571 3313 801 3369; x_wconf 87' lang='lat' dir='ltr'><strong>Utinam</strong></span> <span class='ocrx_word' id='word_1_358' title='bbox 853 3315 1006 3368; x_wconf 90' lang='lat' dir='ltr'><strong>sicut</strong></span> <span class='ocrx_word' id='word_1_359' title='bbox 1054 3316 1110 3366; x_wconf 90' lang='lat' dir='ltr'><strong>et</strong></span> <span class='ocrx_word' id='word_1_360' title='bbox 1157 3310 1254 3365; x_wconf 91' lang='lat' dir='ltr'><strong>ille</strong></span> <span class='ocrx_word' id='word_1_361' title='bbox 1285 3327 1458 3380; x_wconf 77' lang='lat' dir='ltr'><strong>quem</strong></span> <span class='ocrx_word' id='word_1_362' title='bbox 1507 3313 1695 3366; x_wconf 82' lang='lat' dir='ltr'><strong>vivere</strong></span> <span class='ocrx_word' id='word_1_363' title='bbox 1729 3319 1892 3382; x_wconf 84' lang='lat' dir='ltr'><strong>putas</strong></span> <span class='ocrx_word' id='word_1_364' title='bbox 1921 3310 2015 3364; x_wconf 87' lang='lat' dir='ltr'><strong>de-</strong></span> 
     </span>
    </p>
   </div>
   <div class='ocr_carea' id='block_1_52' title="bbox 307 3402 2012 3473">
    <p class='ocr_par' dir='ltr' id='par_1_52' title="bbox 307 3402 2012 3473">
     <span class='ocr_line' id='line_1_52' title="bbox 307 3402 2012 3473; baseline -0.003 -13"><span class='ocrx_word' id='word_1_365' title='bbox 307 3407 544 3460; x_wconf 85' lang='lat' dir='ltr'><strong>functus</strong></span> <span class='ocrx_word' id='word_1_366' title='bbox 575 3409 683 3468; x_wconf 86' lang='lat' dir='ltr'><strong>est,</strong></span> <span class='ocrx_word' id='word_1_367' title='bbox 745 3403 830 3458; x_wconf 93' lang='lat' dir='ltr'><strong>sic</strong></span> <span class='ocrx_word' id='word_1_368' title='bbox 888 3403 1010 3473; x_wconf 90' lang='lat' dir='ltr'><strong>ipse</strong></span> <span class='ocrx_word' id='word_1_369' title='bbox 1041 3402 1134 3473; x_wconf 93' lang='lat' dir='ltr'><strong>qui</strong></span> <span class='ocrx_word' id='word_1_370' title='bbox 1192 3402 1343 3456; x_wconf 90' lang='lat' dir='ltr'><strong>hunc</strong></span> <span class='ocrx_word' id='word_1_371' title='bbox 1372 3403 1539 3473; x_wconf 90' lang='lat' dir='ltr'><strong>sequi</strong></span> <span class='ocrx_word' id='word_1_372' title='bbox 1583 3402 1892 3472; x_wconf 68' lang='lat' dir='ltr'><strong>praedictus</strong></span> <span class='ocrx_word' id='word_1_373' title='bbox 1924 3404 2012 3455; x_wconf 89' lang='lat' dir='ltr'><strong>est</strong></span> 
     </span>
    </p>
   </div>
   <div class='ocr_carea' id='block_1_53' title="bbox 294 3489 2008 3563">
    <p class='ocr_par' dir='ltr' id='par_1_53' title="bbox 294 3489 2008 3563">
     <span class='ocr_line' id='line_1_53' title="bbox 294 3489 2008 3563; baseline -0.004 -14"><span class='ocrx_word' id='word_1_374' title='bbox 294 3492 543 3549; x_wconf 83' lang='lat' dir='ltr'><strong>exiliret.</strong></span> <span class='ocrx_word' id='word_1_375' title='bbox 583 3514 610 3541; x_wconf 85' lang='grc'><strong>››</strong></span> <span class='ocrx_word' id='word_1_376' title='bbox 639 3492 897 3563; x_wconf 91' lang='lat' dir='ltr'><strong>Cumque</strong></span> <span class='ocrx_word' id='word_1_377' title='bbox 948 3491 1261 3562; x_wconf 90' lang='lat' dir='ltr'><strong>episcopus</strong></span> <span class='ocrx_word' id='word_1_378' title='bbox 1313 3490 1380 3544; x_wconf 86' lang='lat' dir='ltr'><strong>de</strong></span> <span class='ocrx_word' id='word_1_379' title='bbox 1428 3505 1493 3544; x_wconf 90' lang='lat' dir='ltr'><strong>eo</strong></span> <span class='ocrx_word' id='word_1_380' title='bbox 1527 3494 1643 3545; x_wconf 86' lang='lat' dir='ltr'><strong>tota</strong></span> <span class='ocrx_word' id='word_1_381' title='bbox 1673 3489 2008 3544; x_wconf 91' lang='lat' dir='ltr'><strong>curiositate</strong></span> 
     </span>
    </p>
   </div>
   <div class='ocr_carea' id='block_1_54' title="bbox 297 3580 2002 3656">
    <p class='ocr_par' dir='ltr' id='par_1_54' title="bbox 297 3580 2002 3656">
     <span class='ocr_line' id='line_1_54' title="bbox 297 3580 2002 3656; baseline -0.004 -18"><span class='ocrx_word' id='word_1_382' title='bbox 297 3585 641 3656; x_wconf 88' lang='lat' dir='ltr'><strong>requireret,</strong></span> <span class='ocrx_word' id='word_1_383' title='bbox 675 3592 727 3638; x_wconf 90' lang='lat' dir='ltr'><strong>et</strong></span> <span class='ocrx_word' id='word_1_384' title='bbox 787 3581 1111 3636; x_wconf 89' lang='lat' dir='ltr'><strong>monachus</strong></span> <span class='ocrx_word' id='word_1_385' title='bbox 1153 3581 1340 3636; x_wconf 85' lang='lat' dir='ltr'><strong>dicere</strong></span> <span class='ocrx_word' id='word_1_386' title='bbox 1397 3580 1723 3650; x_wconf 85' lang='lat' dir='ltr'><strong>palpitaret,</strong></span> <span class='ocrx_word' id='word_1_387' title='bbox 1768 3580 2002 3635; x_wconf 89' lang='lat' dir='ltr'><strong>tandem</strong></span> 
     </span>
    </p>
   </div>
   <div class='ocr_carea' id='block_1_55' title="bbox 295 3669 2005 3741">
    <p class='ocr_par' dir='ltr' id='par_1_55' title="bbox 295 3669 2005 3741">
     <span class='ocr_line' id='line_1_55' title="bbox 295 3669 2005 3741; baseline -0.002 -15"><span class='ocrx_word' id='word_1_388' title='bbox 295 3674 393 3727; x_wconf 91' lang='lat' dir='ltr'><strong>ubi</strong></span> <span class='ocrx_word' id='word_1_389' title='bbox 429 3673 521 3726; x_wconf 90' lang='lat' dir='ltr'><strong>die</strong></span> <span class='ocrx_word' id='word_1_390' title='bbox 560 3677 722 3726; x_wconf 84' lang='lat' dir='ltr'><strong>sexto</strong></span> <span class='ocrx_word' id='word_1_391' title='bbox 753 3687 812 3725; x_wconf 84' lang='lat' dir='ltr'><strong>se</strong></span> <span class='ocrx_word' id='word_1_392' title='bbox 837 3671 1186 3726; x_wconf 89' lang='lat' dir='ltr'><strong>moriturum</strong></span> <span class='ocrx_word' id='word_1_393' title='bbox 1213 3671 1498 3741; x_wconf 87' lang='lat' dir='ltr'><strong>cognovit,</strong></span> <span class='ocrx_word' id='word_1_394' title='bbox 1524 3669 1804 3740; x_wconf 83' lang='lat' dir='ltr'><strong>expalluit</strong></span> <span class='ocrx_word' id='word_1_395' title='bbox 1830 3673 2005 3740; x_wconf 86' lang='lat' dir='ltr'><strong>atque</strong></span> 
     </span>
    </p>
   </div>
   <div class='ocr_carea' id='block_1_56' title="bbox 295 3759 2000 3830">
    <p class='ocr_par' dir='ltr' id='par_1_56' title="bbox 295 3759 2000 3830">
     <span class='ocr_line' id='line_1_56' title="bbox 295 3759 2000 3830; baseline -0.002 -14"><span class='ocrx_word' id='word_1_396' title='bbox 295 3760 678 3826; x_wconf 88' lang='lat' dir='ltr'><strong>contremuit;</strong></span> <span class='ocrx_word' id='word_1_397' title='bbox 710 3760 1136 3830; x_wconf 88' lang='lat' dir='ltr'><strong>resumptisque</strong></span> <span class='ocrx_word' id='word_1_398' title='bbox 1161 3759 1400 3822; x_wconf 80' lang='lat' dir='ltr'><strong>viribus,</strong></span> <span class='ocrx_word' id='word_1_399' title='bbox 1425 3765 1626 3813; x_wconf 85' lang='lat' dir='ltr'><strong>contra</strong></span> <span class='ocrx_word' id='word_1_400' title='bbox 1649 3759 2000 3812; x_wconf 84' lang='lat' dir='ltr'><strong>monachum</strong></span> 
     </span>
    </p>
   </div>
   <div class='ocr_carea' id='block_1_57' title="bbox 291 3846 2003 3920">
    <p class='ocr_par' dir='ltr' id='par_1_57' title="bbox 291 3846 2003 3920">
     <span class='ocr_line' id='line_1_57' title="bbox 291 3846 2003 3920; baseline -0.001 -16"><span class='ocrx_word' id='word_1_401' title='bbox 291 3848 588 3917; x_wconf 85' lang='lat' dir='ltr'><strong>frenduit;</strong></span> <span class='ocrx_word' id='word_1_402' title='bbox 638 3863 806 3920; x_wconf 88' lang='lat' dir='ltr'><strong>quem</strong></span> <span class='ocrx_word' id='word_1_403' title='bbox 856 3848 1042 3903; x_wconf 90' lang='lat' dir='ltr'><strong>redire</strong></span> <span class='ocrx_word' id='word_1_404' title='bbox 1088 3846 1370 3903; x_wconf 85' lang='lat' dir='ltr'><strong>volentem</strong></span> <span class='ocrx_word' id='word_1_405' title='bbox 1419 3847 1676 3901; x_wconf 85' lang='lat' dir='ltr'><strong>retinuit.</strong></span> <span class='ocrx_word' id='word_1_406' title='bbox 1714 3847 2003 3902; x_wconf 89' lang='lat' dir='ltr'><strong>Interiora</strong></span> 
     </span>
    </p>
   </div>
   <div class='ocr_carea' id='block_1_58' title="bbox 281 3935 2000 4008">
    <p class='ocr_par' dir='ltr' id='par_1_58' title="bbox 281 3935 2000 4008">
     <span class='ocr_line' id='line_1_58' title="bbox 281 3935 2000 4008; baseline -0.001 -16"><span class='ocrx_word' id='word_1_407' title='bbox 281 3937 536 3993; x_wconf 89' lang='lat' dir='ltr'><strong>cubiculi</strong></span> <span class='ocrx_word' id='word_1_408' title='bbox 571 3953 853 4008; x_wconf 77' lang='lat' dir='ltr'><strong>perVagus</strong></span> <span class='ocrx_word' id='word_1_409' title='bbox 905 3937 1266 4007; x_wconf 84' lang='lat' dir='ltr'><strong>penetravit;</strong></span> <span class='ocrx_word' id='word_1_410' title='bbox 1321 3936 1604 4006; x_wconf 88' lang='lat' dir='ltr'><strong>paulatim</strong></span> <span class='ocrx_word' id='word_1_411' title='bbox 1658 3937 1769 3990; x_wconf 91' lang='lat' dir='ltr'><strong>sibi</strong></span> <span class='ocrx_word' id='word_1_412' title='bbox 1805 3935 2000 3990; x_wconf 82' lang='lat' dir='ltr'><strong>fauces</strong></span> 
     </span>
    </p>
   </div>
   <div class='ocr_carea' id='block_1_59' title="bbox 278 4024 1998 4098">
    <p class='ocr_par' dir='ltr' id='par_1_59' title="bbox 278 4024 1998 4098">
     <span class='ocr_line' id='line_1_59' title="bbox 278 4024 1998 4098; baseline -0.002 -17"><span class='ocrx_word' id='word_1_413' title='bbox 278 4027 478 4082; x_wconf 89' lang='lat' dir='ltr'><strong>dolere</strong></span> <span class='ocrx_word' id='word_1_414' title='bbox 508 4026 817 4098; x_wconf 91' lang='lat' dir='ltr'><strong>persensit.</strong></span> <span class='ocrx_word' id='word_1_415' title='bbox 853 4025 1071 4080; x_wconf 90' lang='lat' dir='ltr'><strong>Deinde</strong></span> <span class='ocrx_word' id='word_1_416' title='bbox 1102 4025 1214 4079; x_wconf 88' lang='lat' dir='ltr'><strong>sibi</strong></span> <span class='ocrx_word' id='word_1_417' title='bbox 1252 4030 1402 4080; x_wconf 89' lang='lat' dir='ltr'><strong>tacto</strong></span> <span class='ocrx_word' id='word_1_418' title='bbox 1427 4024 1620 4094; x_wconf 89' lang='lat' dir='ltr'><strong>pulsu,</strong></span> <span class='ocrx_word' id='word_1_419' title='bbox 1660 4041 1788 4078; x_wconf 85' lang='lat' dir='ltr'><strong>mox</strong></span> <span class='ocrx_word' id='word_1_420' title='bbox 1822 4025 1998 4078; x_wconf 86' lang='lat' dir='ltr'><strong>febris</strong></span> 
     </span>
    </p>
   </div>
   <div class='ocr_carea' id='block_1_60' title="bbox 277 4113 1998 4187">
    <p class='ocr_par' dir='ltr' id='par_1_60' title="bbox 277 4113 1998 4187">
     <span class='ocr_line' id='line_1_60' title="bbox 277 4113 1998 4187; baseline -0.002 -17"><span class='ocrx_word' id='word_1_421' title='bbox 277 4117 443 4187; x_wconf 85' lang='lat' dir='ltr'><strong>signa</strong></span> <span class='ocrx_word' id='word_1_422' title='bbox 475 4116 773 4186; x_wconf 82' lang='lat' dir='ltr'><strong>cognovit;</strong></span> <span class='ocrx_word' id='word_1_423' title='bbox 800 4114 1084 4169; x_wconf 90' lang='lat' dir='ltr'><strong>monacho</strong></span> <span class='ocrx_word' id='word_1_424' title='bbox 1109 4113 1389 4179; x_wconf 85' lang='lat' dir='ltr'><strong>credidit;</strong></span> <span class='ocrx_word' id='word_1_425' title='bbox 1412 4115 1650 4167; x_wconf 93' lang='lat' dir='ltr'><strong>domum</strong></span> <span class='ocrx_word' id='word_1_426' title='bbox 1678 4130 1841 4168; x_wconf 88' lang='lat' dir='ltr'><strong>suam</strong></span> <span class='ocrx_word' id='word_1_427' title='bbox 1878 4114 1998 4168; x_wconf 86' lang='lat' dir='ltr'><strong>dis-</strong></span> 
     </span>
    </p>
   </div>
   <div class='ocr_carea' id='block_1_61' title="bbox 284 4203 1996 4275">
    <p class='ocr_par' dir='ltr' id='par_1_61' title="bbox 284 4203 1996 4275">
     <span class='ocr_line' id='line_1_61' title="bbox 284 4203 1996 4275; baseline -0.002 -15"><span class='ocrx_word' id='word_1_428' title='bbox 284 4205 508 4274; x_wconf 88' lang='lat' dir='ltr'><strong>posuit;</strong></span> <span class='ocrx_word' id='word_1_429' title='bbox 539 4206 610 4259; x_wconf 90' lang='lat' dir='ltr'><strong>ad</strong></span> <span class='ocrx_word' id='word_1_430' title='bbox 636 4205 1050 4259; x_wconf 90' lang='lat' dir='ltr'><strong>monasterium</strong></span> <span class='ocrx_word' id='word_1_431' title='bbox 1095 4206 1188 4259; x_wconf 91' lang='lat' dir='ltr'><strong>cui</strong></span> <span class='ocrx_word' id='word_1_432' title='bbox 1243 4208 1508 4275; x_wconf 69' lang='lat' dir='ltr'><strong>praeerat,</strong></span> <span class='ocrx_word' id='word_1_433' title='bbox 1541 4205 1754 4258; x_wconf 82' lang='lat' dir='ltr'><strong>eisdem</strong></span> <span class='ocrx_word' id='word_1_434' title='bbox 1789 4203 1996 4258; x_wconf 82' lang='lat' dir='ltr'><strong>infulis</strong></span> 
     </span>
    </p>
   </div>
   <div class='ocr_carea' id='block_1_62' title="bbox 283 4293 1988 4362">
    <p class='ocr_par' dir='ltr' id='par_1_62' title="bbox 283 4293 1988 4362">
     <span class='ocr_line' id='line_1_62' title="bbox 283 4293 1988 4362; baseline 0.001 -16"><span class='ocrx_word' id='word_1_435' title='bbox 283 4293 592 4347; x_wconf 87' lang='lat' dir='ltr'><strong>redimitus</strong></span> <span class='ocrx_word' id='word_1_436' title='bbox 613 4294 823 4362; x_wconf 90' lang='lat' dir='ltr'><strong>quibus</strong></span> <span class='ocrx_word' id='word_1_437' title='bbox 859 4310 891 4346; x_wconf 90' lang='lat' dir='ltr'><strong>a</strong></span> <span class='ocrx_word' id='word_1_438' title='bbox 931 4293 1259 4362; x_wconf 85' lang='lat' dir='ltr'><strong>patriarcho</strong></span> <span class='ocrx_word' id='word_1_439' title='bbox 1286 4309 1551 4347; x_wconf 80' lang='lat' dir='ltr'><strong>reversus</strong></span> <span class='ocrx_word' id='word_1_440' title='bbox 1577 4295 1780 4358; x_wconf 80' lang='lat' dir='ltr'><strong>fuerat,</strong></span> <span class='ocrx_word' id='word_1_441' title='bbox 1816 4294 1988 4347; x_wconf 90' lang='lat' dir='ltr'><strong>venit.</strong></span> 
     </span>
    </p>
   </div>
   <div class='ocr_carea' id='block_1_63' title="bbox 280 4381 1987 4438">
    <p class='ocr_par' dir='ltr' id='par_1_63' title="bbox 280 4381 1987 4438">
     <span class='ocr_line' id='line_1_63' title="bbox 280 4381 1987 4438; baseline 0.001 -2"><span class='ocrx_word' id='word_1_442' title='bbox 280 4381 545 4437; x_wconf 78' lang='lat' dir='ltr'><strong>Secunda</strong></span> <span class='ocrx_word' id='word_1_443' title='bbox 568 4383 707 4436; x_wconf 86' lang='lat' dir='ltr'><strong>feria</strong></span> <span class='ocrx_word' id='word_1_444' title='bbox 737 4383 961 4438; x_wconf 77' lang='lat' dir='ltr'><strong>cunctis</strong></span> <span class='ocrx_word' id='word_1_445' title='bbox 984 4387 1098 4437; x_wconf 85' lang='lat' dir='ltr'><strong>tam</strong></span> <span class='ocrx_word' id='word_1_446' title='bbox 1127 4383 1382 4438; x_wconf 81' lang='lat' dir='ltr'><strong>subitam</strong></span> <span class='ocrx_word' id='word_1_447' title='bbox 1409 4383 1847 4438; x_wconf 88' lang='lat' dir='ltr'><strong>conversionem</strong></span> <span class='ocrx_word' id='word_1_448' title='bbox 1885 4385 1987 4438; x_wconf 87' lang='lat' dir='ltr'><strong>mi-</strong></span> 
     </span>
    </p>
   </div>
   <div class='ocr_carea' id='block_1_64' title="bbox 2148 1789 3858 1872">
    <p class='ocr_par' dir='ltr' id='par_1_64' title="bbox 2148 1789 3858 1872">
     <span class='ocr_line' id='line_1_64' title="bbox 2148 1789 3858 1872; baseline 0.011 -32"><span class='ocrx_word' id='word_1_449' title='bbox 2148 1791 2284 1842; x_wconf 91' lang='lat' dir='ltr'><strong>tunc</strong></span> <span class='ocrx_word' id='word_1_450' title='bbox 2314 1789 2465 1842; x_wconf 91' lang='lat' dir='ltr'><strong>idem</strong></span> <span class='ocrx_word' id='word_1_451' title='bbox 2503 1790 2804 1861; x_wconf 82' lang='lat' dir='ltr'><strong>presbyter</strong></span> <span class='ocrx_word' id='word_1_452' title='bbox 2833 1793 3158 1862; x_wconf 83' lang='lat' dir='ltr'><strong>Campanus</strong></span> <span class='ocrx_word' id='word_1_453' title='bbox 3190 1795 3259 1851; x_wconf 91' lang='lat' dir='ltr'><strong>de</strong></span> <span class='ocrx_word' id='word_1_454' title='bbox 3291 1795 3515 1870; x_wconf 83' lang='lat' dir='ltr'><strong>loco(d)</strong></span> <span class='ocrx_word' id='word_1_455' title='bbox 3550 1803 3647 1872; x_wconf 90' lang='lat' dir='ltr'><strong>qui</strong></span> <span class='ocrx_word' id='word_1_456' title='bbox 3678 1802 3858 1858; x_wconf 89' lang='lat' dir='ltr'><strong>Clau-</strong></span> 
     </span>
    </p>
   </div>
   <div class='ocr_carea' id='block_1_65' title="bbox 2145 1879 3858 1964">
    <p class='ocr_par' dir='ltr' id='par_1_65' title="bbox 2145 1879 3858 1964">
     <span class='ocr_line' id='line_1_65' title="bbox 2145 1879 3858 1964; baseline 0.011 -35"><span class='ocrx_word' id='word_1_457' title='bbox 2145 1880 2335 1932; x_wconf 90' lang='lat' dir='ltr'><strong>strum</strong></span> <span class='ocrx_word' id='word_1_458' title='bbox 2394 1893 2506 1932; x_wconf 92' lang='lat' dir='ltr'><strong>non</strong></span> <span class='ocrx_word' id='word_1_459' title='bbox 2568 1879 2736 1948; x_wconf 89' lang='lat' dir='ltr'><strong>longe</strong></span> <span class='ocrx_word' id='word_1_460' title='bbox 2767 1897 2799 1933; x_wconf 89' lang='lat' dir='ltr'><strong>a</strong></span> <span class='ocrx_word' id='word_1_461' title='bbox 2854 1881 3163 1937; x_wconf 88' lang='lat' dir='ltr'><strong>Terracina</strong></span> <span class='ocrx_word' id='word_1_462' title='bbox 3212 1891 3471 1955; x_wconf 88' lang='lat' dir='ltr'><strong>vocatur,</strong></span> <span class='ocrx_word' id='word_1_463' title='bbox 3504 1905 3538 1943; x_wconf 87' lang='lat' dir='ltr'><strong>a</strong></span> <span class='ocrx_word' id='word_1_464' title='bbox 3591 1894 3713 1946; x_wconf 90' lang='lat' dir='ltr'><strong>suis</strong></span> <span class='ocrx_word' id='word_1_465' title='bbox 3747 1909 3858 1964; x_wconf 91' lang='lat' dir='ltr'><strong>pro</strong></span> 
     </span>
    </p>
   </div>
   <div class='ocr_carea' id='block_1_66' title="bbox 2145 1965 3860 2037">
    <p class='ocr_par' dir='ltr' id='par_1_66' title="bbox 2145 1965 3860 2037">
     <span class='ocr_line' id='line_1_66' title="bbox 2145 1965 3860 2037; baseline 0.012 -20"><span class='ocrx_word' id='word_1_466' title='bbox 2145 1965 2398 2032; x_wconf 88' lang='lat' dir='ltr'><strong>quodam</strong></span> <span class='ocrx_word' id='word_1_467' title='bbox 2422 1966 2668 2021; x_wconf 82' lang='lat' dir='ltr'><strong>crimine</strong></span> <span class='ocrx_word' id='word_1_468' title='bbox 2689 1977 3022 2037; x_wconf 89' lang='lat' dir='ltr'><strong>accusatus,</strong></span> <span class='ocrx_word' id='word_1_469' title='bbox 3063 1970 3120 2026; x_wconf 85' lang='lat' dir='ltr'><strong>in</strong></span> <span class='ocrx_word' id='word_1_470' title='bbox 3165 1974 3362 2028; x_wconf 89' lang='lat' dir='ltr'><strong>eodem</strong></span> <span class='ocrx_word' id='word_1_471' title='bbox 3388 1980 3740 2035; x_wconf 84' lang='lat' dir='ltr'><strong>monasterio</strong></span> <span class='ocrx_word' id='word_1_472' title='bbox 3775 1986 3860 2037; x_wconf 86' lang='lat' dir='ltr'><strong>tc-</strong></span> 
     </span>
    </p>
   </div>
   <div class='ocr_carea' id='block_1_67' title="bbox 2142 2053 3857 2126">
    <p class='ocr_par' dir='ltr' id='par_1_67' title="bbox 2142 2053 3857 2126">
     <span class='ocr_line' id='line_1_67' title="bbox 2142 2053 3857 2126; baseline 0.01 -18"><span class='ocrx_word' id='word_1_473' title='bbox 2142 2053 2431 2120; x_wconf 83' lang='lat' dir='ltr'><strong>nebatur;</strong></span> <span class='ocrx_word' id='word_1_474' title='bbox 2463 2059 2521 2108; x_wconf 93' lang='lat' dir='ltr'><strong>et</strong></span> <span class='ocrx_word' id='word_1_475' title='bbox 2545 2057 2902 2125; x_wconf 89' lang='lat' dir='ltr'><strong>temporibus</strong></span> <span class='ocrx_word' id='word_1_476' title='bbox 2934 2058 3137 2115; x_wconf 90' lang='lat' dir='ltr'><strong>multis</strong></span> <span class='ocrx_word' id='word_1_477' title='bbox 3173 2062 3506 2119; x_wconf 87' lang='lat' dir='ltr'><strong>labentibus</strong></span> <span class='ocrx_word' id='word_1_478' title='bbox 3536 2083 3570 2121; x_wconf 91' lang='lat' dir='ltr'><strong>a</strong></span> <span class='ocrx_word' id='word_1_479' title='bbox 3598 2067 3724 2124; x_wconf 90' lang='lat' dir='ltr'><strong>suis</strong></span> <span class='ocrx_word' id='word_1_480' title='bbox 3755 2087 3857 2126; x_wconf 79' lang='lat' dir='ltr'><strong>ac-</strong></span> 
     </span>
    </p>
   </div>
   <div class='ocr_carea' id='block_1_68' title="bbox 2141 2143 3855 2229">
    <p class='ocr_par' dir='ltr' id='par_1_68' title="bbox 2141 2143 3855 2229">
     <span class='ocr_line' id='line_1_68' title="bbox 2141 2143 3855 2229; baseline 0.012 -34"><span class='ocrx_word' id='word_1_481' title='bbox 2141 2143 2534 2208; x_wconf 83' lang='lat' dir='ltr'><strong>cusatoribus,</strong></span> <span class='ocrx_word' id='word_1_482' title='bbox 2560 2146 2681 2215; x_wconf 83' lang='lat' dir='ltr'><strong>jam</strong></span> <span class='ocrx_word' id='word_1_483' title='bbox 2713 2153 3101 2216; x_wconf 87' lang='lat' dir='ltr'><strong>contemptus,</strong></span> <span class='ocrx_word' id='word_1_484' title='bbox 3137 2167 3168 2203; x_wconf 89' lang='lat' dir='ltr'><strong>a</strong></span> <span class='ocrx_word' id='word_1_485' title='bbox 3204 2153 3429 2209; x_wconf 89' lang='lat' dir='ltr'><strong>cunctis</strong></span> <span class='ocrx_word' id='word_1_486' title='bbox 3458 2172 3691 2229; x_wconf 90' lang='lat' dir='ltr'><strong>quoque</strong></span> <span class='ocrx_word' id='word_1_487' title='bbox 3722 2161 3855 2216; x_wconf 85' lang='lat' dir='ltr'><strong>suis</strong></span> 
     </span>
    </p>
   </div>
   <div class='ocr_carea' id='block_1_69' title="bbox 2140 2230 3852 2318">
    <p class='ocr_par' dir='ltr' id='par_1_69' title="bbox 2140 2230 3852 2318">
     <span class='ocr_line' id='line_1_69' title="bbox 2140 2230 3852 2318; baseline 0.012 -35"><span class='ocrx_word' id='word_1_488' title='bbox 2140 2230 2329 2285; x_wconf 86' lang='lat' dir='ltr'><strong>fuerat</strong></span> <span class='ocrx_word' id='word_1_489' title='bbox 2361 2232 2414 2285; x_wconf 85' lang='lat' dir='ltr'><strong>in</strong></span> <span class='ocrx_word' id='word_1_490' title='bbox 2451 2233 2797 2290; x_wconf 87' lang='lat' dir='ltr'><strong>oblivionem</strong></span> <span class='ocrx_word' id='word_1_491' title='bbox 2831 2238 3133 2304; x_wconf 89' lang='lat' dir='ltr'><strong>deductus,</strong></span> <span class='ocrx_word' id='word_1_492' title='bbox 3169 2256 3303 2295; x_wconf 90' lang='lat' dir='ltr'><strong>cum</strong></span> <span class='ocrx_word' id='word_1_493' title='bbox 3353 2243 3572 2298; x_wconf 90' lang='lat' dir='ltr'><strong>nullum</strong></span> <span class='ocrx_word' id='word_1_494' title='bbox 3616 2247 3852 2318; x_wconf 88' lang='lat' dir='ltr'><strong>propin-</strong></span> 
     </span>
    </p>
   </div>
   <div class='ocr_carea' id='block_1_70' title="bbox 2139 2322 3850 2404">
    <p class='ocr_par' dir='ltr' id='par_1_70' title="bbox 2139 2322 3850 2404">
     <span class='ocr_line' id='line_1_70' title="bbox 2139 2322 3850 2404; baseline 0.012 -32"><span class='ocrx_word' id='word_1_495' title='bbox 2139 2336 2343 2390; x_wconf 89' lang='lat' dir='ltr'><strong>quum,</strong></span> <span class='ocrx_word' id='word_1_496' title='bbox 2376 2322 2602 2378; x_wconf 89' lang='lat' dir='ltr'><strong>nullum</strong></span> <span class='ocrx_word' id='word_1_497' title='bbox 2661 2324 2719 2378; x_wconf 91' lang='lat' dir='ltr'><strong>in</strong></span> <span class='ocrx_word' id='word_1_498' title='bbox 2757 2324 2905 2382; x_wconf 91' lang='lat' dir='ltr'><strong>Urbe</strong></span> <span class='ocrx_word' id='word_1_499' title='bbox 2962 2330 3259 2394; x_wconf 67' lang='lat' dir='ltr'><strong>cognitum</strong></span> <span class='ocrx_word' id='word_1_500' title='bbox 3291 2331 3504 2388; x_wconf 84' lang='lat' dir='ltr'><strong>habere</strong></span> <span class='ocrx_word' id='word_1_501' title='bbox 3535 2337 3850 2404; x_wconf 89' lang='lat' dir='ltr'><strong>potuisset,</strong></span> 
     </span>
    </p>
   </div>
   <div class='ocr_carea' id='block_1_71' title="bbox 2137 2411 3846 2495">
    <p class='ocr_par' dir='ltr' id='par_1_71' title="bbox 2137 2411 3846 2495">
     <span class='ocr_line' id='line_1_71' title="bbox 2137 2411 3846 2495; baseline 0.012 -32"><span class='ocrx_word' id='word_1_502' title='bbox 2137 2411 2232 2480; x_wconf 91' lang='lat' dir='ltr'><strong>qui</strong></span> <span class='ocrx_word' id='word_1_503' title='bbox 2268 2411 2339 2466; x_wconf 90' lang='lat' dir='ltr'><strong>de</strong></span> <span class='ocrx_word' id='word_1_504' title='bbox 2368 2429 2434 2466; x_wconf 91' lang='lat' dir='ltr'><strong>eo</strong></span> <span class='ocrx_word' id='word_1_505' title='bbox 2469 2414 2727 2483; x_wconf 86' lang='lat' dir='ltr'><strong>pontifici</strong></span> <span class='ocrx_word' id='word_1_506' title='bbox 2759 2417 3152 2486; x_wconf 71' lang='lat' dir='ltr'><strong>suggessisset</strong></span> <span class='ocrx_word' id='word_1_507' title='bbox 3174 2436 3188 2486; x_wconf 88' lang='lat'><strong>;</strong></span> <span class='ocrx_word' id='word_1_508' title='bbox 3213 2426 3269 2473; x_wconf 89' lang='lat' dir='ltr'><strong>et</strong></span> <span class='ocrx_word' id='word_1_509' title='bbox 3302 2422 3572 2476; x_wconf 80' lang='lat' dir='ltr'><strong>monachi</strong></span> <span class='ocrx_word' id='word_1_510' title='bbox 3604 2426 3846 2495; x_wconf 86' lang='lat' dir='ltr'><strong>quidem</strong></span> 
     </span>
    </p>
   </div>
   <div class='ocr_carea' id='block_1_72' title="bbox 2136 2505 3847 2576">
    <p class='ocr_par' dir='ltr' id='par_1_72' title="bbox 2136 2505 3847 2576">
     <span class='ocr_line' id='line_1_72' title="bbox 2136 2505 3847 2576; baseline 0.012 -25"><span class='ocrx_word' id='word_1_511' title='bbox 2136 2517 2239 2570; x_wconf 90' lang='lat' dir='ltr'><strong>pro</strong></span> <span class='ocrx_word' id='word_1_512' title='bbox 2271 2516 2337 2555; x_wconf 91' lang='lat' dir='ltr'><strong>eo</strong></span> <span class='ocrx_word' id='word_1_513' title='bbox 2369 2509 2715 2572; x_wconf 88' lang='lat' dir='ltr'><strong>satagerent,</strong></span> <span class='ocrx_word' id='word_1_514' title='bbox 2763 2505 2862 2558; x_wconf 90' lang='lat' dir='ltr'><strong>sed</strong></span> <span class='ocrx_word' id='word_1_515' title='bbox 2898 2507 3233 2576; x_wconf 84' lang='lat' dir='ltr'><strong>proficiendi</strong></span> <span class='ocrx_word' id='word_1_516' title='bbox 3273 2511 3490 2566; x_wconf 88' lang='lat' dir='ltr'><strong>aditum</strong></span> <span class='ocrx_word' id='word_1_517' title='bbox 3522 2529 3635 2568; x_wconf 89' lang='lat' dir='ltr'><strong>non</strong></span> <span class='ocrx_word' id='word_1_518' title='bbox 3664 2515 3847 2573; x_wconf 57' lang='lat' dir='ltr'><strong>habe-</strong></span> 
     </span>
    </p>
   </div>
   <div class='ocr_carea' id='block_1_73' title="bbox 2134 2591 3846 2668">
    <p class='ocr_par' dir='ltr' id='par_1_73' title="bbox 2134 2591 3846 2668">
     <span class='ocr_line' id='line_1_73' title="bbox 2134 2591 3846 2668; baseline 0.011 -26"><span class='ocrx_word' id='word_1_519' title='bbox 2134 2595 2284 2654; x_wconf 90' lang='lat' dir='ltr'><strong>rent,</strong></span> <span class='ocrx_word' id='word_1_520' title='bbox 2316 2591 2588 2659; x_wconf 83' lang='lat' dir='ltr'><strong>pontitiex</strong></span> <span class='ocrx_word' id='word_1_521' title='bbox 2611 2592 2888 2648; x_wconf 85' lang='lat' dir='ltr'><strong>divinitus</strong></span> <span class='ocrx_word' id='word_1_522' title='bbox 2913 2597 3245 2652; x_wconf 89' lang='lat' dir='ltr'><strong>recordatus</strong></span> <span class='ocrx_word' id='word_1_523' title='bbox 3269 2599 3554 2668; x_wconf 82' lang='lat' dir='ltr'><strong>ejusdem,</strong></span> <span class='ocrx_word' id='word_1_524' title='bbox 3580 2603 3846 2662; x_wconf 83' lang='lat' dir='ltr'><strong>diluculo</strong></span> 
     </span>
    </p>
   </div>
   <div class='ocr_carea' id='block_1_74' title="bbox 2137 2678 3840 2761">
    <p class='ocr_par' dir='ltr' id='par_1_74' title="bbox 2137 2678 3840 2761">
     <span class='ocr_line' id='line_1_74' title="bbox 2137 2678 3840 2761; baseline 0.011 -29"><span class='ocrx_word' id='word_1_525' title='bbox 2137 2678 2290 2734; x_wconf 88' lang='lat' dir='ltr'><strong>hunc</strong></span> <span class='ocrx_word' id='word_1_526' title='bbox 2322 2679 2393 2734; x_wconf 87' lang='lat' dir='ltr'><strong>ab</strong></span> <span class='ocrx_word' id='word_1_527' title='bbox 2425 2681 3169 2752; x_wconf 79' lang='lat' dir='ltr'><strong>ergastulojussitextrahi,</strong></span> <span class='ocrx_word' id='word_1_528' title='bbox 3208 2687 3576 2761; x_wconf 81' lang='lat' dir='ltr'><strong>liberumque</strong></span> <span class='ocrx_word' id='word_1_529' title='bbox 3595 2693 3840 2751; x_wconf 86' lang='lat' dir='ltr'><strong>dimitti.</strong></span> 
     </span>
    </p>
   </div>
   <div class='ocr_carea' id='block_1_75' title="bbox 2130 2768 3841 2854">
    <p class='ocr_par' dir='ltr' id='par_1_75' title="bbox 2130 2768 3841 2854">
     <span class='ocr_line' id='line_1_75' title="bbox 2130 2768 3841 2854; baseline 0.011 -32"><span class='ocrx_word' id='word_1_530' title='bbox 2130 2768 2245 2823; x_wconf 86' lang='lat' dir='ltr'><strong>Nec</strong></span> <span class='ocrx_word' id='word_1_531' title='bbox 2278 2768 2461 2824; x_wconf 89' lang='lat' dir='ltr'><strong>multo</strong></span> <span class='ocrx_word' id='word_1_532' title='bbox 2485 2776 2616 2839; x_wconf 91' lang='lat' dir='ltr'><strong>post</strong></span> <span class='ocrx_word' id='word_1_533' title='bbox 2644 2773 2910 2827; x_wconf 83' lang='lat' dir='ltr'><strong>monachi</strong></span> <span class='ocrx_word' id='word_1_534' title='bbox 2940 2777 3116 2830; x_wconf 86' lang='lat' dir='ltr'><strong>frater</strong></span> <span class='ocrx_word' id='word_1_535' title='bbox 3134 2775 3215 2830; x_wconf 90' lang='lat' dir='ltr'><strong>ita</strong></span> <span class='ocrx_word' id='word_1_536' title='bbox 3240 2794 3421 2833; x_wconf 87' lang='lat' dir='ltr'><strong>sanus</strong></span> <span class='ocrx_word' id='word_1_537' title='bbox 3440 2796 3704 2837; x_wconf 86' lang='lat' dir='ltr'><strong>reversus</strong></span> <span class='ocrx_word' id='word_1_538' title='bbox 3727 2790 3841 2854; x_wconf 84' lang='lat' dir='ltr'><strong>est,</strong></span> 
     </span>
    </p>
   </div>
   <div class='ocr_carea' id='block_1_76' title="bbox 2129 2859 3836 2934">
    <p class='ocr_par' dir='ltr' id='par_1_76' title="bbox 2129 2859 3836 2934">
     <span class='ocr_line' id='line_1_76' title="bbox 2129 2859 3836 2934; baseline 0.011 -23"><span class='ocrx_word' id='word_1_539' title='bbox 2129 2863 2195 2912; x_wconf 89' lang='lat' dir='ltr'><strong>ut</strong></span> <span class='ocrx_word' id='word_1_540' title='bbox 2222 2859 2513 2914; x_wconf 86' lang='lat' dir='ltr'><strong>videretur</strong></span> <span class='ocrx_word' id='word_1_541' title='bbox 2543 2861 2826 2918; x_wconf 88' lang='lat' dir='ltr'><strong>hactenus</strong></span> <span class='ocrx_word' id='word_1_542' title='bbox 2868 2865 2930 2920; x_wconf 88' lang='lat' dir='ltr'><strong>in</strong></span> <span class='ocrx_word' id='word_1_543' title='bbox 2969 2866 3230 2934; x_wconf 85' lang='lat' dir='ltr'><strong>ejusdem</strong></span> <span class='ocrx_word' id='word_1_544' title='bbox 3265 2867 3450 2924; x_wconf 89' lang='lat' dir='ltr'><strong>Patris</strong></span> <span class='ocrx_word' id='word_1_545' title='bbox 3481 2877 3836 2930; x_wconf 87' lang='lat' dir='ltr'><strong>monasterio</strong></span> 
     </span>
    </p>
   </div>
   <div class='ocr_carea' id='block_1_77' title="bbox 2125 2948 3837 3024">
    <p class='ocr_par' dir='ltr' id='par_1_77' title="bbox 2125 2948 3837 3024">
     <span class='ocr_line' id='line_1_77' title="bbox 2125 2948 3837 3024; baseline 0.011 -24"><span class='ocrx_word' id='word_1_546' title='bbox 2125 2949 2288 3001; x_wconf 89' lang='lat' dir='ltr'><strong>tanto</strong></span> <span class='ocrx_word' id='word_1_547' title='bbox 2310 2948 2542 3004; x_wconf 89' lang='lat' dir='ltr'><strong>fidelius</strong></span> <span class='ocrx_word' id='word_1_548' title='bbox 2573 2951 2916 3022; x_wconf 86' lang='lat' dir='ltr'><strong>deservisse,</strong></span> <span class='ocrx_word' id='word_1_549' title='bbox 2941 2959 3158 3024; x_wconf 90' lang='lat' dir='ltr'><strong>quanto</strong></span> <span class='ocrx_word' id='word_1_550' title='bbox 3190 2972 3252 3010; x_wconf 88' lang='lat' dir='ltr'><strong>se</strong></span> <span class='ocrx_word' id='word_1_551' title='bbox 3284 2957 3440 3013; x_wconf 90' lang='lat' dir='ltr'><strong>illius</strong></span> <span class='ocrx_word' id='word_1_552' title='bbox 3473 2959 3837 3019; x_wconf 87' lang='lat' dir='ltr'><strong>adminiculo</strong></span> 
     </span>
    </p>
   </div>
   <div class='ocr_carea' id='block_1_78' title="bbox 2127 3037 3516 3107">
    <p class='ocr_par' dir='ltr' id='par_1_78' title="bbox 2127 3037 3516 3107">
     <span class='ocr_line' id='line_1_78' title="bbox 2127 3037 3516 3107; baseline 0.01 -18"><span class='ocrx_word' id='word_1_553' title='bbox 2127 3037 2391 3091; x_wconf 88' lang='lat' dir='ltr'><strong>meminit</strong></span> <span class='ocrx_word' id='word_1_554' title='bbox 2419 3039 2486 3091; x_wconf 87' lang='lat' dir='ltr'><strong>ad</strong></span> <span class='ocrx_word' id='word_1_555' title='bbox 2523 3042 2828 3107; x_wconf 87' lang='lat' dir='ltr'><strong>pristinam</strong></span> <span class='ocrx_word' id='word_1_556' title='bbox 2865 3043 3171 3099; x_wconf 87' lang='lat' dir='ltr'><strong>sanitatem</strong></span> <span class='ocrx_word' id='word_1_557' title='bbox 3205 3063 3516 3102; x_wconf 90' lang='lat' dir='ltr'><strong>remeasse.</strong></span> 
     </span>
    </p>
   </div>
   <div class='ocr_carea' id='block_1_79' title="bbox 2187 3125 3827 3210">
    <p class='ocr_par' dir='ltr' id='par_1_79' title="bbox 2187 3125 3827 3210">
     <span class='ocr_line' id='line_1_79' title="bbox 2187 3125 3827 3210; baseline 0.012 -32"><span class='ocrx_word' id='word_1_558' title='bbox 2187 3125 2276 3180; x_wconf 88' lang='lat'><strong>93.</strong></span> <span class='ocrx_word' id='word_1_559' title='bbox 2314 3126 2651 3183; x_wconf 71' lang='lat' dir='ltr'><strong>Reverendas</strong></span> <span class='ocrx_word' id='word_1_560' title='bbox 2693 3146 2922 3201; x_wconf 90' lang='lat' dir='ltr'><strong>quoque</strong></span> <span class='ocrx_word' id='word_1_561' title='bbox 2957 3134 3243 3189; x_wconf 74' lang='lat' dir='ltr'><strong>memoriae</strong></span> <span class='ocrx_word' id='word_1_562' title='bbox 3276 3135 3494 3192; x_wconf 89' lang='lat' dir='ltr'><strong>Nicolai</strong></span> <span class='ocrx_word' id='word_1_563' title='bbox 3529 3140 3827 3210; x_wconf 84' lang='lat' dir='ltr'><strong>pontificis</strong></span> 
     </span>
    </p>
   </div>
   <div class='ocr_carea' id='block_1_80' title="bbox 2117 3219 3826 3290">
    <p class='ocr_par' dir='ltr' id='par_1_80' title="bbox 2117 3219 3826 3290">
     <span class='ocr_line' id='line_1_80' title="bbox 2117 3219 3826 3290; baseline 0.011 -22"><span class='ocrx_word' id='word_1_564' title='bbox 2117 3220 2397 3287; x_wconf 90' lang='lat' dir='ltr'><strong>tempore,</strong></span> <span class='ocrx_word' id='word_1_565' title='bbox 2422 3219 2678 3289; x_wconf 87' lang='lat' dir='ltr'><strong>regimen</strong></span> <span class='ocrx_word' id='word_1_566' title='bbox 2705 3223 2968 3290; x_wconf 90' lang='lat' dir='ltr'><strong>ejusdem</strong></span> <span class='ocrx_word' id='word_1_567' title='bbox 3013 3227 3345 3280; x_wconf 89' lang='lat' dir='ltr'><strong>monasterii</strong></span> <span class='ocrx_word' id='word_1_568' title='bbox 3375 3228 3651 3285; x_wconf 89' lang='lat' dir='ltr'><strong>Zacharia</strong></span> <span class='ocrx_word' id='word_1_569' title='bbox 3682 3231 3826 3286; x_wconf 91' lang='lat' dir='ltr'><strong>civi-</strong></span> 
     </span>
    </p>
   </div>
   <div class='ocr_carea' id='block_1_81' title="bbox 2115 3306 3828 3390">
    <p class='ocr_par' dir='ltr' id='par_1_81' title="bbox 2115 3306 3828 3390">
     <span class='ocr_line' id='line_1_81' title="bbox 2115 3306 3828 3390; baseline 0.012 -33"><span class='ocrx_word' id='word_1_570' title='bbox 2115 3306 2251 3359; x_wconf 90' lang='lat' dir='ltr'><strong>tatis</strong></span> <span class='ocrx_word' id='word_1_571' title='bbox 2275 3308 2593 3377; x_wconf 71' lang='lat' dir='ltr'><strong>Anagninis</strong></span> <span class='ocrx_word' id='word_1_572' title='bbox 2637 3313 2901 3377; x_wconf 69' lang='lat' dir='ltr'><strong>praesule,</strong></span> <span class='ocrx_word' id='word_1_573' title='bbox 2921 3313 3073 3367; x_wconf 80' lang='lat' dir='ltr'><strong>sicut</strong></span> <span class='ocrx_word' id='word_1_574' title='bbox 3097 3314 3266 3370; x_wconf 83' lang='lat' dir='ltr'><strong>hodie</strong></span> <span class='ocrx_word' id='word_1_575' title='bbox 3291 3325 3579 3388; x_wconf 80' lang='lat' dir='ltr'><strong>superest,</strong></span> <span class='ocrx_word' id='word_1_576' title='bbox 3616 3336 3828 3390; x_wconf 89' lang='lat' dir='ltr'><strong>procu-</strong></span> 
     </span>
    </p>
   </div>
   <div class='ocr_carea' id='block_1_82' title="bbox 2115 3397 3828 3477">
    <p class='ocr_par' dir='ltr' id='par_1_82' title="bbox 2115 3397 3828 3477">
     <span class='ocr_line' id='line_1_82' title="bbox 2115 3397 3828 3477; baseline 0.01 -29"><span class='ocrx_word' id='word_1_577' title='bbox 2115 3402 2297 3462; x_wconf 84' lang='lat' dir='ltr'><strong>rante,</strong></span> <span class='ocrx_word' id='word_1_578' title='bbox 2344 3397 2583 3451; x_wconf 90' lang='lat' dir='ltr'><strong>fundum</strong></span> <span class='ocrx_word' id='word_1_579' title='bbox 2627 3399 3050 3470; x_wconf 86' lang='lat' dir='ltr'><strong>Barbilianum,</strong></span> <span class='ocrx_word' id='word_1_580' title='bbox 3077 3405 3245 3474; x_wconf 90' lang='lat' dir='ltr'><strong>cujus</strong></span> <span class='ocrx_word' id='word_1_581' title='bbox 3268 3408 3540 3477; x_wconf 79' lang='lat' dir='ltr'><strong>SUperius</strong></span> <span class='ocrx_word' id='word_1_582' title='bbox 3573 3410 3828 3464; x_wconf 87' lang='lat' dir='ltr'><strong>feceram</strong></span> 
     </span>
    </p>
   </div>
   <div class='ocr_carea' id='block_1_83' title="bbox 2115 3484 3832 3569">
    <p class='ocr_par' dir='ltr' id='par_1_83' title="bbox 2115 3484 3832 3569">
     <span class='ocr_line' id='line_1_83' title="bbox 2115 3484 3832 3569; baseline 0.01 -32"><span class='ocrx_word' id='word_1_583' title='bbox 2115 3484 2489 3554; x_wconf 82' lang='lat' dir='ltr'><strong>mentionem,</strong></span> <span class='ocrx_word' id='word_1_584' title='bbox 2524 3503 2626 3556; x_wconf 92' lang='lat' dir='ltr'><strong>pro</strong></span> <span class='ocrx_word' id='word_1_585' title='bbox 2655 3487 2973 3544; x_wconf 84' lang='lat' dir='ltr'><strong>incolarum</strong></span> <span class='ocrx_word' id='word_1_586' title='bbox 3001 3492 3322 3548; x_wconf 90' lang='lat' dir='ltr'><strong>sceleribus</strong></span> <span class='ocrx_word' id='word_1_587' title='bbox 3347 3496 3571 3551; x_wconf 70' lang='lat' dir='ltr'><strong>daemon</strong></span> <span class='ocrx_word' id='word_1_588' title='bbox 3597 3514 3832 3569; x_wconf 79' lang='lat' dir='ltr'><strong>aggres-</strong></span> 
     </span>
    </p>
   </div>
   <div class='ocr_carea' id='block_1_84' title="bbox 2110 3576 3828 3658">
    <p class='ocr_par' dir='ltr' id='par_1_84' title="bbox 2110 3576 3828 3658">
     <span class='ocr_line' id='line_1_84' title="bbox 2110 3576 3828 3658; baseline 0.01 -30"><span class='ocrx_word' id='word_1_589' title='bbox 2110 3589 2211 3628; x_wconf 84' lang='lat' dir='ltr'><strong>sus</strong></span> <span class='ocrx_word' id='word_1_590' title='bbox 2237 3578 2352 3639; x_wconf 87' lang='lat' dir='ltr'><strong>est;</strong></span> <span class='ocrx_word' id='word_1_591' title='bbox 2386 3581 2442 3630; x_wconf 83' lang='lat' dir='ltr'><strong>et</strong></span> <span class='ocrx_word' id='word_1_592' title='bbox 2464 3576 2523 3630; x_wconf 92' lang='lat' dir='ltr'><strong>in</strong></span> <span class='ocrx_word' id='word_1_593' title='bbox 2543 3576 2926 3635; x_wconf 88' lang='lat' dir='ltr'><strong>similitudine</strong></span> <span class='ocrx_word' id='word_1_594' title='bbox 2955 3582 3183 3636; x_wconf 90' lang='lat' dir='ltr'><strong>taurelli</strong></span> <span class='ocrx_word' id='word_1_595' title='bbox 3207 3584 3276 3638; x_wconf 91' lang='lat' dir='ltr'><strong>de</strong></span> <span class='ocrx_word' id='word_1_596' title='bbox 3300 3587 3480 3655; x_wconf 88' lang='lat' dir='ltr'><strong>pratis</strong></span> <span class='ocrx_word' id='word_1_597' title='bbox 3505 3588 3828 3658; x_wconf 88' lang='lat' dir='ltr'><strong>mugiendo</strong></span> 
     </span>
    </p>
   </div>
   <div class='ocr_carea' id='block_1_85' title="bbox 2109 3664 3830 3738">
    <p class='ocr_par' dir='ltr' id='par_1_85' title="bbox 2109 3664 3830 3738">
     <span class='ocr_line' id='line_1_85' title="bbox 2109 3664 3830 3738; baseline 0.012 -22"><span class='ocrx_word' id='word_1_598' title='bbox 2109 3664 2180 3717; x_wconf 87' lang='lat' dir='ltr'><strong>ad</strong></span> <span class='ocrx_word' id='word_1_599' title='bbox 2225 3665 2465 3720; x_wconf 89' lang='lat' dir='ltr'><strong>domum</strong></span> <span class='ocrx_word' id='word_1_600' title='bbox 2527 3683 2850 3738; x_wconf 85' lang='lat' dir='ltr'><strong>recurrens,</strong></span> <span class='ocrx_word' id='word_1_601' title='bbox 2909 3670 3280 3728; x_wconf 78' lang='lat' dir='ltr'><strong>invisibiliter</strong></span> <span class='ocrx_word' id='word_1_602' title='bbox 3339 3676 3464 3730; x_wconf 90' lang='lat' dir='ltr'><strong>suis</strong></span> <span class='ocrx_word' id='word_1_603' title='bbox 3509 3678 3830 3737; x_wconf 87' lang='lat' dir='ltr'><strong>corniculis</strong></span> 
     </span>
    </p>
   </div>
   <div class='ocr_carea' id='block_1_86' title="bbox 2110 3753 3830 3838">
    <p class='ocr_par' dir='ltr' id='par_1_86' title="bbox 2110 3753 3830 3838">
     <span class='ocr_line' id='line_1_86' title="bbox 2110 3753 3830 3838; baseline 0.01 -32"><span class='ocrx_word' id='word_1_604' title='bbox 2110 3753 2292 3807; x_wconf 87' lang='lat' dir='ltr'><strong>virum</strong></span> <span class='ocrx_word' id='word_1_605' title='bbox 2320 3755 2685 3810; x_wconf 86' lang='lat' dir='ltr'><strong>sentiebatur</strong></span> <span class='ocrx_word' id='word_1_606' title='bbox 2727 3764 2895 3814; x_wconf 88' lang='lat' dir='ltr'><strong>noctu</strong></span> <span class='ocrx_word' id='word_1_607' title='bbox 2942 3766 3263 3829; x_wconf 86' lang='lat' dir='ltr'><strong>percutere,</strong></span> <span class='ocrx_word' id='word_1_608' title='bbox 3292 3763 3578 3837; x_wconf 80' lang='lat' dir='ltr'><strong>bovesque</strong></span> <span class='ocrx_word' id='word_1_609' title='bbox 3609 3783 3642 3821; x_wconf 88' lang='lat' dir='ltr'><strong>a</strong></span> <span class='ocrx_word' id='word_1_610' title='bbox 3674 3785 3830 3838; x_wconf 71' lang='lat' dir='ltr'><strong>prae-</strong></span> 
     </span>
    </p>
   </div>
   <div class='ocr_carea' id='block_1_87' title="bbox 2107 3843 3824 3927">
    <p class='ocr_par' dir='ltr' id='par_1_87' title="bbox 2107 3843 3824 3927">
     <span class='ocr_line' id='line_1_87' title="bbox 2107 3843 3824 3927; baseline 0.009 -29"><span class='ocrx_word' id='word_1_611' title='bbox 2107 3843 2290 3913; x_wconf 83' lang='lat' dir='ltr'><strong>sepiis</strong></span> <span class='ocrx_word' id='word_1_612' title='bbox 2341 3845 2675 3910; x_wconf 77' lang='lat' dir='ltr'><strong>extrahens,</strong></span> <span class='ocrx_word' id='word_1_613' title='bbox 2708 3864 2808 3918; x_wconf 90' lang='lat' dir='ltr'><strong>per</strong></span> <span class='ocrx_word' id='word_1_614' title='bbox 2849 3850 3155 3919; x_wconf 87' lang='lat' dir='ltr'><strong>contiguos</strong></span> <span class='ocrx_word' id='word_1_615' title='bbox 3188 3869 3426 3921; x_wconf 90' lang='lat' dir='ltr'><strong>campos</strong></span> <span class='ocrx_word' id='word_1_616' title='bbox 3457 3861 3513 3909; x_wconf 93' lang='lat' dir='ltr'><strong>et</strong></span> <span class='ocrx_word' id='word_1_617' title='bbox 3561 3858 3824 3927; x_wconf 86' lang='lat' dir='ltr'><strong>compita</strong></span> 
     </span>
    </p>
   </div>
   <div class='ocr_carea' id='block_1_88' title="bbox 2103 3932 3824 4011">
    <p class='ocr_par' dir='ltr' id='par_1_88' title="bbox 2103 3932 3824 4011">
     <span class='ocr_line' id='line_1_88' title="bbox 2103 3932 3824 4011; baseline 0.009 -25"><span class='ocrx_word' id='word_1_618' title='bbox 2103 3948 2278 3986; x_wconf 88' lang='lat' dir='ltr'><strong>cursu</strong></span> <span class='ocrx_word' id='word_1_619' title='bbox 2303 3932 2664 3989; x_wconf 89' lang='lat' dir='ltr'><strong>velocissimo</strong></span> <span class='ocrx_word' id='word_1_620' title='bbox 2703 3935 2960 4007; x_wconf 76' lang='lat' dir='ltr'><strong>fatigare.</strong></span> <span class='ocrx_word' id='word_1_621' title='bbox 2986 3940 3245 4011; x_wconf 83' lang='lat' dir='ltr'><strong>Cumque</strong></span> <span class='ocrx_word' id='word_1_622' title='bbox 3272 3941 3378 3996; x_wconf 91' lang='lat' dir='ltr'><strong>hoc</strong></span> <span class='ocrx_word' id='word_1_623' title='bbox 3415 3943 3640 3998; x_wconf 89' lang='lat' dir='ltr'><strong>diutius</strong></span> <span class='ocrx_word' id='word_1_624' title='bbox 3667 3947 3824 4002; x_wconf 86' lang='lat' dir='ltr'><strong>face-</strong></span> 
     </span>
    </p>
   </div>
   <div class='ocr_carea' id='block_1_89' title="bbox 2105 4021 3819 4103">
    <p class='ocr_par' dir='ltr' id='par_1_89' title="bbox 2105 4021 3819 4103">
     <span class='ocr_line' id='line_1_89' title="bbox 2105 4021 3819 4103; baseline 0.008 -28"><span class='ocrx_word' id='word_1_625' title='bbox 2105 4027 2212 4087; x_wconf 90' lang='lat' dir='ltr'><strong>ret,</strong></span> <span class='ocrx_word' id='word_1_626' title='bbox 2237 4021 2556 4093; x_wconf 88' lang='lat' dir='ltr'><strong>crebroquc</strong></span> <span class='ocrx_word' id='word_1_627' title='bbox 2596 4025 2831 4079; x_wconf 88' lang='lat' dir='ltr'><strong>rusticis</strong></span> <span class='ocrx_word' id='word_1_628' title='bbox 2864 4028 3067 4082; x_wconf 86' lang='lat' dir='ltr'><strong>noxius</strong></span> <span class='ocrx_word' id='word_1_629' title='bbox 3093 4028 3444 4098; x_wconf 84' lang='lat' dir='ltr'><strong>immineret,</strong></span> <span class='ocrx_word' id='word_1_630' title='bbox 3470 4031 3819 4103; x_wconf 88' lang='lat' dir='ltr'><strong>hujusmodi</strong></span> 
     </span>
    </p>
   </div>
   <div class='ocr_carea' id='block_1_90' title="bbox 2103 4111 3820 4190">
    <p class='ocr_par' dir='ltr' id='par_1_90' title="bbox 2103 4111 3820 4190">
     <span class='ocr_line' id='line_1_90' title="bbox 2103 4111 3820 4190; baseline 0.01 -30"><span class='ocrx_word' id='word_1_631' title='bbox 2103 4111 2577 4178; x_wconf 86' lang='lat' dir='ltr'><strong>percussionibus</strong></span> <span class='ocrx_word' id='word_1_632' title='bbox 2627 4112 2904 4168; x_wconf 84' lang='lat' dir='ltr'><strong>Saxulum</strong></span> <span class='ocrx_word' id='word_1_633' title='bbox 2957 4117 3268 4186; x_wconf 90' lang='lat' dir='ltr'><strong>quemdam</strong></span> <span class='ocrx_word' id='word_1_634' title='bbox 3302 4119 3561 4187; x_wconf 88' lang='lat' dir='ltr'><strong>ejusdem</strong></span> <span class='ocrx_word' id='word_1_635' title='bbox 3615 4123 3820 4190; x_wconf 68' lang='lat' dir='ltr'><strong>praedii</strong></span> 
     </span>
    </p>
   </div>
   <div class='ocr_carea' id='block_1_91' title="bbox 2100 4198 3818 4273">
    <p class='ocr_par' dir='ltr' id='par_1_91' title="bbox 2100 4198 3818 4273">
     <span class='ocr_line' id='line_1_91' title="bbox 2100 4198 3818 4273; baseline 0.01 -22"><span class='ocrx_word' id='word_1_636' title='bbox 2100 4198 2506 4253; x_wconf 85' lang='lat' dir='ltr'><strong>conductorem</strong></span> <span class='ocrx_word' id='word_1_637' title='bbox 2529 4200 2844 4271; x_wconf 82' lang='lat' dir='ltr'><strong>afﬂigendo</strong></span> <span class='ocrx_word' id='word_1_638' title='bbox 2869 4205 3237 4273; x_wconf 85' lang='lat' dir='ltr'><strong>disperdidit.</strong></span> <span class='ocrx_word' id='word_1_639' title='bbox 3273 4207 3490 4263; x_wconf 89' lang='lat' dir='ltr'><strong>Deinde</strong></span> <span class='ocrx_word' id='word_1_640' title='bbox 3523 4209 3818 4269; x_wconf 87' lang='lat' dir='ltr'><strong>bubulcos</strong></span> 
     </span>
    </p>
   </div>
   <div class='ocr_carea' id='block_1_92' title="bbox 2101 4294 3812 4364">
    <p class='ocr_par' dir='ltr' id='par_1_92' title="bbox 2101 4294 3812 4364">
     <span class='ocr_line' id='line_1_92' title="bbox 2101 4294 3812 4364; baseline 0.009 -22"><span class='ocrx_word' id='word_1_641' title='bbox 2101 4305 2434 4360; x_wconf 76' lang='lat' dir='ltr'><strong>aggressus,</strong></span> <span class='ocrx_word' id='word_1_642' title='bbox 2492 4297 2652 4344; x_wconf 81' lang='lat' dir='ltr'><strong>tanta</strong></span> <span class='ocrx_word' id='word_1_643' title='bbox 2706 4294 2861 4347; x_wconf 73' lang='lat' dir='ltr'><strong>caede</strong></span> <span class='ocrx_word' id='word_1_644' title='bbox 2921 4295 3265 4364; x_wconf 86' lang='lat' dir='ltr'><strong>perdomuit,</strong></span> <span class='ocrx_word' id='word_1_645' title='bbox 3328 4303 3388 4351; x_wconf 90' lang='lat' dir='ltr'><strong>ut</strong></span> <span class='ocrx_word' id='word_1_646' title='bbox 3449 4299 3596 4353; x_wconf 87' lang='lat' dir='ltr'><strong>intra</strong></span> <span class='ocrx_word' id='word_1_647' title='bbox 3629 4300 3812 4356; x_wconf 78' lang='lat' dir='ltr'><strong>trium</strong></span> 
     </span>
    </p>
   </div>
   <div class='ocr_carea' id='block_1_93' title="bbox 2101 4377 3812 4454">
    <p class='ocr_par' dir='ltr' id='par_1_93' title="bbox 2101 4377 3812 4454">
     <span class='ocr_line' id='line_1_93' title="bbox 2101 4377 3812 4454; baseline 0.011 -26"><span class='ocrx_word' id='word_1_648' title='bbox 2101 4377 2385 4429; x_wconf 78' lang='lat' dir='ltr'><strong>mensium</strong></span> <span class='ocrx_word' id='word_1_649' title='bbox 2409 4379 2661 4446; x_wconf 86' lang='lat' dir='ltr'><strong>spatium</strong></span> <span class='ocrx_word' id='word_1_650' title='bbox 2691 4379 2979 4436; x_wconf 87' lang='lat' dir='ltr'><strong>neminem</strong></span> <span class='ocrx_word' id='word_1_651' title='bbox 3007 4383 3122 4437; x_wconf 85' lang='lat' dir='ltr'><strong>illic</strong></span> <span class='ocrx_word' id='word_1_652' title='bbox 3148 4392 3349 4454; x_wconf 72' lang='lat' dir='ltr'><strong>praeter</strong></span> <span class='ocrx_word' id='word_1_653' title='bbox 3375 4403 3554 4441; x_wconf 83' lang='lat' dir='ltr'><strong>unum</strong></span> <span class='ocrx_word' id='word_1_654' title='bbox 3582 4394 3812 4447; x_wconf 87' lang='lat' dir='ltr'><strong>tantum</strong></span> 
     </span>
    </p>
   </div>
   <div class='ocr_carea' id='block_1_94' title="bbox 280 4461 3813 4548">
    <p class='ocr_par' dir='ltr' id='par_1_94' title="bbox 280 4461 3813 4548">
     <span class='ocr_line' id='line_1_94' title="bbox 280 4461 3813 4548; baseline 0 -22"><span class='ocrx_word' id='word_1_655' title='bbox 280 4470 566 4538; x_wconf 82' lang='lat' dir='ltr'><strong>rentibus,</strong></span> <span class='ocrx_word' id='word_1_656' title='bbox 592 4471 993 4526; x_wconf 86' lang='lat' dir='ltr'><strong>monachicum</strong></span> <span class='ocrx_word' id='word_1_657' title='bbox 1019 4471 1282 4527; x_wconf 84' lang='lat' dir='ltr'><strong>habitum</strong></span> <span class='ocrx_word' id='word_1_658' title='bbox 1310 4473 1599 4542; x_wconf 86' lang='lat' dir='ltr'><strong>suscepit;</strong></span> <span class='ocrx_word' id='word_1_659' title='bbox 1628 4473 1984 4542; x_wconf 89' lang='lat' dir='ltr'><strong>etpaulatim</strong></span> <span class='ocrx_word' id='word_1_660' title='bbox 2026 4461 2066 4524; x_wconf 89' lang='lat' dir='ltr'><strong>D</strong></span> <span class='ocrx_word' id='word_1_661' title='bbox 2099 4468 2172 4534; x_wconf 75' lang='grc' dir='ltr'><strong>(ε)</strong></span> <span class='ocrx_word' id='word_1_662' title='bbox 2197 4465 2484 4520; x_wconf 77' lang='lat' dir='ltr'><strong>Urselium</strong></span> <span class='ocrx_word' id='word_1_663' title='bbox 2521 4471 2776 4535; x_wconf 86' lang='lat' dir='ltr'><strong>nomine,</strong></span> <span class='ocrx_word' id='word_1_664' title='bbox 2811 4487 2980 4540; x_wconf 89' lang='lat' dir='ltr'><strong>quem</strong></span> <span class='ocrx_word' id='word_1_665' title='bbox 3025 4473 3297 4530; x_wconf 83' lang='lat' dir='ltr'><strong>similiter</strong></span> <span class='ocrx_word' id='word_1_666' title='bbox 3326 4477 3641 4548; x_wconf 68' lang='lat' dir='ltr'><strong>affligebat,</strong></span> <span class='ocrx_word' id='word_1_667' title='bbox 3682 4481 3813 4535; x_wconf 71' lang='lat' dir='ltr'><strong>reti-</strong></span> 
     </span>
    </p>
   </div>
   <div class='ocr_carea' id='block_1_95' title="bbox 277 4555 3808 4637">
    <p class='ocr_par' dir='ltr' id='par_1_95' title="bbox 277 4555 3808 4637">
     <span class='ocr_line' id='line_1_95' title="bbox 277 4555 3808 4637; baseline 0.003 -25"><span class='ocrx_word' id='word_1_668' title='bbox 277 4559 712 4630; x_wconf 87' lang='lat' dir='ltr'><strong>ingravescente</strong></span> <span class='ocrx_word' id='word_1_669' title='bbox 753 4559 1038 4624; x_wconf 81' lang='lat' dir='ltr'><strong>molestia,</strong></span> <span class='ocrx_word' id='word_1_670' title='bbox 1065 4565 1240 4615; x_wconf 66' lang='lat' dir='ltr'><strong>sextae</strong></span> <span class='ocrx_word' id='word_1_671' title='bbox 1279 4559 1426 4614; x_wconf 64' lang='lat' dir='ltr'><strong>ferias</strong></span> <span class='ocrx_word' id='word_1_672' title='bbox 1461 4560 1715 4614; x_wconf 80' lang='lat' dir='ltr'><strong>diluculo</strong></span> <span class='ocrx_word' id='word_1_673' title='bbox 1738 4561 1982 4615; x_wconf 83' lang='lat' dir='ltr'><strong>subdor-</strong></span> <span class='ocrx_word' id='word_1_674' title='bbox 2099 4555 2311 4624; x_wconf 74' lang='lat' dir='ltr'><strong>quer-it.</strong></span> <span class='ocrx_word' id='word_1_675' title='bbox 2341 4555 2445 4619; x_wconf 89' lang='lat' dir='ltr'><strong>Qui</strong></span> <span class='ocrx_word' id='word_1_676' title='bbox 2470 4560 2714 4612; x_wconf 82' lang='lat' dir='ltr'><strong>Romam</strong></span> <span class='ocrx_word' id='word_1_677' title='bbox 2760 4560 3014 4628; x_wconf 78' lang='lat' dir='ltr'><strong>veniens,</strong></span> <span class='ocrx_word' id='word_1_678' title='bbox 3056 4563 3194 4616; x_wconf 89' lang='lat' dir='ltr'><strong>dum</strong></span> <span class='ocrx_word' id='word_1_679' title='bbox 3236 4571 3403 4619; x_wconf 64' lang='lat' dir='ltr'><strong>tanta:</strong></span> <span class='ocrx_word' id='word_1_680' title='bbox 3439 4565 3618 4621; x_wconf 88' lang='lat' dir='ltr'><strong>cladis</strong></span> <span class='ocrx_word' id='word_1_681' title='bbox 3651 4570 3808 4637; x_wconf 82' lang='lat' dir='ltr'><strong>peri-</strong></span> 
     </span>
    </p>
   </div>
   <div class='ocr_carea' id='block_1_96' title="bbox 277 4642 3810 4722">
    <p class='ocr_par' dir='ltr' id='par_1_96' title="bbox 277 4642 3810 4722">
     <span class='ocr_line' id='line_1_96' title="bbox 277 4642 3810 4722; baseline 0.003 -21"><span class='ocrx_word' id='word_1_682' title='bbox 277 4646 457 4703; x_wconf 87' lang='lat' dir='ltr'><strong>mivit.</strong></span> <span class='ocrx_word' id='word_1_683' title='bbox 492 4647 572 4702; x_wconf 83' lang='lat' dir='ltr'><strong>Ae</strong></span> <span class='ocrx_word' id='word_1_684' title='bbox 603 4646 792 4702; x_wconf 89' lang='lat' dir='ltr'><strong>denuo</strong></span> <span class='ocrx_word' id='word_1_685' title='bbox 820 4648 1160 4714; x_wconf 87' lang='lat' dir='ltr'><strong>suscitatus,</strong></span> <span class='ocrx_word' id='word_1_686' title='bbox 1190 4649 1531 4717; x_wconf 88' lang='lat' dir='ltr'><strong>apparuisse</strong></span> <span class='ocrx_word' id='word_1_687' title='bbox 1564 4648 1676 4703; x_wconf 90' lang='lat' dir='ltr'><strong>sibi</strong></span> <span class='ocrx_word' id='word_1_688' title='bbox 1710 4657 1976 4703; x_wconf 82' lang='lat' dir='ltr'><strong>sanctum</strong></span> <span class='ocrx_word' id='word_1_689' title='bbox 2091 4642 2288 4698; x_wconf 90' lang='lat' dir='ltr'><strong>culum</strong></span> <span class='ocrx_word' id='word_1_690' title='bbox 2324 4645 2926 4715; x_wconf 89' lang='lat' dir='ltr'><strong>fratribusindicaret,</strong></span> <span class='ocrx_word' id='word_1_691' title='bbox 2953 4649 3274 4722; x_wconf 90' lang='lat' dir='ltr'><strong>interrupto</strong></span> <span class='ocrx_word' id='word_1_692' title='bbox 3314 4670 3580 4710; x_wconf 88' lang='lat' dir='ltr'><strong>sermone</strong></span> <span class='ocrx_word' id='word_1_693' title='bbox 3607 4673 3810 4714; x_wconf 83' lang='lat' dir='ltr'><strong>mona-</strong></span> 
     </span>
    </p>
   </div>
   <div class='ocr_carea' id='block_1_97' title="bbox 270 4730 3810 4812">
    <p class='ocr_par' dir='ltr' id='par_1_97' title="bbox 270 4730 3810 4812">
     <span class='ocr_line' id='line_1_97' title="bbox 270 4730 3810 4812; baseline 0.002 -16"><span class='ocrx_word' id='word_1_694' title='bbox 270 4737 560 4796; x_wconf 77' lang='lat' dir='ltr'><strong>Andream</strong></span> <span class='ocrx_word' id='word_1_695' title='bbox 599 4730 947 4808; x_wconf 72' lang='lat' dir='ltr'><strong>apostolum,</strong></span> <span class='ocrx_word' id='word_1_696' title='bbox 994 4752 1172 4808; x_wconf 88' lang='lat' dir='ltr'><strong>seque</strong></span> <span class='ocrx_word' id='word_1_697' title='bbox 1211 4736 1366 4792; x_wconf 85' lang='lat' dir='ltr'><strong>circa</strong></span> <span class='ocrx_word' id='word_1_698' title='bbox 1397 4737 1599 4792; x_wconf 87' lang='lat' dir='ltr'><strong>horam</strong></span> <span class='ocrx_word' id='word_1_699' title='bbox 1625 4739 1846 4792; x_wconf 85' lang='lat' dir='ltr'><strong>tertiam</strong></span> <span class='ocrx_word' id='word_1_700' title='bbox 1880 4754 1978 4791; x_wconf 79' lang='grc' dir='ltr'><strong>νο·-</strong></span> <span class='ocrx_word' id='word_1_701' title='bbox 2086 4733 2243 4786; x_wconf 90' lang='lat' dir='ltr'><strong>sterii</strong></span> <span class='ocrx_word' id='word_1_702' title='bbox 2271 4734 2453 4804; x_wconf 88' lang='lat' dir='ltr'><strong>portis</strong></span> <span class='ocrx_word' id='word_1_703' title='bbox 2490 4752 2755 4804; x_wconf 85' lang='lat' dir='ltr'><strong>egressus</strong></span> <span class='ocrx_word' id='word_1_704' title='bbox 2792 4743 2900 4804; x_wconf 90' lang='lat' dir='ltr'><strong>est,</strong></span> <span class='ocrx_word' id='word_1_705' title='bbox 2936 4745 2992 4794; x_wconf 89' lang='lat' dir='ltr'><strong>et</strong></span> <span class='ocrx_word' id='word_1_706' title='bbox 3023 4740 3576 4812; x_wconf 86' lang='lat' dir='ltr'><strong>obstupescentibus</strong></span> <span class='ocrx_word' id='word_1_707' title='bbox 3607 4762 3810 4804; x_wconf 84' lang='lat' dir='ltr'><strong>mona-</strong></span> 
     </span>
    </p>
   </div>
   <div class='ocr_carea' id='block_1_98' title="bbox 273 4820 3802 4903">
    <p class='ocr_par' dir='ltr' id='par_1_98' title="bbox 273 4820 3802 4903">
     <span class='ocr_line' id='line_1_98' title="bbox 273 4820 3802 4903; baseline 0.002 -21"><span class='ocrx_word' id='word_1_708' title='bbox 273 4826 524 4882; x_wconf 87' lang='lat' dir='ltr'><strong>candum</strong></span> <span class='ocrx_word' id='word_1_709' title='bbox 562 4841 711 4890; x_wconf 89' lang='lat' dir='ltr'><strong>ese,</strong></span> <span class='ocrx_word' id='word_1_710' title='bbox 745 4825 972 4896; x_wconf 88' lang='lat' dir='ltr'><strong>sibique</strong></span> <span class='ocrx_word' id='word_1_711' title='bbox 1008 4831 1356 4896; x_wconf 65' lang='lat' dir='ltr'><strong>praeceptum</strong></span> <span class='ocrx_word' id='word_1_712' title='bbox 1397 4826 1712 4896; x_wconf 89' lang='lat' dir='ltr'><strong>perhibuit,</strong></span> <span class='ocrx_word' id='word_1_713' title='bbox 1747 4832 1806 4881; x_wconf 94' lang='lat' dir='ltr'><strong>ut</strong></span> <span class='ocrx_word' id='word_1_714' title='bbox 1839 4825 1978 4897; x_wconf 89' lang='lat' dir='ltr'><strong>quia</strong></span> <span class='ocrx_word' id='word_1_715' title='bbox 2086 4820 2212 4876; x_wconf 89' lang='lat' dir='ltr'><strong>cbis</strong></span> <span class='ocrx_word' id='word_1_716' title='bbox 2246 4822 2475 4876; x_wconf 89' lang='lat' dir='ltr'><strong>nonnisi</strong></span> <span class='ocrx_word' id='word_1_717' title='bbox 2539 4840 2701 4878; x_wconf 89' lang='lat' dir='ltr'><strong>mane</strong></span> <span class='ocrx_word' id='word_1_718' title='bbox 2735 4826 2882 4879; x_wconf 79' lang='lat' dir='ltr'><strong>facto</strong></span> <span class='ocrx_word' id='word_1_719' title='bbox 2915 4843 3180 4883; x_wconf 80' lang='lat' dir='ltr'><strong>reversus</strong></span> <span class='ocrx_word' id='word_1_720' title='bbox 3213 4835 3320 4885; x_wconf 81' lang='lat' dir='ltr'><strong>est.</strong></span> <span class='ocrx_word' id='word_1_721' title='bbox 3371 4838 3414 4884; x_wconf 79' lang='grc' dir='ltr'>Α</span> <span class='ocrx_word' id='word_1_722' title='bbox 3449 4833 3661 4903; x_wconf 88' lang='lat' dir='ltr'><strong>quibus</strong></span> <span class='ocrx_word' id='word_1_723' title='bbox 3692 4853 3802 4892; x_wconf 62' lang='lat' dir='ltr'><strong>cu-</strong></span> 
     </span>
    </p>
   </div>
   <div class='ocr_carea' id='block_1_99' title="bbox 273 4913 3799 4989">
    <p class='ocr_par' dir='ltr' id='par_1_99' title="bbox 273 4913 3799 4989">
     <span class='ocr_line' id='line_1_99' title="bbox 273 4913 3799 4989; baseline 0.003 -20"><span class='ocrx_word' id='word_1_724' title='bbox 273 4932 391 4970; x_wconf 66' lang='lat' dir='ltr'><strong>sua</strong></span> <span class='ocrx_word' id='word_1_725' title='bbox 444 4913 649 4970; x_wconf 88' lang='lat' dir='ltr'><strong>mortis</strong></span> <span class='ocrx_word' id='word_1_726' title='bbox 694 4913 1123 4985; x_wconf 85' lang='lat' dir='ltr'><strong>exspectatione</strong></span> <span class='ocrx_word' id='word_1_727' title='bbox 1153 4915 1420 4983; x_wconf 85' lang='lat' dir='ltr'><strong>suspensi</strong></span> <span class='ocrx_word' id='word_1_728' title='bbox 1462 4916 1754 4980; x_wconf 90' lang='lat' dir='ltr'><strong>monachi,</strong></span> <span class='ocrx_word' id='word_1_729' title='bbox 1787 4916 1976 4970; x_wconf 88' lang='lat' dir='ltr'><strong>sancti</strong></span> <span class='ocrx_word' id='word_1_730' title='bbox 2087 4913 2234 4967; x_wconf 88' lang='lat' dir='ltr'><strong>riose</strong></span> <span class='ocrx_word' id='word_1_731' title='bbox 2268 4914 2592 4982; x_wconf 85' lang='lat' dir='ltr'><strong>discussus,</strong></span> <span class='ocrx_word' id='word_1_732' title='bbox 2617 4932 2872 4986; x_wconf 89' lang='lat' dir='ltr'><strong>quonam</strong></span> <span class='ocrx_word' id='word_1_733' title='bbox 2907 4935 2965 4973; x_wconf 88' lang='lat' dir='ltr'><strong>se</strong></span> <span class='ocrx_word' id='word_1_734' title='bbox 2997 4920 3222 4989; x_wconf 89' lang='lat' dir='ltr'><strong>pridem</strong></span> <span class='ocrx_word' id='word_1_735' title='bbox 3257 4926 3374 4976; x_wconf 87' lang='lat' dir='ltr'><strong>tam</strong></span> <span class='ocrx_word' id='word_1_736' title='bbox 3410 4923 3605 4979; x_wconf 75' lang='lat' dir='ltr'><strong>subita</strong></span> <span class='ocrx_word' id='word_1_737' title='bbox 3635 4925 3799 4982; x_wconf 82' lang='lat' dir='ltr'><strong>velo-</strong></span> 
     </span>
    </p>
   </div>
   <div class='ocr_carea' id='block_1_100' title="bbox 270 5000 3799 5076">
    <p class='ocr_par' dir='ltr' id='par_1_100' title="bbox 270 5000 3799 5076">
     <span class='ocr_line' id='line_1_100' title="bbox 270 5000 3799 5076; baseline 0.003 -21"><span class='ocrx_word' id='word_1_738' title='bbox 270 5003 508 5059; x_wconf 78' lang='lat' dir='ltr'><strong>Fabiani</strong></span> <span class='ocrx_word' id='word_1_739' title='bbox 561 5004 761 5060; x_wconf 87' lang='lat' dir='ltr'><strong>munia</strong></span> <span class='ocrx_word' id='word_1_740' title='bbox 808 5003 981 5058; x_wconf 86' lang='lat' dir='ltr'><strong>solita</strong></span> <span class='ocrx_word' id='word_1_741' title='bbox 1030 5003 1316 5058; x_wconf 76' lang='lat' dir='ltr'><strong>celebrare</strong></span> <span class='ocrx_word' id='word_1_742' title='bbox 1365 5019 1478 5057; x_wconf 91' lang='lat' dir='ltr'><strong>non</strong></span> <span class='ocrx_word' id='word_1_743' title='bbox 1523 5009 1803 5069; x_wconf 85' lang='lat' dir='ltr'><strong>poterant,</strong></span> <span class='ocrx_word' id='word_1_744' title='bbox 1841 5021 1972 5058; x_wconf 87' lang='lat' dir='ltr'><strong>mox</strong></span> <span class='ocrx_word' id='word_1_745' title='bbox 2083 5000 2250 5055; x_wconf 78' lang='lat' dir='ltr'><strong>citate</strong></span> <span class='ocrx_word' id='word_1_746' title='bbox 2295 5003 2634 5073; x_wconf 89' lang='lat' dir='ltr'><strong>proriperet,</strong></span> <span class='ocrx_word' id='word_1_747' title='bbox 2681 5005 2984 5061; x_wconf 88' lang='lat' dir='ltr'><strong>confessus</strong></span> <span class='ocrx_word' id='word_1_748' title='bbox 3023 5014 3131 5076; x_wconf 88' lang='lat' dir='ltr'><strong>est,</strong></span> <span class='ocrx_word' id='word_1_749' title='bbox 3179 5009 3377 5064; x_wconf 85' lang='lat' dir='ltr'><strong>dicens</strong></span> <span class='ocrx_word' id='word_1_750' title='bbox 3407 5028 3419 5064; x_wconf 89' lang='lat'><strong>:</strong></span> <span class='ocrx_word' id='word_1_751' title='bbox 3455 5034 3482 5060; x_wconf 83' lang='lat'><strong>«</strong></span> <span class='ocrx_word' id='word_1_752' title='bbox 3516 5011 3664 5067; x_wconf 91' lang='lat' dir='ltr'><strong>Dum</strong></span> <span class='ocrx_word' id='word_1_753' title='bbox 3699 5029 3799 5068; x_wconf 85' lang='lat' dir='ltr'><strong>vo-</strong></span> 
     </span>
    </p>
   </div>
   <div class='ocr_carea' id='block_1_101' title="bbox 267 5089 3795 5172">
    <p class='ocr_par' dir='ltr' id='par_1_101' title="bbox 267 5089 3795 5172">
     <span class='ocr_line' id='line_1_101' title="bbox 267 5089 3795 5172; baseline 0.005 -32"><span class='ocrx_word' id='word_1_754' title='bbox 267 5105 480 5161; x_wconf 76' lang='lat' dir='ltr'><strong>corpus</strong></span> <span class='ocrx_word' id='word_1_755' title='bbox 519 5107 690 5148; x_wconf 73' lang='lat' dir='ltr'><strong>suum</strong></span> <span class='ocrx_word' id='word_1_756' title='bbox 736 5092 1052 5164; x_wconf 63' lang='lat' dir='ltr'><strong>sepulturae</strong></span> <span class='ocrx_word' id='word_1_757' title='bbox 1094 5093 1412 5157; x_wconf 75' lang='lat' dir='ltr'><strong>traderent,</strong></span> <span class='ocrx_word' id='word_1_758' title='bbox 1455 5093 1821 5163; x_wconf 73' lang='lat' dir='ltr'><strong>acceptisque</strong></span> <span class='ocrx_word' id='word_1_759' title='bbox 1852 5111 1883 5147; x_wconf 67' lang='grc' dir='ltr'><strong>ει</strong></span> <span class='ocrx_word' id='word_1_760' title='bbox 1913 5110 1972 5148; x_wconf 81' lang='lat' dir='ltr'><strong>se</strong></span> <span class='ocrx_word' id='word_1_761' title='bbox 2083 5089 2170 5144; x_wconf 82' lang='lat' dir='ltr'><strong>bis</strong></span> <span class='ocrx_word' id='word_1_762' title='bbox 2205 5089 2494 5145; x_wconf 79' lang='lat' dir='ltr'><strong>insaniam</strong></span> <span class='ocrx_word' id='word_1_763' title='bbox 2550 5093 2827 5149; x_wconf 68' lang='lat' dir='ltr'><strong>daemonis</strong></span> <span class='ocrx_word' id='word_1_764' title='bbox 2874 5094 3210 5164; x_wconf 87' lang='lat' dir='ltr'><strong>revelarem,</strong></span> <span class='ocrx_word' id='word_1_765' title='bbox 3257 5099 3537 5155; x_wconf 90' lang='lat' dir='ltr'><strong>taurellus</strong></span> <span class='ocrx_word' id='word_1_766' title='bbox 3580 5101 3795 5172; x_wconf 72' lang='lat' dir='ltr'><strong>adfuit,</strong></span> 
     </span>
    </p>
   </div>
   <div class='ocr_carea' id='block_1_102' title="bbox 266 5178 3794 5259">
    <p class='ocr_par' dir='ltr' id='par_1_102' title="bbox 266 5178 3794 5259">
     <span class='ocr_line' id='line_1_102' title="bbox 266 5178 3794 5259; baseline 0.004 -25"><span class='ocrx_word' id='word_1_767' title='bbox 266 5179 448 5235; x_wconf 87' lang='lat' dir='ltr'><strong>cereis</strong></span> <span class='ocrx_word' id='word_1_768' title='bbox 469 5196 532 5233; x_wconf 84' lang='lat' dir='ltr'><strong>ac</strong></span> <span class='ocrx_word' id='word_1_769' title='bbox 561 5180 1045 5252; x_wconf 86' lang='lat' dir='ltr'><strong>thymiamatibus</strong></span> <span class='ocrx_word' id='word_1_770' title='bbox 1069 5183 1139 5238; x_wconf 90' lang='lat' dir='ltr'><strong>ad</strong></span> <span class='ocrx_word' id='word_1_771' title='bbox 1161 5182 1488 5253; x_wconf 86' lang='lat' dir='ltr'><strong>peragenda</strong></span> <span class='ocrx_word' id='word_1_772' title='bbox 1511 5181 1793 5236; x_wconf 87' lang='lat' dir='ltr'><strong>solemnia</strong></span> <span class='ocrx_word' id='word_1_773' title='bbox 1818 5182 1970 5237; x_wconf 84' lang='lat' dir='ltr'><strong>festi-</strong></span> <span class='ocrx_word' id='word_1_774' title='bbox 2082 5178 2594 5249; x_wconf 88' lang='lat' dir='ltr'><strong>anterioribusque</strong></span> <span class='ocrx_word' id='word_1_775' title='bbox 2652 5183 2898 5252; x_wconf 89' lang='lat' dir='ltr'><strong>pedibus</strong></span> <span class='ocrx_word' id='word_1_776' title='bbox 2957 5201 3050 5239; x_wconf 91' lang='lat' dir='ltr'><strong>me</strong></span> <span class='ocrx_word' id='word_1_777' title='bbox 3106 5188 3524 5259; x_wconf 90' lang='lat' dir='ltr'><strong>complectens,</strong></span> <span class='ocrx_word' id='word_1_778' title='bbox 3558 5207 3622 5245; x_wconf 88' lang='lat' dir='ltr'><strong>ac</strong></span> <span class='ocrx_word' id='word_1_779' title='bbox 3667 5193 3794 5247; x_wconf 86' lang='lat' dir='ltr'><strong>suis</strong></span> 
     </span>
    </p>
   </div>
   <div class='ocr_carea' id='block_1_103' title="bbox 266 5268 3790 5347">
    <p class='ocr_par' dir='ltr' id='par_1_103' title="bbox 266 5268 3790 5347">
     <span class='ocr_line' id='line_1_103' title="bbox 266 5268 3790 5347; baseline 0.005 -24"><span class='ocrx_word' id='word_1_780' title='bbox 266 5272 488 5323; x_wconf 87' lang='lat' dir='ltr'><strong>narent.</strong></span> <span class='ocrx_word' id='word_1_781' title='bbox 526 5268 672 5324; x_wconf 85' lang='lat' dir='ltr'><strong>Hora</strong></span> <span class='ocrx_word' id='word_1_782' title='bbox 717 5272 912 5342; x_wconf 84' lang='lat' dir='ltr'><strong>itaque</strong></span> <span class='ocrx_word' id='word_1_783' title='bbox 962 5273 1128 5326; x_wconf 89' lang='lat' dir='ltr'><strong>tertia</strong></span> <span class='ocrx_word' id='word_1_784' title='bbox 1159 5273 1469 5342; x_wconf 82' lang='lat' dir='ltr'><strong>episcopus</strong></span> <span class='ocrx_word' id='word_1_785' title='bbox 1503 5271 1668 5324; x_wconf 71' lang='lat' dir='ltr'><strong>laetus</strong></span> <span class='ocrx_word' id='word_1_786' title='bbox 1699 5270 1965 5341; x_wconf 83' lang='lat' dir='ltr'><strong>defungi-</strong></span> <span class='ocrx_word' id='word_1_787' title='bbox 2078 5268 2392 5324; x_wconf 90' lang='lat' dir='ltr'><strong>corniculis</strong></span> <span class='ocrx_word' id='word_1_788' title='bbox 2424 5272 2703 5340; x_wconf 83' lang='lat' dir='ltr'><strong>tundeus,</strong></span> <span class='ocrx_word' id='word_1_789' title='bbox 2764 5278 2897 5328; x_wconf 88' lang='lat' dir='ltr'><strong>ante</strong></span> <span class='ocrx_word' id='word_1_790' title='bbox 2927 5291 2985 5329; x_wconf 90' lang='lat' dir='ltr'><strong>se</strong></span> <span class='ocrx_word' id='word_1_791' title='bbox 3044 5279 3215 5347; x_wconf 74' lang='lat' dir='ltr'><strong>erepit</strong></span> <span class='ocrx_word' id='word_1_792' title='bbox 3277 5279 3519 5343; x_wconf 90' lang='lat' dir='ltr'><strong>minare,</strong></span> <span class='ocrx_word' id='word_1_793' title='bbox 3552 5287 3605 5336; x_wconf 88' lang='lat' dir='ltr'><strong>et</strong></span> <span class='ocrx_word' id='word_1_794' title='bbox 3663 5286 3790 5339; x_wconf 88' lang='lat' dir='ltr'><strong>tota</strong></span> 
     </span>
    </p>
   </div>
   <div class='ocr_carea' id='block_1_104' title="bbox 266 5354 3788 5443">
    <p class='ocr_par' dir='ltr' id='par_1_104' title="bbox 266 5354 3788 5443">
     <span class='ocr_line' id='line_1_104' title="bbox 266 5354 3788 5443; baseline 0.005 -33"><span class='ocrx_word' id='word_1_795' title='bbox 266 5360 383 5424; x_wconf 87' lang='lat' dir='ltr'><strong>tur,</strong></span> <span class='ocrx_word' id='word_1_796' title='bbox 417 5358 482 5408; x_wconf 91' lang='lat' dir='ltr'><strong>ut</strong></span> <span class='ocrx_word' id='word_1_797' title='bbox 512 5354 569 5408; x_wconf 91' lang='lat' dir='ltr'><strong>in</strong></span> <span class='ocrx_word' id='word_1_798' title='bbox 602 5355 729 5426; x_wconf 87' lang='lat' dir='ltr'><strong>ipsa</strong></span> <span class='ocrx_word' id='word_1_799' title='bbox 773 5357 969 5413; x_wconf 88' lang='lat' dir='ltr'><strong>vultus</strong></span> <span class='ocrx_word' id='word_1_800' title='bbox 999 5362 1126 5430; x_wconf 84' lang='lat' dir='ltr'><strong>ejus</strong></span> <span class='ocrx_word' id='word_1_801' title='bbox 1182 5360 1397 5422; x_wconf 76' lang='lat' dir='ltr'><strong>lietitia,</strong></span> <span class='ocrx_word' id='word_1_802' title='bbox 1449 5360 1749 5415; x_wconf 87' lang='lat' dir='ltr'><strong>conversio</strong></span> <span class='ocrx_word' id='word_1_803' title='bbox 1781 5359 1967 5430; x_wconf 90' lang='lat' dir='ltr'><strong>ipsius</strong></span> <span class='ocrx_word' id='word_1_804' title='bbox 2076 5361 2244 5413; x_wconf 91' lang='lat' dir='ltr'><strong>nocte</strong></span> <span class='ocrx_word' id='word_1_805' title='bbox 2279 5374 2371 5412; x_wconf 90' lang='lat' dir='ltr'><strong>me</strong></span> <span class='ocrx_word' id='word_1_806' title='bbox 2423 5361 2620 5415; x_wconf 90' lang='lat' dir='ltr'><strong>subire</strong></span> <span class='ocrx_word' id='word_1_807' title='bbox 2672 5377 2872 5418; x_wconf 90' lang='lat' dir='ltr'><strong>muros</strong></span> <span class='ocrx_word' id='word_1_808' title='bbox 2929 5366 3115 5436; x_wconf 85' lang='lat' dir='ltr'><strong>coegit</strong></span> <span class='ocrx_word' id='word_1_809' title='bbox 3147 5371 3202 5421; x_wconf 91' lang='lat' dir='ltr'><strong>et</strong></span> <span class='ocrx_word' id='word_1_810' title='bbox 3233 5367 3483 5424; x_wconf 88' lang='lat' dir='ltr'><strong>arbores.</strong></span> <span class='ocrx_word' id='word_1_811' title='bbox 3520 5370 3788 5443; x_wconf 90' lang='lat' dir='ltr'><strong>Cumque</strong></span> 
     </span>
    </p>
   </div>
   <div class='ocr_carea' id='block_1_105' title="bbox 333 5549 2765 5625">
    <p class='ocr_par' dir='ltr' id='par_1_105' title="bbox 333 5549 2765 5625">
     <span class='ocr_line' id='line_1_105' title="bbox 333 5549 2765 5625; baseline 0.001 -19"><span class='ocrx_word' id='word_1_812' title='bbox 333 5553 415 5621; x_wconf 84' lang='lat' dir='ltr'><strong>(a)</strong></span> <span class='ocrx_word' id='word_1_813' title='bbox 447 5551 610 5625; x_wconf 68' lang='lat' dir='ltr'><strong>Mss,</strong></span> <span class='ocrx_word' id='word_1_814' title='bbox 635 5549 900 5625; x_wconf 67' lang='lat' dir='ltr'><strong>dfatim...</strong></span> <span class='ocrx_word' id='word_1_815' title='bbox 934 5562 1048 5625; x_wconf 72' lang='lat' dir='ltr'><strong>post</strong></span> <span class='ocrx_word' id='word_1_816' title='bbox 1075 5569 1305 5625; x_wconf 82' lang='lat' dir='ltr'><strong>quorum</strong></span> <span class='ocrx_word' id='word_1_817' title='bbox 1325 5555 1642 5612; x_wconf 73' lang='lat' dir='ltr'><strong>discessum.</strong></span> <span class='ocrx_word' id='word_1_818' title='bbox 2145 5554 2224 5625; x_wconf 77' lang='grc' dir='ltr'><strong>(ό)</strong></span> <span class='ocrx_word' id='word_1_819' title='bbox 2260 5554 2428 5624; x_wconf 91' lang='lat' dir='ltr'><strong>Utic.,</strong></span> <span class='ocrx_word' id='word_1_820' title='bbox 2459 5557 2529 5610; x_wconf 80' lang='lat' dir='ltr'><strong>ad</strong></span> <span class='ocrx_word' id='word_1_821' title='bbox 2549 5563 2765 5616; x_wconf 76' lang='lat' dir='ltr'><strong>austro.</strong></span> 
     </span>
    </p>
   </div>
   <div class='ocr_carea' id='block_1_106' title="bbox 331 5623 3788 5707">
    <p class='ocr_par' dir='ltr' id='par_1_106' title="bbox 331 5623 3788 5707">
     <span class='ocr_line' id='line_1_106' title="bbox 331 5623 3788 5707; baseline 0.005 -31"><span class='ocrx_word' id='word_1_822' title='bbox 331 5627 406 5707; x_wconf 36' lang='lat' dir='ltr'><strong>(_b‘)</strong></span> <span class='ocrx_word' id='word_1_823' title='bbox 437 5623 611 5707; x_wconf 38' lang='lat' dir='ltr'><strong>I_J.tic._,</strong></span> <span class='ocrx_word' id='word_1_824' title='bbox 635 5624 842 5707; x_wconf 63' lang='lat' dir='ltr'><strong>regiam</strong></span> <span class='ocrx_word' id='word_1_825' title='bbox 871 5623 1125 5707; x_wconf 53' lang='lat' dir='ltr'><strong>videticet</strong></span> <span class='ocrx_word' id='word_1_826' title='bbox 1144 5627 1310 5707; x_wconf 66' lang='lat' dir='ltr'><strong>juxta</strong></span> <span class='ocrx_word' id='word_1_827' title='bbox 1334 5628 1636 5707; x_wconf 51' lang='lat' dir='ltr'><strong>basilicam.</strong></span> <span class='ocrx_word' id='word_1_828' title='bbox 2077 5697 2110 5707; x_wconf 82' lang='lat'><strong>_</strong></span> <span class='ocrx_word' id='word_1_829' title='bbox 2143 5623 2216 5707; x_wconf 61' lang='lat' dir='ltr'><strong>(ei</strong></span> <span class='ocrx_word' id='word_1_830' title='bbox 2270 5623 2431 5697; x_wconf 64' lang='lat' dir='ltr'><strong>Reg,</strong></span> <span class='ocrx_word' id='word_1_831' title='bbox 2483 5627 2699 5707; x_wconf 85' lang='lat' dir='ltr'><strong>Germ_.,</strong></span> <span class='ocrx_word' id='word_1_832' title='bbox 2736 5630 2879 5688; x_wconf 88' lang='lat' dir='ltr'><strong>Utic.</strong></span> <span class='ocrx_word' id='word_1_833' title='bbox 2930 5636 2987 5688; x_wconf 89' lang='lat' dir='ltr'><strong>et</strong></span> <span class='ocrx_word' id='word_1_834' title='bbox 3019 5633 3224 5705; x_wconf 82' lang='lat' dir='ltr'><strong>Bigot.,</strong></span> <span class='ocrx_word' id='word_1_835' title='bbox 3267 5649 3499 5691; x_wconf 77' lang='lat' dir='ltr'><strong>caucam</strong></span> <span class='ocrx_word' id='word_1_836' title='bbox 3529 5636 3788 5692; x_wconf 76' lang='lat' dir='ltr'><strong>ursulum</strong></span> 
     </span>
    </p>
   </div>
   <div class='ocr_carea' id='block_1_107' title="bbox 332 5695 2017 5768">
    <p class='ocr_par' dir='ltr' id='par_1_107' title="bbox 332 5695 1495 5768">
     <span class='ocr_line' id='line_1_107' title="bbox 332 5695 1495 5768; baseline 0.004 -18"><span class='ocrx_word' id='word_1_837' title='bbox 332 5696 401 5763; x_wconf 77' lang='grc' dir='ltr'><strong>(ς)</strong></span> <span class='ocrx_word' id='word_1_838' title='bbox 437 5695 636 5763; x_wconf 76' lang='lat' dir='ltr'><strong>Bigot.,</strong></span> <span class='ocrx_word' id='word_1_839' title='bbox 673 5695 865 5750; x_wconf 86' lang='lat' dir='ltr'><strong>Germ.</strong></span> <span class='ocrx_word' id='word_1_840' title='bbox 903 5705 953 5752; x_wconf 88' lang='lat' dir='ltr'><strong>et</strong></span> <span class='ocrx_word' id='word_1_841' title='bbox 989 5695 1155 5768; x_wconf 64' lang='lat' dir='ltr'><strong>Reg:</strong></span> <span class='ocrx_word' id='word_1_842' title='bbox 1195 5697 1495 5755; x_wconf 70' lang='lat' dir='ltr'><strong>habeberis.</strong></span> 
     </span>
    </p>
   </div>
   <div class='ocr_carea' id='block_1_108' title="bbox 2186 5695 2774 5768">
    <p class='ocr_par' dir='ltr' id='par_1_108' title="bbox 2186 5695 2774 5764">
     <span class='ocr_line' id='line_1_108' title="bbox 2186 5695 2774 5764; baseline 0.009 -12"><span class='ocrx_word' id='word_1_843' title='bbox 2186 5699 2255 5764; x_wconf 82' lang='lat' dir='ltr'><strong>b.,</strong></span> <span class='ocrx_word' id='word_1_844' title='bbox 2289 5695 2472 5754; x_wconf 69' lang='lat' dir='ltr'><strong>cocum</strong></span> <span class='ocrx_word' id='word_1_845' title='bbox 2504 5701 2774 5757; x_wconf 74' lang='lat' dir='ltr'><strong>anulum.</strong></span> 
     </span>
    </p>
   </div>
  </div>
