4106 6174
256 307 368 369 237

805 309 869 370 S.
917 306 1286 369 GREGORII
1337 306 1587 368 MAGNI
1628 303 1832 376 VITA,
1885 305 2110 366 AUCT.
2157 305 2462 371 JOANNE
2509 313 2866 378 DlACONO.
2922 319 3064 380 LIB.
3120 321 3223 382 IV.

3659 297 3777 387 sas

258 441 562 500 novissime
606 459 712 516 per
759 447 994 517 pontem
1033 457 1128 498 me
1158 445 1466 498 conaretur
1504 438 1956 531 demergere,_de
1989 441 2038 506 Α
2073 446 2380 531 mentanea
2411 449 2699 503 sententia
2728 448 3064 508 liberaberis
3090 471 3104 520 ;
3131 455 3230 511 sed
3267 471 3454 528 neque
3475 460 3562 528 tu,
3595 474 3780 531 neque

257 533 649 602 complexibus
698 534 883 604 ipsius
940 531 1139 599 exilui,
1185 547 1439 601 eumque
1484 534 1602 584 toto
1654 527 1962 583 conamine

256 619 505 692 fugiens,
539 625 610 678 ad
636 630 834 694 portas
865 639 1012 694 quas
1031 619 1335 692 Eutymius
1362 622 1727 690 hegumeuus
1751 617 1962 670 fecerat

259 713 592 768 monasterii
641 713 822 784 hujus
868 711 1100 782 perveni
1137 728 1150 777 ;
1185 726 1331 780 quas
1370 709 1604 763 clausas
1636 707 1958 762 inveniens.

259 804 540 858 ambabus
573 803 848 858 manibus
887 801 1091 854 ambos
1121 801 1250 869 ejus
1279 798 1524 851 annulos
1556 795 1908 865 apprehendi
1945 813 1958 861 ;

255 898 307 947 et
333 893 472 946 dum
506 892 578 947 ab
601 893 684 946 eis
716 907 809 946 me
843 891 1158 945 luctaretur
1179 886 1471 949 divellere,
1497 885 1736 956 quidam
1761 884 1961 940 calvus

255 982 508 1054 pontifex
556 981 791 1052 obliquo
864 980 1045 1035 latere
1102 993 1166 1033 se
1210 977 1362 1032 inter
1429 981 1724 1044 portarum
1779 975 1960 1028 rimas

256 1072 576 1136 excutiens,
611 1069 796 1126 ferula
817 1074 991 1140 caput
1019 1066 1248 1123 taurelli
1284 1064 1589 1130 percussit,
1623 1079 1878 1135 eumque
1901 1065 1958 1119 iu

253 1163 443 1235 fugam
460 1159 837 1232 compellens,
853 1174 944 1214 me
958 1158 1029 1214 ab
1045 1157 1205 1214 illius
1224 1158 1302 1227 (α)
1326 1154 1798 1226 percussionibus
1813 1153 1956 1209 lihe-

252 1253 416 1308 ravit.
470 1275 499 1299 η
544 1255 688 1322 Ergo
748 1252 886 1305 dum
947 1247 1148 1304 incolae
1211 1246 1595 1318 deperissent,
1653 1249 1712 1300 et
1762 1244 1958 1299 nullus

251 1342 464 1396 ibidem
502 1339 794 1395 habitator
823 1339 1136 1401 accederet,
1179 1353 1245 1392 ac
1277 1351 1376 1407 per
1416 1335 1523 1390 hoc
1553 1334 1818 1390 monachi
1857 1350 1958 1403 pro

249 1431 610 1486 deeolatione
643 1429 747 1484 loci
781 1432 1135 1500 satagerent,
1159 1425 1391 1482 cuidam
1423 1440 1621 1480 eorum
1644 1423 1957 1494 Gregorius

247 1521 300 1575 in
334 1520 561 1576 somnis
609 1519 762 1574 188
820 1533 1104 1589 apparens
1145 1515 1331 1585 jubet,
1365 1519 1432 1568 ut
1470 1513 1518 1567 si
1564 1513 1890 1568 demonem
1923 1530 1956 1568 a

246 1609 584 1665 monasterii
629 1608 807 1663 fundo
853 1605 1176 1660 voluisent
1224 1603 1528 1670 depellere,
1579 1603 1652 1657 ab
1705 1602 1954 1657 oratorio

246 1704 461 1757 sancta
512 1697 770 1754 Martium
821 1711 1004 1767 usque
1035 1695 1104 1749 ad
1154 1693 1470 1748 oratorium
1503 1699 1720 1747 sanctas
1762 1691 1951 1747 Mariis

2072 529 2284 600 aliquis
2308 534 2594 590 hictecum
2614 539 2946 606 degentium
2973 559 3136 597 suam
3164 547 3408 614 patriam
3432 529 3727 603 revidebit.
3752 570 3780 596 ››

2074 619 2202 674 Mox
2230 622 2644 694 Theutgaudus
2670 628 2876 683 lectulo
2911 648 2970 685 se
2995 633 3301 702 proripuit,
3335 640 3391 690 et
3423 636 3612 706 primo
3635 637 3780 704 suis,

2071 709 2278 763 deinde
2311 718 2643 770 monasterii
2679 719 3000 787 monachis,
3028 731 3316 791 postremo
3335 725 3781 797 quibuscunque

2074 801 2258 867 potuit
2284 803 2575 858 somnium
2619 805 2902 863 revelavit.
2957 809 3023 863 Et
3066 812 3203 880 quia
3248 813 3401 866 aliud
3456 814 3775 884 hospitium

2070 889 2242 945 citius
2275 908 2303 944 a
2339 893 2610 962 pontiﬁce
2634 895 2943 965 impetrare
2977 915 3088 951 non
3116 901 3324 969 potuit,
3359 902 3511 971 apud
3537 901 3780 957 Sabinos

2071 981 2416 1050 consedens,
2451 983 2652 1037 eodem
2681 1000 2830 1039 anno
2863 1001 2996 1040 cum
3036 988 3159 1041 suis
3206 989 3484 1044 omnibus
3515 990 3631 1045 vita
3662 990 3785 1062 pri-

2067 1077 2231 1124 vatus
2259 1075 2368 1127 est.
3510 1079 3520 1088 ‘

2135 1161 2224 1214 95.
2267 1161 2483 1219 Eodem
2517 1181 2746 1237 quoque
2795 1173 3054 1238 tempore
3083 1169 3298 1240 Suppo,
3334 1170 3526 1225 Piceni
3559 1186 3782 1238 comes,

2067 1248 2147 1304 ibi
2167 1251 2467 1322 applicuit,
2491 1254 2585 1323 qui
2613 1255 2911 1311 monachis
2933 1257 3169 1329 quidem
3204 1259 3514 1328 plurimam
3540 1261 3615 1329 (ὁ)
3639 1261 3780 1331 dap—

2068 1339 2337 1395 silitatem
2369 1343 2642 1408 ostendit,
2674 1349 2728 1398 et
2759 1345 2816 1400 in
2850 1347 3022 1401 rebus
3047 1352 3164 1403 tam
3197 1348 3546 1404 venerabilis
3588 1365 3784 1406 mona-

2065 1430 2225 1484 sterii
2268 1431 2704 1500 usurpationem
2740 1450 2978 1489 suorum
3024 1436 3338 1507 prohibuit.
3380 1438 3569 1507 Hujus
3612 1439 3780 1495 fami-

2065 1519 2222 1574 liaris
2253 1523 2511 1592 quidam,
2541 1525 2778 1579 nomine
2819 1525 3120 1595 Faraldus,
3151 1529 3425 1596 existens,
3459 1529 3507 1584 si
3549 1531 3782 1600 quando

2064 1609 2260 1681 Suppo
2303 1613 2372 1665 ad
2433 1613 2715 1682 palatium
2762 1617 3162 1685 processisset,
3230 1618 3570 1673 fornicarias
3619 1618 3779 1688 illuc,

2064 1700 2489 1756 detestantibus
2559 1705 2880 1771 monachis,
2936 1722 3049 1760 non
3099 1706 3409 1761 verebatur
3477 1707 3776 1776 inducere,

246 1799 462 1855 ibidem
515 1798 574 1853 iu
602 1797 840 1852 domum
890 1791 1252 1849 Dominicam
1303 1789 1709 1856 constitutum,
1745 1791 1952 1846 fratres
1984 1777 2030 1843 Β
2059 1795 2235 1862 atque
2278 1807 2411 1846 cum
2458 1792 2541 1847 eis
2590 1793 3042 1850 comessationes
3066 1803 3117 1850 et
3161 1795 3497 1852 saltationes
3545 1795 3779 1853 illicitas

244 1904 366 1944 cum
394 1885 622 1941 litaniie
656 1899 864 1955 aquam
899 1885 1240 1952 spargentes
1270 1879 1650 1936 exorcizatam
1687 1882 1958 1948 procede-

243 1983 392 2033 rent.
427 1977 554 2042 Quo
587 1975 732 2029 facto
765 1972 844 2027 ita
875 1972 1102 2027 daemon
1147 1969 1218 2025 ab
1249 1968 1407 2024 omni
1451 1968 1788 2023 monasterii
1823 1985 1960 2039 pos-

241 2067 506 2123 sessione
562 2063 828 2135 repulsus
861 2066 967 2130 est,
1012 2065 1078 2114 ut
1110 2064 1304 2130 postea
1339 2073 1440 2128 per
1469 2057 1702 2113 conﬁnii
1741 2057 1957 2114 limites

240 2171 356 2220 ore,
382 2153 623 2210 naribus
656 2157 824 2221 atque
854 2148 1040 2204 oculis
1072 2151 1338 2203 ﬂammas
1379 2146 1604 2214 ejicere,
1630 2162 1956 2216 porcosque

237 2261 443 2317 cogere
475 2261 509 2299 a
541 2240 785 2298 subulco
825 2243 1062 2293 notatus
1103 2239 1200 2302 sit,
1233 2238 1333 2291 sed
1386 2237 1533 2291 intra
1578 2235 1722 2289 lines
1755 2252 1954 2290 mona-

237 2334 396 2390 sterii
433 2346 734 2403 nunquam
767 2328 983 2382 intrare
1020 2327 1362 2397 permissus.

305 2426 399 2479 94.
440 2423 567 2479 Alio
607 2435 842 2494 quoque
883 2425 1138 2488 tempore
1205 2417 1619 2487 Theutgaudus
1659 2416 1950 2488 quondam

235 2512 605 2570 Trevirensis
638 2510 963 2581 episcopus,
989 2507 1085 2578 qui
1123 2522 1251 2560 cum
1285 2506 1590 2570 Guntario,
1623 2505 1950 2575 Agrippina

230 2604 488 2662 Colonia:
537 2601 834 2674 episcopo,
909 2616 938 2652 a
986 2597 1311 2651 reverendae
1369 2594 1657 2649 memoria
1717 2593 1950 2649 Nicolao

231 2696 425 2750 fuerat
464 2687 812 2747 sacerdotali
865 2685 1120 2758 privatus
1177 2684 1386 2752 officio,
1436 2682 1782 2738 liberalitate
1832 2681 1950 2736 Ha—

227 2781 430 2838 driani
485 2778 780 2851 pontificis
825 2775 884 2831 in
932 2776 1132 2829 eodem
1181 2772 1534 2828 monasterio
1582 2773 1947 2826 mansionem

227 2871 524 2944 suscepit.
557 2867 663 2924 Cui
697 2867 900 2922 beatus
932 2863 1242 2936 Gregorius
1292 2863 1346 2916 in
1381 2862 1604 2917 somnis
1635 2878 1947 2934 apparens,

226 2961 560 3017 maximum
592 2962 874 3012 terrorem
923 2970 1038 3026 quo
1070 2952 1140 3006 de
1171 2967 1274 3008 suo
1308 2953 1656 3007 monasterio
1686 2950 1947 3007 concitus

222 3051 609 3122 egrederetur
654 3045 923 3100 incussit.
979 3041 1077 3096 Ille
1123 3041 1480 3112 perpendens
1530 3042 1714 3098 visum
1766 3043 1947 3100 fuisse

2067 1881 2378 1937 celebrare.
2413 1881 2688 1954 Idemque
2713 1885 2899 1939 noctis
2922 1884 3207 1956 principio
3231 1901 3528 1942 secessum
3553 1891 3778 1958 petens,

2066 1987 2098 2024 a
2130 1973 2437 2042 spiritibus
2465 1973 2786 2028 immundis
2817 1974 2876 2030 in
2909 1991 3040 2030 aere
3073 1992 3174 2046 per
3206 1976 3449 2048 capillos
3480 1993 3780 2048 appensus

2068 2068 2150 2115 est
2176 2084 2190 2125 ;
2221 2077 2474 2132 cumque
2506 2062 2660 2117 184
2691 2068 2810 2117 tota
2843 2069 3008 2118 nocte
3040 2065 3299 2134 pendens
3329 2067 3486 2120 vocis
3515 2067 3775 2122 officium

2069 2165 2178 2205 non
2215 2151 2472 2214 haberet,
2528 2152 2966 2209 matutinalibus
3015 2154 3174 2209 horis
3217 2154 3421 2209 beatus
3466 2156 3777 2224 Gregorius

2063 2237 2116 2292 ei
2147 2239 2458 2294 videndum
2493 2256 2554 2294 se
2589 2241 2853 2311 prabuit,
2889 2243 3085 2297 dicens
3116 2258 3129 2297 :
3173 2265 3201 2293 ‹‹
3236 2241 3474 2298 Inimica
3506 2243 3628 2311 Dei,
3663 2260 3773 2299 non

2063 2327 2365 2384 sufficiunt
2394 2329 2499 2383 tibi
2537 2329 2652 2384 alia
2684 2331 2832 2384 mala
2859 2347 2986 2401 quae
3017 2331 3074 2385 in
3102 2345 3230 2386 meo
3256 2332 3606 2387 monasterio
3639 2348 3771 2402 per-

2063 2417 2331 2472 vicaciter
2360 2420 2636 2488 Operaris,
2690 2417 2925 2488 insuper
2964 2421 3229 2476 scenicae
3278 2421 3678 2477 meretriculas
3712 2422 3768 2477 in

2061 2505 2318 2562 claustro
2369 2508 2710 2562 monachico
2761 2513 3036 2579 tanquam
3082 2509 3140 2563 in
3192 2509 3416 2565 theatro
3469 2511 3769 2566 conducis.

2061 2595 2237 2650 Crede
2296 2596 2460 2664 mihi,
2513 2601 2620 2651 hoc
2671 2614 2822 2651 anno
2867 2598 3100 2667 peribis.
3147 2619 3176 2648 ν
3207 2599 3369 2654 Tunc
3401 2598 3500 2653 ille
3544 2601 3774 2671 magnis

2060 2687 2234 2755 erepit
2264 2685 2485 2740 viribus
2517 2686 2914 2755 paenitentiam
2949 2687 3297 2758 supplicare,
3357 2692 3413 2742 et
3459 2688 3530 2743 de
3569 2697 3771 2744 caetero

2061 2776 2289 2846 plenam
2324 2774 2734 2830 correctionem
2761 2775 3120 2846 promittere.
3147 2777 3432 2831 Continuo
3455 2776 3772 2849 Gregorius

2058 2864 2233 2936 jussit
2276 2881 2406 2919 eum
2448 2864 2664 2919 dimitti
2699 2885 2713 2933 ;
2747 2865 2848 2936 qui
2898 2865 2967 2919 ad
3019 2869 3232 2920 terram
3283 2865 3575 2932 decidens,
3630 2869 3770 2938 quia

2057 2954 2262 3024 corrigi
2315 2953 2518 3019 noluit,
2569 2954 2772 3009 eodem
2825 2969 2977 3009 anno
3025 2969 3214 3009 veram
3263 2954 3444 3009 fuisse
3503 2953 3766 3026 Gregorii

2054 3043 2396 3100 sententiam
2431 3043 2728 3099 moriendo
2769 3043 3053 3114 probavit.

217 3137 694 3213 phantasticum,
745 3133 1007 3189 oratione
1041 3133 1188 3185 facta
1225 3146 1431 3184 rursus
1461 3129 1717 3186 dormire
1748 3134 1938 3202 cmpit.
1973 3147 2015 3213 ρ
2123 3133 2211 3187 96.
2248 3133 2519 3202 Ejusdem
2567 3132 2798 3186 comitis
2833 3133 3006 3187 homo
3056 3131 3166 3186 sub
3195 3131 3305 3188 alio
3359 3138 3617 3204 tempore
3666 3135 3761 3190 Iu-

218 3230 324 3283 Cui
359 3224 682 3297 Gregorius
707 3218 1025 3293 pontificali
1049 3217 1249 3273 habitu
1285 3217 1592 3274 redimitus
1613 3235 1901 3289 apparens
1928 3238 1939 3274 :

225 3337 245 3366 ι
281 3317 519 3379 Nonne,
555 3311 767 3384 inquit,
793 3310 911 3365 dixi
934 3308 1062 3375 tibi,
1089 3317 1146 3362 ut
1180 3323 1214 3362 a
1239 3305 1590 3362 monasterio
1615 3324 1764 3374 meo,
1789 3310 1943 3378 quod

215 3405 276 3460 in
310 3404 493 3460 rebus
544 3400 794 3473 propriis
841 3414 942 3470 per
1002 3397 1420 3452 invocationem
1465 3397 1652 3452 sancti
1703 3399 1945 3453 Andreae

217 3493 471 3568 apostoli
523 3489 771 3546 Domino
810 3485 1088 3554 dedicavi,
1133 3485 1452 3551 recederes,
1500 3487 1636 3555 quia
1684 3486 1946 3542 diverso-

219 3586 375 3639 rium
439 3581 563 3637 ﬁeri
592 3579 754 3635 nullo
801 3577 975 3632 modo
1036 3575 1343 3630 licuisset?
1375 3597 1402 3624 ι»
1441 3575 1699 3647 Cumque
1737 3577 1948 3632 Theut-

214 3675 460 3745 gaudus
491 3668 823 3743 bospitandi
858 3667 966 3723 sibi
991 3665 1282 3721 licentiam
1317 3666 1649 3737 suscepisse
1672 3683 1734 3721 se
1766 3685 1798 3722 a
1819 3684 1950 3736 pon-

220 3765 383 3820 tifice
420 3760 840 3833 respondisset,
890 3755 1200 3828 Gregorius
1230 3756 1308 3810 ait
1339 3773 1353 3810 :
1388 3755 1456 3810 Et
1493 3761 1558 3812 tu
1593 3756 1692 3828 qui
1736 3758 1946 3827 petisti,

218 3857 281 3908 et
315 3853 419 3908 ille
450 3849 550 3923 qui
584 3850 763 3915 dedit,
798 3848 1025 3917 utrique
1056 3850 1255 3901 contra
1289 3850 1466 3900 Deum
1502 3847 1735 3911 fecistis,
1780 3847 1947 3913 cujus

216 3943 552 3998 vindictam
587 3937 761 3994 citius
808 3935 1140 3991 iucurretis.
1185 3935 1476 4006 Evigilans
1525 3935 1948 4006 Theutgaudus

218 4029 560 4097 intremuit,
593 4036 644 4082 et
678 4028 827 4082 facta
853 4025 1113 4080 oratione
1145 4024 1337 4094 sopori
1372 4039 1432 4078 se
1473 4022 1714 4079 reddere
1745 4026 1945 4092 voluit,

219 4135 354 4174 cum
379 4118 619 4188 repente
651 4111 1007 4167 venientium
1031 4109 1289 4165 sonitum
1313 4107 1556 4164 audiens
1583 4112 1951 4166 vehementer

222 4205 484 4277 expavit,
540 4216 723 4274 seque
780 4199 1034 4255 dormire
1089 4197 1408 4252 simulavit.
1458 4199 1948 4270 ApprOpinquaus

221 4312 360 4367 ergo
411 4294 729 4365 Gregorius
800 4297 1065 4346 sanctum
1119 4288 1408 4342 Andream
1461 4287 1790 4358 apostolum
1849 4305 1950 4360 per

220 4387 524 4440 dexteram
551 4389 776 4445 tenens,
807 4376 1078 4449 praecepit
1111 4375 1461 4430 subdiacono
1493 4377 1591 4448 qui
1624 4393 1686 4432 se
1711 4378 1949 4447 praeibat

222 4490 356 4529 cum
395 4471 642 4538 lumine,
668 4470 866 4524 dicens
900 4483 912 4520 :
954 4484 976 4513 ι
1017 4465 1253 4537 Corripe
1285 4465 1472 4520 illum.
1506 4467 1612 4530 Qui
1645 4467 1784 4522 dum
1819 4483 1942 4522 cor-

222 4573 424 4638 reptus
453 4563 512 4616 in
544 4558 757 4616 lectulo
801 4555 1020 4613 clausis
1052 4555 1237 4611 oculis
1273 4556 1609 4620 resedisset,
1633 4556 1945 4627 Gregorius
1982 4532 2024 4597 D

225 4655 307 4710 ait
336 4673 350 4709 :
391 4651 600 4724 Aspice
633 4650 689 4705 in
727 4665 849 4703 nos.
897 4647 1151 4702 lntuitus
1185 4662 1282 4702 eos
1321 4646 1738 4718 Theutgaudus
1762 4646 1948 4717 magis

228 4743 567 4808 intremuit,
589 4754 842 4810 eumque
859 4737 964 4792 sibi
989 4736 1182 4792 taliter
1213 4736 1666 4792 comminantem
1693 4737 1943 4792 audivit:

222 4835 373 4898 Quia
407 4829 666 4887 secundo
706 4828 1118 4893 commonitus,
1178 4826 1366 4881 verbis
1397 4827 1515 4881 oris
1559 4827 1670 4882 mei
1716 4827 1950 4882 credere

223 4921 494 4984 noluisti,
536 4923 593 4973 et
626 4933 719 4972 me
751 4921 853 4970 tua
892 4915 1289 4970 inobedientia
1340 4916 1482 4969 adeo
1525 4915 1850 4986 provocasti
1885 4921 1948 4970 ut

229 5026 390 5065 nunc
425 5005 756 5079 apostolum
809 5003 901 5060 Dei
953 5003 1069 5057 huc
1118 5003 1362 5074 fatigare
1411 5005 1758 5070 studuerim,
1801 5005 1947 5063 scito

221 5113 590 5171 cognoscens
623 5095 756 5165 quia
807 5092 918 5147 nisi
967 5092 1136 5147 hodie
1183 5092 1254 5147 ab
1289 5092 1393 5147 hoc
1431 5095 1785 5150 monasterio
1821 5111 1944 5152 meo

223 5186 565 5252 recesseris,
603 5186 796 5239 futura
822 5181 1187 5238 hebdomade
1217 5198 1351 5238 cum
1385 5184 1502 5239 tuis
1525 5185 1800 5240 omnibus
1832 5185 1945 5241 vita

226 5279 569 5354 priveberis.
623 5278 681 5333 Si
724 5291 854 5332 vero
904 5274 1233 5340 recesseris,
1288 5275 1357 5328 ab
1408 5274 1516 5330 hac
1553 5274 1790 5348 quidem
1826 5295 1944 5334 mo-

299 5500 376 5564 ρ)
410 5495 589 5552 Iidem
611 5500 847 5564 excepto
875 5492 1038 5564 Reg.,
1058 5491 1526 5563 persecutionibus

296 5563 378 5636 (ὁ)
433 5565 760 5632 Dapsilitas,
803 5563 1285 5636 dapsiliskvoces
1338 5569 1474 5620 sunt
1553 5566 1939 5636 scriptoribus

226 5635 432 5696 mediae
467 5636 715 5691 maxime
745 5636 930 5690 atatis
957 5635 1275 5690 familiares
1309 5651 1322 5690 :
1359 5638 1647 5706 Dapsilitas
1677 5635 1935 5693 liberali-

223 5717 430 5772 tatem,
451 5707 680 5779 dapsilis
712 5705 936 5776 largum
962 5707 1272 5778 significat.
1309 5707 1385 5763 De
1416 5705 1508 5765 his
1543 5711 1666 5764 fuse
1686 5712 1936 5782 Cangius

225 5786 289 5842 in
322 5783 581 5837 Glossar.

2053 3221 2250 3276 dulfus
2281 3226 2517 3276 vocatus
2548 3226 2654 3276 est.
2694 3221 2793 3276 Cui
2820 3222 2958 3276 dum
3007 3237 3181 3276 cocus
3215 3238 3313 3292 pro
3353 3223 3758 3292 comparandis

2055 3309 2225 3381 lignis
2255 3311 2520 3365 denarios
2544 3316 2776 3382 peteret,
2804 3311 2964 3365 nullo
2999 3311 3169 3365 modo
3202 3311 3388 3381 potuit
3414 3311 3755 3382 impetrare;

2054 3401 2152 3454 sed
2188 3399 2405 3455 nefario
2430 3401 2564 3469 jure
2595 3399 3183 3471 percepitlicentiam,
3217 3400 3287 3470 (ε)
3323 3404 3383 3455 ut
3410 3401 3674 3472 attegias.
3701 3405 3760 3458 et

2056 3488 2337 3544 fenestras
2369 3493 2423 3543 et
2452 3488 2623 3543 vicini
2658 3488 2980 3544 dormitorii
3015 3489 3241 3544 tabulas
3272 3505 3584 3560 aggressus
3615 3490 3761 3545 diri-

2056 3587 2234 3650 peret,
2267 3595 2586 3654 earumque
2619 3578 2851 3650 ignibus
2893 3577 3000 3632 sibi
3047 3578 3354 3647 prandium
3390 3584 3764 3650 prmpararet.

2056 3667 2194 3723 Cum
2220 3668 2484 3740 sequenti
2522 3679 2681 3724 nocte
2713 3669 2861 3723 idem
2899 3667 3164 3724 Indull’us
3195 3669 3265 3723 ad
3293 3685 3588 3725 secessum
3624 3686 3761 3741 per-

2055 3772 2219 3828 gens,
2253 3773 2358 3811 cur
2390 3757 2725 3813 monasterii
2761 3757 2986 3811 tabulas
3024 3768 3142 3811 tam
3181 3757 3504 3827 petulanter
3535 3759 3766 3815 incendi

2057 3847 2442 3917 praecepisset,
2482 3863 2513 3899 a
2562 3847 2815 3917 qundam
2867 3862 3004 3899 sene
3046 3847 3350 3900 discussus
3400 3852 3507 3901 est.
3559 3851 3630 3902 At
3670 3849 3767 3903 ille

2059 3953 2212 3990 more
2231 3936 2448 3990 Gallico
2469 3943 2732 3990 sanctum
2761 3951 2955 3990 senem
2975 3936 3327 4000 increpitans
3351 3936 3429 4006 (ἀ)
3451 3936 3665 4004 follem,
3690 3940 3761 3992 ab

2055 4039 2120 4078 eo
2154 4024 2386 4094 quidem
2423 4023 2581 4093 virga
2613 4022 2815 4078 leniter
2841 4038 3154 4094 percussus
3175 4028 3262 4077 est
3288 4040 3302 4088 ;
3324 4025 3421 4076 sed
3455 4024 3538 4076 vir
3555 4038 3762 4093 super-

2059 4115 2162 4164 bus
2193 4118 2350 4166 tanto
2371 4114 2620 4184 pondere
2650 4111 2852 4183 lapsus
2887 4115 2997 4178 est,
3029 4116 3090 4166 ut
3122 4110 3428 4166 semivivus
3460 4110 3622 4166 humi
3654 4113 3760 4168 de-

2055 4201 2365 4256 cumberet.
2395 4201 2603 4256 Eodem
2630 4205 2925 4256 momento
2956 4201 3065 4254 sub
3093 4201 3294 4255 eadem
3314 4200 3505 4270 specie
3526 4200 3760 4255 cuidam

2055 4289 2258 4344 clerico
2293 4291 2429 4344 foris
2462 4290 2767 4344 dormienti
2801 4290 2952 4344 idem
2987 4304 3162 4344 senex
3204 4288 3491 4361 apparuit,
3522 4288 3759 4345 dicens:

2056 4401 2083 4430 ‹‹
2115 4379 2316 4447 Surge,
2350 4384 2408 4434 et
2438 4377 2530 4433 dic
2562 4379 2760 4434 comiti
2799 4386 2853 4432 ut
2888 4378 2958 4432 ab
2994 4377 3106 4433 hoc
3136 4394 3262 4432 meo
3295 4377 3670 4444 monasterio,
3703 4379 3762 4433 in

2054 4485 2163 4536 quo
2214 4467 2598 4522 diversorium
2655 4467 2777 4523 fieri
2835 4468 3074 4523 omnino
3116 4484 3227 4522 non
3270 4466 3423 4534 licet,
3457 4471 3763 4539 antequam

2058 4571 2150 4609 me
2173 4557 2241 4609 ad
2269 4556 2629 4612 iracundiam
2660 4565 2944 4626 provocet,
2977 4557 3176 4612 salvus
3215 4557 3463 4611 recedat.
3503 4555 3644 4612 Ecce
3661 4571 3767 4628 ego

2061 4644 2327 4701 familiari
2356 4647 2484 4715 ejus
2529 4646 2672 4701 mihi
2704 4647 2972 4712 obnoxio,
3026 4662 3199 4719 quem
3230 4645 3499 4701 videlicet
3538 4661 3770 4717 percuso

2063 4752 2192 4790 sum
2228 4740 2363 4791 anto
2395 4753 2691 4792 secessum
2735 4737 2953 4804 dimisi,
2987 4753 3299 4808 congruam
3343 4733 3628 4789 medelam
3663 4734 3768 4787 dif-

2062 4826 2318 4880 fundam.
2357 4847 2383 4873 »ι
2407 4826 2584 4889 Quem
2618 4829 2749 4897 quis
2782 4826 3191 4881 essetclericus
3215 4825 3534 4896 requirens,
3570 4821 3762 4890 ipsum

2059 4933 2120 4970 se
2158 4931 2286 4970 esse
2335 4915 2653 4986 perhibuit,
2701 4916 2799 4987 qui
2851 4931 2920 4969 ex
2966 4914 3192 4986 pictura
3235 4928 3359 4982 quae
3389 4912 3518 4981 ejus
3549 4907 3794 4963 lectulo-

2060 5007 2433 5074 prazminehat
2466 5005 2701 5077 agnosci
2736 5005 2900 5061 facile
2939 5003 3246 5074 potuisset.
3282 4998 3486 5055 Statim
3518 4995 3762 5051 clericus

2057 5112 2304 5166 surgens
2347 5098 2538 5152 lumen
2588 5095 2858 5168 arripuit,
2904 5100 2959 5148 et
2996 5109 3060 5148 ex
3098 5091 3334 5161 picturas
3373 5084 3761 5142 similitudine

2055 5196 2324 5246 sanctum
2357 5188 2647 5244 Andream
2681 5182 3003 5254 apostolum
3047 5179 3158 5237 sibi
3189 5175 3527 5248 apparuisse
3555 5190 3764 5248 cogno-

2055 5278 2152 5333 vit.
2201 5278 2398 5348 Itaque
2432 5277 2501 5331 ad
2562 5273 2858 5330 Indulfum
2890 5272 3180 5341 jacentem
3228 5265 3492 5336 perrexit,
3538 5269 3597 5319 et
3639 5279 3766 5320 cum

2122 5494 2196 5563 (ε)
2229 5491 2365 5547 Sau.
2398 5491 2614 5563 Germ.,
2650 5489 2814 5559 Reg.,
2847 5486 3032 5563 Colb.,
3063 5483 3210 5540 Utio.
3242 5489 3297 5537 et
3320 5479 3563 5563 pignus}
3587 5481 3772 5563 regias

2047 5550 2332 5632 [εὴεὲιναε.
2365 5550 2766 5632 Αῑιεεςὶωίευιῐὶ
2798 5550 3053 5632 radiculas
3084 5550 3412 5632 etpasulati
3441 5551 3589 5632 Vide
3617 5550 3770 5631 Gan-

2049 5624 2224 5706 gium.
2261 5624 2557 5706 Juvenalis
2603 5631 2723 5706 Sat.
2772 5631 2900 5706 14)
2939 5629 3102 5706 Dirue
3149 5626 3460 5706 Maurorum
3509 5624 3760 5706 attegias.

2123 5706 2199 5774 (-I)
2233 5709 2351 5761 Vox
2383 5702 2598 5760 Gallica
2627 5705 2704 5775 fol
2737 5705 2820 5760 vel
2843 5705 2962 5773 fon,
3015 5700 3179 5769 cujus
3211 5695 3532 5765 antiquitas
3563 5709 3627 5748 ex
3653 5692 3760 5746 hoc

2048 5778 2172 5835 loco
2203 5781 2659 5836 demonstratur.
