4132 6172
376 234 494 301 239

962 240 1027 303 S.
1073 238 1447 302 GREGORII
1493 237 1739 298 MAGNI
1785 238 1986 312 Vl'l‘A,
2035 237 2264 301 AUCT.
2309 237 2607 300 JOANNE
2652 238 3007 302 DIACONO.
3057 241 3202 302 LIB.
3249 240 3361 306 IV.

3753 253 3859 318 2ιο

376 379 720 439 semivivum
747 378 872 449 jam
909 376 1141 448 reperit.
1187 373 1366 438 Quem
1402 372 1587 443 magis
1619 371 1932 442 ejulatibus
1962 371 2079 427 cla-
2115 374 2162 442 Α
2195 372 2294 444 qui
2318 372 2655 428 monasterii
2680 373 2769 428 sui
2801 374 3057 431 claustra
3086 374 3255 432 solito
3279 392 3437 434 more
3466 381 3860 456 perlustrans,a

378 487 538 527 mare
569 468 877 539 incipiens,
910 470 1026 521 tam
1059 465 1328 519 comitem
1361 479 1538 532 quam
1569 466 1811 516 cunctos
1839 461 1938 531 qui
1974 462 2083 517 sub

376 563 597 618 eisdem
630 560 905 615 domibus
938 557 1306 611 dormiebant
1330 553 1643 608 miserabili
1676 554 2082 608 vociferatione

373 652 570 708 venire
598 651 801 722 coegit,
837 653 893 704 et
915 648 972 702 in
999 645 1466 714 faciemjacentis
1489 660 1691 712 aquam
1715 644 2079 707 suffundens,

375 757 478 814 per
507 738 935 796 invocationem
960 734 1148 790 sancti
1171 733 1411 787 Andreae
1437 731 1684 803 apostoli
1711 732 1947 787 tandem
1972 731 2077 785 ali-

372 830 603 903 quando
631 828 788 899 loqui
838 826 974 881 fecit
1006 842 1019 892 ;
1068 829 1243 894 atque
1270 826 1478 876 cuncta
1521 837 1647 891 quas
1679 822 1790 876 sibi
1830 820 2080 876 revelata

370 921 602 975 fuerant
656 931 790 972 cum
840 930 906 970 eo
952 913 1163 984 pariter
1204 911 1410 968 Comiti
1460 910 1748 968 revelavit.
1789 911 1919 977 Qui,
1984 911 2076 966 die

365 1009 537 1077 facto,
570 1004 884 1063 monachos
913 1002 1188 1070 evocavit,
1235 1001 1373 1071 quid
1422 1004 1619 1054 contra
1664 1009 1929 1054 sanctum
1967 1000 2078 1055 An-

367 1099 561 1155 dream
593 1093 956 1152 commiserit
976 1090 1448 1164 querelabundus
1477 1088 1769 1160 inquirere
1793 1089 1984 1158 capit.
2004 1091 2075 1145 At

363 1185 448 1241 illi
479 1184 735 1242 deletum
767 1180 1174 1239 dormitorium
1205 1193 1473 1235 cocorum
1507 1177 1780 1233 manibus
1810 1179 2074 1236 ostende-

363 1283 519 1333 runt.
543 1275 804 1344 Cumque
835 1273 950 1328 Deo
980 1270 1224 1327 devotus
1255 1285 1447 1324 comes
1479 1266 1762 1324 eosvellet
1789 1268 2069 1339 supplicio

361 1367 700 1439 subjugare,
733 1363 984 1420 confessi
1031 1365 1168 1416 sunt
1212 1376 1271 1416 se
1299 1359 1444 1414 illud
1503 1359 1810 1414 aedificium
1853 1359 2067 1414 Indulfi

351 1455 722 1525 jussionibus
774 1451 1076 1508 delevisse.
1126 1449 1232 1505 Pro
1290 1450 1458 1518 cujus
1512 1447 1871 1517 reparatione
1924 1449 2065 1504 dum

357 1559 553 1600 comes
580 1543 880 1600 monachis
899 1544 1204 1611 argentum
1227 1535 1788 1599 voluissettribuere,
1807 1537 2062 1607 Sergius,

359 1636 644 1705 magister
667 1631 945 1698 militum,
977 1627 1208 1693 restitit,
1239 1627 1578 1696 promittens
1612 1625 1752 1680 illud
1787 1641 1846 1681 se
1877 1643 1976 1695 pro
1997 1643 2062 1683 eo

2196 471 2247 517 te
2277 480 2448 518 suum
2487 464 2707 519 fontem
2757 465 2968 536 reperit
3012 466 3382 539 dissipatum,
3425 474 3478 524 et
3524 489 3622 528 nos
3651 491 3716 530 ex
3745 478 3862 548 ejus

2192 552 2545 624 tegminibus
2587 559 2698 608 tuae
2732 555 3106 610 meretriculas
3134 557 3363 611 furnum
3403 574 3465 615 ac
3499 565 3861 623 necessarium

2189 641 2445 696 vidimus
2476 649 2834 714 coopertum.
2867 646 3027 710 Quod
3063 646 3362 716 presbyter
3393 654 3454 702 ut
3484 651 3708 715 audivit,
3739 670 3867 710 eru-

2193 729 2432 786 bescens
2463 730 2790 798 intremuit,
2815 748 3134 806 eorumque
3167 735 3436 792 violentia
3465 755 3521 792 se
3551 741 3617 809 (ο)
3649 740 3700 795 in
3724 749 3867 801 certe

2191 821 2520 876 monasterii
2538 823 2722 876 teneri
2737 823 3123 893 conspiciens,
3143 828 3448 895 quemdam
3463 829 3867 890 subdiaconum

2188 908 2258 964 ab
2291 911 2519 965 intimis
2567 912 2954 982 egredientem
2987 916 3160 984 atque
3191 914 3564 971 cubiculariis
3599 918 3869 978 dicentem

2186 999 2407 1054 audivit
2437 1016 2449 1054 :
2477 1000 2777 1056 Extendite
2797 1018 2952 1065 eum,
2987 1008 3045 1058 et
3074 1020 3205 1059 cum
3242 1004 3657 1078 quinquaginta
3678 1011 3755 1078 (d)
3780 1027 3869 1066 ru-

2187 1086 2360 1142 bricis
2386 1093 2665 1154 ventrem,
2688 1089 3043 1160 totidemque
3068 1091 3307 1147 dorsum
3329 1091 3692 1149 fornicatoris
3713 1100 3874 1168 atque

2182 1175 2449 1247 sacrilegi
2482 1177 2796 1250 presbyteri
2825 1179 3138 1235 verberate.
3184 1180 3442 1244 Quarum
3475 1181 3764 1240 doloribus
3793 1202 3870 1242 re-

2181 1281 2314 1320 vera
2365 1266 2664 1338 presbyter
2684 1268 2808 1336 jam
2843 1267 3179 1324 febricitans
3223 1272 3532 1339 excitatus,
3571 1271 3641 1325 ad
3678 1288 3874 1329 mona-

2180 1354 2426 1410 sterium
2476 1353 2700 1410 caballo
2734 1354 3068 1426 impositus,
3121 1357 3322 1412 dextra
3371 1358 3628 1428 laevaque
3657 1359 3725 1414 ab
3760 1360 3874 1417 aliis

2177 1448 2540 1501 sustentatus
2555 1446 2893 1511 reeueurrit,
2913 1452 3104 1501 reatus
3124 1445 3216 1501 sui
3238 1446 3588 1502 sententiam
3613 1449 3876 1508 fratribus

2177 1532 2475 1603 indicavit,
2495 1539 2550 1588 et
2576 1533 2971 1589 invisibilibus
2998 1535 3337 1590 verberibus
3371 1537 3482 1590 sub
3508 1535 3679 1591 febris
3700 1539 3877 1608 specie

2176 1621 2451 1689 laniatus,
2477 1623 2622 1678 nihil
2652 1624 2807 1678 aliud
2841 1625 3029 1680 dicere
3061 1630 3304 1696 poterat,
3335 1625 3452 1680 nisi
3479 1643 3492 1680 :
3523 1628 3592 1698 (ε)
3624 1626 3877 1694 Domine,

354 1723 633 1777 continuo
669 1718 880 1775 melius
912 1717 1284 1772 refecturum.
1318 1714 1449 1769 Mox
1489 1729 1681 1768 comes
1714 1713 2009 1770 humiliter
2031 1732 2062 1769 a
2099 1749 2142 1815 Β
2176 1712 2400 1779 reficio;
2436 1712 2700 1777 Domine,
2753 1713 2967 1769 reficio.
2997 1714 3260 1785 Cumque
3292 1714 3751 1786 interrogaretur
3784 1733 3879 1772 cur

351 1808 688 1867 monasterii
730 1807 986 1864 claustro
1043 1806 1342 1868 secedens,
1395 1804 1466 1857 ad
1499 1803 1733 1858 domum
1771 1803 1921 1858 Petri
1956 1804 2058 1859 filii

350 1899 645 1969 quondam
677 1895 864 1952 Caroli
894 1911 1025 1951 cum
1059 1894 1330 1949 omnibus
1358 1894 1480 1947 suis
1501 1893 1791 1947 concessit
1821 1911 1836 1960 ;
1873 1909 2059 1964 neque

350 1987 591 2044 ulterius
625 1986 686 2042 in
728 1985 932 2040 eodem
999 1982 1347 2040 monasterio
1400 1981 1717 2053 hospitium
1762 1982 1873 2036 sibi
1933 1983 2058 2038 dari

349 2075 658 2132 concessit.
714 2073 979 2130 Indulfus
1027 2088 1157 2128 vero
1198 2071 1254 2126 in
1299 2070 1469 2125 domo
1531 2071 1788 2138 ejusdem
1850 2071 2055 2142 Sergii,

347 2165 616 2236 magistri
669 2163 946 2229 militum,
987 2159 1294 2216 derelictus
1326 2159 1617 2230 disperiit,
1660 2159 1887 2230 sibique
1919 2177 2054 2215 san-

345 2258 503 2309 ctum
551 2252 878 2323 apostolum
912 2249 1281 2322 praevaluisse
1322 2264 1428 2304 suo
1465 2249 1649 2318 ipsius
1706 2249 2054 2306 detrimento

345 2344 710 2400 monstravit.

415 2434 566 2492 185
599 2434 687 2488 97.
723 2432 919 2505 Nuper
948 2430 1289 2488 Dominicus
1329 2429 1567 2499 quidam
1602 2428 1917 2500 presbyter,
1948 2429 2053 2486 Za-

341 2523 542 2579 charia
583 2523 876 2594 episcopo,
925 2521 996 2576 de
1047 2535 1159 2590 quo
1192 2519 1464 2589 prtel'atus
1503 2534 1655 2584 sum,
1715 2518 2052 2590 Gregoriani

342 2611 676 2668 monasterii
710 2626 909 2666 curam
939 2613 1194 2680 gerente,
1230 2608 1572 2679 praepositus
1595 2607 1813 2662 exstitit
1845 2623 2048 2663 mona-

340 2702 533 2769 sterii;
578 2702 679 2774 qui
750 2700 942 2756 carnis
983 2698 1292 2770 fragilitate
1333 2706 1656 2766 corruptus,
1700 2697 2049 2768 Eupraxiam

338 2790 655 2861 quamdam
689 2788 1192 2844 sanctimonialem
1235 2803 1267 2840 a
1315 2785 1662 2841 monasterio
1715 2787 1897 2842 sancti
1930 2790 2050 2843 An-

337 2881 489 2933 dreae
520 2879 792 2947 apostoli,
820 2878 970 2948 quod
993 2875 1320 2948 appellatur
1342 2875 1411 2943 (a)
1446 2878 1633 2929 Clivus
1665 2876 1885 2944 Scauri,
1910 2877 2048 2932 diri-

337 2967 466 3038 puit
491 2966 574 3019 vel
626 2966 926 3030 subduxit,
960 2971 1015 3018 et
1048 2965 1104 3018 in
1151 2963 1381 3034 regione
1412 2971 1630 3034 septem
1665 2963 1887 3018 viarum
1924 2966 2045 3021 loco

335 3054 429 3123 qui
465 3052 676 3107 dicitur
701 3053 928 3123 Vipera,
953 3052 1270 3108 collocavit.
1304 3050 1405 3104 Cui
1438 3065 1570 3105 cum
1605 3058 1874 3121 corrupta
1914 3070 2048 3110 san-

2173 1803 2281 1858 hoc
2313 1811 2427 1858 tam
2466 1804 2794 1876 frequenter
2844 1809 3150 1876 repeteret,
3184 1804 3417 1859 dicebat
3459 1821 3523 1860 se
3568 1805 3678 1860 sub
3707 1807 3880 1862 conti-

2168 1909 2283 1947 nuo
2305 1893 2539 1948 verbere
2571 1909 2803 1964 gemere
2837 1914 2852 1961 ;
2887 1893 3082 1964 sicque
3107 1899 3266 1949 sexto
3301 1894 3398 1950 die
3435 1895 3549 1949 sub
3579 1894 3686 1950 hac
3718 1895 3881 1950 mise-

2167 1981 2337 2035 rabili
2386 1998 2521 2036 voce
2552 1982 2859 2038 defunctus
2907 1988 3014 2038 est.
3047 1981 3346 2053 Siquidem
3387 1982 3663 2054 plurimis
3705 1982 3877 2038 docu-

2169 2070 2377 2126 mentis
2409 2072 2715 2143 probatum
2755 2078 2842 2127 est
2871 2071 2927 2126 in
2962 2072 3157 2127 eodem
3178 2072 3500 2128 venerabili
3535 2073 3877 2128 monasterio

2167 2160 2559 2216 fornicationis
2591 2162 2932 2232 contagione
2976 2160 3228 2232 pollutos
3261 2162 3363 2217 diu
3401 2162 3731 2218 subsistere
3762 2179 3875 2218 om-

2165 2251 2303 2305 nino
2336 2266 2450 2304 non
2486 2266 2672 2320 posse.

2232 2339 2321 2395 98.
2355 2341 2476 2405 Quo
2508 2339 2729 2394 scilicet
2761 2339 3038 2396 hactenus
3070 2337 3220 2394 libra
3249 2342 3571 2414 omnisque
3609 2357 3877 2396 mensura

2163 2445 2340 2500 quam
2375 2430 2527 2484 idem
2563 2430 2762 2484 beatus
2793 2429 3107 2500 Gregorius
3131 2430 3384 2484 instituit
3417 2447 3555 2485 cum
3591 2430 3784 2485 modio
3807 2447 3884 2485 re-

2162 2525 2442 2587 servatur,
2477 2520 2549 2575 de
2581 2519 2751 2589 cujus
2785 2535 3060 2573 mensura
3081 2518 3130 2574 si
3160 2519 3292 2588 quis
3316 2521 3394 2575 ad
3430 2537 3584 2592 opus
3605 2527 3881 2574 monaste-

2163 2608 2227 2663 rii
2256 2625 2436 2679 panes
2458 2608 2592 2663 velit
2613 2609 2857 2675 efficere,
2877 2607 3660 2680 trigintaetquinqueﬁunt,
3682 2611 3744 2680 tr)
3768 2610 3884 2664 sin-

2160 2698 2280 2769 guli
2314 2700 2592 2754 duntaxat
2653 2698 2824 2753 trium
2878 2696 3190 2766 librarum;
3224 2697 3269 2753 si
3302 2699 3442 2770 quis
3475 2715 3616 2754 vero
3646 2703 3712 2753 ad
3746 2716 3885 2770 opus

2159 2790 2413 2856 alterius,
2444 2791 2512 2843 ad
2552 2789 2821 2844 eumdem
2873 2805 3185 2843 numerum
3228 2806 3548 2862 nunquam
3587 2790 3882 2862 pertingit.

2156 2879 2315 2942 Quod
2360 2894 2492 2932 cum
2535 2879 2804 2948 praefatus
2851 2876 3159 2932 Zacharias
3192 2879 3530 2950 'episcopus
3585 2896 3688 2950 pro
3738 2885 3883 2933 certo

2158 2969 2328 3024 vellet
2358 2969 2679 3037 addiscere,
2702 2986 2804 3040 pro
2821 2969 3166 3023 celebranda
3193 2969 3349 3024 186
3378 2971 3708 3026 festivitate
3740 2967 3885 3024 beati

2157 3058 2394 3114 Andreae
2427 3058 2674 3128 apostoli
2703 3059 2895 3114 decem
2932 3057 3259 3113 modiorum
3310 3059 3505 3114 tritici
3539 3074 3887 3114 mensuram

332 3142 713 3211 ctimonialis,
747 3143 1171 3213 quialatrinam
1196 3145 1252 3197 et
1287 3140 1520 3195 furnum
1552 3143 1897 3212 contiguum
1927 3161 2038 3199 non
2074 3121 2117 3187 θ
2157 3148 2470 3217 pistoribus
2501 3149 2700 3215 dedit;
2732 3164 2762 3202 e
2794 3148 3007 3218 quibus
3030 3163 3131 3218 pro
3167 3148 3448 3203 undecim
3478 3148 3702 3204 modiis
3735 3147 3889 3202 mul-

336 3233 604 3295 habebat,
638 3233 838 3289 crebro
869 3233 1157 3288 videretur
1185 3247 1313 3286 esse
1348 3229 1609 3297 molesta,
1648 3232 1846 3288 infelix
1877 3251 2047 3304 pres-

339 3323 502 3393 byter
533 3327 832 3394 peccatum
867 3328 1099 3394 peccato
1150 3324 1518 3386 connectens,
1557 3325 1617 3374 ut
1667 3323 2049 3381 meretriculas

335 3410 560 3480 placere
592 3410 900 3482 potuisset,
941 3411 1174 3465 beatum
1217 3405 1558 3478 Gregorium
1613 3424 1727 3463 non
1759 3414 2048 3469 recusavit

335 3499 646 3555 otl‘endere.
679 3500 859 3570 Cujus
903 3498 1211 3567 mirabilis,
1256 3499 1432 3552 immo
1464 3493 1834 3554 saluberrimi
1869 3502 2046 3560 fontis

334 3587 932 3661 ligna(b)tegulasque
954 3589 1256 3660 diripiens,
1282 3606 1576 3648 secessum
1591 3597 1647 3646 et
1665 3592 1898 3645 furnum
1918 3607 2046 3662 pro-

335 3678 556 3733 stituta
578 3678 804 3732 feminae
856 3693 967 3734 non
1001 3679 1234 3734 erubuit
1279 3680 1575 3737 fabricare.
1610 3681 1832 3744 Quibus
1879 3695 2040 3749 pera-

333 3765 460 3833 ctis,
493 3782 625 3822 cum
657 3767 926 3838 sequenti
962 3768 1264 3838 noctejam
1296 3771 1554 3826 securior
1588 3789 1620 3826 a
1651 3770 1901 3841 querelis
1936 3769 2042 3824 las-

329 3857 463 3912 civa
495 3857 758 3915 mulieris
807 3858 867 3913 in
911 3859 1111 3914 eadem
1164 3860 1338 3916 domo
1369 3860 1665 3930 dormiret,
1716 3860 1858 3914 vidit
1892 3861 2040 3916 duos

331 3949 616 4019 quosdam
649 3948 938 4004 terribiles
961 3949 1350 4005 cubicularios
1371 3968 1433 4006 se
1453 3951 1649 4022 ligatis
1669 3951 1936 4005 manibus
1966 3952 2036 4005 ad

329 4037 657 4095 venerabile
697 4037 1113 4094 monasterium
1177 4041 1539 4096 reducentes.
1589 4042 1742 4105 Quos
1791 4041 2039 4094 interro-

329 4141 498 4195 gans,
529 4127 700 4197 cujus
736 4136 1013 4197 praecepto
1045 4127 1154 4182 sibi
1199 4129 1333 4182 talia
1365 4129 1636 4194 facerent,
1679 4129 1901 4183 audivit
1933 4128 2038 4184 hoc

332 4212 659 4270 Romanum
713 4215 1040 4285 pontificem
1083 4218 1442 4288 praecepisse.
1493 4219 1660 4272 Forte
1691 4223 1831 4272 tunc
1863 4218 2037 4273 Joan-

333 4321 449 4367 nes,
485 4310 694 4360 sanctis
727 4306 876 4360 sedis
907 4307 1233 4377 apostolica:
1278 4309 1554 4378 pontifex,
1608 4313 1806 4362 contra
1839 4308 2036 4362 Sarra-

330 4409 604 4448 cenorum
640 4394 909 4450 incursus
935 4395 1119 4450 littora
1153 4399 1528 4469 peragrabat;
1561 4401 1731 4471 cujus
1757 4398 2031 4454 absentia:

2157 3236 2460 3306 tiplicatos,
2493 3235 3042 3308 obstupescentibus
3060 3237 3279 3292 eisdem
3315 3238 3685 3308 pistoribus,
3724 3254 3893 3310 panes

2156 3327 2390 3398 recepit.
2439 3326 2758 3397 Quiutique
2819 3324 3064 3381 sollicite
3105 3326 3264 3396 prius
3320 3327 3817 3397 dinumerantes,
3848 3326 3893 3381 si

2154 3417 2477 3487 superﬂuos
2507 3415 2726 3485 aliquot
2777 3414 3156 3481 invenissent,
3203 3414 3315 3470 sibi
3357 3416 3776 3488 proculdubio
3808 3433 3894 3471 re-

2152 3511 2466 3561 servarent.

2219 3596 2309 3651 99.
2352 3596 2501 3650 Sane
2551 3611 2727 3666 quam
2780 3594 3109 3666 frequenter
3148 3594 3353 3651 beatus
3402 3596 3740 3667 Gregorius
3781 3600 3893 3652 tam

2151 3685 2267 3740 illic
2308 3702 2479 3756 quam
2521 3685 2581 3741 in
2623 3685 3018 3756 apostolorum
3057 3685 3336 3752 basilicis,
3397 3703 3641 3742 necnon
3688 3688 3747 3742 in
3793 3704 3892 3758 pa-

2150 3774 2423 3828 triarchio
2452 3790 2603 3829 nunc
2641 3775 2955 3829 exhortans
2998 3773 3288 3843 innoxios,
3323 3791 3495 3832 nunc
3533 3793 3678 3832 vero
3715 3777 3898 3832 deter-

2149 3879 2281 3918 rens
2304 3863 2381 3933 (g)
2403 3864 2701 3927 obnoxios,
2729 3863 2785 3916 in
2812 3863 2934 3933 ipsa
2959 3879 3073 3917 sua:
3097 3863 3460 3933 cognitionis
3486 3865 3698 3936 effigie
3720 3881 3895 3935 appa-

2149 3958 2347 4018 rescat,
2386 3952 2523 4023 quia
2554 3968 2708 4007 nunc
2752 3967 2984 4006 narrare
3020 3969 3132 4006 non
3166 3952 3348 4018 valeo,
3398 3954 3505 4010 hic
3537 3955 3733 4026 hujus
3765 3969 3902 4023 ope-

2147 4040 2226 4093 ris
2275 4039 2732 4094 adminiculante
2763 4040 3032 4101 Domino,
3080 4039 3403 4095 terminum
3445 4042 3635 4109 facio,
3681 4048 3740 4096 et
3773 4041 3904 4096 reli-

2145 4145 2259 4198 qua
2282 4131 2535 4197 ejusdem
2559 4129 2743 4184 Patris
2774 4128 3049 4183 miracula
3075 4133 3205 4197 post
3236 4145 3329 4182 me
3349 4129 3751 4186 doctioribus
3775 4146 3904 4185 me-

2145 4219 2424 4272 moranda
2441 4219 2723 4289 relinquo.
2740 4219 2919 4286 Cujus
2939 4217 3218 4272 nimirum
3235 4220 3594 4275 venerabile
3612 4222 3899 4275 meritum

2143 4324 2448 4377 quousque
2470 4308 2664 4361 mundi
2694 4308 2869 4376 hujus
2892 4307 3081 4360 orbita
3104 4305 3401 4373 volvitur;
3447 4314 3518 4362 ut
3545 4325 3695 4363 cum
3722 4309 3904 4363 Paulo

2140 4397 2258 4450 viro
2294 4396 2708 4452 dissertissimo
2744 4396 2945 4463 fatear,
2978 4411 3209 4466 semper
3249 4395 3511 4466 accipiet
3545 4399 3908 4453 incremen-

330 4483 546 4553 ligatus
578 4484 872 4554 presbyter
914 4485 1260 4554 recordatus,
1298 4487 1648 4557 increpando
1683 4489 1982 4554 subiunxit
2019 4508 2028 4546 ;
2069 4499 2110 4562 D
2144 4493 2267 4540 tum
2309 4503 2318 4540 :
2355 4487 2490 4557 quia
2539 4488 2718 4557 ipsius
2758 4485 2878 4540 sine
2921 4484 3099 4539 dubio
3141 4485 3340 4555 gratiae
3387 4485 3787 4540 adscribitur
3820 4485 3907 4540 vel

328 4572 613 4628 Dominus
644 4590 791 4646 papa
824 4574 1006 4645 pridie
1050 4581 1248 4631 contra
1291 4578 1641 4634 Sarracenos
1676 4584 1939 4651 perrexit,
1974 4590 2026 4639 et

323 4680 426 4720 vos
455 4662 744 4734 quomodo
775 4664 966 4720 dicitis
995 4667 1146 4737 quod
1183 4669 1302 4740 ipse
1333 4684 1420 4722 me
1452 4668 1616 4741 ligari
1646 4670 1904 4738 jusserit,
1927 4674 2028 4745 qui

322 4769 454 4810 eum
489 4758 690 4824 postea
722 4771 834 4812 non
885 4755 1114 4812 vidistis
1143 4757 1171 4809 ?
1197 4759 1263 4812 At
1296 4757 1378 4812 illi
1412 4759 1680 4814 dixerunt
1724 4778 1736 4816 :
1771 4761 1825 4815 Si
1856 4763 2029 4819 Joan-

319 4859 425 4900 nes
455 4860 605 4918 papa
635 4846 773 4901 hinc
803 4844 963 4912 abiit,
998 4850 1235 4902 sanctus
1265 4847 1575 4919 Gregorius
1606 4849 1698 4903 hic
1725 4853 2030 4921 remansit,

389 4990 467 5062 (a)
489 4990 665 5045 Abest
689 4991 871 5047 Clivus
895 4991 1104 5046 Scauri
1128 5008 1159 5044 a
1183 4990 1458 5045 nonnulis
1483 4990 1618 5045 Mss.
1647 4991 1705 5046 ln
1731 4992 2027 5062 German.,

321 5058 543 5114 Glibbus
582 5061 797 5116 Scauri.

386 5129 463 5206 (b)
496 5129 800 5206 plicansis,
833 5133 1172 5206 tabulasque.

391 5199 460 5269 (ο)
491 5200 694 5270 Certis,
727 5199 903 5276 court.
935 5199 1156 5262 courtil.
1180 5211 1339 5276 Saepe
1371 5205 1426 5259 in
1461 5205 1720 5276 antiquis
1742 5206 2027 5276 diploma-

319 5269 471 5350 tibus
521 5269 832 5350 praesertim
894 5280 1166 5333 occurrit.
1202 5269 1367 5346 Apud
1425 5269 1744 5333 Martialem
1809 5269 2027 5350 legitur

318 5340 419 5396 lib.
452 5356 550 5405 vn,
580 5344 729 5413 epig.
765 5346 853 5400 30.

595 5422 789 5474 Rauca!
822 5430 981 5476 cortis
1010 5443 1136 5478 aves
1167 5437 1218 5480 et
1256 5446 1355 5480 ova
1387 5437 1635 5483 matrum.

315 5483 652 5564 {\liquando-
675 5488 1058 5564 sumiturpro
1079 5493 1308 5564 familia
1342 5503 1396 5548 et
1429 5495 1602 5548 domo
1633 5493 1805 5549 etiam
1841 5493 2017 5564 regis.

316 5555 380 5610 In
413 5555 684 5634 capitulis
714 5558 900 5613 Caroli
932 5555 1092 5634 Calvi
1120 5579 1245 5633 cap.
1274 5565 1336 5618 14
1373 5581 1384 5618 :
1410 5565 1545 5634 quin
1574 5568 1751 5633 potius
1778 5555 2021 5620 habeatis

313 5627 456 5683 unde
484 5628 822 5696 sufﬁcienter
862 5639 913 5685 et
944 5632 1160 5686 honeste
1193 5627 1314 5687 cum
1346 5627 1643 5691 domestica
1671 5647 1816 5691 corle
1845 5648 2019 5691 vestra

313 5701 533 5766 possith
572 5699 774 5753 vivere.

2142 4578 2294 4646 quod
2330 4575 2643 4642 Anglorum
2695 4574 2951 4631 Ecclesia
2983 4592 3125 4628 nova
3160 4589 3391 4643 semper
3424 4574 3660 4630 sobole
3710 4579 3911 4630 fecun.

2141 4664 2332 4728 datur,
2367 4664 2450 4719 vel
2482 4665 2634 4734 quod
2669 4663 2825 4718 illius
2847 4661 3128 4717 doctrinis
3156 4662 3235 4729 (h)
3266 4677 3367 4732 per
3398 4663 3632 4718 orbem
3672 4665 3910 4719 univer-

2141 4770 2272 4808 sum
2307 4754 2472 4806 multi
2509 4769 2608 4824 per
2638 4759 2933 4823 peccatum
2969 4750 3212 4819 elongati
3249 4751 3316 4804 ad
3351 4750 3590 4806 Christi
3639 4753 3917 4809 clemen-

2142 4843 2277 4897 tiam
2312 4847 2700 4908 revertuntur,
2734 4841 2818 4896 vel
2848 4840 2999 4911 quod
3022 4839 3150 4894 boni
3181 4837 3634 4910 quiqueipsius
3672 4844 3913 4896 suasio-

2209 4990 2290 5059 (d)
2314 4990 2421 5042 Per
2441 4988 2690 5042 rubricas
2716 4986 2957 5040 fortasse
2982 4983 3078 5038 hic
3103 4980 3664 5059 intelligitverhera
3685 4986 3916 5057 quibus

2139 5053 2583 5117 cruentarentur
2612 5066 2809 5112 venter
2839 5062 2897 5111 et
2929 5059 3162 5109 dorsum
3213 5053 3554 5109 fornicarii.

2208 5134 2280 5202 (ε)
2313 5133 2521 5202 Bigot.,
2553 5131 2782 5185 Domine
2827 5127 3037 5202 deﬁcio.
3082 5127 3265 5202 Quam
3300 5123 3648 5202 lectionem
3685 5128 3916 5183 conﬁr-

2137 5195 2546 5271 mat'ejustlem
2599 5195 2913 5272 presbyteri
2963 5195 3262 5268 responsio
3304 5210 3405 5249 εει
3457 5198 3580 5252 sub
3624 5203 3914 5253 continuo

2133 5276 2351 5330 verbere
2373 5290 2607 5343 gemere.
2657 5344 2678 5347 _
2898 5341 2954 5347 __
3043 5343 3051 5347 _
3179 5338 3188 5347 .
3278 5336 3288 5347 .

2203 5337 2616 5418 (f)Sangerm.,
2655 5344 2784 5412 Reg.
2811 5349 2866 5397 et
2898 5341 3105 5411 Bigot.,
3137 5337 3509 5409 singillatim.
3552 5339 3757 5409 Utic.,
3784 5345 3912 5398 sin-

2127 5419 2380 5489 gulau’m.

2202 5491 2276 5561 (g)
2297 5490 2398 5545 Hic
2421 5493 2475 5544 et
2499 5504 2676 5555 supra
2698 5501 2822 5561 cap.
2846 5484 2936 5552 96,
2960 5481 3222 5561 obnort'us
3243 5478 3592 5551 opponitur
3624 5482 3917 5554 innoxio,

2129 5567 2182 5616 et
2210 5552 2654 5685 si'grliiﬂcpteum
2689 5552 2783 5629 qui
2806 5560 3040 5628 pr0pter
3061 5552 3289 5621 culpam
3317 5569 3382 5607 ac
3413 5561 3683 5610 reatum
3717 5552 3916 5629 pmnaé

2129 5638 2215 5686 est
2244 5637 2315 5686 ob
2345 5633 2437 5686 ica
2471 5648 2558 5686 us.

2127 5638 2215 5688 est
2244 5638 2558 5704 obligatus.

2198 5704 2277 5775 (ἡ)
2310 5696 2485 5761 Abest
2519 5720 2550 5759 a
2578 5701 2737 5767 Msa,
2767 5717 2864 5774 per
2903 5698 3083 5756 orbem
3106 5696 3446 5755 universum.
