4106 6174
309 213 420 272 213

763 203 826 266 S.
876 197 1245 265 GREGORII
1295 193 1538 258 MAGNI
1586 193 1794 267 VITA,
1844 191 1940 253 EX
1988 190 2168 255 EJUS
2217 192 2567 256 SCRIPTIS
2611 197 3057 258 ADORNATA.
3110 195 3257 259 LIB.
3307 193 3352 258 l.

3701 192 3818 256 2M

301 345 370 398 ad
397 356 616 398 annum
640 338 765 405 664,
789 352 1018 393 unusex
1051 339 1272 405 septem
1299 329 1555 385 diaconis
1579 327 1997 392 cardinalibus,
2033 329 2085 394 Α
2119 327 2246 397 plex
2279 327 2369 382 hic
2401 345 2606 384 sensus
2638 329 2824 402 aptari
2855 334 3057 403 potest,
3092 330 3328 398 scilicet,
3363 336 3458 386 aut
3479 328 3820 403 Gregorium

303 433 403 504 qui
436 430 573 487 dicti
607 432 746 485 sunt
794 425 1126 501 regionarii,
1157 423 1308 495 quod
1351 419 1523 476 certis
1559 418 1729 474 Urbis
1763 416 2010 488 regioni-

311 523 418 576 bus
451 519 895 592 preeﬁcerentur.
939 518 1009 570 At
1039 529 1170 569 vero
1206 528 1317 566 non
1350 527 1417 564 ex
1448 508 1589 563 soli
1621 507 1883 562 diaconis
1916 523 2008 561 re-

303 611 548 680 gionarii
574 606 1103 670 constituebantur,
1123 603 1220 656 sed
1247 600 1424 655 etiam
1457 614 1525 653 ex
1547 595 1922 652 subdiaconis
1953 601 2011 651 et

302 721 369 760 ex
406 704 664 770 notariis,
699 707 1036 772 posteaque,
1066 695 1339 766 Gregorio
1373 694 1580 764 Magno
1633 691 2009 757 concedente,

300 814 366 850 ex
399 794 822 850 defensoribus.
857 791 1083 861 (Regist.
1120 787 1158 840 ι.
1192 801 1314 849 vrri,
1337 800 1423 850 ep.
1471 784 1584 854 14.)
1613 782 1797 838 Verba
1835 781 2004 836 Joan.

299 885 537 938 Diaconi
567 883 835 947 referam,
869 877 1093 947 utquid
1144 891 1208 930 ex
1271 875 1386 929 illis
1433 870 1879 943 intelligendum
1935 871 2010 925 sit

303 974 556 1043 prudens
588 971 766 1026 lector
796 972 1042 1023 statuat:
1079 965 1136 1018 ln
1167 965 1325 1030 cuius
1356 962 1682 1017 venerabilis
1729 967 2006 1015 monaste-

300 1064 374 1117 rii
404 1061 465 1126 (S
524 1059 787 1128 Andreae)
820 1059 985 1122 atrio,
1010 1056 1170 1126 jussu
1203 1053 1465 1122 Gregorii,
1497 1053 1656 1119 iuxta
1681 1051 2006 1122 nymphium

300 1151 423 1206 dua?
446 1153 644 1206 iconim
675 1151 982 1202 veterrima
1009 1145 1388 1211 artiﬁcialiter
1417 1145 1675 1206 depictz-P,
1695 1157 1861 1211 usque
1883 1141 2006 1193 hac-

300 1245 454 1295 tenus
489 1239 774 1298 videntur;
801 1239 858 1290 in
895 1252 1130 1306 quarum
1167 1233 1347 1286 altera
1385 1237 1442 1285 Η.
1489 1233 1682 1285 Petrus
1720 1230 2006 1299 apostolus

291 1329 479 1383 sedens
543 1326 872 1397 conspicitur
918 1329 1153 1378 stantem
1206 1321 1546 1375 Gardianum
1604 1320 2004 1389 regionarium,

295 1418 547 1474 videlicet
574 1423 795 1473 Patrem
826 1416 1089 1484 Gregorii,
1122 1429 1295 1466 manu
1325 1412 1554 1465 dextera
1578 1425 1674 1478 per
1715 1411 2002 1462 dexteram

297 1509 607 1578 suscepisse.
671 1506 836 1575 Cujus
919 1501 1185 1559 Gordiani
1240 1500 1481 1566 habitus,
1521 1501 1761 1553 castanei
1805 1495 2004 1552 coloris

297 1598 519 1667 planeta
558 1601 654 1664 est,
687 1594 783 1649 sub
812 1595 1032 1664 planetu
1069 1591 1384 1654 dalmatica,
1420 1591 1477 1644 in
1526 1589 1753 1661 pedibus
1799 1589 2003 1658 caligas

299 1689 522 1741 habens.
553 1685 685 1748 Quae
718 1699 858 1740 sane
899 1681 1247 1736 vestimenta
1289 1694 1528 1749 arguere
1557 1678 1823 1732 videntur
1882 1676 2002 1731 dia-
2039 1697 2083 1762 Β

292 1792 527 1832 conum.
574 1775 685 1828 Sed
746 1771 1040 1827 Ferrarius
1073 1771 1173 1825 lib.
1206 1769 1316 1824 ide
1349 1768 1429 1823 Re
1485 1766 1790 1834 Vestiaria,
1825 1781 1875 1822 c.
1908 1765 1998 1830 38,

296 1869 493 1920 censet
516 1863 916 1935 promiscuum
944 1866 1082 1914 tunc
1108 1858 1286 1914 fuisse
1318 1856 1553 1927 planetae
1579 1873 1645 1912 ac
1677 1856 2003 1911 dalmatica

295 1970 504 2020 usum;
539 1952 712 2023 idque
765 1949 1090 2005 luculenter
1147 1948 1428 2018 probatur
1483 1962 1551 2002 ex
1584 1946 1711 2016 ipso
1777 1945 2003 2002 Joanne

294 2044 478 2109 Diac.,
512 2043 651 2096 dum
684 2040 838 2095 inter
867 2039 1216 2093 vestimenta
1246 2037 1304 2092 S.
1337 2035 1519 2091 Silvia:
1552 2035 1743 2090 Matris
1778 2035 1840 2090 Β.
1868 2035 2000 2090 Gre-

295 2131 465 2202 gorii,
501 2129 790 2202 planetam
837 2137 1114 2195 recenset,
1148 2132 1210 2181 ut
1266 2127 1420 2180 infra
1468 2126 1752 2181 dicemus.
1783 2128 1906 2191 Qua
1934 2128 2004 2181 de

294 2236 354 2275 re
379 2221 659 2291 legendus
689 2218 1064 2274 doctissimus
1085 2217 1341 2271 Joannes
1366 2214 1739 2270 Mabillonius
1763 2215 1822 2269 in
1849 2219 2006 2269 Pris-

289 2309 390 2363 fat.
424 2311 492 2364 ad
522 2312 680 2364 Tom.
711 2307 729 2361 Ι
772 2309 896 2362 Act.
931 2306 1051 2371 SS.,
1082 2307 1108 2374 §
1137 2321 1291 2360 cvm.
1344 2303 1751 2375 Regionarium
1805 2311 2002 2360 tamen

290 2398 464 2454 fuisse
491 2397 879 2464 Gordianum,
914 2405 967 2449 et
997 2396 1148 2450 inter
1173 2393 1474 2449 ministros
1507 2394 1760 2449 basilicae
1788 2393 1845 2448 S.
1903 2393 1999 2448 Pe-

293 2489 387 2554 tri,
422 2493 522 2543 aut
555 2487 827 2543 Ecclesia
863 2485 1030 2541 Rom.
1065 2489 1424 2554 cooptatum,
1448 2487 1846 2539 demonstrant
1876 2487 2000 2538 tum

287 2581 455 2633 Joan.
488 2576 724 2632 Diaconi
754 2576 959 2643 verba,
992 2579 1115 2630 tum
1171 2575 1230 2629 Β.
1267 2573 1419 2630 Petri
1477 2574 1724 2646 effigies,
1760 2573 2004 2629 Gordia-

291 2681 430 2720 num
463 2664 666 2719 dextra
699 2678 877 2718 manu
903 2661 1298 2732 suscipientis.
1335 2661 1412 2715 Ex
1454 2660 1656 2716 eadem
1690 2661 1864 2715 veteri
1916 2661 2004 2732 pi-

295 2760 464 2810 ctura
503 2753 673 2809 Joan.
735 2751 972 2807 Diacon.
1030 2751 1138 2821 (Cl.
1199 2751 1360 2805 Paul.
1412 2750 1784 2811 Diac.;Joan.
1848 2749 2001 2804 Diae.

299 2845 396 2900 lib.
456 2859 498 2912 ι,
558 2860 612 2896 n.
669 2840 894 2908 1;Beda
954 2841 990 2893 ι.
1055 2855 1114 2904 ir,
1174 2841 1391 2894 Hist.c.
1428 2840 1568 2907 l;S.
1610 2841 1770 2907 Grca.
1805 2839 2002 2897 Turon.

299 2933 394 2987 lib.
452 2948 508 2998 κ,
544 2931 678 2984 Hist.
709 2944 757 2983 c.
795 2929 848 2999 1)
879 2927 1077 2982 tribuit
1106 2927 1394 2983 Gordiano
1425 2932 1708 2982 staturam
1746 2927 2004 2999 longam,

305 3020 511 3076 faciem
545 3018 867 3083 diductam,
897 3015 1115 3072 virides
1149 3017 1370 3087 oculos,
1402 3017 1640 3072 barbam
1691 3017 2002 3085 modicam,

300 3107 530 3164 vultum
575 3121 829 3179 gravem.

379 3210 434 3261 2.
467 3205 644 3261 Silvia
677 3209 863 3260 mater
895 3204 1154 3276 Gregorii
1190 3206 1408 3262 mundo
1432 3205 1759 3262 valedicens
1791 3208 2010 3276 (utrum

304 3297 430 3352 viro
462 3298 784 3363 demortuo,
808 3311 882 3351 an
917 3295 1110 3350 adhuc
1139 3297 1464 3366 superstite,
1509 3297 1822 3366 incertum)
1849 3298 2012 3366 juxta

307 3391 528 3455 portam
565 3384 816 3441 basilicae
845 3389 900 3440 ς.
937 3385 1098 3441 Pauli
1133 3384 1398 3454 apostoli,
1431 3402 1720 3442 secessum
1757 3387 1868 3442 sibi
1909 3388 2006 3440 de-

298 3473 476 3545 legit;
513 3490 628 3545 quo
652 3475 710 3529 in
745 3473 872 3529 loco
919 3474 1092 3546 vulgo
1124 3475 1277 3529 dicto
1329 3475 1476 3529 Cella
1524 3491 1662 3530 nova
1712 3476 2008 3530 conditum

297 3563 615 3620 oratorium
638 3564 764 3633 ejus
796 3564 1014 3619 nomini
1035 3563 1313 3628 dicatum,
1338 3563 1532 3618 adhuc
1563 3581 1671 3620 sua
1701 3570 1863 3620 aetate
1887 3569 2009 3620 ste-

298 3654 444 3708 tisse
475 3656 718 3710 testatur
747 3652 916 3708 Joan.
949 3652 1262 3708 Diaconus.
1296 3652 1473 3708 Silvia
1503 3654 1655 3709 enim
1690 3654 1749 3708 in
1773 3655 2012 3711 Sancto-

303 3758 428 3796 rum
463 3741 660 3797 album
692 3746 782 3797 est
810 3741 1009 3812 relata,
1043 3743 1285 3813 ejusque
1335 3760 1544 3799 nomen
1601 3743 2007 3818 Martyrologio

301 3832 564 3888 Romano
596 3831 944 3903 inscriptum
971 3831 1186 3904 legitur
1211 3834 1282 3888 ad
1315 3834 1468 3890 diem
1502 3835 1734 3890 tertiam
1768 3834 2006 3892 Novem-

295 3922 436 3978 bris.
489 3926 546 3979 S.
600 3922 837 3979 Silviam
893 3922 952 3977 in
982 3927 1040 3978 S.
1085 3925 1326 3978 Andreae
1388 3926 1666 3981 asceterio
1716 3926 2002 3998 depictam

285 4013 462 4080 jussu
509 4011 568 4067 S.
616 4010 878 4083 Gregorii
933 4012 1108 4067 refert
1158 4011 1430 4069 laudatus
1488 4016 2006 4087 scriptor:Sedens,

294 4101 505 4172 inquit,
550 4100 767 4171 depicta
811 4108 889 4157 est
931 4101 1132 4170 Silvia,
1158 4104 1392 4158 candido
1435 4105 1712 4160 velamine
1739 4123 1772 4161 a
1818 4105 2009 4163 dextro

293 4191 520 4246 humero
551 4192 737 4246 taliter
755 4196 952 4248 contra
977 4190 1264 4246 sinistram
1287 4194 1531 4248 revoluto
1560 4195 1712 4251 200
1735 4203 2006 4264 contecta,

294 4284 355 4334 ut
385 4281 486 4335 sub
513 4294 575 4334 eo
606 4295 803 4334 manus
837 4284 1099 4351 tanquam
1132 4280 1196 4335 de
1216 4283 1441 4352 planetu
1456 4283 1741 4338 subducat.
1768 4284 2011 4355 Reliqua

298 4369 370 4424 ad
405 4368 817 4423 vestimentum
879 4375 935 4425 et
987 4375 1254 4425 ornatum
1297 4373 1425 4440 ejus
1478 4374 1826 4443 pertinentia
1886 4378 2005 4437 leue

300 4457 454 4527 apud
483 4455 765 4512 Joannem
820 4456 1134 4513 Diacooum
1181 4460 1277 4515 lib.
1312 4477 1388 4524 ιν,
1422 4478 1472 4518 c.
1505 4464 1597 4518 83.
1630 4466 1710 4519 Ad
1760 4467 2004 4521 formam

298 4546 427 4614 ejus
459 4545 608 4615 quod
652 4547 897 4600 attinet:
935 4548 1157 4603 Statura
1187 4552 1238 4604 ei
1285 4552 1470 4621 plena.
1525 4555 1710 4624 inquit
1767 4554 2008 4619 ibidem,

304 4635 478 4705 facies
501 4633 746 4689 rotunda
776 4635 992 4706 quidem
1005 4642 1054 4690 et
1084 4639 1343 4708 candida,
1364 4641 1454 4696 sed
1483 4645 1636 4697 senio
1650 4644 1759 4710 iam
1788 4661 2008 4716 rugosa,

309 4742 475 4796 quam
499 4726 615 4796 ipsa
648 4740 858 4796 quoque
885 4733 1130 4782 senectus
1165 4729 1592 4798 pulcherrimam
1628 4732 1801 4802 fuisse
1831 4737 2006 4804 signi-

298 4814 445 4882 ﬁcat,
478 4813 651 4871 oculis
679 4814 892 4884 glaucis
940 4819 987 4870 et
1027 4817 1360 4888 grandibus,
1393 4823 1709 4892 superciliis
1755 4826 2006 4892 modicis,

297 4902 508 4959 labellis
540 4906 806 4972 venustis,
834 4905 989 4959 vultu
1012 4905 1200 4973 hilari,
1227 4907 1410 4977 ferens
1441 4909 1500 4964 in
1525 4915 2005 4982 capitematrona-

293 4994 403 5042 tem
426 4989 505 5060 (a)
533 4990 782 5047 mitram.
809 4992 913 5063 (Cf.
948 4994 1102 5050 Joan.
1140 4995 1292 5050 Diae.
1327 4997 1364 5050 l.
1400 5013 1440 5063 ι,
1473 5015 1529 5051 n.
1557 4998 1633 5068 9.)

368 5079 417 5130 3.
463 5080 538 5134 De
562 5081 821 5154 Gregorii
859 5083 1174 5151 maioribus
1229 5087 1370 5141 nihil
1419 5087 1560 5143 certi
1603 5089 1768 5145 nobis
1829 5091 2011 5146 tradi-

303 5172 452 5232 tum,
489 5169 596 5224 nisi
631 5173 784 5240 quod
818 5173 884 5226 de
932 5177 1279 5230 senatoribus
1323 5178 1543 5247 primis,
1579 5184 1640 5233 ut
1674 5182 1839 5235 docet
1869 5181 2008 5236 Gre-

302 5257 521 5322 gorius,
573 5259 934 5318 Turonensis
992 5269 1301 5338 episcopus
1356 5269 1499 5338 (Lib.
1544 5286 1578 5323 x
1627 5271 1766 5326 Hist.
1817 5287 1867 5328 c.
1931 5272 2007 5339 1),

300 5358 522 5401 οσωνιιε
563 5349 826 5420 scriptor,
861 5353 1031 5412 fuerit
1055 5358 1362 5415 oriundus.
1413 5360 1634 5424 Quibus
1678 5362 1872 5417 verbis
1903 5363 2009 5416 du-

367 5532 448 5619 (_a)
474 5531 892 5619 De_r_n_itralege
911 5541 1108 5619 notam
1127 5542 1195 5596 ad
1216 5541 1607 5619 locumIJoan.
1627 5543 1862 5602 Diaconi
1892 5545 2015 5601 lau-

298 5602 524 5662 datum.
558 5605 734 5662 Mitra
765 5602 996 5678 prbprie
1026 5625 1254 5670 corona
1284 5606 1429 5672 sunt
1465 5633 1536 5672 ex
1583 5617 1750 5676 faciis
1779 5626 1834 5674 et
1887 5634 2013 5674 ora-

2122 418 2193 472 ab
2227 417 2479 488 antiquis
2524 430 2760 476 senatus
2799 421 3025 476 Romati
3076 421 3436 493 proceribus,
3477 420 3596 476 illis
3647 417 3825 473 nimi-

2120 523 2247 561 rum
2270 509 2495 578 vigente
2519 511 2815 581 republica
2837 527 3029 567 rerum
3055 512 3331 577 dominis,
3354 510 3818 582 genusduxisse,

2119 598 2217 649 aut
2249 595 2377 664 ejus
2409 600 2599 665 patres
2641 598 2794 653 inter
2851 598 3156 669 primarios
3188 600 3279 655 sui
3323 600 3599 671 temporis
3649 613 3818 652 seua-

2119 689 2271 741 tores
2295 685 2484 742 locum
2510 686 2851 745 obtinuisse.
2874 691 3119 746 Felicem
3151 707 3358 762 papam
3387 695 3619 745 atavum
3645 703 3819 744 suum

2119 774 2300 830 fuisse
2331 780 2582 832 testatur
2612 778 2737 848 ipse
2769 778 2868 834 lib.
2903 796 2956 835 iv
2986 779 3379 851 Dialogorum,
3407 796 3457 836 c.
3494 781 3581 843 16,
3605 783 3660 833 et
3719 779 3820 833 ho-

2120 864 2241 918 mil.
2277 865 2344 918 38
2376 866 2431 920 in
2467 867 2795 938 Evangelia.

2188 953 2326 1016 Quis
2358 965 2543 1011 autem
2599 957 2771 1013 fuerit
2820 958 2916 1014 ille
2969 958 3153 1028 Felix,
3201 959 3406 1016 tertius
3437 974 3508 1013 an
3551 961 3820 1029 quartus,

2118 1045 2450 1112 ambigitur.
2484 1047 2734 1103 Joannes
2762 1050 3048 1103 Diaconus
3081 1053 3354 1119 quartum
3385 1047 3562 1103 fuisse
3587 1047 3818 1112 asserit,

2117 1150 2284 1206 quem
2322 1138 2499 1190 virum
2524 1153 2740 1208 magnae
2769 1141 2827 1194 in
2859 1138 3072 1194 Christi
3105 1138 3344 1195 Ecclesia
3370 1141 3694 1194 reverentiae
3720 1155 3820 1208 ap-

2118 1228 2319 1296 pellat;
2357 1229 2550 1299 aitque
2583 1227 2864 1284 basilicam
2889 1241 3207 1286 sanctorum
3268 1229 3468 1286 Cosme
3498 1235 3549 1285 et
3599 1228 3826 1284 Damia-

2115 1317 2174 1367 ni
2207 1322 2512 1386 martyrum
2538 1320 2626 1372 via
2657 1335 2812 1374 sacra
2854 1320 3023 1390 juxta
3081 1320 3337 1391 templum
3388 1319 3606 1376 Romuli
3651 1335 3822 1375 venu-

2113 1404 2356 1460 stissime
2391 1408 2722 1464 fabricasse.
2763 1409 2958 1480 Neque
2976 1427 3106 1464 vero
3141 1410 3306 1466 facile
3338 1411 3395 1465 in
3447 1411 3709 1465 animum
3739 1409 3822 1463 in-

2115 1495 2324 1551 ducere
2345 1513 2658 1567 possumus
2675 1498 2960 1555 Joannem
2985 1499 3304 1556 Diaconum
3329 1505 3542 1555 temere
3575 1498 3825 1554 Felicem

2117 1583 2186 1639 1V
2209 1602 2310 1656 pro
2339 1587 2408 1641 llI
2454 1589 2881 1658 pronuntiasse.
2917 1589 3108 1645 Vitam
3165 1590 3222 1644 S.
3272 1588 3552 1660 Gregorii,
3587 1587 3820 1643 hortatu

2112 1673 2355 1730 Joannis
2389 1691 2548 1747 papae
2592 1675 2736 1743 Vlll,
2788 1678 3150 1734 scribendam
3197 1679 3458 1750 suscepit
3507 1678 3599 1732 hic
3653 1676 3821 1732 Rom.

2117 1763 2382 1820 Ecclesiae
2442 1764 2738 1831 diaconus,
2799 1783 2975 1838 quam
3036 1777 3232 1839 postea
3285 1767 3542 1838 ejusdem
3603 1765 3824 1822 summi

2115 1854 2409 1925 pontificis
2425 1856 2769 1912 auctoritate
2791 1857 3230 1929 comprobatam
3256 1857 3590 1930 publicavit.
3610 1856 3826 1913 Omnia

2113 1949 2303 1998 vetera
2319 1949 2691 2000 monumenta
2715 1945 3064 2017 inspexerat,
3086 1964 3451 2002 summorum
3479 1946 3822 2020 pontitlcum

2113 2033 2428 2102 catalogos,
2462 2039 2611 2103 acta,
2630 2035 2812 2090 diaria
2835 2035 3143 2091 evolveret.
3169 2037 3425 2092 Stantem
3448 2037 3658 2102 adhuc,
3675 2051 3822 2106 qua-

2113 2122 2224 2176 lem
2261 2124 2410 2177 Felix
2444 2141 2587 2195 papa
2619 2140 2746 2179 eam
2776 2131 3199 2192 construxerat,
3233 2132 3569 2182 sanctorum
3601 2125 3822 2182 Cosme:

2113 2217 2168 2267 et
2200 2212 2464 2267 Damiani
2492 2213 2814 2284 basilicam,
2848 2215 3121 2271 sollicitis
3155 2215 3338 2271 oculis
3373 2217 3744 2279 lustraverat,
3767 2221 3824 2268 et

2112 2316 2181 2355 ex
2214 2301 2511 2356 nonnullis
2535 2304 2918 2372 proculdubio
2952 2305 3035 2359 vel
3065 2304 3544 2374 inscriptionibus
3565 2303 3651 2359 vel
3687 2302 3820 2358 aliis

2115 2392 2285 2447 certis
2315 2394 2680 2464 argumentis
2713 2393 3194 2464 deprehenderat,
3215 2394 3458 2451 Felicem
3485 2394 3820 2467 pontificem

2114 2481 2371 2554 Gregorii
2397 2488 2629 2539 atavnm
2655 2485 2831 2540 fuisse
2849 2491 3121 2556 quartum
3148 2486 3532 2545 nomine,non
3558 2485 3820 2540 tertium.

2114 2570 2172 2626 Et
2208 2589 2349 2628 sane
2378 2581 2510 2628 ante
2543 2571 2773 2629 Baronii
2808 2575 3269 2630 emendationem
3303 2578 3360 2630 in
3409 2573 3823 2645 Martyrologio

2114 2663 2278 2718 Rom.
2315 2662 2614 2734 legebatur
2648 2663 2805 2720 Felix
2861 2664 3332 2737 iV,aliundeque
3389 2670 3611 2720 constat
3668 2663 3822 2719 basi-

2112 2752 2284 2809 licam
2310 2760 2642 2810 sanctorum
2687 2762 3002 2828 martyrum
3037 2757 3105 2810 de
3149 2771 3264 2826 qua
3322 2754 3578 2826 loquitur
3626 2758 3825 2809 noster

2114 2843 2418 2910 diaconus,
2454 2860 2570 2899 non
2603 2861 2635 2898 a
2661 2844 2844 2900 Felice
2876 2845 3177 2913 tertio,sed
3211 2863 3242 2899 a
3275 2851 3480 2916 quarto
3510 2843 3691 2914 hujus
3716 2859 3823 2899 no-

2117 2932 2294 2987 minis
2328 2932 2616 3004 pontiﬁce,
2652 2933 2828 2990 tuisse
2858 2933 3220 2990 aedificatam.

2194 3021 2352 3078 Hanc
2381 3023 2624 3080 Joannis
2657 3024 3004 3080 sententiam
3037 3024 3314 3081 eminent.
3348 3025 3507 3080 card.
3541 3023 3827 3080 Baronius

2121 3111 2452 3185 impugnat,
2487 3119 2605 3169 tum
2640 3114 2698 3169 in
2730 3117 3005 3170 Annotat.
3042 3115 3112 3170 ad
3139 3113 3505 3186 Martyrolog.
3543 3113 3705 3169 Rom.
3730 3112 3827 3168 die

2116 3202 2187 3256 25
2241 3201 2558 3269 Februarii,
2608 3212 2727 3259 tum
2774 3204 2832 3259 in
2882 3203 3209 3260 Annalibus
3271 3202 3418 3260 Eccl.
3452 3203 3522 3258 ad
3565 3220 3660 3258 an.
3695 3201 3825 3267 581,

2118 3293 2224 3348 hac
2253 3295 2575 3364 praesertim
2625 3295 2866 3362 ratione,
2893 3297 3043 3365 quod
3097 3293 3342 3350 Felicem
3375 3293 3449 3349 IV
3497 3293 3826 3348 Samnitem

2121 3381 2300 3437 fuisse
2330 3387 2576 3451 constet,
2611 3383 3241 3456 majoresqueGregorii
3267 3382 3484 3454 Magni,
3510 3381 3826 3437 Romanos.

2114 3473 2186 3526 At
2235 3473 2373 3544 quid
2413 3478 2567 3528 velat
2624 3473 2893 3540 Felicem,
2937 3474 3048 3530 etsi
3098 3489 3308 3545 genere
3365 3473 3713 3539 Romanum,
3764 3472 3826 3527 in

2114 3563 2476 3619 Samnitibus
2506 3569 2698 3620 tamen
2731 3570 2922 3620 ortum
2957 3564 3119 3621 esse?
3147 3565 3490 3635 Quanquam
3527 3564 3650 3634 ipse
3680 3561 3824 3618 Gre-

2115 3653 2334 3724 gorius,
2368 3655 2592 3724 aliquos
2624 3671 2654 3709 e
2685 3655 2808 3710 suis
2831 3654 3278 3726 consanguineis
3321 3653 3607 3710 Samnites
3637 3651 3825 3708 fuisse

2115 3745 2256 3800 satis
2286 3745 2526 3801 innuere
2565 3746 2849 3815 videatur,
2881 3762 3010 3801 cum
3050 3745 3150 3811 ait,
3173 3744 3274 3801 lib.
3309 3761 3367 3799 ιη
3397 3744 3614 3814 Dialog.
3639 3759 3689 3798 c.
3713 3742 3819 3800 ‘26:

2113 3833 2298 3904 Nuper
2340 3833 2400 3889 in
2459 3834 2680 3890 Samnii
2735 3835 3019 3904 provincia
3066 3834 3292 3907 quidam
3342 3832 3670 3888 venerabilis
3707 3832 3817 3900 vir,

2115 3924 2332 3979 Mennas
2360 3926 2599 3990 nomine,
2634 3924 2947 3981 soli/ariam
2977 3926 3148 3980 vitam
3187 3923 3434 3991 ducebat,
3457 3926 3552 3996 qui
3597 3931 3821 3978 nostro-

2117 4031 2238 4070 rum
2270 4015 2458 4071 multis
2505 4015 2772 4087 cognitus,
2805 4020 2933 4072 ante
2991 4017 3089 4073 hoc
3113 4018 3230 4087 fere
3266 4017 3593 4072 decennium
3621 4018 3698 4070 est
3727 4012 3822 4068 de-

2113 4109 2355 4180 functus.
2412 4105 2768 4179 Cmteroquin
2832 4115 3165 4178 magnatum
3223 4109 3516 4177 assignare
3570 4103 3821 4176 patriam

2117 4215 2233 4254 non
2268 4199 2706 4268 itaquandoque
2727 4197 3059 4266 expeditum
3088 4201 3197 4264 est,
3227 4196 3361 4267 quia
3387 4201 3652 4267 parentes
3674 4194 3827 4265 ipso-

2117 4305 2244 4343 rum
2281 4287 2400 4342 sive
2443 4287 2514 4340 ob
2567 4287 2827 4340 diversas
2872 4301 3019 4355 quas
3058 4301 3157 4356 pro
3208 4283 3456 4338 utilitate
3488 4281 3824 4354 reipublicae

2117 4379 2333 4431 obeunt
2367 4373 2713 4446 provincias,
2737 4373 2853 4428 sive
2875 4377 3108 4444 propter
3139 4372 3294 4428 varia
3318 4371 3516 4427 multis
3540 4371 3598 4427 in
3631 4370 3820 4442 regio-

2123 4468 2297 4521 nibus
2330 4465 2541 4536 prazdia
2585 4481 2708 4535 quae
2760 4463 3079 4533 possident,
3113 4463 3274 4518 nulla
3325 4463 3439 4517 fere
3480 4463 3538 4517 in
3588 4460 3824 4517 civitate

2122 4554 2295 4609 lixam
2333 4555 2552 4610 habent
2598 4553 2817 4608 sedem.
2851 4552 3001 4607 Sane
3035 4557 3196 4606 extra
3239 4553 3561 4606 Romanum
3613 4565 3823 4621 agrum

2118 4643 2376 4714 Gregorii
2439 4659 2678 4714 proavos
2724 4643 2888 4697 villas
2939 4640 3220 4712 plurimas
3277 4640 3618 4712 opimaeque
3667 4638 3828 4694 obti-

2116 4733 2338 4798 nuisse,
2371 4733 2505 4788 inds
2555 4731 2732 4801 liquet
2789 4731 2942 4802 quod
2997 4745 3196 4785 eorum
3259 4729 3424 4785 heres
3473 4727 3828 4795 Gordianus,

2117 4821 2549 4892 amplissimum
2584 4819 2701 4876 tilio
2735 4819 3150 4890 patrimonium
3179 4817 3234 4873 in
3265 4817 3460 4874 Sicilia
3492 4815 3831 4888 reliquerit,

2116 4927 2182 4966 ex
2217 4928 2330 4982 quo
2365 4915 2561 4982 postea
2603 4926 2701 4964 sex
2735 4909 3081 4964 monasteria
3130 4908 3188 4963 in
3220 4906 3423 4963 eadem
3459 4905 3672 4973 insula,
3707 4921 3833 4962 non

2117 5003 2306 5060 solum
2340 5000 2741 5060 construxerit,
2791 5005 2854 5055 ut
2885 5000 3034 5056 infra
3063 4999 3307 5065 dicetur,
3340 4998 3439 5054 sed
3499 4997 3670 5054 etiam
3699 5012 3832 5052 mu-

2117 5093 2559 5151 niﬁcentissime
2581 5089 2881 5147 dotaverit.
2914 5088 3052 5146 Ruit
3081 5089 3256 5144 etiam
3288 5092 3408 5143 tota
3437 5087 3617 5157 huius
3643 5102 3823 5158 argu-

2119 5184 2294 5239 menti
2332 5181 2534 5247 moles,
2560 5181 2606 5235 si
2639 5179 2869 5236 dicatur
2897 5178 3236 5246 Gregorium
3259 5194 3326 5233 ex
3348 5192 3558 5248 genere
3581 5182 3826 5247 paterno

2119 5274 2441 5329 Romanum
2476 5271 2710 5341 quidem
2727 5267 3208 5338 fuisse;aliquem
3236 5272 3428 5321 tamen
3454 5282 3519 5320 ex
3538 5267 3664 5336 ejus
3691 5282 3828 5321 ma—

2111 5364 2342 5436 joribus
2375 5361 2431 5416 in
2465 5361 2702 5416 Samnio
2745 5359 3051 5425 habitasse,
3079 5357 3174 5413 ubi
3201 5357 3444 5414 Felicem
3477 5358 3827 5429 susceperit.

2120 5548 2222 5604 riis
2257 5553 2586 5616 compactae.
2629 5546 2852 5616 (Auctor
2891 5547 2994 5600 vet.
3046 5542 3345 5614 Etymolog.
3405 5542 3632 5613 Graeci.)
3677 5541 3828 5598 Vide

2120 5627 2317 5678 notam
2348 5617 2453 5674 947
2476 5618 2546 5676 ad
2579 5617 2679 5675 lib.
2706 5620 3236 5677 Sacramentorum.
