4132 6172
278 282 404 344 245

752 283 818 343 S.
866 278 1248 341 GREGORII
1299 279 1537 340 MAGNI
1591 277 1790 349 VlTA,
1842 274 1943 337 EX
1993 272 2174 338 EJUS
2220 275 2571 339 SCRIPTIS
2618 279 3055 342 ADORNATA.
3107 283 3252 344 LIB.
3302 284 3352 348 I.

3693 282 3811 344 246

350 414 570 472 Unicus
602 415 886 470 duntaxat
913 413 1100 468 nodus
1131 411 1226 468 hic
1256 418 1525 483 superest
1545 410 1872 467 solvendus.
1901 408 1990 466 Ni-
2024 411 2074 476 Α
2105 408 2164 480 pi
2194 408 2317 477 tibi,
2349 413 2411 464 ut
2439 418 2736 477 argentum
2774 412 2931 468 illius
2963 415 3340 471 transmisisse
3369 416 3664 473 debuisses.
3685 415 3816 472 Lib.

269 505 493 560 mirum
530 505 733 559 Felicis
766 503 860 571 ιν,
885 502 984 573 qui
1018 502 1352 574 auspicatus
1376 507 1464 556 est
1486 500 1870 571 pontiﬁcatum
1892 517 1986 554 an.

261 595 376 649 526
405 600 464 649 et
493 611 586 648 an.
623 593 732 648 5‘29
763 593 832 647 ad
863 592 1071 647 cmluin
1093 592 1376 663 migravit,
1405 596 1547 646 aetas
1578 591 1669 646 vix
1692 589 1833 645 sinit
1854 606 1987 644 eum

264 685 526 756 Gregorii
556 689 788 739 atavum
810 681 1136 752 suspicari;
1171 683 1429 752 quinque
1478 681 1633 735 enim
1661 679 1988 751 generatio-

266 789 413 827 num
447 773 663 841 gradus
694 772 847 825 inter
881 779 1194 840 utrumque
1226 769 1520 823 numerari
1553 770 1851 830 deberent,
1879 768 1985 821 etsi

263 880 298 916 ει
333 862 545 917 Felicis
593 862 754 916 obitu
789 862 858 915 ad
892 859 1146 930 Gregorii
1196 866 1389 914 ortum
1424 858 1692 913 undecim
1726 861 1985 913 tantum-

265 954 441 1007 modo
493 952 630 1006 anni
663 949 994 1006 efﬂuxerint
1025 954 1081 1004 et
1132 949 1486 1006 Gordianum
1521 950 1866 1018 abnepotem
1897 963 1982 1000 se.

270 1045 552 1112 ptennem
585 1039 790 1096 saltem
826 1039 982 1094 Felix
1014 1039 1272 1094 vidisset.

344 1128 554 1184 Fateor
599 1128 870 1200 equidem
904 1144 1033 1183 raro
1092 1127 1319 1183 evenire
1343 1132 1406 1181 ut
1434 1131 1596 1197 pater
1619 1125 1769 1181 ﬁlios
1801 1141 1984 1195 usque

269 1221 344 1274 ad
372 1226 642 1291 quartam
661 1218 1094 1290 generationem
1115 1223 1482 1288 prepagatos,
1511 1217 1660 1287 quod
1691 1215 1861 1270 Felici
1886 1217 1983 1269 da-

258 1316 388 1365 tum
444 1310 676 1373 fuisset,
708 1307 1095 1378 amplectatur
1127 1327 1141 1375 ;
1177 1323 1366 1378 neque
1415 1315 1605 1361 tamen
1638 1306 1694 1359 id
1742 1304 1982 1360 omnino

257 1399 652 1467 impossibile,
696 1404 798 1453 aut
843 1397 1199 1458 inauditum,
1233 1398 1317 1451 vel
1343 1397 1511 1450 etiam
1551 1411 1786 1464 prorsus
1819 1395 1978 1449 inso-

257 1487 395 1543 lens
452 1493 561 1543 est.
596 1487 856 1542 Forsitan
895 1487 1074 1541 etiam
1100 1491 1297 1541 atauus
1333 1486 1423 1540 hic
1457 1485 1654 1541 stricte
1687 1501 1788 1555 pro
1822 1490 1981 1554 patre

255 1577 430 1632 abavi
462 1586 515 1632 et
547 1593 651 1632 avo
676 1577 872 1646 proavi
906 1593 1023 1632 non
1045 1581 1131 1630 est
1161 1575 1557 1646 accipiendus,
1584 1575 1680 1630 sed
1708 1574 1814 1628 hac
1845 1588 1981 1627 voce

263 1682 423 1720 unus
455 1681 524 1720 ex
555 1664 898 1735 majoribus,
933 1681 1046 1719 non
1080 1664 1281 1718 habita
1312 1664 1535 1719 ratione
1565 1664 1780 1734 gradus
1809 1678 1979 1733 gene—

261 1754 533 1822 rationis,
566 1753 885 1825 signiﬁcari
919 1758 1129 1825 potest.

329 1839 492 1897 Felix
545 1841 621 1894 IV
661 1840 980 1896 Ecclesium
1013 1857 1076 1896 ea
1109 1840 1424 1912 prudentia
1455 1844 1513 1894 et
1542 1839 1818 1894 virtutum
1853 1856 1981 1894 om-

258 1930 428 1985 nium
460 1929 632 1986 laude
659 1930 1026 2002 gubernavit,
1051 1935 1116 1985 ut
1141 1930 1487 1985 Sanctorum
1514 1929 1677 1985 fastis
1702 1928 1837 1984 addi
1869 1945 1987 1984 me-

258 2020 448 2076 ruerit
479 2022 550 2076 ad
583 2022 736 2078 diem
761 2021 830 2075 30
859 2020 1141 2077 Januarii.
1168 2020 1448 2076 Eumdem
1473 2020 1750 2076 honorem
1785 2036 1986 2075 conse-

259 2117 439 2166 cutus
493 2116 583 2166 est
638 2111 790 2166 Felix
852 2111 950 2170 IlI.
983 2111 1155 2181 cujus
1187 2109 1400 2167 natalis
1424 2110 1549 2165 dies
1577 2109 1648 2164 25
1690 2110 1985 2166 Februarii

255 2200 617 2256 celebratur.

331 2290 384 2344 4.
423 2292 499 2346 De
531 2291 716 2346 tribus
772 2290 968 2345 amitis
1021 2291 1145 2346 suis
1177 2289 1297 2345 haec
1353 2290 1750 2346 observatione
1806 2289 1984 2361 digna

262 2390 684 2437 commemorat
715 2388 956 2437 sanctus
990 2382 1324 2452 Gregorius,
1351 2387 1476 2436 tum
1510 2380 1607 2435 lib.
1648 2381 1720 2435 ιν
1751 2380 1979 2451 Dialog.

253 2488 309 2524 c.
351 2471 436 2534 l6,
463 2475 587 2526 tum
621 2471 773 2527 hom.
805 2471 875 2525 38
906 2472 965 2526 in
1000 2470 1272 2542 Evangel.
1309 2487 1322 2525 :
1361 2472 1484 2528 Tres
1511 2478 1671 2540 pater
1703 2485 1854 2525 meus
1892 2484 1977 2525 so-

254 2573 410 2614 rores
445 2559 661 2625 habuit,
696 2574 820 2629 qua
849 2567 1058 2613 cuncta!
1089 2565 1197 2613 tres
1226 2575 1401 2616 sacra:
1430 2560 1670 2630 virgines
1707 2560 1933 2625 fuerunt
1961 2573 1980 2611 .'

261 2664 509 2717 quorum
538 2667 650 2702 una
687 2648 962 2703 Tharsilla
990 2647 1107 2703 alia
1157 2649 1454 2712 Gontiana,
1488 2648 1616 2703 alia
1677 2647 1981 2702 .‘Emiliana

249 2737 568 2793 dicebatur.
609 2737 722 2793 Uno
753 2753 938 2792 omnes
980 2737 1180 2792 ardore
1212 2754 1505 2805 conversae,
1539 2752 1647 2790 uno
1687 2736 1982 2807 eodemque

267 2829 512 2895 tempore
540 2831 793 2892 sacratae,
824 2826 922 2880 sub
961 2824 1305 2882 districtione
1332 2827 1582 2896 regulari
1623 2824 1894 2894 degentes,
1921 2831 1982 2883 in

259 2914 420 2969 domo
451 2914 687 2986 propria
716 2916 974 2971 socialem
1005 2918 1175 2970 vitam
1206 2915 1492 2970 ducebant.
1520 2917 1713 2987 Pergit
1743 2924 1976 2973 sanctus

261 3003 476 3059 Doctor
501 3005 558 3058 in
591 3005 973 3059 describenda
995 3004 1274 3060 continuo
1302 3005 1604 3060 Tharsillte
1637 3012 1692 3061 et
1723 3006 1976 3063 {Emilia-

2103 513 2178 562 ix,
2211 514 2296 570 ep,
2327 499 2394 552 98
2415 516 2435 560 ,·
2465 499 2569 554 Sed
2598 503 2650 554 si
2706 508 2916 556 tantum
2947 510 3046 570 est,
3081 502 3382 572 gloriosum
3435 506 3666 574 fratrem
3713 520 3815 561 no-

2099 597 2291 655 strum,
2323 590 2406 643 vel
2436 591 2500 644 de
2545 590 2811 660 episcOpis
2842 607 3080 647 unum...
3131 594 3470 650 subscribere
3524 597 3812 664 faciemus.

2100 678 2311 733 Eodem
2372 679 2540 747 libro,
2574 696 2663 751 ep.
2721 680 2820 734 102
2850 699 2869 736 .·
2901 682 3075 738 Filius
3129 693 3311 739 noster
3340 685 3426 739 vir
3489 685 3813 755 magniﬁcus

2103 768 2502 824 Occzlianus....
2536 787 2767 839 puerum
2797 788 3038 828 unum...
3069 788 3140 827 ea:
3164 775 3294 844 jure
3343 777 3601 843 germani
3641 777 3817 831 nostri

2099 857 2174 911 ad
2205 875 2329 913 cum
2386 861 2632 914 noscitur
2676 860 3015 930 perduxisse.
3081 862 3194 918 Lib.
3223 878 3277 925 ι,
3311 879 3399 934 ep.
3447 864 3510 918 51
3549 879 3562 918 :
3597 864 3728 932 Qute
3780 881 3816 920 a

2097 948 2333 1016 glorioso
2389 951 2566 1016 fratre
2626 964 2740 1004 meo
2799 950 3053 1005 Palatino
3087 951 3354 1021 Patricio,
3410 960 3518 1020 etc,
3551 950 3815 1024 Denique

2098 1038 2201 1093 lib.
2234 1055 2347 1092 xw.
2382 1038 2485 1107 Ep.
2517 1038 2551 1090 2
2584 1055 2596 1092 :
2633 1039 2701 1092 De
2730 1042 3064 1096 monasterio
3095 1041 3150 1094 S.
3210 1043 3452 1108 Hermx,
3493 1043 3726 1113 quod....
3777 1059 3813 1100 α

2095 1129 2269 1191 fratre
2301 1136 2481 1182 nostro
2511 1132 2881 1183 constructum
2911 1134 3008 1184 est.
3044 1130 3120 1185 De
3149 1131 3348 1186 eodem
3380 1130 3540 1201 loqui
3579 1131 3811 1187 videtur

2095 1217 2264 1286 Greg.
2296 1216 2512 1272 Turon.
2555 1218 2696 1286 (Lib.
2730 1234 2784 1284 x,
2817 1233 2846 1271 c
2875 1218 2948 1289 l),
3007 1235 3139 1274 cum
3165 1220 3245 1274 ait
3278 1235 3291 1273 :
3354 1219 3455 1275 Sed
3502 1221 3806 1289 Praefectus

2095 1309 2245 1362 urbis
2299 1308 2474 1362 Romce
2511 1323 2806 1377 germanus
2837 1309 2955 1378 ejus
2977 1309 3279 1379 (Gregorii)
3304 1311 3632 1380 onticipaoit
3661 1327 3811 1365 nun-

2093 1396 2256 1451 tium.
2286 1396 2430 1451 Nam
2463 1413 2783 1464 germanus,
2816 1399 2988 1452 etiam
3022 1398 3174 1467 apud
3207 1399 3441 1468 optimae
3483 1399 3809 1454 Latinitatis

2093 1487 2415 1557 scriptorcs,
2439 1489 2673 1542 fratrem
2708 1486 3092 1557 quasieodem
3116 1488 3376 1557 germine
3400 1494 3604 1545 natum
3625 1489 3809 1562 signi-

2096 1575 2227 1631 ﬁcat
2262 1593 2275 1642 ;
2315 1576 2563 1645 hincque
2595 1577 2666 1630 ab
2729 1576 3004 1645 Hispanis
3038 1576 3306 1633 Hermano
3367 1579 3544 1635 frater
3595 1578 3810 1636 dicitur

2093 1669 2150 1718 et
2181 1664 2250 1719 ab
2283 1663 2438 1720 ltalis
2471 1664 2762 1722 Germano.

2014 1757 2059 1822 Β
2159 1754 2211 1807 6.
2247 1755 2368 1819 Quo
2401 1770 2554 1809 anno
2589 1755 2646 1809 in
2689 1754 2877 1810 lucem
2939 1760 3247 1827 susceptus
3290 1756 3460 1812 fuerit
3494 1756 3806 1828 Gregorius

2093 1845 2442 1913 conjecturis
2474 1845 2670 1915 potius
2696 1845 2932 1916 assequi
2963 1860 3138 1915 quam
3163 1845 3458 1902 rationum
3492 1846 3808 1901 momentis

2093 1938 2342 1988 statuere
2401 1933 2552 1990 licet.
2590 1932 2660 1989 Ut
2692 1951 2724 1989 a
2754 1935 2912 1990 notis
2957 1933 3030 1989 ad
3077 1935 3415 1990 obscuriora
3471 1933 3806 1990 elucitanda

2092 2025 2516 2093 perveniamus,
2551 2029 2780 2078 constat
2809 2039 2875 2079 ex
2900 2023 3157 2095 antiquis
3181 2024 3574 2080 monumentis
3605 2023 3805 2096 ipsum

2085 2113 2234 2167 diem
2287 2119 2610 2169 extremum
2664 2113 2944 2169 clausisse
3004 2130 3206 2170 mense
3256 2115 3460 2170 Martio
3516 2131 3612 2172 an.
3675 2114 3802 2170 604.

2088 2204 2305 2259 Morbis
2335 2205 2628 2259 continuis
2658 2204 2851 2274 potius
2872 2221 3046 2275 quam
3078 2205 3242 2260 senio
3273 2204 3570 2260 confectus
3602 2221 3632 2260 e
3660 2203 3802 2258 vivis

2085 2294 2338 2349 excessit
2360 2294 2776 2349 sanctissimus
2797 2294 3073 2364 pontifex.
3105 2293 3314 2349 Nutrix
3336 2293 3464 2364 ejus
3487 2293 3676 2349 adhuc
3699 2309 3798 2348 su-

2089 2389 2312 2454 perstes
2342 2391 2484 2450 erat,
2511 2384 2707 2438 decem
2742 2382 2948 2438 saltem
2981 2383 3154 2438 annis
3179 2387 3491 2454 antequam
3526 2383 3648 2454 ipse
3686 2382 3802 2441 vita

2087 2477 2349 2530 cederet:
2384 2491 2495 2544 quo
2530 2481 2789 2543 tempore
2837 2491 2960 2529 eam
3004 2474 3312 2529 Rusticinm
3345 2473 3596 2546 patriciae
3637 2491 3799 2530 com-

2090 2566 2383 2619 mandavit
2412 2581 2501 2634 ep.
2536 2565 2603 2618 46
2661 2565 2791 2620 libri
2847 2582 2922 2619 ιν.
2953 2566 3242 2621 Praeterea
3290 2566 3362 2621 de
3419 2565 3694 2636 podagra,
3726 2566 3799 2620 de

2088 2655 2373 2712 stomachi
2407 2655 2705 2725 languore,
2739 2671 2805 2710 ac
2835 2656 2907 2710 de
2946 2655 3119 2710 variis
3177 2654 3306 2710 aliis
3351 2654 3796 2710 infirmitatibus

2087 2761 2240 2815 saepe
2269 2746 2647 2816 conqueritur
2678 2743 3022 2813 Gregorius;
3057 2744 3358 2799 atdesenii
3383 2742 3795 2811 incommodis,

2087 2851 2378 2904 nusquam
2413 2854 2427 2902 ;
2464 2835 2616 2905 quod
2650 2851 2786 2888 sane
2811 2851 2926 2889 non
2951 2834 3077 2890 leve
3107 2833 3445 2906 suppeditat
3485 2850 3801 2902 argumen-

2084 2931 2205 2980 tum
2240 2924 2495 2978 nondum
2531 2921 2610 2976 ita
2639 2927 2916 2991 provectae
2949 2923 3150 2978 artatis.
3189 2923 3286 2978 His
3315 2923 3465 2978 adde
3493 2939 3623 2993 quae
3652 2921 3803 2977 scri-

2085 3013 2201 3084 psit
2224 3012 2559 3066 sanctusvir
2582 3013 2650 3065 ad
2677 3011 3015 3066 Januarium
3037 3012 3433 3068 Caralitanum
3453 3011 3798 3084 episcopum

260 3111 348 3148 na:
383 3093 672 3165 profectu,
698 3100 1008 3165 optataque
1037 3094 1106 3148 ad
1134 3093 1339 3149 cmlum
1391 3096 1664 3163 transitu,
1695 3095 1976 3152 invitante
2007 3122 2056 3188 ο
2088 3119 2178 3174 ep.
2213 3102 2236 3155 1
2276 3102 2373 3156 lib.
2408 3119 2482 3165 ιχ,
2522 3101 2886 3172 pontiﬁcatus
2938 3100 3028 3156 sui
3060 3119 3152 3156 an.
3214 3117 3367 3157 nono
3413 3107 3546 3156 ante
3574 3102 3801 3158 obitum

253 3185 517 3237 maxime
547 3183 896 3238 Tharsillam
933 3188 1162 3253 neptem
1225 3199 1389 3238 suam
1433 3185 1504 3238 ad
1537 3183 1687 3239 lucis
1748 3191 1974 3241 aeternae

251 3274 619 3328 consortium
656 3272 907 3328 S.Fe|ice
925 3289 1097 3345 papa,
1128 3281 1582 3345 occurrenteque
1616 3276 1974 3332 charissimre

257 3375 495 3430 sponsae
525 3357 753 3413 Christo
788 3358 1051 3414 Domino.
1085 3360 1151 3414 At
1179 3369 1388 3429 contra,
1421 3361 1613 3432 inquit
1643 3361 1972 3433 Gregorius,

249 3449 554 3506 Gardiame
610 3451 833 3505 animus
892 3451 1330 3521 capitacalore
1396 3455 1602 3506 amoris
1658 3451 1847 3509 intimi
1872 3471 1976 3525 per

255 3541 586 3612 quotidiana
641 3539 969 3595 detrimenta
1015 3548 1304 3610 tepescere,
1325 3550 1374 3596 et
1403 3542 1690 3613 paulisper
1709 3543 1779 3598 ad
1807 3544 1972 3613 hujus

250 3629 454 3684 saeculi
485 3644 727 3684 amorem
757 3629 958 3684 redire.
997 3628 1172 3697 Quam
1217 3630 1494 3685 curabant
1523 3631 1655 3702 (pits
1714 3634 1971 3703 sorores)

256 3717 466 3774 blanda
499 3718 740 3790 quotidie
769 3718 1149 3789 redargutione
1179 3721 1471 3790 corripere,
1514 3732 1674 3792 atque
1703 3721 1973 3781 alevitute

252 3824 474 3863 morum
507 3807 577 3862 ad
597 3809 928 3877 gravitatem
956 3810 1048 3863 sui
1071 3808 1295 3864 habitus
1326 3813 1643 3881 reformare.
1668 3812 1966 3868 Defunctis

253 3912 393 3952 vero
427 3897 726 3952 sororibus
769 3897 947 3952 oblita
1001 3897 1280 3954 Dominici
1310 3899 1551 3970 timoris,
1584 3900 1754 3957 oblita
1782 3905 1964 3973 pudo-

248 3989 333 4042 ris
371 3992 422 4041 et
471 3987 818 4055 reverentiae,
858 3986 1027 4042 oblita
1084 3993 1530 4058 consecrationis,
1588 3992 1965 4048 conductorem

253 4092 517 4146 agrorum
554 4092 781 4131 suorum
808 4075 1150 4142 postmodum
1178 4079 1440 4132 maritum
1471 4079 1648 4134 duxit.
1681 4080 1816 4136 Ecce
1845 4097 1960 4136 om-

245 4181 343 4220 nes
403 4174 512 4220 tres
543 4179 652 4219 uno
698 4165 854 4232 prius
910 4163 1111 4220 ardore
1141 4181 1420 4224 conversa:
1448 4175 1599 4232 sunt,
1641 4169 1729 4224 sed
1761 4185 1870 4224 non
1900 4172 1958 4224 in

245 4269 361 4308 uno
389 4254 682 4325 eodemque
701 4254 879 4308 studio
900 4261 1330 4325 permanserunt
1363 4273 1376 4312 :
1411 4259 1542 4329 quia
1583 4258 1741 4327 iuxta
1770 4260 1961 4315 Domi-

241 4345 454 4408 nicam,
484 4357 686 4410 vocem,
717 4340 884 4397 multi
913 4352 1040 4397 sunt
1068 4344 1261 4413 vocati,
1291 4349 1464 4416 pauci
1491 4364 1613 4404 vero
1635 4350 1810 4404 electi.

311 4433 626 4504 Gregorius
658 4432 901 4489 alterius
931 4439 1030 4489 aut
1059 4436 1252 4492 amitae
1270 4445 1370 4492 aut
1400 4443 1717 4495 matertera:
1751 4439 1955 4495 memi-

241 4524 328 4579 nit
359 4523 457 4578 lib.
486 4539 528 4590 ι,
576 4538 669 4593 ep.
718 4523 808 4591 39,
867 4524 1131 4579 scribens
1185 4524 1496 4581 Anthemio
1552 4529 1956 4585 subdiacono:

250 4613 378 4668 Volo
406 4621 596 4666 autem
617 4615 675 4666 ut
724 4611 945 4669 domm?
1003 4613 1240 4668 Pateriz
1293 4615 1422 4670 this:
1479 4633 1710 4676 metm...
1768 4619 1962 4690 offeras

244 4703 321 4756 ad
355 4699 683 4756 calciarium
705 4716 988 4772 puerorem
1020 4697 1211 4757 solidos
1240 4702 1464 4772 viginti,
1498 4711 1549 4759 et
1578 4705 1751 4760 tritici
1807 4709 1954 4764 20]

242 4791 461 4846 modios
483 4794 768 4846 trecentos.
786 4791 934 4847 Thia
966 4792 1119 4848 enim
1153 4810 1260 4849 vox
1279 4798 1366 4850 est
1385 4812 1416 4849 a
1439 4795 1633 4852 Graeco
1661 4794 1966 4871 0aia,quod

241 4881 484 4935 amitam
535 4878 622 4936 vel
674 4886 1034 4936 materteram
1088 4882 1399 4954 signiﬁcat,
1433 4884 1712 4943 derivata.
1749 4887 1969 4960 Lingua

241 4972 428 5028 etiam
457 4971 763 5043 Hispanica
793 4972 881 5027 tia
912 4971 1068 5027 idem
1094 4979 1286 5030 sonat.
1317 4975 1581 5040 Quonam
1607 4993 1742 5034 casu
1775 4985 1965 5037 extre-

243 5077 410 5118 mam
445 5060 514 5116 ad
546 5060 802 5132 inopiam
827 5061 1046 5133 pateria
1075 5063 1443 5120 nobilissima
1471 5065 1688 5125 femina
1734 5070 1966 5128 redacta

242 5152 458 5218 fuerat,
491 5150 590 5206 diu
624 5167 739 5208 non
796 5156 884 5207 est
908 5150 1348 5224 inquirendum,
1397 5157 1788 5230 conﬂagrante
1826 5165 1962 5218 tunc

242 5238 506 5296 assiduis
540 5238 703 5294 bellis
726 5239 998 5295 universa
1025 5241 1212 5298 ltalia.

319 5328 372 5381 5.
403 5327 746 5398 Gregorium
801 5329 1038 5384 fratrem
1098 5330 1395 5398 habuisse,
1455 5334 1652 5392 nullus
1684 5339 1781 5409 qui
1836 5341 1962 5411 ejus

239 5416 524 5490 epistolas
575 5421 793 5472 attente
827 5416 1029 5490 legerit
1057 5419 1114 5474 in
1148 5421 1395 5477 dubium
1441 5427 1733 5482 revocabit
1765 5445 1778 5495 ;
1813 5447 1959 5500 saepe

240 5511 400 5566 enim
448 5509 505 5562 in
559 5507 677 5562 illis
711 5509 906 5564 fratris
940 5511 1030 5565 sui
1077 5511 1434 5567 mentionem
1498 5515 1686 5571 habet.
1722 5518 1892 5575 Libro
1917 5537 1956 5590 ι,

239 5617 335 5672 ep.
370 5600 459 5670 44,
493 5598 663 5654 Petro
686 5598 1043 5657 subdiacono
1067 5601 1267 5658 scribit
1300 5620 1313 5658 :
1348 5605 1584 5677 Agimus
1625 5619 1805 5664 autem
1832 5627 1958 5679 gra-

241 5695 352 5748 tias
380 5688 753 5747 sollicitudini
780 5693 911 5759 tua,
942 5693 1074 5762 quia
1106 5691 1171 5748 de
1191 5709 1356 5749 causa
1383 5696 1585 5764 fratris
1616 5697 1726 5755 mei
1752 5714 1959 5771 praece-

2088 3199 2294 3266 quarto
2317 3194 2401 3248 vel
2429 3193 2656 3263 quinto.
2679 3192 2899 3263 Nempe
2915 3194 3227 3263 objurgare
3247 3197 3486 3248 coactus
3504 3192 3664 3249 hunc
3681 3193 3797 3264 epi-

2084 3300 2326 3356 scOpum
2349 3299 2572 3351 senem,
2599 3283 2814 3353 pudore
2828 3287 3023 3337 statim
3040 3280 3552 3343 videturcohiberi,
3572 3281 3799 3350 sibique

2083 3372 2202 3427 haec
2233 3371 2497 3444 Apostoli
2528 3372 2594 3428 ad
2629 3371 3000 3426 Timotheum
3039 3370 3229 3425 adhuc
3253 3371 3529 3440 juvenem
3560 3368 3794 3439 objicit:

2083 3463 2361 3518 Seniorem
2387 3478 2455 3517 ne
2486 3463 2857 3532 increpaveris
2888 3460 2933 3530 (Ι
2967 3460 3160 3516 Timot.
3194 3476 3246 3526 v,
3281 3459 3354 3528 1).
3408 3458 3554 3529 Ergo
3595 3456 3796 3528 junio-

2083 3569 2202 3608 rem
2235 3569 2296 3608 se
2329 3562 2464 3607 tunc
2521 3551 2879 3622 agnoscebat
2909 3567 3024 3621 pris
3080 3548 3380 3617 Januario,
3433 3547 3797 3620 proindeque

2081 3644 2173 3698 vix
2204 3644 2359 3699 credi
2394 3651 2573 3714 potest
2595 3643 2787 3714 ipsum
2817 3648 2955 3698 tunc
2979 3641 3357 3713 sexagenario
3390 3640 3572 3696 fuisse
3603 3641 3796 3709 majo-

2080 3749 2199 3786 rem
2226 3749 2242 3802 ;
2266 3747 2464 3787 verum
2503 3732 2643 3799 quid
2685 3734 2754 3786 de
2786 3747 2894 3788 sua
2923 3735 3093 3786 aetate
3124 3730 3248 3787 suis
3278 3730 3337 3784 in
3377 3727 3795 3800 Dialogis-ipse

2077 3821 2278 3877 doceat
2309 3820 2706 3876 consulamus.
3803 3823 3806 3825 ’

2150 3912 2266 3966 Lib.
2330 3927 2416 3979 tu,
2448 3927 2498 3966 c.
2534 3913 2619 3980 lt,
2653 3910 2968 3982 Gregorius
3022 3910 3276 3965 referens
3327 3906 3676 3964 miraculum
3728 3907 3791 3963 in

2072 4001 2126 4054 S.
2161 3999 2445 4056 Cerbonio
2478 4000 2777 4071 Populonii
2810 3999 3084 4069 episcopo
3118 3999 3340 4063 factum,
3384 4001 3646 4066 tempore
3676 4012 3790 4066 quo

2070 4091 2262 4146 Totila
2293 4090 2617 4146 Gothorum
2657 4105 2776 4153 rex,
2829 4087 3066 4144 Merulis
3096 4091 3293 4142 octavo
3324 4085 3395 4141 ab
3429 4085 3572 4140 urbe
3606 4084 3792 4140 Roma

2075 4182 2348 4238 milliaria
2381 4179 2988 4246 castrametabatur,id
3008 4179 3123 4233 suis
3138 4176 3323 4232 diebus
3348 4173 3667 4246 contigisse
3689 4174 3790 4229 ob-

2071 4277 2283 4328 servat.
2335 4270 2543 4340 Totila,
2599 4269 2695 4340 qui
2732 4282 2971 4338 regnare
3027 4265 3201 4334 coepit
3230 4263 3481 4330 an.541,
3541 4262 3785 4318 Romam

2068 4360 2158 4415 bis
2192 4362 2497 4417 obsidione
2527 4360 2712 4415 cinxit
2741 4367 2793 4414 et
2817 4356 3170 4429 expugnavit
3197 4353 3366 4411 annis
3399 4351 3666 4409 videlicet
3682 4351 3790 4408 546

2069 4455 2126 4504 et
2154 4451 2278 4504 549.
2313 4451 2473 4505 Prior
2529 4449 2753 4505 obsidio
2783 4448 2840 4503 in
2892 4461 3115 4502 annum
3146 4445 3438 4516 integrum
3499 4445 3788 4513 protracta

2071 4543 2178 4606 est,
2213 4555 2324 4609 quo
2355 4545 2610 4608 tempore
2649 4538 2837 4593 Totila
2867 4553 2982 4591 non
3009 4535 3178 4606 longe
3226 4533 3298 4589 ab
3330 4531 3480 4589 Urbe
3509 4532 3784 4588 distabat.

2074 4627 2236 4686 Unde
2265 4644 2396 4684 vero
2455 4628 2725 4698 proprius
2757 4626 2984 4682 videtur
3039 4629 3180 4680 tunc
3213 4622 3271 4678 id
3318 4622 3597 4679 accidisse
3629 4619 3787 4692 quod

2076 4723 2273 4774 narrat
2294 4718 2628 4788 Gregorius,
2664 4717 2830 4788 eique
2862 4732 2929 4772 ac
2961 4714 3091 4770 aliis
3124 4713 3318 4770 Rome
3343 4713 3688 4783 degentibus
3718 4726 3787 4766 ea

2079 4809 2301 4864 ratione
2335 4806 2498 4861 facile
2528 4805 2873 4861 innotuisse.
2898 4805 3007 4861 Sex
3029 4809 3225 4859 autem
3251 4809 3350 4858 aut
3368 4805 3581 4871 septem
3598 4814 3786 4854 annos

2077 4913 2142 4952 eo
2175 4905 2431 4966 tempore
2462 4895 2663 4951 saltem
2683 4904 2853 4951 natus
2883 4900 3034 4962 erat;
3068 4908 3259 4964 neque
3279 4891 3435 4947 enim
3468 4904 3598 4960 quas
3615 4887 3786 4944 nobis

2074 4987 2264 5043 adhuc
2288 4986 2658 5057 vagientibus
2687 4992 2841 5054 gesta
2880 4988 3038 5051 sunt,
3071 4999 3140 5038 ea
3172 4981 3388 5037 nostris
3419 4978 3622 5034 diebus
3652 4991 3784 5032 eve-

2073 5076 2230 5134 nisse
2261 5076 2451 5132 dicere
2472 5075 2900 5132 consuevimus.
2933 5073 3036 5129 His
3061 5069 3381 5144 perpensis,
3417 5067 3781 5124 referendum

2072 5166 2339 5224 existimo
2378 5172 2434 5224 Β.
2472 5167 2729 5238 Gregorii
2761 5169 2952 5222 ortum
2986 5163 3054 5218 ad
3087 5180 3183 5219 an.
3215 5160 3343 5217 540.
3375 5156 3565 5230 Vigilii
3623 5174 3781 5230 papas

2071 5256 2313 5312 tertium
2345 5256 2423 5326 (si
2457 5266 2645 5312 tamen
2703 5255 2832 5324 ejus
2864 5251 3236 5325 pontiﬁcatus
3288 5247 3426 5306 anni
3460 5264 3493 5304 a
3524 5254 3782 5319 tempore

2071 5362 2186 5417 quo
2219 5345 2274 5400 in
2310 5345 2498 5401 locum
2527 5349 2585 5401 S.
2629 5341 2855 5399 Silverii
2881 5341 3098 5410 injuste
3121 5338 3478 5396 exauctorati
3508 5337 3780 5393 sulfectus

2068 5440 2157 5489 est
2187 5435 2561 5505 computandi
2597 5431 2778 5503 sunt),
2810 5429 3132 5488 Justiniani
3166 5432 3314 5502 Aug.
3348 5428 3639 5486 decimum
3662 5431 3779 5480 ter-

2068 5524 2238 5581 tium,
2272 5522 2480 5593 Vitigis
2498 5521 2818 5577 Gothorum
2846 5519 3016 5592 regis,
3041 5535 3212 5591 quem
3246 5517 3583 5574 Bellisarius
3613 5523 3780 5586 capta

2070 5610 2342 5667 Ravenna
2372 5611 2626 5667 vinctum
2661 5610 2827 5668 duxit
2871 5607 3459 5683 Constantinopolim,
3510 5604 3778 5678 quintum

2066 5708 2119 5758 et
2149 5700 2445 5759 ultimum.
