4106 6174
297 282 408 341 247
755 278 820 341 S.
869 273 1242 340 GREGORII
1287 275 1534 340 MAGNI
1576 277 1782 354 VITA,
1833 278 1933 342 EX
1979 280 2165 346 EJUS
2213 279 2559 345 SCRIP’I‘IS
2603 277 3049 342 ADORNATA.
3099 276 3247 340 LIB.
3294 276 3342 338 Ι.
3701 266 3818 334 248

313 449 318 452 -
365 416 422 475 7.
447 413 707 485 Gregorii
748 427 982 481 nomen,
1027 414 1181 485 quod
1241 412 1572 485 vigilantem
1631 421 1818 483 sonat,
1878 418 1995 474 Non
2024 421 2074 488 Α
2107 419 2427 476 litterarum
2460 413 3304 483 studia,nimirum,snnitente
3357 408 3670 484 praesertim
3694 423 3825 463 ma-

298 508 418 560 sine
472 518 669 574 magno
700 502 928 573 quodam
968 506 1235 572 praesagio
1291 509 1611 560 consecutus
1663 515 1758 573 est,
1811 507 2007 578 inqut

2272 509 2630 572 Cassiodoro,
2661 508 2755 578 qui
2791 507 2848 561 in
2890 505 3056 562 ltalia
3081 506 3340 576 jacentes
3361 503 3583 557 litteras
3611 501 3827 556 excita-

299 594 514 650 Paulus
565 592 1057 660 Diaconus(num.
1093 592 1144 661 1)
1180 592 1250 646 lle
1305 594 1511 647 etenim
1565 611 1693 649 vera
1749 597 2004 666 vigilarit
2113 607 2285 664 verat,
2319 603 2375 652 et
2404 597 2840 652 celeberrimam
2863 595 2921 651 iu
2945 611 3052 650 suo
3083 591 3436 651 monasterio
3467 588 3826 647 academiam

297 683 781 751 sibi,dumdivinis
806 679 1802 753 inhterendOprteceptislaudabiliter
1822 689 2002 753 vixit,-
2113 688 2468 753 instituerat,
2506 691 2568 742 ut
2598 691 2718 742 toto
2751 687 2869 741 fere
2905 684 3055 740 libro
3088 682 3256 739 tertio
3285 683 3414 752 ejus
3447 679 3583 736 Vite
3615 675 3831 733 descri-

297 773 553 843 vigilavit
583 773 833 841 ﬁdelibus
859 771 1096 842 populis,
1137 771 1266 826 dum
1294 771 1559 828 doctrinae
1597 776 1884 845 alﬂuentis
1916 779 2001 830 in-
2114 778 2364 849 psimus.
2407 776 2675 830 Notanda
2708 791 2824 846 prae
2853 773 3075 829 caeteris
3101 774 3244 828 sunt
3280 771 3400 825 hec
3430 767 3594 824 Pauli
3627 766 3828 821 Diaco-

297 867 456 936 genio
511 864 588 919 eis
644 878 752 933 quo
798 861 1020 916 tramite
1076 862 1312 915 caelestia
1362 863 1682 918 scanderent
1730 868 2001 934 patefecit.
2115 868 2172 923 ni
2206 868 2394 939 (Num.
2459 867 2509 938 1)
2563 865 2737 922 verba
2768 881 2788 920 .°
2842 865 3023 920 Inerat
3069 865 3122 919 ei
3171 859 3493 933 (Gregorio)
3551 857 3703 914 202
3763 857 3824 909 in

303 953 510 1020 Quanti
546 953 741 1007 t‘ecerit
772 949 1130 1021 vigilantiam
1162 950 1734 1022 sollicitudinemque
1789 954 2005 1027 Grego-
2114 972 2286 1027 parva
2313 954 2490 1009 adhuc
2517 959 2678 1008 (elate
2709 959 2987 1008 maturum
3012 953 3133 1022 jam
3152 947 3415 1016 studium,
3433 948 3512 1016 (a)
3541 945 3826 1001 adhaerere

305 1045 427 1098 rius
462 1046 654 1096 noster
687 1057 798 1095 non
831 1040 1075 1094 obscure
1104 1041 1305 1094 multis
1337 1040 1395 1096 in
1428 1041 1571 1098 locis
1589 1045 1790 1114 aperit,
1827 1047 2007 1101 maxi-
2111 1044 2322 1101 scilicet
2351 1043 2510 1098 dictis
2532 1042 2832 1113 majorum,
2854 1048 2904 1096 et
2929 1043 2978 1095 si
3005 1039 3135 1111 quid
3160 1037 3395 1107 dignum
3423 1033 3687 1108 potuisset
3717 1048 3827 1088 au-

2115 1136 2239 1191 ditu
2296 1135 2590 1204 percipere,
2623 1147 2731 1188 non
2761 1132 3005 1202 segniter
3052 1129 3323 1184 oblivioni
3353 1125 3593 1193 tradere,
3631 1122 3723 1178 sed
3751 1126 3831 1178 te-

2116 1225 2244 1282 naci
2271 1229 2454 1298 potius
2505 1227 2784 1279 memoria:
2836 1220 3243 1279 commendare.
3277 1218 3692 1287 Hauriebatque
3717 1217 3832 1284 iam

2117 1325 2247 1372 tunc
2275 1315 2557 1371 sitibundo
2587 1314 2848 1369 doctrinae
2894 1313 3104 1382 ﬂuenta
3143 1320 3370 1381 pectore,
3403 1321 3529 1379 qua?
3574 1308 3692 1377 post
3711 1319 3837 1360 con-

2118 1409 2344 1476 gruenti
2374 1411 2631 1474 tempore,
2664 1401 2883 1458 mellito
2913 1405 3135 1472 gutture
3162 1404 3456 1456 eructaret.

2194 1495 2371 1550 Paulo
2403 1493 2659 1549 concinit
2715 1493 2966 1548 Joannes
2997 1490 3313 1556 Diaconus,
3369 1486 3649 1557 additque
3679 1485 3838 1540 Gra-

305 1583 446 1636 Nam
501 1592 644 1648 saepe
690 1577 879 1631 multis
908 1593 1072 1644 grave
1117 1579 1426 1648 periculum
1470 1583 1692 1637 incauta
1748 1586 2016 1638 securitas
2123 1587 2352 1659 gorium
2391 1585 2564 1639 fuisse
2623 1591 2747 1637 arte
2776 1581 3158 1652 philosophum
3191 1579 3331 1650 (Lib.
3365 1593 3406 1640 ι,
3436 1594 3494 1630 n.
3523 1575 3597 1646 Ι).
3650 1575 3836 1639 Quam

305 1669 415 1739 fuit
447 1687 465 1724 :
495 1677 553 1723 ut
599 1667 793 1722 callidi
849 1669 1013 1722 nos-tis
1044 1669 1284 1723 inciditis
1340 1687 1449 1725 non
1494 1674 1710 1738 tentati,
1745 1675 1847 1728 sed
1895 1674 2014 1744 jam
2123 1689 2255 1728 vero
2299 1670 2785 1744 philosophorum
2819 1675 3037 1723 sectam
3071 1668 3146 1722 sit
3194 1665 3521 1737 amplexus,
3550 1680 3664 1718 non
3696 1679 3836 1732 ape-

305 1760 569 1862 rtam?!“
605 1761 1019 1862 δοθήᾳκενεηξῖ.
1053 1756 1395 1859 Ῡίθίιαηάυητ
1436 1764 1634 1862 ίΙιιίΡΙζε
1662 1777 1873 1860 sem;ier
1914 1766 2014 1830 est,
2055 1799 2098 1862 Β
2129 1767 2226 1822 rit.
2262 1765 2496 1820 Ethicen
2529 1765 2600 1818 ab
2631 1779 2696 1818 eo
2720 1761 2967 1816 maxime
2998 1759 3215 1815 cultam
3237 1757 3414 1813 fuisse
3444 1754 3643 1811 nullus
3673 1755 3839 1826 igno-

308 1854 371 1902 ut
413 1861 565 1900 mens
611 1844 866 1899 continue
893 1845 1134 1900 sollicita
1183 1862 1465 1918 nunquam
1519 1851 1808 1904 relaxetur
1838 1850 2019 1904 inten-
2055 1843 2098 1862 ν
2134 1870 2255 1909 rare
2306 1857 2512 1923 potest,
2563 1850 2677 1906 nisi
2708 1849 2767 1904 in
2799 1864 3036 1920 operum
3089 1847 3217 1916 ejus
3257 1845 3503 1901 lectione
3534 1843 3703 1898 fuerit
3734 1857 3837 1914 pe-

309 1937 457 1993 tione
512 1949 777 2003 superna,
809 1951 879 1987 ne
909 1934 1183 1990 laboriosa
1212 1935 1484 2003 deserens,
1509 1942 1565 1992 in
1598 1939 2024 2010 cogitationibus
2133 1943 2420 2012 regrinus.
2455 1940 2616 1996 Certe
2635 1937 3092 1994 Christianorum
3123 1935 3400 1992 Senecam
3433 1949 3565 1989 eum
3592 1931 3841 1988 libenter

310 2027 500 2098 fluxis,
529 2025 692 2097 quasi
719 2028 779 2079 in
809 2025 1130 2095 quibusdam
1161 2026 1419 2083 mollibus
1457 2029 1778 2086 stramentis
1819 2032 2023 2098 iacens,
2133 2032 2510 2102 appellarem.
2545 2027 2659 2083 nisi
2690 2027 2761 2082 de
2791 2026 2890 2082 illo
2922 2027 3101 2081 satius
3123 2025 3418 2080 videretur
3439 2023 3647 2087 dicere,
3680 2017 3840 2092 quod

309 2118 552 2174 venienti
580 2117 894 2184 corruptori
949 2114 1164 2170 diabolo
1184 2131 1332 2171 mens
1360 2133 1417 2172 se
1445 2121 1688 2175 resoluta
1703 2125 2022 2192 prostituat.
2132 2122 2203 2176 de
2237 2119 2519 2174 Abraham
2543 2117 2886 2174 Ambrosius
2918 2133 2932 2170 :
2964 2120 3195 2183 Magnus
3222 2116 3387 2185 plane
3441 2114 3531 2167 vir
3561 2117 3611 2166 et
3633 2111 3846 2164 matia-

314 2209 530 2263 Castera
577 2205 782 2260 omitto
813 2205 917 2260 etsi
956 2206 1024 2259 ad
1057 2206 1444 2264 Christianam
1479 2210 1839 2281 vigilantiam
1892 2229 2024 2268 sua-
2134 2228 2257 2265 rum
2290 2216 2558 2264 virtutum
2588 2211 2772 2262 clarus
2803 2206 3129 2276 insignibus,
3162 2220 3323 2276 quem
3351 2205 3489 2260 votis
3519 2202 3632 2256 suis
3659 2198 3843 2271 philo-

314 2297 562 2352 dendam
595 2294 1071 2364 exquisitissime.
2131 2301 2326 2373 sepltia
2357 2317 2464 2355 non
2495 2301 2673 2370 potuit
2701 2313 2943 2369 aequare.
2977 2295 3221 2367 Denique
3256 2297 3442 2350 minus
3469 2297 3545 2349 est
3575 2289 3715 2363 quod
3738 2289 3848 2346 illa

385 2390 437 2442 8.
473 2386 551 2441 De
599 2385 944 2441 educatione
975 2389 1031 2441 et
1087 2386 1462 2445 institutione
1513 2389 1773 2462 Gregorii
1800 2393 1856 2448 in
1883 2409 2026 2464 pue-
2133 2391 2300 2460 ﬁnxit
2333 2407 2498 2460 quam
2520 2388 2660 2462 quod
2690 2389 2793 2444 ists
2822 2387 2988 2458 gessit
3014 2385 3155 2454 (Lib.
3190 2401 3208 2439 1
3239 2383 3305 2439 de
3340 2382 3542 2438 Abrah.
3574 2397 3620 2437 c.
3651 2381 3730 2452 2).

317 2477 409 2532 rili
440 2481 605 2532 astate
638 2475 784 2530 nihil
829 2475 998 2530 nobis
1030 2483 1392 2548 compertum
1436 2487 1522 2535 est
1556 2504 1570 2548 ;
1598 2497 1797 2537 verum
1840 2498 2026 2554 neque
2204 2480 2586 2549 Astrologiam
2621 2478 2977 2532 divinantem
3012 2476 3272 2547 aliasque
3303 2475 3564 2529 curiosas
3601 2480 3656 2526 et
3688 2471 3846 2542 peri-

315 2583 544 2623 summa
580 2570 881 2636 parentum
908 2566 1320 2639 pietas,neque
1351 2568 1454 2623 lilii
1478 2570 1760 2627 sanctitas
1791 2573 2026 2640 eximia,

316 2657 412 2727 qui
445 2655 620 2710 etiam
654 2655 710 2708 in
744 2652 956 2710 saeculo
981 2655 1471 2718 militans,mores
1495 2676 1634 2716 suos
1665 2661 1736 2716 ad
1778 2662 2027 2717 exactis-

317 2745 528 2801 simam
580 2743 920 2800 Christiana
976 2746 1348 2814 perfectionis
1381 2764 1644 2804 normam
1680 2767 2028 2822 componere

318 2838 640 2907 satagebat,
665 2834 935 2890 dubitare
965 2837 1164 2890 sinunt
1203 2837 1343 2908 quin
1379 2856 1411 2894 a
1461 2840 1674 2896 teneris
1708 2841 1882 2898 fuerit
1911 2859 2028 2897 om-

306 1148 392 1188 me
428 1147 558 1187 vero
589 1129 689 1185 lib.
720 1147 788 1184 xx
819 1128 1012 1184 Morel.
1047 1145 1205 1183 num.
1242 1131 1302 1184 8:
1341 1131 1508 1187 Electi
1556 1137 1777 1205 quique,
1827 1152 2004 1206 quan-

302 1223 398 1276 diu
431 1221 484 1275 in
535 1222 634 1273 hac
659 1219 768 1273 vita
817 1226 964 1285 sunt,
996 1221 1310 1274 securitatis
1339 1223 1445 1276 sibi
1475 1222 1863 1292 conﬁdentiam
1892 1242 2005 1280 non

300 1312 647 1383 promittunt.
684 1309 837 1363 Horis
865 1309 1013 1364 enim
1044 1308 1296 1364 omnibus
1335 1320 1521 1366 contra
1549 1316 1888 1369 tentamenta
1915 1331 2007 1370 su-

303 1399 490 1472 specti,
535 1398 738 1455 occulti
757 1396 922 1452 hostis
940 1397 1170 1451 insidias
1201 1409 1473 1468 metuunt,
1504 1404 1599 1472 qui
1627 1402 1796 1457 etiam
1829 1407 2008 1458 tenta-

306 1490 453 1546 tione
505 1496 769 1550 cessante,
799 1487 882 1541 vel
911 1486 1031 1541 sola
1086 1489 1329 1557 graviter
1354 1493 1660 1560 suspicione
1691 1493 2006 1548 turbantur.

2139 2570 2371 2626 culosas
2404 2573 2555 2625 artes
2587 2582 2888 2638 nunquam
2919 2569 3173 2621 sectatus
3204 2569 3314 2620 est.
3364 2563 3577 2618 Contra
3627 2559 3850 2616 mathe-

2135 2661 2379 2717 maticos
2411 2661 2606 2714 futura
2630 2658 2938 2729 praedicere
2963 2671 3148 2727 pressu
3161 2662 3382 2710 mentes
3403 2653 3655 2722 insurgit
3683 2651 3844 2708 hom.

2138 2752 2204 2806 10
2236 2749 2294 2804 in
2339 2747 2649 2819 Evangelia
2699 2762 2860 2802 num.
2895 2745 2925 2800 4
2955 2753 3008 2800 et
3040 2747 3091 2799 5.
3125 2745 3283 2810 Quod
3320 2749 3514 2799 autem
3563 2742 3643 2797 ait
3669 2741 3849 2797 Joan-

2136 2856 2238 2895 nes
2287 2835 2740 2893 Sarisburiensis
2788 2833 2891 2889 lib.
2946 2849 2984 2888 n
3017 2833 3086 2888 de
3117 2833 3297 2904 Nugis
3345 2830 3662 2888 Curialium
3692 2845 3743 2886 c.
3775 2829 3852 2885 26

320 2926 660 2996 nibuslegis
689 2923 1042 2992 Evangelicas
1094 2929 1396 2997 praeceptis
1427 2928 1774 3000 innutritus,
1807 2934 1862 2987 in
1897 2950 2026 2987 om-
2136 2935 2192 2985 et
2223 2929 2321 2983 lib.
2354 2944 2475 2992 Vlll,
2509 2943 2558 2982 c.
2608 2926 2693 2993 19,
2727 2941 2858 2980 eum
2895 2939 3008 2978 non
3041 2923 3228 2979 solum
3263 2922 3553 2977 mathesin
3587 2921 3659 2975 ab
3712 2925 3855 2974 suta

324 3014 485 3069 nium
519 3013 801 3066 virtutum
837 3011 1097 3080 palaestra
1145 3024 1425 3083 quantum
1474 3017 1689 3074 ferebat
1719 3025 1880 3090 astas,
1916 3023 2028 3076 imo
2139 3019 2402 3074 recedere
2455 3015 2729 3086 jussisse,
2792 3014 2891 3069 sed
2943 3013 3117 3068 etiam
3154 3011 3525 3067 Bibliotheca
3575 3009 3855 3066 Palatina

323 3119 500 3174 supra
529 3106 777 3165 etatem,
809 3102 1154 3156 exercitatus
1209 3113 1259 3157 et
1292 3106 1551 3162 edoctus.
1585 3109 1848 3180 Cumque
1892 3127 2031 3182 par-
2065 3165 2103 3182 ﬂ
2141 3109 2197 3163 in
2214 3109 2382 3176 cujus
2413 3105 2664 3162 archivis
2701 3104 3172 3159 recondebantur
3209 3100 3474 3158 omnium
3511 3098 3854 3170 disciplina-

325 3192 594 3249 vulorum
627 3192 895 3247 educatio
929 3197 1176 3246 matrum
1213 3195 1572 3264 potissimum
1609 3199 1684 3253 sit
1718 3200 2029 3268 provincia,

318 3285 486 3354 juxta
543 3279 784 3335 Paulum
834 3283 890 3352 (Ι
917 3281 1047 3336 Tim.
1092 3298 1144 3348 v,
1203 3283 1312 3354 10),
1365 3301 1478 3340 non
1509 3286 1800 3344 immerito
1858 3291 2036 3360 conji-

325 3373 514 3427 oimus
534 3376 589 3426 8.
621 3369 861 3426 Silviam
893 3369 1004 3426 hoc
1043 3379 1274 3427 strenue
1303 3375 1492 3431 ofﬁcio
1525 3393 1664 3448 erga
1692 3395 1862 3435 suum
1895 3379 2034 3436 Gre-

325 3460 552 3534 garium
585 3460 920 3515 defunctam
951 3476 1102 3526 esse,
1129 3477 1446 3532 omnesque
1467 3463 1806 3522 Christianae
1833 3469 2037 3524 matris

328 3554 524 3622 partes
571 3549 629 3604 in
664 3548 788 3620 ipso
839 3549 1201 3606 instituendo
1247 3552 1560 3625 diligenter
1589 3555 1881 3620 implesse.
1916 3559 2040 3624 Qua

327 3655 462 3694 vero
490 3643 610 3692 arte
655 3652 720 3692 ac
752 3635 1042 3693 industria
1089 3639 1269 3694 excoli
1295 3642 1364 3696 ad
1401 3643 1672 3714 pietatem
1705 3645 2038 3701 informari-

327 3745 438 3797 que
462 3727 716 3782 debeant
749 3725 908 3797 pueri
954 3728 1180 3784 nobiles
1215 3731 1585 3804 maximeque
1619 3734 1787 3804 regite
1820 3734 2040 3806 stirpis,

329 3816 645 3887 Gregorius
697 3816 864 3872 docet
921 3815 1166 3888 pulchre
1225 3819 1291 3874 ad
1358 3820 1749 3879 'l‘beoctistam
1783 3826 2043 3881 scribens

329 3907 430 3963 lib.
461 3923 562 3974 vn,
614 3921 705 3978 ep.
737 3907 826 3972 26,
861 3909 954 3962 cui
987 3911 1051 3962 ut
1093 3907 1452 3966 charissima:
1504 3913 1685 3970 sorori
1731 3913 2044 3969 Mauricius

331 3999 628 4070 Augustus
660 3994 1002 4052 dulcissima
1027 3997 1271 4069 pignora
1302 4017 1409 4055 sua
1430 4002 1774 4070 crediderat,
1796 4003 1946 4060 filios
1968 4006 2048 4060 vi-

331 4085 538 4141 delicet
594 4083 913 4137 tradiderat
969 4083 1326 4142 educandos.
1387 4088 1541 4143 Inter
1578 4095 1782 4144 caetera
1836 4092 2047 4148 eximia

331 4191 459 4246 qua:
486 4173 592 4228 hac
621 4173 679 4227 in
703 4172 950 4243 epistola
972 4172 1267 4244 leguntur,
1295 4176 1413 4231 hec
1441 4179 1692 4234 maxime
1725 4184 2047 4250 ponderan-

337 4267 408 4318 da
439 4268 496 4318 et
529 4263 816 4317 memoriae
851 4262 1197 4332 inculpenda
1236 4281 1248 4318 :
1291 4266 1483 4330 Verba,
1530 4267 1745 4338 inquit,
1794 4274 2047 4325 nutrien-

335 4354 496 4419 tium,
524 4355 618 4405 aut
649 4351 734 4406 lac
765 4361 929 4406 erunt
957 4354 1004 4406 si
1038 4353 1176 4408 bona
1206 4360 1356 4421 sunt,
1388 4362 1482 4410 aut
1515 4373 1781 4413 venenum
1804 4361 1854 4414 si
1877 4362 2044 4416 mala.

405 4440 459 4494 9.
494 4438 719 4502 Quibus
751 4441 1046 4510 magistris
1077 4458 1144 4497 ac
1176 4444 1512 4499 doctoribus
1539 4463 1680 4502 usus
1714 4449 1886 4503 fuerit
1917 4467 2045 4504 san-

337 4533 469 4585 ctus
520 4543 682 4598 puer,
719 4533 781 4582 ut
812 4530 879 4582 ad
916 4533 1143 4584 tantum
1179 4533 1437 4588 scientias
1490 4551 1554 4588 ac
1587 4538 1887 4607 sapientiai
1918 4539 2047 4593 cul-
2081 4524 2132 4588 D

341 4635 474 4674 men
507 4617 852 4688 perveniret,
879 4619 1110 4686 penitus
1145 4637 1248 4676 nos
1283 4623 1440 4692 fugit.
1467 4625 1684 4681 Litteris
1714 4632 2053 4696 grammati-

348 4711 448 4776 cis,
480 4709 671 4779 inquit
709 4707 1021 4781 Gregorius
1052 4711 1266 4770 Turon.
1309 4713 1432 4769 loco
1464 4721 1583 4771 tam
1637 4717 1898 4784 laudato,
1931 4720 2054 4776 dia-

353 4797 663 4868 lecticisque
690 4813 754 4852 ac
799 4797 1085 4854 rhetoricis
1117 4802 1196 4855 ita
1228 4811 1345 4857 erat
1391 4804 1700 4871 institutus,
1731 4813 1786 4862 ut
1818 4809 1967 4864 nulli
1996 4811 2055 4864 in

349 4887 485 4945 Urbe
530 4886 648 4958 ipsa
694 4891 991 4958 putaretur
1035 4903 1145 4944 esse
1191 4891 1478 4948 secundus.
1535 4893 1821 4965 Linguam
1857 4901 2052 4954 tamen

337 4980 592 5032 Graecam
644 4978 883 5032 minime
914 4977 1198 5045 calluisse,
1235 4998 1364 5036 raro
1409 4985 1557 5038 inter
1585 4985 1786 5041 doctos
1820 4988 2054 5042 humili-

343 5067 482 5122 tatis
534 5067 818 5140 exemplo,
849 5069 1153 5140 profitetur
1181 5087 1268 5140 ep.
1306 5073 1374 5126 32
1416 5073 1543 5126 libri
1577 5089 1675 5128 νη.
1707 5075 1870 5131 Juris
1918 5093 2051 5134 cum

343 5157 526 5210 fuisse
556 5159 971 5224 peritissimum
1005 5163 1061 5213 et
1089 5160 1593 5235 consultissimum
1630 5166 1892 5234 plurimae
1926 5186 2057 5238 pro-

347 5245 489 5298 bant
545 5245 673 5311 ejus
722 5248 996 5317 epistolas,
1059 5251 1309 5304 maxime
1343 5251 1473 5306 libri
1533 5253 1740 5308 decimi
1783 5258 1934 5311 tertii
1965 5261 2056 5317 45.

350 5333 562 5387 Eadetn
595 5349 725 5388 cum
749 5335 1019 5407 Gregorio
1053 5338 1270 5395 Turon.
1307 5342 1482 5396 tradit
1510 5343 1723 5400 Paulus
1741 5343 2054 5416 Diaconos,

347 5419 622 5492 additque
670 5421 859 5479 Romae
904 5426 1014 5483 hoc
1061 5435 1320 5500 tempore
1369 5433 1732 5502 potissimum
1787 5434 2056 5495 ﬂoruisse

345 5697 446 5756 lib.
474 5697 512 5770 i,

2147 3217 2274 3253 rum
2293 3196 2567 3266 libri,zelo
2583 3196 2991 3265 intempestivo
3016 3195 3210 3264 ignem
3227 3193 3296 3246 ad
3309 3191 3574 3259 movisse,
3591 3197 3654 3247 ut
3673 3191 3864 3260 major

2144 3293 2294 3345 esset
2347 3303 2523 3343 sacra:
2580 3287 2890 3356 Scriptura:
2944 3283 3368 3349 suctoritas,et
3421 3283 3480 3337 in
3513 3297 3579 3337 ea
3609 3278 3862 3352 legenda

2148 3378 2490 3448 ﬂagrantius
2521 3374 2783 3432 studium
2811 3392 2826 3441 ;
2855 3373 2913 3428 id
2940 3372 3106 3442 plane
3138 3371 3291 3427 inter
3344 3387 3531 3443 nugas
3569 3374 3626 3426 et
3670 3369 3861 3426 aniles

2147 3468 2375 3525 fabulas
2409 3466 2568 3538 rejici
2593 3463 2782 3520 debet.
2809 3462 2908 3518 His
2930 3461 3244 3517 virtutibus
3273 3459 3633 3525 ornatus,bis
3653 3457 3862 3515 excul-

2148 3565 2243 3614 tus
2274 3555 2487 3612 studiis
2513 3554 2843 3624 Gregorius,
2877 3568 3010 3607 mox
3041 3551 3112 3606 ad
3147 3549 3468 3622 precipuas
3531 3548 3721 3618 Urbis,
3757 3564 3862 3604 e-

2152 3652 2345 3716 natus,
2380 3644 2710 3718 reipublicte
2742 3641 3052 3714 dignitates
3082 3640 3233 3696 viam
3283 3639 3394 3694 sibi
3432 3639 3676 3712 aperuit.
3710 3640 3864 3705 Quia

2150 3754 2283 3794 vero
2317 3752 2448 3808 pars
2480 3749 2690 3805 magna
2717 3732 2827 3787 fuit
2856 3746 3057 3787 eorum
3108 3745 3234 3801 qum
3268 3735 3365 3785 aut
3396 3730 3454 3784 in
3496 3728 3727 3800 imperii
3757 3735 3867 3786 aut

2152 3831 2211 3884 in
2245 3825 2509 3882 Ecclesia:
2533 3821 3046 3878 administratione
3076 3827 3242 3892 gesta
3281 3823 3420 3876 sunt
3460 3820 3598 3875 dum
3631 3818 3874 3886 viveret,

2155 3917 2344 3992 qualis
2368 3920 2509 3971 tunc
2535 3915 2703 3969 fuerit
2738 3913 3046 3984 utriusque
3075 3915 3285 3977 status,
3319 3910 3570 3966 maxime
3602 3911 3658 3965 in
3701 3910 3876 3967 Italis

2159 4006 2361 4081 paucis
2392 4006 2821 4078 exponendum.

2849 4091 3082 4148 CAPUT
3118 4091 3188 4148 Il.

2158 4189 2531 4238 Aacuuasrnu.
2555 4183 2676 4234 -1.
2712 4183 2961 4232 Ecclesiae
2991 4186 3175 4232 status.
3205 4205 3269 4218 —
3291 4182 3344 4242 ,2.
3380 4179 3443 4229 Et
3474 4180 3698 4242 imperii.
3734 4178 3876 4229 Lan-

2257 4251 2441 4300 obarui
2500 4248 2702 4298 Italiam
2757 4245 3035 4294 invadunt.
3067 4268 3130 4282 --
3157 4243 3204 4293 3.
3267 4241 3561 4306 Gregorius
3590 4243 3646 4292 tit
3677 4248 3882 4305 prator

2257 4265 2441 4300 ouarut
2500 4265 2702 4298 uatium
2757 4265 3035 4294 luvauuui.
3067 4268 3130 4282 -ι
3157 4265 3204 4293 ο.
3267 4265 3556 4306 uregurlus
3590 4265 3646 4292 ιιι
3678 4265 3882 4305 praesul"

2219 4265 2391 4365 Emis.
2426 4313 2550 4373 Ejus
2584 4317 2829 4373 praeturas
2860 4308 3224 4373 tempusm-i.
3257 4305 3535 4373 Quomodo
3565 4306 3616 4354 iu
3636 4312 3882 4373 prstare

2221 4391 2276 4425 se
2335 4368 2668 4435 gesseritf—
2696 4372 2743 4419 5.
2797 4369 3117 4435 Frequentia
3148 4372 3210 4418 de
3259 4372 3421 4419 rebus
3455 4369 3563 4435 piis
3600 4368 3881 4435 colloquia

2221 4439 2284 4487 ad
2317 4429 2624 4486 tiionasticai
2645 4435 2766 4483 vita:
2786 4429 3117 4495 propositum
3133 4445 3255 4481 eum
3272 4429 3879 4495 aceenduntADQod’din

2227 4497 2555 4550 ditl‘ert.—6.
2617 4492 2834 4558 Septem
2868 4492 3098 4545 aediﬁcat
3122 4492 3607 4558 monasteria.—7.
3642 4493 3727 4558 Fit
3755 4507 3885 4558 tuo-

2229 4563 2466 4673 PAachgg.‘
2489 4564 2603 4673 ξμιυ
2639 4555 2827 4609 ίοίουο
2859 4566 2909 4608 et
2926 4566 3183 4622 tempore.
3205 4582 3260 4594 —
3288 4556 3334 4604 8.
3355 4558 3560 4614 Quibus
3576 4555 3882 4618 magistris.

2293 4642 2344 4673 ll.
2419 4645 2427 4671 l
2473 4663 2483 4673 .

2226 4630 2344 4687 (Au.
2373 4627 2508 4686 574.)

2241 4711 2288 4765 1.
2325 4708 2558 4778 Dejecto
2589 4706 2646 4761 S.
2699 4704 2940 4760 Silverio
2982 4720 3151 4774 papa,
3185 4701 3434 4773 Vigilius
3488 4701 3561 4756 ab
3594 4716 3748 4755 anno
3769 4700 3882 4756 537

2168 4815 2355 4872 usque
2387 4798 2456 4852 ad
2477 4797 2693 4851 an.554
2725 4794 2812 4850 vel
2843 4794 2950 4848 555
2981 4793 3178 4848 sedem
3202 4790 3525 4847 Romanam
3549 4791 3880 4863 occupavit,

2167 4908 2200 4948 a
2255 4887 2589 4946 Justiniano
2652 4891 2817 4952 Ausa,
2878 4900 2993 4954 quo
3050 4886 3284 4938 auctore
3335 4881 3528 4952 ipsam
3559 4879 3882 4949 invaserat,

2170 4980 2356 5037 multa
2390 4983 2590 5048 postea
2632 4991 2956 5047 perpessus.
2990 4976 3132 5028 Cum
3191 4969 3663 5028 condemnationi
3694 4970 3884 5027 trium

2168 5071 2578 5143 capitulorum,
2638 5071 2701 5120 ut
2758 5063 3087 5134 imperatori
3139 5064 3575 5131 obsequeretur,
3637 5059 3885 5119 tandem

2169 5161 2585 5227 consensisset,
2618 5157 2687 5212 ab
2719 5158 2847 5228 ejus
2877 5156 3293 5210 communione
3329 5159 3693 5209 secesserunt
3743 5153 3884 5224 plu-

2170 5252 2299 5308 rimi
2335 5250 2390 5304 in
2424 5248 2752 5313 Occidente,
2787 5246 3037 5301 maxime
3071 5241 3282 5317 Illyrici
3315 5248 3370 5297 et
3389 5243 3592 5298 Africa
3619 5242 3886 5316 episcopi

2169 5342 2322 5416 quod
2395 5345 2636 5418 indigne
2690 5340 2902 5393 ferrent
2956 5341 3076 5390 tres
3141 5335 3442 5405 episcopos
3505 5331 3885 5388 Theodorum

2170 5438 2670 5510 Mopsuestenum,
2715 5431 2873 5486 ibam
2919 5425 3300 5495 Edessenum,
3342 5428 3399 5478 et
3446 5421 3887 5479 Theodoretum

621 5627 816 5757 iopsum
847 5631 918 5687 de
975 5634 1168 5706 seipso
1199 5639 1467 5697 testatur.
1503 5642 1565 5700 Ut
1621 5643 2032 5719 mihi,inquit.
2078 5661 2271 5704 senum
2300 5642 2585 5702 collocatio
2641 5654 2751 5700 esse
2802 5652 3019 5711 semper
3071 5629 3332 5690 amabilis
3395 5629 3556 5688 solet.
3620 5629 3881 5706 Dialog.,
