4106 6174
271 239 398 300 249

738 237 803 300 S.
853 233 1234 302 GREGORII
1284 241 1540 303 MAGNI
1588 239 1790 316 VITA,
1841 237 1943 304 EX
1989 236 2169 307 EJUS
2215 245 2562 308 SCRIPTIS
2611 242 3055 306 ADORNATA.
3106 241 3253 306 LIB.
3303 245 3349 307 Ι.

3689 241 3805 301 250

273 374 432 444 Cyri,
466 389 617 444 quos
663 374 976 432 concilium
1005 374 1476 432 Chalcedonense
1521 394 1623 450 pro
1656 379 1989 435 orthodoxis
2019 382 2070 448 Α
2101 389 2155 437 et
2185 390 2387 452 septem
2416 398 2588 437 annos
2618 380 2889 449 ducimus,
2921 380 3068 451 quod
3099 379 3159 434 in
3186 379 3286 434 hac
3315 378 3447 433 urbe
3477 380 3626 434 inter
3661 379 3804 431 Lan-

273 462 588 533 habuerat,
610 465 1032 522 condemnatos
1061 474 1112 521 et
1133 470 1464 538 reprobatos
1496 469 1566 522 ab
1598 467 1992 526 Orientalibus

274 552 464 608 fuisse
512 555 570 608 in
621 555 845 626 synodo
893 554 1560 627 Constantinopolitana,
1609 575 1737 630 qua
1787 558 1992 630 quinta

273 643 645 700 cecumenica
674 644 847 715 vulgo
877 642 1223 718 appellatur.

350 733 667 790 Demortuo
710 735 767 790 iu
818 735 1015 792 Sicilia
1059 735 1262 809 Vigilio
1314 736 1629 809 Pelagius!
1682 740 1986 797 successit.

270 825 402 888 Quo
455 831 721 898 tempore
781 827 1281 898 Istrite,Ligurite,
1314 827 1815 901 Venetiarumque
1863 831 1990 903 epi-

270 914 464 985 scopi,
517 915 716 972 habita
762 916 1002 988 synodo,
1053 916 1145 972 cui
1197 918 1420 986 praefuit
1467 919 1771 989 Paulinus,
1804 921 1989 993 Aqui—

271 1002 524 1058 leiensis
563 1004 900 1076 episcopus,
935 1021 1036 1077 pro
1077 1021 1255 1062 causa
1285 1004 1459 1062 trium
1510 1008 1898 1080 capitulorum
1933 1009 1988 1064 in

269 1096 548 1162 apertum
571 1094 829 1150 schisma
851 1100 1196 1165 eruperunt;
1223 1099 1583 1169 Narsemque
1604 1099 1874 1154 comitem
1905 1104 1992 1155 tu-

268 1180 644 1236 multuantes
667 1198 926 1238 coercere
946 1189 1278 1252 conantem,
1304 1184 1523 1240 imbelli
1543 1186 1735 1243 inanis
1753 1204 1986 1243 excom-

266 1272 704 1328 municationis
755 1271 997 1328 fulmine
1056 1280 1488 1344 percusserunt.
1538 1276 1646 1332 Tot
1694 1277 1990 1347 tantisque

262 1360 456 1415 Italiae
483 1361 658 1416 malis
689 1360 1082 1417 conflictatum
1116 1363 1412 1434 Pelagium
1447 1380 1604 1419 mors
1627 1367 1696 1420 ad
1733 1367 1983 1437 quietem

264 1455 558 1505 aeternam
599 1451 824 1506 vocavit
873 1468 967 1506 an.
997 1450 1126 1505 559.
1161 1452 1244 1506 Illi
1280 1460 1473 1509 tamen
1527 1455 1797 1510 undecim
1848 1454 1987 1510 anni

266 1539 661 1610 pontificatus
693 1544 748 1595 et
782 1557 1011 1596 menses
1042 1541 1262 1607 decem,
1295 1541 1350 1596 in
1385 1545 1706 1615 appendice
1735 1546 1803 1600 ad
1836 1544 1988 1600 Mar-

266 1629 475 1683 cellini
509 1629 745 1684 cornitis
769 1629 1092 1685 Cbronicon
1125 1631 1487 1686 tribuuntur.

2099 471 2470 545 gobardorum
2536 471 2746 538 gladios
2822 469 3080 527 vivimus.
3145 468 3208 523 In
3277 467 3577 539 posteriori
3645 482 3798 531 vero,

2101 563 2313 631 scripta
2361 578 2453 617 an.
2486 561 2612 628 603,
2636 560 2837 614 indict.
2868 564 3048 626 sexta,
3080 575 3202 629 quas
3234 563 3324 613 est
3367 557 3436 611 38
3476 554 3606 610 libri
3655 570 3798 609 xm:

2102 652 2377 720 Qualiter,
2411 652 2619 723 inquit,
2655 648 2999 721 quotidiani:
3046 649 3360 719 gladiis”...
3395 662 3516 702 ecce
3555 647 3677 715 jam
3704 659 3802 714 per

2102 741 2333 811 triginta
2350 740 2592 811 quinque
2613 755 2889 794 annorum
2908 738 3308 807 longitudinem
3327 735 3654 807 premimur,
3674 749 3800 804 quis

2101 830 2537 901 chronologiam
2573 834 2831 884 nostram
2867 828 3007 883 mire
3037 829 3364 881 adstruunt.

2171 938 2411 1003 Quantis
2441 941 2632 992 autem
2660 934 2905 1007 rapinis,
2939 933 3247 997 incendiis,
3279 932 3538 988 caedibus
3573 929 3796 986 Italiam

2101 1030 2216 1084 fere
2246 1033 2424 1084 totam
2471 1025 2918 1091 devastaverint,
2951 1024 3104 1078 idem
3155 1021 3461 1092 Gregorius
3495 1037 3597 1074 nos
3629 1020 3797 1075 docet

2100 1117 2200 1174 lib.
2236 1134 2294 1173 ιιι
2343 1115 2564 1187 Dialog.
2599 1134 2647 1170 ο.
2682 1115 2751 1168 38
2783 1129 2796 1167 :
2831 1113 2950 1168 Mox
2987 1112 3172 1184 effera,
3213 1110 3420 1182 inquit,
3472 1107 3797 1181 Langobar-

2100 1209 2303 1264 dorum
2355 1223 2486 1278 gens
2532 1209 2595 1260 de
2642 1203 2842 1274 vagina
2900 1218 3016 1259 suae
3060 1202 3417 1256 habitationis
3473 1198 3686 1265 educta,
3739 1197 3795 1251 in

2097 1304 2344 1354 nostram
2371 1295 2633 1351 cervicem
2665 1298 2917 1362 grassata
2946 1297 3043 1356 est,
3077 1297 3238 1362 atque
3266 1290 3569 1345 humanum
3605 1301 3796 1355 genus,

2097 1394 2239 1461 quod
2271 1388 2330 1441 in
2361 1386 2463 1441 hac
2501 1391 2646 1440 terra
2679 1398 2796 1452 prae
2819 1382 2998 1438 nimia
3028 1382 3386 1436 multitudine
3423 1382 3581 1449 quasi
3609 1378 3798 1447 spissa?

2096 1481 2290 1548 segetis
2320 1494 2470 1533 more
2506 1481 2849 1539 surrexerat,
2880 1474 3152 1529 succisum
3182 1472 3354 1527 aruit.
3391 1469 3526 1525 Nam
3557 1469 3798 1538 depopu-

2099 1570 2227 1626 latae
2251 1569 2430 1634 urbes,
2461 1583 2643 1622 eversa
2670 1573 2878 1631 castra,
2901 1567 3265 1618 canerematae
3294 1561 3555 1624 ecclesia,
3590 1556 3800 1612 destru-

2095 1667 2182 1714 cta
2232 1663 2359 1712 sunt
2405 1657 2728 1711 monasteria
2781 1655 3026 1708 virorum
3067 1669 3132 1707 ac
3176 1652 3514 1722 feminarum
3559 1646 3798 1701 desolata

350 1718 825 1821 εξξυεῆθυξοθιδεοξ
852 1719 1207 1821 “annui”
1240 1737 1342 1821 Pe:
1361 1738 1546 1821 anno?
1580 1724 1645 1778 14
1668 1724 1983 1821 Ε⁰⁰¹9³ί⁸ω
2018 1756 2063 1821 Β
2095 1750 2162 1803 ab
2193 1746 2506 1802 hominibus
2535 1743 2769 1814 pratia,
2803 1754 2960 1814 atque
2991 1741 3062 1796 ab
3093 1718 3245 1796 omini
3275 1740 3485 1795 euitare
3505 1737 3796 1797 destituta.

266 1806 442 1860 rexit.
495 1806 741 1861 Sedcute
800 1806 908 1862 hoc
966 1807 1256 1878 pontifice,
1305 1810 1614 1880 Gregorius
1674 1817 1987 1883 praeturam

270 1895 457 1951 Urbis
483 1896 783 1967 sapienter
812 1897 1014 1968 gessit,
1043 1902 1107 1952 ut
1137 1899 1286 1953 infra
1304 1900 1602 1967 dicemus;
1638 1916 1838 1957 verum
1874 1919 1989 1974 quo

266 2002 436 2040 anno
490 1986 749 2057 cceperit,
806 1991 1070 2044 utrumve
1126 1987 1480 2055 Justiniano,
1531 1991 1630 2062 qui
1691 2009 1873 2063 usque
1919 1994 1989 2049 ad

269 2093 375 2130 an.
420 2075 530 2130 565
565 2076 852 2147 pervenit,
884 2076 1075 2133 adhuc
1114 2078 1462 2150 imperante,
1497 2097 1609 2136 non
1644 2081 1845 2153 liquet.

351 2165 404 2218 2.
455 2164 809 2236 Reportatas
858 2166 928 2222 de
966 2167 1230 2223 barbaris
1278 2169 1573 2235 victorias,
1625 2179 1994 2244 recuperatas

258 2254 321 2325 pl
337 2271 476 2310 ures
499 2254 732 2325 imperii
754 2255 1100 2326 provincias,
1119 2256 1347 2329 aliaque
1369 2258 1478 2314 sub
1496 2259 1522 2315 J
1537 2260 1832 2316 ustiniano
1855 2279 1994 2333 prae-

253 2343 427 2400 clare
465 2351 648 2414 gesta,
682 2344 737 2398 in
780 2345 908 2400 Vita
937 2346 1268 2402 Cassiodori
1314 2364 1527 2419 magna
1557 2365 1623 2404 ex
1655 2355 1816 2421 parte
1856 2353 1992 2406 atti—

254 2431 905 2501 gimus.1mmortales
948 2448 1087 2490 sane
1138 2433 1340 2490 laudes
1389 2443 1738 2493 consecutus
1786 2438 1991 2495 fuisset

258 2519 678 2588 Justinianus,
707 2520 755 2576 si
805 2520 865 2578 in
907 2522 1081 2578 rebus
1120 2523 1525 2580 ecclesiasticis
1556 2532 1613 2582 et
1653 2527 1989 2598 theologicis

255 2625 481 2681 sapere
525 2610 601 2665 ad
648 2610 1025 2667 sobrietatem
1070 2611 1386 2670 didicisset.
1421 2619 1494 2670 At
1544 2616 1746 2687 praeire
1796 2617 1991 2674 volens

259 2700 598 2772 episcopis,
632 2701 815 2757 factus
865 2709 952 2757 est
983 2704 1191 2759 erroris
1241 2704 1359 2760 dux
1401 2710 1458 2761 et
1490 2708 1786 2777 magister,
1840 2724 1988 2780 quos

257 2791 575 2863 sequendo
609 2791 794 2847 factus
828 2792 1036 2848 fuisset
1065 2793 1390 2865 discipulus
1420 2796 1700 2853 veritatis.

342 2881 412 2937 Ut
441 2879 673 2935 Gothos
723 2896 791 2936 ex
822 2879 980 2935 Italia
1027 2882 1260 2954 penitus
1310 2883 1620 2954 expelleret
1649 2885 1986 2957 imperator,

266 2972 705 3046 Langobardos
728 2987 757 3026 e
779 2973 1080 3029 Pannonia
1111 2974 1388 3042 evocavit,
1417 2975 1679 3048 belloque
1705 2979 1988 3044 confecto,

264 3065 497 3133 priores
516 3062 708 3128 sedes,
724 3061 936 3117 additis
957 3062 1016 3119 in
1039 3066 1346 3120 mercedem
1369 3068 1638 3138 praestita:
1660 3086 1844 3140 opera:
1869 3070 1988 3140 qui-

267 3152 527 3207 busdam
583 3150 846 3218 urbibus,
891 3159 1149 3224 repetere
1190 3156 1387 3225 jussit.
1420 3159 1491 3213 At
1537 3157 1712 3214 Italiae
1763 3160 1986 3216 deliciis

269 3241 541 3311 inescati,
555 3241 691 3296 data
704 3247 905 3310 postea
920 3244 1197 3298 redeundi
1213 3246 1535 3316 occasione,
1551 3248 1748 3305 statim
1762 3249 1988 3305 advola-

277 3339 431 3384 runt.
450 3330 596 3386 Cum
617 3346 749 3385 vero
769 3331 839 3386 de
855 3330 1001 3403 ipsis
1017 3331 1289 3406 deinceps
1310 3335 1781 3407 frequentissime
1799 3341 1986 3395 simus

272 3419 559 3484 locuturi,
588 3435 789 3475 eorum
829 3419 1072 3478 historia
1101 3441 1132 3477 a
1155 3424 1344 3494 prima
1374 3426 1598 3498 origine
1632 3427 1879 3486 breviter
1905 3433 1990 3486 est

274 3507 649 3564 deducenda.

347 3596 392 3652 Ε
449 3596 840 3654 Scandinavia
897 3599 1030 3671 orti,
1084 3618 1261 3672 quam
1323 3607 1518 3675 utpote
1568 3607 1985 3666 feracissimam

269 3685 754 3757 belligerantium
780 3688 1149 3760 populorum,
1172 3691 1498 3750 Jornandes
1530 3695 1822 3752 officinam
1847 3713 1988 3770 gen-

267 3777 455 3845 tium,
480 3777 744 3848 vaginam
791 3780 1114 3850 nationum,
1146 3781 1361 3852 optime
1409 3785 1663 3857 appellat
1694 3787 1764 3842 de
1795 3787 1988 3844 Rebus

266 3865 499 3921 Geticis
529 3882 580 3922 c.
615 3868 670 3934 It,
702 3867 762 3922 in
794 3883 922 3924 eam
964 3868 1285 3927 Germania
1327 3878 1551 3945 partem
1606 3892 1737 3947 quae
1783 3877 1985 3934 Pome-

266 3953 447 4006 rania
496 3967 650 4007 nunc
697 3952 916 4008 dicitur
945 3954 1109 4026 prius
1160 3958 1643 4030 commigrarunt,
1672 3963 1878 4018 deinde
1928 3965 1987 4020 in

273 4039 674 4110 Pannoniam,
698 4041 834 4098 licet
861 4041 932 4098 ab
962 4041 1194 4101 Hunuis
1217 4063 1430 4121 magna
1457 4050 1579 4122 jam
1612 4068 1678 4107 ex
1708 4057 1869 4124 parte
1901 4070 1991 4110 oc-

273 4135 587 4202 cupatam.

347 4219 738 4291 Langobardi,
763 4225 909 4278 teste
940 4223 1119 4281 Paulo
1141 4224 1394 4283 Diacono
1425 4228 1521 4300 (De
1551 4229 1720 4286 Gestis
1752 4233 1985 4304 Langob.

276 4312 377 4366 tib.
417 4327 459 4374 ι,
482 4325 529 4364 c.
559 4309 582 4362 1
616 4315 664 4364 et
687 4311 766 4378 2),
791 4329 823 4366 a
849 4311 1021 4384 longa
1054 4313 1231 4370 barba
1256 4317 1393 4372 dicti
1425 4324 1584 4374 sunt.
1609 4320 1752 4376 Nam
1785 4338 1987 4378 eorum

274 4401 489 4469 lingua
524 4398 650 4469 lang
680 4397 915 4470 longam
947 4401 1260 4473 significat,
1291 4413 1344 4461 et
1376 4405 1526 4463 baert
1558 4409 1820 4468 barbam.
1845 4411 1991 4476 Qua-

278 4506 414 4543 rum
431 4502 638 4542 vocum
655 4489 734 4542 uti
751 4489 827 4558 (a)
843 4493 899 4544 et
912 4491 1154 4546 aliarum
1175 4493 1560 4564 plurimarum
1578 4501 1727 4569 apud
1747 4500 1992 4557 Paulum
2022 4480 2067 4545 Π

278 4578 608 4636 Diaconum
641 4578 860 4649 passim
887 4583 1316 4639 occurrentium
1349 4586 1602 4644 affinitas
1629 4605 1760 4644 cum
1793 4589 1990 4646 Gothi-

283 4669 371 4726 cis
406 4682 472 4721 ac
503 4666 865 4723 Germanicis
911 4671 1232 4739 vocabulis,
1268 4674 1775 4746 Langobardorum
1810 4682 1986 4752 origi-

282 4773 424 4816 nem
458 4771 573 4810 non
596 4756 838 4812 obscure
869 4758 1249 4818 demonstrat.
1279 4764 1532 4822 Ducibus
1555 4770 1832 4839 primum,
1857 4771 1991 4826 dein

282 4845 528 4922 regibus
560 4851 900 4916 paruerunt.
936 4849 1016 4903 Ab
1050 4851 1440 4924 Agelmundo,
1468 4856 1567 4927 qui
1601 4859 1826 4929 primus
1859 4859 1988 4931 fuit,

284 4935 596 4994 duodecim
623 4942 1024 5007 numerantur,
1052 4956 1236 5014 usque
1269 4945 1337 4999 ad
1358 4946 1669 5004 Alboinum
1696 4967 1710 5015 ;
1744 4966 1858 5020 quo
1880 4951 1990 5006 im-

286 5033 522 5099 perante
575 5023 804 5082 Italiam
858 5044 891 5082 a
934 5027 1108 5087 Narse
1163 5032 1388 5089 invitati
1444 5035 1802 5107 invaserunt,
1835 5057 1991 5098 anno

289 5114 442 5173 208
493 5114 717 5172 scilicet
761 5117 889 5184 568,
924 5124 989 5174 ut
1036 5137 1102 5175 ex
1150 5122 1378 5179 duabus
1422 5125 1683 5197 Gregorii
1727 5130 1991 5201 epistolis

291 5202 601 5274 colligitur.
657 5203 718 5260 In
773 5207 946 5278 priori
989 5209 1144 5266 enim
1195 5213 1409 5284 scripta
1457 5215 1772 5272 indictione
1824 5221 1992 5277 tertia

295 5293 520 5350 decima
550 5309 646 5350 au.
676 5294 808 5366 595,
839 5313 968 5369 quae
1001 5305 1085 5355 est
1116 5300 1249 5357 libri
1279 5319 1331 5374 ν,
1364 5305 1454 5375 21,
1489 5306 1607 5362 ait:
1648 5308 1850 5380 Viginti
1881 5311 1992 5377 iam

363 5441 437 5525 (a)
459 5437 532 5495 Ut
559 5445 700 5525 sunt
729 5442 927 5500 Wodan
961 5461 1062 5502 seu
1086 5445 1290 5525 ngan,
1314 5465 1440 5521 qua:
1471 5452 1763 5525 significat
1788 5459 1988 5525 Deum,

293 5513 435 5596 feta,
490 5518 756 5596 patentes
803 5529 1078 5596 campos;
1117 5513 1607 5596 Lamtigaquam;
1657 5525 1838 5594 Scala,
1891 5513 1989 5596 pa:

295 5545 435 5581 rom,
490 5545 756 5596 μιισιτισυ
803 5545 1078 5588 campus;
1117 5545 1307 5586 humu,
1356 5545 1607 5594 aquam;
1657 5545 1838 5594 ocata,
1891 5545 1989 5599 pa-

295 5590 499 5666 teram,
531 5583 812 5666 Schripor,
838 5589 1232 5666 armigerum;
1266 5593 1562 5665 Marpahis,
1594 5596 1684 5653 vel
1729 5598 1990 5666 Marhais,

294 5657 1288 5794 etiam;:t°..t'%.§:ttt:
1304 5657 1992 5800 sataesatae

2097 1840 2156 1892 in
2184 1835 2490 1891 solitudine
2530 1842 2682 1888 vacat
2710 1841 2855 1888 terra
2874 1848 2894 1892 ,'
2923 1829 3119 1885 nullus
3149 1831 3289 1884 hanc
3329 1842 3605 1898 possessor
3632 1823 3798 1878 inha-

2096 1925 2273 1990 bitat;
2303 1926 2704 1995 occupaverunt
2756 1921 2940 1976 bestia
2984 1919 3102 1975 loca
3149 1935 3267 1990 qua
3296 1920 3449 1988 prius
3496 1913 3796 1970 multitudo

2097 2015 2384 2071 hominum
2423 2015 2658 2070 tenebat.
2691 2013 2936 2068 Easdem
2986 2010 3180 2066 clades
3223 2008 3396 2064 deflet
3445 2006 3605 2062 hom.
3641 2006 3704 2059 17
3737 2006 3795 2059 in

2095 2104 2419 2175 Evangelia,
2451 2109 2508 2159 et
2535 2103 2692 2159 alibi.
2729 2107 2854 2158 Non
2903 2099 3213 2156 dissimilia
3246 2102 3442 2152 narrat
3487 2092 3796 2165 Gregorius

2095 2195 2239 2253 alter
2285 2196 2499 2249 Turon.
2545 2193 2712 2249 testis
2761 2208 2986 2248 coaevus
3035 2189 3134 2245 lib.
3169 2205 3224 2244 ιν
3278 2186 3424 2242 Hist.
3459 2202 3508 2240 c.
3551 2185 3644 2250 38,
3699 2183 3794 2238 ubi

2095 2285 2415 2360 praesertim
2472 2283 2740 2339 observat
2784 2281 3064 2352 spoliatas
3103 2298 3135 2334 a
3185 2275 3452 2334 barbaris
3499 2272 3794 2340 ecclesias,

2093 2379 2314 2436 occisos
2371 2376 2741 2448 presbyteros
2789 2383 2841 2430 et
2885 2373 3210 2443 episcopos,
3257 2375 3318 2425 ut
3368 2384 3508 2424 sane
3557 2366 3796 2421 decebat

2093 2471 2326 2540 gentem
2389 2470 2487 2521 aut
2535 2463 2824 2520 idolorum
2884 2462 3064 2518 cultui
3114 2460 3304 2515 adhuc
3361 2458 3652 2513 addictam
3697 2459 3796 2511 aut

2091 2554 2441 2611 Arianorum
2473 2552 2866 2624 impietatibus
2909 2556 3263 2621 corruptam.
3297 2545 3627 2602 Victoribus
3676 2549 3797 2599 tota

2092 2645 2264 2702 cessit
2314 2643 2502 2711 Italia,
2536 2643 2585 2698 si
2634 2648 2899 2707 Romam,
2934 2641 3286 2706 Ravennam,
3323 2636 3682 2703 finitimaque
3728 2648 3795 2689 ac

2095 2735 2390 2790 maritima
2412 2731 2537 2788 loca
2557 2729 3127 2802 excipiasﬂavenne
3150 2728 3446 2796 totiusque
3460 2724 3634 2780 Italia
3657 2729 3798 2780 tunc

2094 2824 2398 2896 praefectus
2431 2826 2552 2878 erat
2585 2821 2876 2892 Longinus
2908 2819 3072 2874 Narsi
3124 2833 3422 2874 successor
3466 2815 3659 2882 datus,
3695 2815 3794 2885 qui

2093 2914 2320 2986 primus
2351 2911 2582 2968 exarchi
2616 2926 2828 2966 nomen
2863 2907 3212 2978 assumpsit.

2167 3027 2677 3099 Langobardorum
2725 3027 2975 3081 furorem
3018 3023 3247 3093 fugiens
3280 3020 3582 3087 Paulinus,
3615 3017 3796 3088 Aqui—

2016 3110 2059 3177 C
2097 3119 2332 3175 leiensis
2363 3118 2672 3189 episcopus
2711 3132 2810 3172 seu
2840 3115 3171 3187 patriarcha
3201 3113 3308 3184 (sic
3339 3111 3493 3166 enim
3525 3126 3657 3166 eum
3692 3125 3796 3179 apo

2098 3207 2271 3281 pellat
2317 3207 2530 3263 Paulus
2582 3206 2868 3261 Diaconus
2917 3205 3056 3276 (Lib.
3100 3220 3162 3264 ιι.
3192 3218 3239 3258 e.
3295 3202 3361 3256 10
3389 3205 3440 3256 et
3481 3200 3594 3270 25),
3628 3200 3798 3268 quasi

2097 3316 2310 3355 novum
2345 3299 2500 3354 hunc
2549 3297 2786 3352 titulum
2822 3313 2921 3366 pro
2956 3293 3192 3367 praemio
3219 3291 3452 3348 conﬂati
3483 3308 3518 3346 a
3547 3307 3609 3345 se
3639 3289 3796 3345 schi-

2097 3389 2305 3444 smatis
2329 3388 2535 3443 fuisset
2557 3385 3219 3456 consecutus),Gradum
3245 3381 3496 3438 insulam
3519 3380 3796 3437 eturbem

2098 3479 2396 3548 Forojulii,
2427 3477 2719 3542 hostibus,
2751 3476 2907 3547 quod
2943 3475 3189 3530 navibus
3229 3477 3517 3535 carerent,
3551 3470 3802 3525 inacces-

2097 3585 2223 3623 sam
2273 3584 2336 3624 se
2385 3568 2644 3639 recepit;
2696 3565 2795 3621 ubi
2838 3564 3068 3636 expleto
3112 3564 3181 3618 12
3228 3562 3599 3634 episcopatus
3648 3574 3801 3614 anno

2099 3661 2362 3713 mortuus
2394 3657 2714 3713 Probinum
2749 3654 2957 3710 habuit
2985 3667 3406 3709 successorem.

2171 3765 2470 3826 Alboinus,
2505 3763 2791 3819 scelerum
2825 3765 2881 3816 et
2911 3760 3227 3832 singularis
3269 3758 3653 3815 immanitatis
3685 3772 3802 3828 qua

2101 3869 2333 3909 uxorem
2367 3855 2633 3923 coegerat
2663 3852 2860 3907 cranio
2896 3850 3095 3922 patris,
3131 3864 3302 3920 quem
3335 3848 3458 3918 ipse
3489 3848 3797 3912 occiderat,

2102 3943 2184 4000 uti
2217 3959 2320 4015 pro
2351 3943 2581 4014 poculo,
2606 3957 2806 4012 pinnas
2838 3940 2995 3995 dedit
3016 3939 3204 4011 ipsius
3233 3937 3427 3992 uxoris
3458 3936 3680 3991 artibus
3711 3934 3800 3988 in-

2100 4035 2442 4103 teremptus.
2474 4031 2646 4086 Clebo
2680 4034 2879 4102 postea
2910 4044 3083 4100 quem
3119 4027 3231 4082 sibi
3261 4041 3453 4097 regem
3487 4023 3798 4095 elegerant,

2101 4120 2313 4192 elapsis
2353 4121 2552 4176 decem
2584 4123 2639 4176 et
2670 4122 2798 4175 octo
2832 4117 3131 4174 mensibus
3161 4117 3334 4172 etiam
3385 4114 3598 4180 occiso,
3650 4113 3802 4167 Lan-

2100 4210 2338 4283 gobardi
2371 4228 2404 4266 a
2433 4209 2635 4266 multis
2669 4207 2846 4264 simul
2895 4206 3146 4263 ducibus
3177 4221 3277 4277 per
3308 4203 3651 4260 decennium
3681 4202 3798 4272 regi

2101 4300 2456 4358 maluerunt.

2177 4417 2228 4471 3.
2263 4417 2424 4472 Inter
2453 4419 2536 4472 tot
2565 4431 2862 4472 armorum
2915 4413 3190 4486 strepitus
3222 4417 3278 4468 et
3307 4411 3593 4468 bellorum
3647 4409 3800 4466 cala-

2102 4509 2332 4565 mitates
2363 4507 2677 4578 Gregorius
2709 4504 3051 4577 aliquandiu
3085 4503 3341 4575 primoris
3373 4500 3588 4558 Urbani
3613 4499 3801 4556 officio

2101 4601 2414 4656 defunctus
2436 4606 2518 4654 est
2538 4615 2550 4665 ;
2575 4610 2776 4652 verum
2799 4595 2914 4667 quo
2934 4601 3192 4666 tempore
3219 4593 3624 4666 magistratum
3646 4592 3804 4647 hunc

2101 4689 2435 4762 auspicatus
2481 4686 2560 4741 sit
2606 4690 2704 4741 aut
2744 4684 3102 4758 deposuerit,
3134 4684 3344 4740 nonin
3394 4687 3665 4754 promptu
3715 4685 3804 4736 est

2103 4784 2377 4838 statuere.
2412 4779 2538 4850 Ipse
2567 4781 2815 4834 testatur
2844 4777 2984 4846 (Lib.
3019 4793 3092 4843 tv,
3128 4792 3212 4846 ep.
3243 4777 3319 4846 2),
3353 4790 3434 4842 se,
3469 4775 3610 4828 dum
3665 4785 3805 4842 pra-

2098 4872 2287 4925 turam
2321 4869 2598 4926 Urbanum
2627 4871 2872 4938 gereret,
2905 4865 3330 4937 subscripsisse
3371 4878 3504 4918 cum
3539 4861 3667 4916 aliis
3700 4877 3804 4915 no-

2101 4956 2406 5015 bilissimis
2438 4955 2576 5010 viris
2609 4955 2855 5010 cautioni
2885 4970 2982 5009 seu
3017 4949 3412 5024 promissioni,
3447 4963 3621 5019 quam
3653 4946 3806 5000 Lau-

2101 5046 2326 5103 rentius
2375 5043 2816 5101 Mediolauensis
2868 5043 3179 5114 episcopus
3226 5040 3297 5092 de
3329 5037 3513 5092 tribus
3563 5035 3804 5091 famosis

2101 5135 2373 5206 capitulis
2395 5136 2462 5190 ad
2501 5134 2696 5189 sedem
2719 5130 3097 5203 apostolicam
3142 5128 3397 5182 miserat.
3418 5126 3473 5181 Id
3495 5125 3808 5196 contigisse

2101 5244 2195 5282 an.
2224 5227 2351 5293 581,
2376 5240 2484 5296 quo
2517 5222 2865 5278 Laurentius
2887 5224 3116 5275 creatus
3148 5223 3235 5273 est
3259 5217 3571 5287 episcopus
3606 5215 3808 5270 fidem-

2101 5334 2211 5390 que
2259 5331 2423 5373 suam
2475 5318 2835 5370 contestatus
2875 5314 2980 5379 est,
3014 5310 3224 5366 asserit
3271 5307 3581 5376 Baronius,
3616 5323 3683 5361 ex
3722 5311 3806 5362 Me

2101 5460 2469 5530 explicantur
2517 5462 2713 5515 autem
2771 5456 2842 5512 ab
2893 5456 3135 5530 Hugone
3184 5454 3382 5510 Grotio
3431 5455 3580 5511 Hist.
3633 5453 3805 5510 Goth.

2102 5528 2373 5587 wandal.
2415 5536 2472 5587 et
2518 5530 2772 5601 Langob.
2823 5528 3110 5601 pag._57-’t
3158 5537 3211 5584 et
3259 5543 3423 5601 seq._,_
3454 5543 3628 5598 quem
3669 5541 3809 5601 con:

2102 5603 2244 5732 sple.
2299 5617 2525 5660 necnon
2582 5595 3110 5660 Mabill.'Aualect.
3177 5595 3644 5669 tomﬁllfpag.
3697 5595 3801 5650 422

2101 5691 2131 5732 ο
2189 5690 2314 5746 seq.
