4106 6174
363 234 472 294 251

819 237 880 296 S.
927 235 1291 297 GREGOtlll
1340 237 1583 299 MAGNI
1638 235 1845 304 Vl'l‘A,
1900 237 1992 295 [th
2048 234 2227 298 liJUS
2275 233 2624 297 SClth'l‘lS
2672 231 3122 297 ADOIINATA.
3172 235 3318 297 LlB.
3368 235 3415 297 Ι.

3757 235 3878 296 252

364 365 791 425 diolanensium
853 369 1189 438 pontificum
1242 369 1556 437 indicibus,
1604 369 1700 438 qui
1753 368 2057 423 duodecim
2091 372 2142 436 Α
2175 385 2290 424 ιιοιι
2314 369 2523 424 saculo
2555 369 2650 425 sed
2675 369 2904 426 Cbristo
2939 368 3264 435 militabat;
3296 367 3444 422 inter
3473 366 3604 424 illos
3639 384 3803 441 reges
3827 371 3888 423 et

365 474 550 512 annos
587 460 954 525 pontificatus
989 459 1292 514 Laurentio
1326 460 1607 512 tribuunt.
1633 460 1892 529 Cumque
1929 458 2070 512 Lau-

366 546 538 600 rentii
586 547 830 610 obitum,
882 548 1322 618 Constanltique
1380 549 1437 601 in
1486 549 1612 616 ejus
1661 548 1846 602 locum
1901 547 2067 603 electi

364 635 785 692 ordinationem
829 638 1033 691 factam
1075 637 1254 691 fuisse
1292 654 1386 690 an.
1421 637 1548 697 593,
1575 639 1932 707 exploratum
1972 636 2073 691 ha-

363 724 609 780 beamus
640 742 708 780 ex
749 725 1012 796 epistolis
1043 727 1131 793 29,
1163 726 1233 780 30
1263 733 1317 780 et
1345 726 1408 780 3l
1447 727 1574 780 libri
1616 728 1790 792 tertii,
1826 732 1886 781 ut
1917 727 2070 781 duo-

362 814 547 868 decim
577 832 760 869 annos
793 815 1166 887 pontiﬁcatus
1191 815 1483 870 Laurentii
1519 833 1916 884 numeremus,
1940 819 2068 883 ejus

365 903 662 959 exordium
698 906 767 959 ad
815 923 908 959 an.
941 905 1040 959 581
1080 905 1281 959 referri
1325 906 1532 969 debet;
1569 907 2066 977 consentiuntque,

367 998 513 1048 teste
549 993 891 1048 doctissimo
943 995 1256 1060 annalists,
1291 1011 1494 1050 omnes
1528 996 1628 1067 qui
1681 1013 1770 1051 res
1803 996 2066 1050 Ecclesia

365 1083 818 1139 Mediolanensis
844 1085 1131 1154 prosecuti
1157 1096 1315 1150 sunt,
1339 1092 1394 1141 et
1421 1104 1488 1141 ex
1509 1087 1772 1156 ejusdem
1802 1086 2066 1142 Ecclesia

365 1176 762 1229 monumentis
784 1177 1186 1246 episcOporuin
1213 1177 1420 1232 seriem
1446 1184 1770 1232 texuerunt.
1796 1177 2069 1231 Proinde-

364 1279 474 1334 que
516 1263 829 1334 Gregorius
879 1267 1136 1321 nondum
1188 1271 1348 1331 tunc,
1383 1267 1650 1323 abdicata
1700 1271 1968 1338 pratura,
1995 1267 2066 1321 ad

363 1353 701 1407 monasterii
739 1361 964 1424 portum
997 1355 1355 1425 confugerat.

433 1443 544 1499 Sed
590 1445 739 1500 hanc
774 1446 998 1500 Baronii
1050 1448 1608 1517 argumentationem
1641 1448 1848 1502 evertit
1897 1447 2069 1501 index

361 1533 926 1604 archiepiswporum
944 1534 1468 1591 Mediolanensium
1488 1553 1554 1591 ex
1568 1536 1892 1592 veterrimis
1910 1536 2067 1592 illius

367 1621 629 1675 Ecclesia
654 1622 871 1676 tabulis
891 1643 922 1675 ιι
941 1629 1136 1677 nostro
1156 1623 1486 1678 Miiliillonio
1503 1626 1793 1689 editus,ex
1810 1641 1924 1694 quo
1942 1632 2070 1696 post

2177 459 2447 514 consules
2506 467 2665 514 terra
2730 458 3112 530 proculdubio
3175 459 3598 525 numerandus,
3649 459 3768 528 qui,
3819 463 3888 511 ut

2177 547 2431 618 loquitur
2471 549 2600 614 Job,
2640 548 2918 617 aediﬁcant
2964 547 3070 602 sibi
3113 546 3439 602 solitudines
3479 548 3597 617 (Job
3653 564 3737 614 ιιι,
3775 547 3885 612 14).

2175 636 2354 699 Quem
2383 639 2569 692 locum
2595 653 2888 707 exponens
2923 645 3116 691 noster
3138 636 3451 706 Gregorius
3476 636 3576 690 lib.
3602 653 3656 691 iv
3679 633 3886 690 Morel.

2177 743 2234 780 ιι.
2254 726 2323 780 58
2345 732 2400 781 et
2427 726 2517 790 59,
2543 729 2797 795 seipsum
2825 726 2960 780 dum
2988 731 3198 796 prator
3228 726 3471 786 sederet.
3501 724 3890 780 adumbrasse

2176 815 2447 871 videtur:
2483 815 2837 883 Solitudines,
2882 814 3088 884 inquit,
3141 816 3342 886 quippe
3384 815 3682 882 aediﬁcare,
3731 819 3811 869 est
3855 831 3889 869 η

2173 910 2373 962 secreto
2393 904 2570 960 cordis
2601 915 2943 960 terrenarum
2966 903 3368 959 desideriorum
3395 904 3666 958 tumultus
3696 902 3889 973 expel-

2178 997 2305 1064 lere,
2340 999 2388 1050 et
2443 1011 2558 1050 una
2589 995 2904 1049 intentione
2944 1004 3167 1050 aeterna
3193 994 3397 1066 patriae
3427 996 3486 1048 in
3516 1010 3763 1049 amorem
3794 996 3888 1048 in-

2175 1089 2326 1141 tima
2345 1087 2543 1155 quietis
2574 1083 2852 1139 anhelare.
2875 1085 3017 1138 Bene
3036 1093 3215 1138 autem
3235 1084 3290 1137 hi
3314 1085 3408 1155 qui
3426 1083 3536 1137 sibi
3555 1081 3890 1138 solitudines

2173 1180 2519 1239 construunt,
2570 1181 2732 1229 etiam
2782 1172 3033 1229 consules
3075 1179 3340 1229 vocantur
3367 1191 3386 1228 :
3428 1173 3557 1244 quia
3601 1176 3679 1228 sic
3723 1175 3782 1227 in
3832 1189 3890 1228 se

2175 1263 2526 1319 solitudinem
2556 1265 2758 1318 mentis
2786 1262 3085 1332 adiﬁcant,
3119 1271 3178 1317 ut
3219 1267 3407 1316 tamen
3440 1265 3497 1316 in
3529 1278 3632 1333 quo
3661 1279 3887 1332 prava-

2176 1354 2310 1423 lent,
2342 1354 2469 1408 aliis
2497 1369 2597 1425 per
2627 1354 2957 1408 charitatem
3004 1352 3293 1408 consulere
3334 1352 3564 1408 minime
3602 1351 3887 1410 desistant.

2175 1446 2246 1502 Et
2289 1445 2437 1499 libro
2485 1461 2613 1510 xxx,
2669 1461 2809 1499 num
2860 1445 2968 1499 52:
3019 1443 3080 1498 Si
3119 1447 3429 1514 prematur,
3471 1443 3679 1512 inquit,
3731 1442 3887 1498 204

2180 1537 2379 1606 aliquis
2401 1533 2979 1604 popularibusturbis,
3003 1539 3053 1587 et
3082 1538 3265 1588 tamen
3293 1533 3475 1588 nullos
3497 1548 3760 1586 curarum
3784 1545 3887 1588 sa?-

2177 1627 2460 1678 cularium
2504 1624 2774 1678 tumultus
2817 1625 2876 1678 in
2919 1623 3075 1679 carde
3110 1625 3341 1694 patitur,
3374 1639 3480 1678 non
3517 1632 3592 1677 est
3623 1623 3682 1676 in
3726 1620 3884 1683 Urbe,

366 1707 638 1763 Frontum
686 1726 784 1765 seu
847 1710 1190 1766 Frontonem
1248 1713 1579 1768 Laurentius
1620 1716 1902 1784 episwpus
1932 1715 2069 1769 sedit
2106 1732 2149 1798 Β
2176 1715 2272 1770 sed
2308 1712 2643 1768 solitudinis
2672 1714 2866 1783 quiete
2900 1712 3123 1768 fruitur.

362 1813 534 1853 annos
558 1798 944 1860 novemdecim,
977 1817 1188 1856 menses
1218 1808 1415 1871 septem
1436 1821 1458 1867 ;
1484 1804 1724 1873 obiitque
1753 1801 2066 1858 duodecimo

359 1885 637 1942 Kalendas
688 1888 1013 1959 Septembris
1060 1891 1215 1958 (.llus.
1271 1890 1395 1948 Ital.
1449 1903 1577 1947 tom.
1625 1893 1664 1956 l,
1713 1909 1837 1963 pag.
1889 1893 2060 1961 111);

361 1993 509 2048 quos
558 1995 765 2043 annos,
802 1979 995 2050 inquit
1042 1981 1436 2050 Mabillonius,
1469 1983 1516 2036 si
1565 1998 1633 2036 ex
1680 1983 2063 2054 nonagesimo

360 2065 527 2119 tertio
576 2067 954 2122 Constantius
986 2070 1037 2123 ei
1085 2071 1363 2125 sulfectus
1395 2077 1503 2136 est,
1532 2070 1876 2139 detraxeris,
1909 2087 2062 2126 anno

355 2154 482 2217 574,
503 2155 796 2211 Laurentii
819 2158 1188 2225 creationem,
1207 2162 1467 2230 adeoque
1489 2161 1612 2228 ejus
1633 2162 1962 2214 cautionem
1987 2160 2060 2214 ad

359 2242 686 2300 Romanum
720 2247 1052 2317 pontificem
1087 2249 1342 2316 missam,
1376 2250 1467 2306 cui
1509 2249 1821 2322 Gregorius
1855 2254 2062 2320 prator

357 2331 1020 2399 subscripsit,admittas
1064 2351 1296 2392 necesse
1335 2338 1604 2392 est.lluic
1631 2338 1956 2405 sententia,
1980 2338 2061 2392 ait

354 2419 508 2475 idem
543 2421 942 2490 Mabillonius,
975 2426 1367 2496 subscripsere
1419 2427 1779 2483 Bollandiani
1809 2428 1950 2483 socii
1997 2427 2057 2480 in

357 2508 475 2564 vita
503 2510 561 2565 S.
596 2509 894 2582 Gregorii;
932 2513 1026 2568 ubi
1063 2521 1253 2569 tamen
1304 2516 1531 2571 incaute
1565 2523 1693 2587 post
1726 2516 2058 2587 Baronium,

359 2599 699 2670 Gregorium
732 2606 1120 2671 pra/ecturam
1155 2605 1405 2676 gessisse
1437 2606 1664 2674 dicunt,
1697 2607 1966 2676 quamvis
1997 2607 2057 2660 in

354 2690 629 2745 omnibus
672 2691 971 2746 codicibus
1006 2710 1178 2747 manu
1223 2694 1472 2750 exaratis
1512 2697 1630 2750 sive
1677 2695 2053 2763 Epistolarum

354 2779 474 2834 sive
505 2782 650 2834 Vita
683 2797 715 2833 a
742 2779 968 2836 Joanne
999 2781 1249 2838 Diacono
1280 2785 1642 2854 conscripta,
1666 2787 1890 2855 legatur
1917 2801 2058 2856 prae-

350 2875 458 2936 tor,
489 2879 538 2923 et
570 2874 836 2938 praetura,
871 2888 983 2925 non
1017 2878 1329 2942 prec/cetus,
1363 2881 1418 2928 et
1446 2877 1802 2944 praefectura.

422 2956 474 3009 4.
509 2957 725 3011 Prator
768 2957 1052 3023 Urbanus,
1085 2966 1146 3013 ut
1187 2963 1285 3030 jus
1317 2965 1371 3016 in
1425 2961 1574 3017 Urbe
1623 2963 1861 3029 diceret,
1893 2979 2055 3018 crea-

352 3049 444 3099 tus
467 3051 574 3100 est.
597 3047 782 3100 Penes
805 3063 934 3102 eum
959 3056 1078 3102 erat
1105 3050 1296 3104 omnis
1324 3050 1542 3122 publici
1568 3051 2052 3123 privatiquejuris

353 3137 609 3204 potestas
636 3151 649 3190 :
677 3133 820 3188 adeo
853 3139 918 3189 ut
951 3152 1160 3191 novum
1188 3139 1287 3207 jus
1315 3140 1583 3206 condere,
1615 3149 1666 3194 et
1699 3147 1860 3195 vetus
1890 3140 2054 3196 abro-

351 3239 486 3292 gare
536 3229 746 3294 posset.
782 3227 854 3279 Ut
902 3227 1260 3292 auctoritate,
1293 3231 1376 3283 sic
1425 3229 1726 3300 dignitatis
1771 3236 2052 3300 apparatu

351 3317 407 3366 et
439 3312 714 3382 insigniis
760 3314 1100 3370 consulibus
1144 3333 1289 3386 pene
1316 3334 1420 3387 par
1466 3320 1788 3374 videbatur.
1821 3319 2054 3376 Primus

351 3401 447 3471 qui
499 3408 809 3472 praturam
860 3405 1184 3462 obtinuisse
1225 3405 1282 3461 in
1332 3406 1481 3464 Urbe
1533 3415 1910 3478 memoratur,
1946 3411 2054 3465 fuit

351 3490 562 3548 Furius
585 3491 890 3557 Camillus,
909 3493 1300 3552 Romanorum
1325 3514 1445 3552 sua
1463 3499 1648 3553 atatis
1670 3499 2049 3570 clarissimus,

349 3582 450 3650 qui
483 3582 776 3637 multoties
800 3585 1044 3654 patriam
1079 3601 1242 3640 suam
1281 3588 1338 3642 in
1371 3586 1689 3643 libertatem
1716 3589 2047 3644 vindicavit.

351 3669 499 3737 Quid
525 3669 580 3725 in
619 3672 724 3726 hac
755 3673 1121 3745 amplissima
1143 3676 1422 3747 dignitate
1451 3679 1695 3750 gesserit
1717 3681 2048 3750 Gregorius,

348 3760 608 3830 ignorari
639 3779 672 3816 a
696 3762 863 3818 nobis
911 3766 1130 3833 voluit;
1162 3768 1473 3836 conjicitur
1500 3773 1690 3824 tamen
1724 3785 1793 3825 ex
1823 3785 2049 3824 morum

351 3849 826 3920 probitate,juris
849 3854 1290 3925 peritia,judicii
1313 3859 1666 3923 maturitate,
1683 3859 2048 3926 strenuitate,

349 3939 401 3992 vi
437 3939 728 3996 indefessa
759 3940 815 3996 in
866 3943 1168 4000 laboribus
1198 3954 1250 4002 et
1281 3947 1549 4019 negotiis,
1583 3948 1833 4019 denique
1864 3965 1929 4003 ex
1971 3951 2053 4004 tot

350 4027 650 4099 tantisque
670 4028 848 4086 animi
875 4031 1109 4087 dotibus
1132 4034 1342 4104 quibus
1367 4035 1553 4106 magis
1579 4053 1754 4108 quam
1781 4053 2048 4108 purpura

351 4115 660 4188 splendore
712 4118 1108 4192 praefulgebat,
1143 4139 1274 4178 eum
1306 4124 1510 4194 optimi
1551 4128 1812 4195 pratoris
1857 4132 2052 4197 partes

351 4223 557 4262 omnes
601 4207 846 4276 obiisse;
893 4211 1046 4264 unde
1094 4211 1407 4282 singularis
1437 4211 1532 4268 ille
1583 4231 1749 4269 amor
1779 4231 1890 4286 quo
1938 4216 2050 4272 Ro-

349 4295 502 4348 mani
529 4295 681 4351 cives
717 4297 906 4366 ipsum
945 4303 1228 4370 prosecuti
1273 4310 1432 4368 sunt,
1466 4303 1683 4375 quique
1715 4305 1960 4360 maxime
1993 4306 2052 4360 in

352 4383 478 4452 ejus
511 4384 581 4437 ad
627 4386 1025 4454 pontificatum
1069 4388 1348 4445 electione
1395 4391 1622 4447 enituit.
1659 4395 1857 4466 Itaque
1899 4393 2051 4448 haud

2243 1804 2296 1856 5.
2325 1801 2402 1856 De
2434 1801 2532 1856 illo
2564 1818 2702 1856 sane
2733 1801 2815 1856 ita
2845 1801 3048 1855 scribit
3080 1800 3294 1856 Paulus
3326 1800 3616 1856 Diaconus
3645 1815 3659 1855 :
3692 1800 3786 1854 Hic
3819 1798 3882 1854 in

2173 1894 2338 1950 annis
2378 1891 2786 1956 adolescentia,
2840 1893 2900 1947 in
2945 1893 3138 1962 quibus
3192 1889 3330 1947 solet
3379 1889 3700 1961 hujusmodi
3744 1899 3886 1946 atas

2173 1984 2362 2040 saeculi
2405 1984 2520 2036 vias
2568 1981 2807 2052 ingredi,
2841 1981 2946 2037 Deo
2992 1983 3151 2051 capit
3191 1980 3410 2036 devotus
3447 1981 3701 2046 existere,
3731 1984 3780 2036 et
3810 1981 3889 2035 ad

2171 2088 2428 2143 superna
2466 2075 2588 2128 vita
2635 2071 2879 2143 patriam
2933 2071 3059 2126 totis
3101 2071 3392 2126 desideriis
3438 2069 3725 2126 anhelare.
3773 2068 3887 2126 Vix

2173 2163 2409 2232 quidem
2445 2179 2664 2217 annum
2699 2161 3038 2229 vigesimum
3069 2159 3360 2231 attigerat,
3396 2175 3524 2214 cum
3557 2159 3883 2229 frequenti-

2171 2251 2279 2306 bus
2311 2250 2795 2306 collocutionibus
2829 2267 2862 2304 a
2891 2250 3058 2304 beato
3099 2249 3499 2316 Constantino,
3526 2248 3584 2304 S.
3623 2248 3881 2304 Benedi-

2171 2342 2243 2396 cti
2277 2341 2564 2412 discipulo
2596 2341 2842 2411 ejusque
2873 2341 2928 2394 in
2965 2339 3302 2395 monasterii
3337 2338 3676 2394 Casinensis
3721 2339 3881 2411 regi-

2172 2430 2328 2485 mine
2374 2447 2727 2496 successore,
2762 2429 2859 2501 qui
2911 2446 3066 2485 anno
3117 2427 3348 2484 circiter
3392 2429 3483 2495 60,
3519 2445 3699 2500 supra
3744 2429 3877 2496 500,

2169 2519 2385 2574 obiisse
2434 2519 2668 2586 legitur,
2695 2519 2818 2587 jam
2861 2518 3058 2573 omnia
3103 2534 3246 2586 pene
3275 2534 3402 2588 qua
3452 2518 3522 2571 de
3554 2517 3758 2573 eodem
3813 2516 3874 2571 Ξ.

2170 2608 2474 2664 Benedicto
2518 2609 2751 2677 scripsit
2801 2613 2920 2662 toto
2965 2607 3065 2662 lib.
3113 2624 3153 2662 ιι
3203 2608 3570 2675 Dialogorum
3623 2607 3875 2676 perfecte

2168 2699 2472 2767 didicerat,
2497 2703 2560 2752 ut
2593 2697 2717 2768 ipse
2740 2696 3053 2768 Gregorius
3082 2701 3355 2751 testatum
3383 2695 3619 2766 reliquit
3648 2695 3705 2750 in
3738 2694 3873 2751 luu-

2166 2789 2282 2842 dati
2333 2787 2468 2842 libri
2517 2786 2734 2857 Dialog.
2789 2785 3161 2857 prafatione;
3200 2786 3351 2840 unde
3402 2785 3693 2856 intelligas
3739 2802 3874 2856 qua

2167 2879 2383 2933 fuerint
2433 2876 2786 2933 nobilissimi
2816 2876 2994 2948 huju
3033 2877 3269 2946 juvenis
3301 2877 3515 2931 studia.
3552 2875 3628 2930 De
3660 2877 3871 2931 eodem

2165 2973 2534 3038 argumento,
2566 2966 2782 3023 scilicet
2835 2967 2905 3022 de
2937 2965 2995 3021 S.
3038 2965 3327 3020 Benedicti
3371 2965 3507 3032 vita,
3542 2965 3877 3035 frequenter

2167 3054 2337 3111 etiam
2371 3054 2620 3125 colloqui
2669 3053 2891 3110 solebat
2920 3070 3053 3108 cum
3110 3051 3530 3121 Valentiniano,
3563 3053 3660 3123 qui
3694 3053 3874 3108 annis

2167 3145 2368 3199 multis
2404 3144 2756 3199 monasterio
2785 3142 3155 3198 Lateranensi
3183 3143 3449 3214 prat’uit;
3483 3157 3612 3196 cum
3643 3141 3878 3212 Simpli-

2163 3236 2272 3302 cio,
2307 3234 2406 3304 qui
2445 3234 2505 3288 S.
2541 3232 2827 3288 Benedicti
2873 3234 3378 3304 congregationem
3416 3235 3546 3302 post
3585 3247 3717 3285 eum
3747 3234 3874 3285 ter-

2162 3323 2281 3378 tius
2305 3323 2485 3388 rexit;
2511 3327 2721 3377 etcum
2745 3320 3058 3387 Honorato,
3084 3319 3183 3391 qui
3207 3319 3552 3374 Sublacensi
3579 3323 3878 3374 monaste-

2164 3413 2248 3468 rio
2281 3417 2522 3483 praerat
2547 3437 2560 3479 ;
2587 3413 2829 3484 jamque
2861 3416 2996 3466 tunc
3028 3413 3096 3465 ad
3131 3409 3395 3466 arctioris
3425 3415 3481 3465 et
3513 3407 3877 3481 perfectioris

2163 3503 2290 3558 vita
2325 3502 2682 3574 propositum
2713 3499 2947 3556 accendi
2980 3500 3300 3556 videbatur.

2234 3595 2307 3643 At
2337 3595 2683 3661 conceptum
2719 3590 2852 3644 vita
2878 3588 3211 3644 monasticae
3241 3587 3595 3642 desiderium
3626 3585 3874 3657 implere

2163 3679 2257 3733 diu
2285 3678 2533 3744 distulit,
2551 3680 2751 3734 utilem
2775 3695 2836 3732 se
2859 3677 2978 3732 suis
3001 3676 3336 3733 concivibus
3361 3675 3726 3739 existimans,
3745 3691 3870 3732 me-

2164 3767 2394 3840 liusque
2419 3773 2632 3839 putans
2664 3767 2929 3823 saculari
2953 3765 3156 3822 habitu
3188 3764 3438 3835 contegi,
3463 3765 3573 3819 sub
3595 3779 3708 3835 quo
3733 3779 3868 3835 spe-

2163 3859 2424 3913 cietenus
2464 3862 2690 3912 tantum
2742 3855 2951 3913 saculo
3001 3855 3250 3912 militare
3299 3853 3412 3910 sibi
3461 3854 3868 3925 persuadebat,

2163 3963 2338 4016 quam
2372 3948 2715 4001 exteriorem
2741 3945 2967 4001 cultum
3002 3950 3250 4000 mutare.
3274 3943 3475 3998 Postea
3504 3947 3699 3997 tamen
3733 3942 3870 4013 pius

2165 4040 2392 4108 prator,
2417 4053 2550 4091 cum
2575 4036 2814 4091 intimos
2839 4035 3017 4090 animi
3042 4051 3250 4090 sensus
3271 4033 3567 4102 explorare
3589 4031 3874 4088 scrutari-

2164 4143 2275 4198 que
2299 4142 2446 4195 sape
2471 4127 2890 4191 consuevisset,
2915 4123 3326 4180 animadvertit
3359 4123 3618 4190 tandem,
3646 4119 3872 4177 ccelesti

2165 4216 2387 4271 lumine
2410 4215 2752 4283 illustratus,
2781 4214 2986 4270 inolita
3006 4231 3069 4269 se
3090 4214 3217 4268 vita
3241 4211 3535 4268 sacularis
3560 4220 3876 4268 consuetu-

2165 4307 2298 4362 dine
2312 4306 2643 4362 devinctum
2661 4303 3625 4377 mundiqueblanditiisirretitum,
3645 4302 3704 4358 in
3721 4302 3872 4372 ipsis

2165 4397 2565 4468 relinquendis
2611 4413 2802 4452 moras
2839 4402 3090 4465 nectere,
3125 4410 3312 4466 neque
3345 4409 3583 4464 corpore
3614 4398 3869 4458 tantum,

353 4471 531 4526 dubie
559 4489 660 4527 suo
705 4479 823 4529 tum
859 4477 1126 4547 exemplo
1159 4478 1353 4534 docuit
1384 4481 1537 4552 quod
1590 4488 1787 4552 postea
1820 4484 2057 4555 scripsit
2085 4489 2132 4556 Β
2167 4491 2231 4541 ut
2263 4486 2408 4541 falso
2436 4491 2758 4557 potaverat,
2785 4485 2886 4541 sed
2920 4485 3043 4555 ipso
3077 4484 3290 4539 mentis
3322 4483 3532 4538 affectu
3563 4483 3620 4537 in
3653 4480 3871 4538 saculo

352 4561 421 4614 ad
458 4561 757 4619 Iustinum
786 4565 995 4621 Sicilia
1020 4574 1316 4638 pratorem
1341 4588 1360 4624 ,ο
1390 4570 1551 4626 Nulla
1574 4588 1664 4626 vos
1689 4573 1844 4628 lucra
1865 4575 1937 4628 ad
1961 4576 2051 4629 in-

344 4649 618 4717 justitiam
657 4655 1007 4724 pertrahunt,
1031 4658 1240 4715 nullius
1265 4660 1347 4714 vel
1369 4662 1558 4725 minae,
1583 4662 1668 4716 vel
1689 4662 1953 4721 amicitiae
1985 4665 2053 4720 ab

348 4738 551 4796 itinere
571 4745 920 4800 rectitudinis
941 4745 1249 4816 deﬂectunt.
1277 4750 1448 4818 Quam
1473 4753 1543 4807 sit
1567 4755 1678 4807 vita
1704 4754 1882 4809 brevis
1902 4754 2051 4826 aspi-

351 4833 482 4900 cite,
513 4831 582 4886 ad
611 4848 767 4903 quem
799 4835 1118 4908 quandoque
1149 4839 1287 4895 ituri
1316 4845 1448 4898 estis
1485 4843 1755 4908 Judicem,
1787 4844 1885 4916 qui
1901 4845 2054 4916 judi-

350 4923 588 4978 ciariam
623 4929 939 4996 potestatem
985 4931 1195 5000 geritis,
1226 4931 1477 5003 cogitate.
1513 4934 1755 4990 Solerter
1801 4951 1928 5006 ergo
1962 4938 2049 4991 in-

351 5013 616 5068 tuendum
666 5019 764 5083 est,
806 5017 946 5088 quod
992 5025 1187 5074 cuncta
1241 5019 1401 5078 lucra
1445 5022 1533 5078 hic
1579 5023 1966 5095 relinquimus,
1998 5031 2051 5080 et

347 5103 492 5158 solas
541 5105 1011 5173 dispendiowrum
1063 5106 1348 5166 lucrorum
1404 5129 1600 5168 causas
1648 5114 1932 5170 nobiscum
1978 5113 2051 5170 ad

340 5189 611 5258 judicium
645 5195 1010 5264 deportamus.
1044 5199 1266 5268 (Regist.
1303 5201 1340 5256 ι.
1375 5218 1412 5267 ι,
1436 5217 1522 5269 ep.
1555 5205 1630 5273 2.)

387 5364 398 5377 .
426 5275 498 5332 Ut
521 5285 926 5339 consuetudini
959 5295 1014 5342 et
1045 5289 1310 5360 dignitati
1347 5308 1562 5348 morem
1592 5299 1812 5362 gereret
1843 5294 2054 5366 Grego-

353 5371 490 5429 rius,
514 5371 687 5423 serico
713 5379 987 5429 contectus
1007 5394 1074 5430 ac
1092 5382 1335 5448 gemmis
1365 5381 1701 5438 micantibus
1721 5384 1911 5439 solitus
1932 5387 2049 5440 erat

341 5475 450 5530 per
479 5458 672 5515 Urbem
702 5465 991 5528 procedere
1019 5469 1310 5539 trabeatus,
1338 5473 1529 5543 inquit
1559 5474 1705 5530 alter
1736 5475 2048 5548 Gregorius

349 5549 590 5615 Turon.,
627 5567 658 5604 a
699 5567 814 5621 quo
846 5551 966 5608 hac
1007 5556 1135 5628 ipsa
1164 5561 1337 5615 verba
1381 5567 1684 5619 mutuatus
1715 5569 1800 5620 est
1833 5567 2049 5622 Paulus

344 5637 638 5696 Diaconus
669 5639 852 5707 (Num.
884 5642 960 5713 2).
995 5642 1207 5701 Verum
1239 5648 1350 5704 sub
1383 5651 1763 5710 sacularibus
1795 5655 2045 5727 pompis,

2163 4576 2417 4631 retineri.
2453 4577 2672 4630 Cuncta
2701 4575 2899 4646 itaque
2939 4572 3186 4630 sollicite
3219 4572 3444 4645 fugiens
3475 4580 3702 4642 portum
3737 4587 3868 4626 mo-

2164 4665 2419 4722 masterii
2454 4666 2636 4737 petiit,
2670 4671 2725 4722 et
2756 4663 2974 4720 relictis
3006 4681 3128 4732 qua
3162 4663 3365 4718 mundi
3395 4667 3550 4726 sunt,
3586 4677 3651 4716 ex
3683 4659 3869 4730 hujus

2159 4755 2286 4812 vita
2317 4756 2619 4826 naufragio
2654 4755 2846 4811 nudus
2877 4753 3078 4820 evasit,
3100 4761 3158 4807 ul
3191 4753 3317 4824 ipse
3348 4750 3546 4807 scribit
3577 4749 3651 4806 ad
3684 4749 3867 4806 Lean-

2162 4848 2332 4903 drum
2365 4845 2424 4901 in
2457 4845 2698 4917 epistola
2733 4860 2904 4915 quam
2935 4842 3100 4900 libris
3132 4841 3435 4898 Moralium
3469 4839 3868 4912 pramisimus

2160 4935 2354 4991 statim
2387 4936 2459 4990 ab
2490 4934 2741 4991 exordio.

2228 5026 2282 5081 6.
2327 5027 2648 5094 Antequam
2697 5029 2894 5080 autem
2939 5022 3150 5079 saculo
3201 5021 3475 5078 nuntium
3528 5019 3864 5077 remitteret

2159 5117 2218 5172 In
2254 5117 2415 5172 rebus
2447 5117 2680 5186 prapriis
2699 5131 2798 5170 sea:
2828 5117 2883 5170 in
2903 5113 3101 5170 Sicilia
3132 5112 3463 5169 monasteria
3486 5111 3865 5180 cotigregavit,

2159 5209 2224 5260 ut
2273 5205 2529 5276 loquitur
2576 5204 2807 5261 illorum
2859 5209 3188 5274 temporum
3249 5201 3498 5272 scriptor
3545 5198 3869 5272 Gregorius

2157 5294 2375 5350 Turou.
2431 5295 2569 5366 (Lib.
2617 5311 2672 5364 x,
2725 5310 2770 5351 c.
2825 5296 2897 5362 1),
2938 5295 3226 5364 septimum
3273 5292 3425 5360 infra
3472 5290 3620 5345 urbis
3677 5289 3871 5348 Romae

2156 5401 2343 5440 muros
2387 5387 2648 5451 instituit,
2680 5384 2880 5454 quibus
2927 5387 3137 5438 tantam
3168 5381 3422 5450 delegans
3465 5390 3740 5436 terrarum
3771 5395 3871 5435 co-

2151 5474 2326 5547 piam,
2359 5483 2564 5544 quanta
2595 5473 2664 5528 ad
2705 5475 2910 5527 victum
2940 5471 3327 5542 quotidianum
3353 5467 3714 5541 praebendum
3742 5471 3870 5538 suf-

2157 5565 2365 5635 ﬁceret,
2399 5566 2615 5635 reliqua
2641 5563 2912 5634 vendidit,
2943 5577 3068 5617 cum
3096 5560 3249 5618 omni
3277 5559 3536 5632 praesidio
3567 5575 3632 5614 ac
3657 5573 3872 5631 paupe-

2157 5653 2309 5710 ribus
2339 5656 2601 5725 erogavit.
