4106 6174
210 222 328 284 253

668 221 729 284 S.
779 221 1150 284 GREGORII
1198 221 1440 284 MAGNI
1494 219 1690 295 Vl'l‘A,
1744 221 1835 281 EX
1885 222 2068 287 EJUS
2114 225 2461 289 SCRIPTIS
2507 228 2966 290 ADOltNATA.
3024 231 3166 291 LIB.
3217 233 3266 293 Ι.

3620 230 3737 290 954

275 355 554 412 Observet
603 354 695 410 hic
755 354 938 411 obiter
995 356 1290 412 studiosus
1337 357 1536 424 lector,
1588 356 1904 413 consilium
1940 361 1997 426 Α
2025 357 2326 416 biennium
2362 361 2654 433 integrum
2685 366 3110 418 commoratum
3138 378 3264 417 esse
3295 366 3510 417 censet.
3538 361 3726 432 Hujus

210 446 473 501 munifici
499 461 565 500 ac
598 446 673 516 pii
707 445 1027 501 fundatoris
1060 465 1174 503 nou
1201 447 1383 504 fuisse
1409 453 1471 503 ut
1494 448 1760 503 monachi
1790 465 1919 518 pro-

207 537 328 605 prio
349 535 554 592 labore
571 535 678 591 sibi
697 538 775 606 (η)
791 538 1002 593 victum
1024 554 1281 610 quarere
1304 545 1665 609 cogerentur.
1691 539 1758 593 Et
1780 553 1920 593 sane

205 628 258 680 in
289 626 575 681 omnibus
596 626 859 697 epistolis
887 627 946 682 in
974 628 1189 698 quibus
1220 629 1290 684 de
1322 627 1694 684 monasteriis
1739 629 1915 683 insti-

205 718 443 772 tuendis
467 717 606 789 agit,
639 717 714 773 iis
745 717 1034 790 assignari
1057 719 1178 775 vult
1202 720 1559 776 sufficientes
1583 721 1806 775 reditus
1845 720 1916 774 ad

209 807 332 860 vita
358 806 709 862 necessaria.
732 811 840 862 Sex
870 807 971 863 illa
991 808 1200 865 Sicilia
1237 811 1584 866 monasteria
1607 812 1919 865 enumerat

216 901 346 966 post
405 895 670 952 Rocbum
727 897 956 952 Pirrum
1015 898 1384 955 Mabillonius
1439 899 1647 955 Annal.
1703 900 1914 954 Bened.

207 986 307 1042 lib.
339 1002 414 1052 γι,
465 1001 596 1058 pag.
635 987 759 1053 164,
790 992 847 1044 et
877 988 947 1043 de
995 988 1200 1044 iisdem
1251 989 1523 1062 deinceps
1567 1005 1720 1062 sape
1775 991 1915 1060 agit.

205 1072 352 1144 Opes
388 1075 462 1130 ad
498 1076 618 1130 hac
651 1077 988 1132 aedificanda
1018 1082 1074 1133 et
1105 1078 1534 1135 sufﬁcientibus
1557 1080 1790 1152 pradiis
1821 1080 1921 1135 do-

205 1164 378 1219 tanda
413 1167 796 1232 necessarias,
831 1165 1193 1238 liberamque
1225 1167 1293 1223 iis
1335 1170 1531 1225 utendi
1582 1169 1917 1224 facultatem

199 1259 558 1309 consecutus
613 1255 803 1310 fuerat
858 1257 1170 1328 Gregorius
1231 1263 1543 1328 parentum
1623 1258 1806 1320 obitu.
1867 1259 1914 1313 si

192 1342 370 1396 Pauio
407 1342 665 1398 Diacono
722 1344 862 1399 fides
885 1345 982 1400 sit.
1034 1349 1244 1401 Contra
1294 1363 1425 1402 vero
1472 1347 1730 1403 Joannes
1783 1347 1914 1402 Dia-

197 1448 384 1487 conns
409 1431 780 1503 scribit(Lib.
818 1450 859 1503 ι,
892 1451 948 1489 n.
981 1435 1036 1505 9)
1071 1435 1307 1492 Silviam
1345 1437 1472 1505 ejus
1512 1446 1757 1491 matrem
1805 1437 1916 1507 ipsi

191 1521 484 1577 monacho
514 1522 807 1592 legumina
847 1523 1233 1580 ministrasse.
1259 1528 1444 1581 Locus
1482 1542 1617 1597 ergo
1649 1525 1814 1581 Pauli
1845 1529 1916 1582 de

195 1610 320 1665 solo
355 1609 658 1667 Gordiano
688 1621 849 1683 patre
880 1613 1103 1668 videtur
1138 1615 1535 1684 accipiendas.

263 1702 595 1770 Septimum
666 1705 819 1774 quod
862 1704 920 1762 in
972 1703 1116 1776 ipsis
1170 1706 1389 1761 adibus
1448 1707 1704 1779 paternis
1783 1725 1915 1763 con-
1947 1732 1994 1798 B

191 1793 409 1847 struxit
434 1794 1128 1864 monasterium,celebre
1153 1795 1259 1850 fuit
1283 1797 1608 1854 coenobium
1633 1800 1710 1868 (b)
1733 1802 1788 1852 S.
1808 1799 1914 1854 An-

190 1881 340 1935 dreae
375 1881 450 1934 ad
484 1881 712 1938 Clivum
773 1883 997 1950 Scauri,
1033 1883 1088 1939 in
1124 1901 1234 1955 quo
1270 1885 1392 1957 ipse
1411 1885 1583 1942 vitam
1609 1888 1908 1959 amplexus

188 1974 269 2023 est
298 1972 720 2036 monasricam,
738 1971 1083 2028 Eucherium
1097 2015 1110 2041 ,
1126 1973 1372 2030 Paulinu
1385 1992 1459 2044 m,
1476 1975 1821 2033 Cassiodoru
1835 1994 1909 2047 m,

184 2058 464 2130 aliosque
515 2059 803 2130 plurimos
840 2061 1094 2132 patricia
1127 2079 1192 2118 ao
1236 2066 1537 2121 senatoria
1587 2066 1911 2122 nobilitatis

182 2146 342 2202 viros
388 2147 720 2204 aemulatus.
744 2151 859 2205 Hoc
894 2151 1259 2221 asceterium,
1301 2161 1606 2226 postquam
1638 2174 1671 2211 a
1705 2174 1906 2212 mona-

177 2239 310 2292 chis
373 2238 778 2295 Benedictinis
840 2241 937 2296 diu
1001 2250 1350 2314 occupatum
1402 2245 1626 2317 fuisset,
1656 2247 1904 2304 Joannis

177 2328 426 2382 Diaconi
463 2336 721 2397 tempore
754 2328 966 2386 Grauis
1001 2333 1307 2388 monachis
1340 2344 1617 2403 cesserat,
1654 2337 1895 2393 forsitan

173 2415 475 2486 Stephani
512 2417 586 2473 Ill
616 2417 920 2487 beneﬁcio,
955 2423 1054 2492 qui
1085 2421 1258 2478 etiam
1286 2422 1498 2481 Graecis
1522 2425 1724 2481 tribuit
1746 2427 1902 2482 aliud

178 2507 624 2562 monasterium
685 2525 718 2564 a
774 2525 837 2564 se
912 2517 1337 2578 constructum,
1398 2522 1451 2570 et
1510 2514 1564 2571 S.
1633 2516 1903 2588 Dionysio

166 2597 560 2669 Areopagitas
589 2597 887 2668 dicatum;
930 2606 990 2656 at
1023 2601 1456 2660 Benedictinam
1509 2605 1768 2677 regulam
1820 2623 1908 2662 se-

167 2686 522 2755 quentibus
572 2688 804 2744 tandem
857 2691 1191 2747 restitutum
1222 2698 1310 2749 est
1365 2711 1398 2749 a
1446 2693 1717 2764 Gregorio
1771 2695 1903 2751 XIII

165 2774 334 2830 istud
389 2775 456 2831 S.
507 2775 752 2832 Andrea
799 2780 1223 2850 sanctuarium,
1256 2790 1309 2838 et
1351 2783 1900 2840 Camaldulensibus

166 2866 409 2922 datum.
451 2866 530 2922 De
562 2867 836 2940 Gregorio
867 2887 975 2926 sua
1033 2876 1143 2928 Deo
1193 2883 1567 2930 consecrante
1617 2880 1705 2932 sat
1752 2876 1899 2931 dixi-

165 2956 657 3022 mus;eumdem
690 2957 947 3030 seipsum
988 2966 1176 3017 totum
1227 2964 1554 3022 offerentem
1601 2965 1728 3020 vita
1780 2983 1900 3022 mo-

172 3045 430 3101 nasticc
510 3046 870 3117 professione
943 3049 1268 3108 videamus.
1327 3053 1437 3126 (Cf.
1513 3055 1676 3112 Joan.
1745 3056 1896 3113 Diae.

173 3134 215 3202 l,
242 3151 324 3200 vr,
358 3152 425 3190 η.
457 3133 552 3189 82.

247 3221 300 3278 7.
340 3221 750 3294 lncongruum
793 3225 1046 3297 cuipiam
1097 3227 1342 3285 fortasse
1392 3231 1682 3287 videbitur
1740 3234 1903 3303 pium

177 3309 370 3365 virum
409 3311 472 3366 in
505 3311 639 3382 ipsa
670 3313 872 3384 patria,
907 3315 964 3370 in
998 3315 1126 3387 ipsa
1157 3318 1298 3373 urbe
1329 3336 1454 3389 qua
1482 3321 1609 3392 ejus
1641 3321 1907 3393 imperiis

182 3403 484 3470 paruerat,
533 3417 827 3458 secessum
874 3403 987 3460 sibi
1040 3407 1543 3481 tranquillamque
1594 3410 1906 3466 stationem

183 3489 519 3557 quasiisse.
553 3491 625 3544 At
653 3506 786 3546 vero
820 3491 1016 3547 nullus
1044 3499 1166 3550 erat
1195 3495 1254 3552 in
1286 3501 1408 3553 tota
1458 3497 1620 3553 Italia
1664 3497 1826 3554 locus
1876 3515 1910 3554 a

189 3576 578 3634 barbarorum
615 3582 779 3637 armis
811 3591 866 3637 et
888 3583 1322 3643 incursionibus
1347 3588 1549 3655 tutior,
1572 3606 1637 3646 ac
1663 3590 1908 3662 proinde

190 3668 370 3737 quieti
395 3668 591 3740 aptior
624 3671 766 3728 urbe
806 3671 1007 3740 Roma,
1040 3679 1548 3750 prapugnantibus
1593 3698 1718 3737 eam
1765 3698 1908 3737 san-

191 3758 296 3812 ctis
329 3759 642 3829 apostolis,
677 3767 741 3817 ut
767 3779 920 3832 sape
949 3765 1073 3821 suis
1105 3768 1163 3822 in
1213 3769 1474 3839 epistolis
1515 3771 1726 3826 asserit
1775 3789 1908 3828 san-

188 3847 494 3904 ctissimus
536 3849 723 3918 Pater,
763 3855 817 3907 et
851 3851 1360 3926 Langobardorum
1392 3858 1673 3931 impetum
1707 3868 1902 3917 retun-

189 3937 495 3993 dentibus.

259 4025 326 4080 Ul
355 4042 494 4082 vero
515 4033 800 4100 quantum
825 4031 1020 4090 licebit
1049 4035 1416 4108 assignemus
1462 4057 1577 4111 quo
1621 4046 1902 4114 tempore,

189 4129 378 4185 quave
439 4121 603 4171 atate
649 4115 964 4191 Gregorius
1016 4123 1369 4181 monachum
1419 4126 1696 4196 induerit,
1727 4130 1782 4184 id
1815 4131 1903 4185 fa-

189 4206 348 4258 ctum
375 4203 802 4262 subodorsmur
823 4207 993 4280 paulo
1014 4217 1148 4280 post
1171 4213 1565 4286 subscriptam
1610 4217 1899 4274 Laurentii

188 4293 525 4347 cautionem
559 4294 629 4351 de
651 4311 764 4366 qua
804 4314 983 4370 supra
1025 4317 1187 4356 num.
1215 4303 1270 4371 3,
1296 4303 1403 4360 hoc
1445 4310 1554 4376 est,
1579 4324 1732 4364 anno
1774 4309 1901 4379 575,

189 4396 323 4435 cum
348 4381 815 4454 quadragenario
839 4386 1100 4460 quinque
1132 4391 1301 4448 annis
1322 4399 1474 4451 esset
1509 4398 1719 4452 minor.
1753 4397 1903 4453 Sane

2034 455 2228 505 autem
2286 451 2574 522 opinionis
2622 453 3064 508 fundamentum
3116 459 3299 516 nutat,
3335 452 3451 507 imo
3499 454 3732 523 penitus

2031 539 2354 607 subruitur,
2389 547 2516 611 post
2547 542 2869 598 vindicatos
2903 542 3211 597 Laurentio
3247 543 3613 609 pontificatus
3640 558 3733 595 no-

2033 629 2351 684 vemdecim
2386 647 2590 685 annos.
2623 635 2816 701 Neque
2853 631 3008 685 enim
3044 631 3156 686 alia
3181 630 3402 686 ratione
3433 629 3516 684 vir
3549 630 3731 686 histo-

2031 716 2126 771 ria
2148 717 2546 775 ecclesiastica
2582 719 2970 790 peritissimus
2995 720 3137 775 adeo
3168 719 3456 776 contraxit
3503 723 3736 788 tempus

2029 819 2142 873 quo
2174 804 2232 857 S.
2288 804 2595 876 Gregorius
2645 805 2702 861 in
2757 807 3110 862 monasterio
3163 807 3319 874 Vixit,
3352 823 3531 877 quam
3583 805 3736 875 quod

2027 894 2321 947 Laurentii
2347 895 2398 948 in
2422 895 2673 949 Ecclesia
2702 895 3115 950 Mediolanensi
3151 897 3552 967 episcopatum
3591 894 3734 948 duo-

2029 981 2215 1039 decim
2241 987 2466 1038 tantum
2489 999 2774 1039 annorum
2810 985 2990 1039 fuisse
3023 985 3351 1052 crediderit,
3387 1000 3452 1038 ac
3496 984 3736 1038 inchoa—

2027 1077 2152 1126 tum
2179 1089 2270 1128 an.
2304 1074 2428 1141 581,
2456 1091 2569 1145 quo
2597 1075 2875 1130 emissam
2908 1076 2979 1129 ab
3005 1075 3132 1144 ipso
3169 1074 3499 1129 cautionem
3529 1089 3562 1127 a
3594 1072 3731 1128 Gre-

2026 1162 2187 1233 gorio
2220 1162 2412 1218 adhuc
2439 1170 2678 1233 prretore
2704 1164 3096 1234 subscriptam
3146 1163 3376 1218 asserit.
3773 1151 3778 1154 ’

2102 1252 2343 1307 Etiamsi
2405 1255 2613 1308 veteris
2665 1254 3028 1308 monumenti
3059 1270 3092 1308 a
3132 1252 3468 1308 Mabillonio
3515 1251 3740 1306 laudati

2029 1342 2099 1396 de
2137 1348 2397 1412 tempore
2442 1344 2816 1414 episcopatus
2860 1343 3179 1408 Laurentii,
3215 1341 3376 1397 nulla
3428 1342 3741 1396 haberetur

2029 1432 2197 1495 ratio,
2247 1437 2400 1486 certe
2450 1434 2559 1502 ipsi
2610 1433 2887 1499 Gregorio
2934 1431 3290 1487 credendum
3323 1437 3411 1485 est
3456 1435 3630 1485 toties
3679 1430 3738 1485 in

2029 1523 2381 1577 monasterio
2418 1522 2630 1576 vixisse
2668 1523 2766 1576 diu
2799 1539 2860 1578 se
2897 1521 3151 1586 testanti,
3194 1528 3258 1576 ut
3284 1522 3382 1576 lib.
3409 1537 3460 1586 v,
3494 1536 3582 1590 ep.
3619 1520 3684 1573 48
3721 1535 3734 1574 :

2029 1610 2405 1666 Mar-iniurium
2434 1627 2592 1683 quem
2621 1611 2721 1666 diu
2767 1627 2972 1667 mecum
3020 1611 3261 1666 didicere
3293 1612 3354 1666 in
3398 1610 3732 1664 monasterio

2028 1710 2441 1763 convey-salum;
2469 1706 2525 1756 et
2557 1701 2657 1756 lib.
2693 1717 2754 1755 Ill
2787 1700 3009 1769 Dialog.
3037 1717 3087 1755 c.
3121 1700 3212 1765 33,
3245 1700 3314 1754 de
3356 1697 3691 1753 Eleutherio
3720 1713 3733 1753 :

2026 1790 2132 1845 Diu
2156 1806 2361 1847 mecum
2383 1798 2462 1846 est
2500 1792 2558 1846 in
2596 1791 2698 1848 hac
2731 1794 2863 1846 urbe
2883 1791 2940 1845 in
2981 1805 3098 1846 meo
3137 1790 3468 1845 monasterio
3514 1803 3734 1844 conver-

2023 1889 2197 1937 satus.

2094 1970 2429 2027 Doctissimi
2453 1970 2754 2027 annalista
2786 1970 3160 2042 chronologia
3190 1967 3426 2026 aliunde
3452 1969 3730 2024 evertitur

2022 2076 2055 2115 a
2107 2059 2334 2115 Joanne
2392 2061 2668 2128 Diacono,
2722 2062 2840 2116 imo
2891 2061 2964 2116 ab
3023 2060 3150 2132 ipso
3212 2058 3504 2130 Gregorio.
3568 2058 3715 2115 τοῦ

2026 2148 2291 2221 Dialogos
2321 2149 2391 2206 ab
2421 2167 2485 2206 eo
2518 2151 2769 2222 scriptos
2813 2148 2993 2205 fuisse
3025 2166 3118 2204 an.
3163 2149 3269 2202 593
3301 2155 3396 2202 aut
3441 2147 3546 2201 594
3600 2163 3726 2216 pro-

2022 2238 2356 2295 bavimusin
2390 2240 2727 2311 prafatione
2772 2239 2915 2310 ipis
2957 2238 3185 2310 prafixa
3237 2253 3397 2292 num.
3434 2236 3531 2303 18;
3565 2241 3619 2290 et
3653 2235 3723 2289 iis

2018 2347 2150 2386 vero
2185 2330 2436 2402 Dialogis
2468 2347 2592 2400 cap.
2618 2330 2684 2384 47
2708 2331 2832 2384 libri
2861 2346 2935 2394 iv,
2969 2345 3213 2384 narrans
3247 2327 3468 2382 felicem
3496 2325 3717 2380 exitum

2019 2420 2408 2490 quorumdam
2437 2418 2857 2473 monachorum
2889 2434 3037 2488 quos
3083 2418 3138 2471 in
3193 2414 3540 2470 monasterio
3587 2429 3722 2467 con-

2015 2511 2265 2565 victores
2298 2509 2597 2572 habuerat,
2633 2513 2698 2563 ut
2759 2523 3022 2576 expresse
3080 2507 3246 2560 docet
3299 2505 3554 2560 Joannes
3588 2501 3724 2557 Dia-

2015 2598 2356 2669 conus(Lib.
2393 2614 2432 2662 ι,
2464 2615 2521 2650 η.
2561 2598 2664 2665 19),
2699 2612 2802 2651 nec
2842 2596 3088 2651 obscure
3138 2593 3429 2664 colligitur
3459 2608 3527 2646 ex
3574 2591 3720 2645 Gre-

2013 2688 2154 2758 gorii
2180 2686 2387 2757 verbis,
2408 2685 2612 2741 Meruli
2639 2691 2881 2741 mortem
2909 2691 3038 2740 ante
3057 2700 3243 2739 annos
3274 2678 3713 2752 quatuordecim

2013 2779 2326 2849 contigisse
2368 2777 2611 2844 asserit;
2663 2792 2796 2846 ergo
2835 2774 2922 2831 vel
2967 2774 3185 2830 an.579
3222 2777 3322 2827 aut
3347 2771 3472 2837 580,
3521 2770 3720 2842 proin-

2011 2870 2199 2941 deque
2246 2867 2557 2938 Gregorius
2601 2882 2696 2921 an.
2737 2865 2862 2931 581,
2911 2865 3101 2919 Roma
3150 2868 3356 2931 prator
3404 2877 3516 2916 non
3567 2863 3712 2914 erat.

2009 2959 2109 3013 His
2144 2957 2469 3013 rationibus
2514 2955 2830 3022 trutinatis,
2863 2952 3365 3010 eminentissimus
3396 2947 3713 3005 cardinalis

2015 3047 2278 3103 Norisiu
2311 3045 2534 3102 Baronii
2587 3044 3026 3116 chronologiam
3073 3042 3288 3097 deserit
3336 3041 3394 3094 in
3446 3038 3718 3094 disserta-

2019 3137 2174 3192 tione
2226 3135 2508 3191 historica
2554 3134 2624 3189 de
2673 3133 2904 3205 Synodo
2944 3149 2998 3201 ν,
3031 3134 3058 3199 §
3089 3133 3140 3193 3.
3176 3136 3231 3186 et
3277 3132 3537 3185 nostram
3582 3143 3719 3183 con-

2016 3226 2212 3280 firmat
2269 3223 2642 3280 sententiam.
2677 3221 2861 3293 thue
2901 3221 3105 3292 probet
3134 3220 3192 3274 S.
3225 3217 3570 3289 Gregorium
3617 3216 3716 3270 diu

2015 3323 2306 3372 moratum
2385 3316 2445 3370 in
2523 3313 2900 3380 monasterio,
2969 3312 3207 3367 adducit
3291 3309 3448 3364 hunc
3522 3307 3716 3361 locum

2014 3405 2236 3478 Dialog.
2271 3405 2369 3460 lib.
2406 3421 2487 3473 ιιι,
2511 3421 2560 3460 c.
2586 3404 2674 3465 33,
2702 3402 2799 3458 ubi
2831 3402 2900 3456 de
2936 3399 3264 3455 Eleutherio
3295 3398 3505 3452 abbate
3535 3394 3713 3450 dicit:

2014 3495 2120 3550 Diu
2166 3509 2378 3549 merum
2403 3496 2480 3548 est
2533 3494 2591 3547 in
2641 3491 2794 3558 urbe,
2829 3489 2888 3545 in
2938 3503 3058 3544 meo
3114 3487 3451 3542 monasterio
3497 3497 3720 3538 conver-

2012 3593 2182 3640 satus.

2082 3673 2135 3729 8.
2171 3675 2328 3728 Idem
2361 3669 2859 3728 eminentissimus
2892 3667 3202 3723 Annalium
3253 3665 3501 3735 scriptor
3549 3660 3715 3718 colli-

2012 3763 2092 3836 git
2135 3763 2244 3831 (Ad
2300 3778 2392 3816 an.
2444 3760 2571 3827 581,
2629 3775 2783 3813 num.
2815 3757 2871 3827 8)
2925 3772 2992 3812 ex
3023 3757 3120 3810 lib.
3182 3771 3239 3809 ιν
3299 3755 3588 3823 Dialog.c.
3622 3751 3714 3818 21,

2011 3854 2066 3909 S.
2105 3851 2440 3923 Gregorium
2465 3849 2737 3904 habuisse
2760 3849 2816 3902 in
2840 3847 2957 3902 vita
2982 3845 3298 3900 monastica
3332 3844 3720 3897 institutorem

2010 3942 2340 3998 Valentiam
2383 3957 2483 3996 seu
2529 3937 2923 3994 Valentionem
2972 3935 3262 4002 abbatem,
3296 3933 3387 3988 cui
3433 3931 3717 3986 successit

2013 4030 2425 4096 Maximianus,
2466 4027 2814 4084 Maximiano
2874 4025 3198 4090 Pretiosus;
3263 4027 3394 4094 post
3437 4037 3611 4092 quem
3641 4024 3704 4074 Β.

2009 4121 2249 4177 Andrea
2285 4117 2632 4174 monasterio
2666 4115 2890 4186 prafuit
2920 4113 3166 4169 Probus.
3201 4111 3402 4182 Itaque
3435 4127 3501 4164 ex
3535 4107 3714 4163 abba-

2011 4218 2134 4268 tum
2169 4208 2415 4266 coenobii
2465 4208 2634 4278 hujus
2689 4204 2946 4277 catalogo
3005 4202 3286 4275 expungit
3330 4199 3710 4265 Hilarionem,

2010 4317 2181 4375 quem
2221 4300 2476 4356 Joannes
2531 4296 2818 4352 Diaconos
2869 4294 3123 4366 primum
3174 4289 3435 4362 Gregorii
3485 4292 3708 4359 patrem

2011 4393 2424 4459 doctoremque
2457 4387 2515 4442 in
2540 4383 2878 4439 monasticis
2910 4381 3189 4437 institutis
3221 4380 3433 4445 tradit;
3469 4376 3581 4433 nisi
3613 4377 3705 4431 di-

188 4468 448 4540 plurima
478 4487 599 4540 qua
632 4474 699 4527 de
731 4489 791 4530 se
821 4474 878 4530 in
904 4480 1258 4536 monasterio
1285 4482 1530 4554 degente
1557 4494 1769 4553 narrat,
1797 4492 1899 4543 aut
1930 4481 1983 4545 1)
2017 4495 2213 4536 camus
2243 4477 2594 4531 Hilarionem
2621 4471 2798 4527 alium
2826 4487 2937 4526 non
2958 4487 3080 4526 esse
3103 4487 3134 4524 a
3154 4467 3517 4527 Valentione.
3542 4467 3710 4536 cujus

189 4573 318 4630 qua
368 4559 605 4616 aliunde
658 4563 848 4633 ipsum
898 4569 1151 4638 gessisse
1176 4571 1465 4637 novimus,
1490 4573 1642 4629 infra
1667 4591 1699 4628 a
1729 4578 1899 4633 nobis

190 4647 402 4702 ordine
432 4649 754 4720 referenda,
789 4670 894 4710 nos
925 4655 1166 4713 minime
1204 4659 1406 4718 sinunt
1445 4663 1504 4717 in
1544 4665 1895 4722 sententiam

192 4733 428 4790 Baronii
471 4736 840 4808 descendere,
865 4743 965 4814 qui
990 4745 1083 4802 vix
1117 4762 1251 4805 eum
1282 4747 1340 4804 in
1392 4752 1748 4809 monasterio
1797 4771 1898 4826 per

265 4934 472 5022 (o)_.Ubi
501 4938 1004 5022 monasterii_s_non
1029 4949 1195 5022 erant
1219 4947 1578 5022 sufficienter
1605 4951 1897 5022 assignate

197 5009 927 5088 pradia,_qua_monacbis
959 5015 1295 5073 sufficerent
1338 5020 1407 5074 ad
1441 5021 1653 5077 victum
1705 5009 1761 5077 ὁὶ
1810 5039 1897 5078 ve-

197 5078 418 5163 stitum,
444 5078 562 5134 hac
589 5079 855 5163 Ecclesia
879 5089 1232 5163 sumptibus
1252 5093 1798 5163 suppeditabantur,
1831 5098 1896 5149 ut

198 5149 525 5233 colligimus
554 5153 848 5233 ex_Severi
881 5149 1120 5233 Sulpicii
1171 5149 1406 5233 Dialo'go
1439 5180 1501 5219 ιιι
1544 5166 1611 5220 de
1645 5165 1704 5220 S.
1749 5149 1896 5220 Mar-

196 5221 363 5308 tiae:
395 5221 497 5308 Sed
549 5221 1345 5308 priusquqrnyohdushillud'
1380 5237 1630 5303 (centum
1689 5237 1894 5307 viginti

199 5291 495 5374 librarum)
521 5291 848 5374 monasterii
887 5299 1059 5374 limen
1107 5291 1428 5374 attingeret,
1479 5291 1810 5364 redimeniis
1840 5308 1896 5363 id

199 5368 420 5429 captivi:
461 5368 743 5448 continue
775 5368 1057 5448 deputavit
1083 5374 1162 5448 (S.
1209 5368 1531 5448 Martinus).
1584 5379 1646 5433 Et
1690 5397 1814 5435 cum
1845 5381 1899 5435 ei

197 5441 573 5520 agger-eretur
629 5455 663 5494 a
711 5443 1008 5510 fratribus,
1040 5445 1259 5520 aliquid
1305 5464 1375 5503 ex
1421 5441 1563 5504 eo'in
1612 5459 1897 5520 sumptum

199 5509 510 5562 monasterii
555 5509 957 5570 reseruare..."
993 5509 1358 5590 nos,'inquit,
1390 5520 1661 5578 Eccusui
1692 5509 1757 5578 δι’
1794 5540 1896 5578 pa-

453 5595 718 5647 νεπυιτς
752 5600 1035 5643 ουλωοοο
1067 5604 1227 5645 NIHIL
1256 5606 1463 5650 USIBUB
1493 5609 1778 5656 ουεειιει
1807 5611 1892 5650 νι-

389 5667 446 5704 Β.

389 5667 446 5704 Β.

2011 4569 2227 4627 mentio
2261 4567 2324 4623 fit
2363 4568 2421 4622 in
2472 4564 2822 4635 pralaudato
2875 4561 3006 4616 libri
3037 4577 3092 4617 ιν
3139 4559 3510 4630 Dialogorum
3563 4558 3708 4612 loco.

2007 4659 2225 4717 Asserit
2257 4663 2451 4712 autem
2495 4653 2779 4712 Baronius
2826 4650 3164 4724 Gregorium
3211 4649 3322 4705 sub
3358 4647 3712 4703 Maximiano

2009 4749 2215 4806 abbate
2247 4763 2361 4804 non
2396 4744 2701 4814 militasse,
2740 4742 2892 4816 quod
2925 4741 3025 4797 diu
3060 4754 3173 4796 non
3205 4738 3282 4794 sit
3315 4733 3714 4810 permissusin

2081 4948 2154 5018 (ὁ)
2185 4942 2516 5001 Verisimile
2537 4946 2645 5018 est
2665 4940 2822 5018 aliud
2866 4939 3043 5018 fuisse
3075 4937 3265 5018 Roma
3299 4936 3714 5018 mnonaosteriu‘t‘n

2004 4999 2465 5080 s.‘}indi~éa‘,"ei
2531 5015 2587 5070 S.
2628 5013 2849 5078 Lucia;
2906 5010 3026 5074 alii,
3083 5007 3292 5063 melius
3342 5005 3603 5080 forsit_an,
3653 4999 3708 5056 S.

2011 5074 2183 5148 Luca.
2211 5074 2532 5159 Singularis
2563 5093 2688 5141 erat
2717 5074 2896 5159 causa
2943 5082 3043 5136 SS.
3074 5081 3368 5159 Andream
3399 5080 3455 5128 et
3497 5074 3710 5159 Lucam

2010 5145 2298 5218 i—neodem
2318 5145 2509 5215 ἒιωυι
2536 5159 2694 5213 cultu
2723 5150 3144 5223 conjungendi;
3192 5148 3480 5223 nimirum‘
3509 5145 3714 5223 eodem

2009 5216 2340 5291 die‘sciliicet
2368 5232 2403 5286 6
2435 5229 2589 5294 Maii,
2623 5216 3104 5301 eorum-reliquiis
3127 5217 3428 5301 translata
3457 5216 3708 5301 fuerant.

2009 5288 2727 5373 itide—Hieronymuinde
2783 5288 3175 5373 Scriptoribus
3228 5289 3471 5373 Ecclzin
3535 5288 3706 5373 Ιτιιριιἲ

2009 5378 2194 5446 Hujus
2219 5361 2553 5446 monasterii
2585 5370 2762 5425 abbas
2794 5361 3029 5446 i‘uit’iile
3053 5363 3270 5446 Probus
3295 5362 3393 5432 qui
3422 5361 3710 5446 condendi

2006 5433 2341 5504 tesiamenti
2403 5445 2732 5498 facultatem
2791 5439 3161 5504 impetravit;
3219 5450 3391 5504 qnam
3449 5434 3576 5488 vide
3633 5433 3705 5486 ad

2008 5521 2224 5575 calcem
2251 5517 2664 5590 Epistolarum.
2689 5505 2934 5590 Consule
2959 5509 3212 5564 Annales
3235 5505 3446 5561 Bened.
3482 5505 3580 5561 lib.
3632 5518 3709 5575 ix,

2010 5607 2172 5648 num.
2204 5582 2386 5650 26.'et
2417 5585 2515 5641 lib.
2549 5600 2607 5652 x,
2639 5599 2802 5638 num.
2825 5582 2879 5636 6.
