4132 6172
378 236 494 298 255

828 244 892 306 S.
941 243 1316 307 GREGORII
1365 247 1606 310 MAGNl
1658 249 1856 318 Vl’l‘A,
1910 249 2006 310 EX
2057 243 2233 310 ISJUS
2278 241 2632 308 SGBIPTIS
2682 244 3136 310 ADORNATA.
3187 247 3336 316 LIB.
3385 251 3430 312 Ι.

3770 243 3885 310 256

381 375 732 429 tnonasterio
764 377 990 448 degere,
1024 384 1223 436 contra
1265 381 1634 437 manifestum
1668 381 1908 436 Joannis
1945 381 2074 436 Dia-
2111 383 2162 448 Α
2195 381 2452 449 Projcctis
2489 395 2629 450 quas
2675 382 2864 449 sponte
2914 387 3281 452 assumpserat
3332 382 3603 453 religiosis
3652 383 3892 439 vestibus

378 462 506 515 coni
546 462 686 530 (Lib.
727 482 764 532 1,
796 483 850 519 η.
886 467 937 535 6)
975 470 1371 524 testimonium
1413 471 1505 524 cui
1551 472 1700 525 infra
1731 471 2073 541 sull‘ragabi-

380 568 532 606 mur.
582 555 694 608 Nec
737 555 1226 615 dissimulandum
1284 561 1691 616 doctissimum
1734 563 2074 633 scriptorem

380 639 573 695 adhuc
607 643 747 709 falli,
783 661 916 700 cum
962 647 1281 703 Preliosum
1329 650 1596 705 abbatem
1653 651 1834 706 fuisse
1865 652 1925 706 S.
1971 653 2082 706 An-

381 728 528 784 dreae
561 735 768 788 asserit
812 751 880 789 ex
925 735 1025 791 lib.
1060 754 1113 790 ιν
1166 737 1384 809 Dialog.
1419 755 1467 794 c.
1509 739 1597 806 55,
1638 740 1733 794 ubi
1783 740 2076 796 Pretiosus

381 833 495 872 non
529 818 710 877 abbas
741 824 839 878 sed
878 826 1217 896 praepositus
1258 827 1486 882 dicitur.
1522 829 1718 899 Neque
1770 831 1943 884 etiam
1996 828 2084 884 le-

380 910 572 978 gimus
596 929 721 982 cap.
748 913 810 968 21
837 915 1095 984 ejusdem
1127 916 1281 985 libri,
1311 918 1640 975 Valentium
1669 920 1848 976 fuisse
1868 923 2083 988 Grego-

379 998 448 1050 rii
471 999 526 1052 in
553 1000 664 1054 vita
691 1003 1008 1059 monastica
1043 1006 1458 1075 institutorem,
1485 1025 1618 1064 cum
1645 1010 1714 1064 de
1755 1027 1822 1066 eo
1864 1010 1917 1064 S.
1969 1009 2080 1064 Do-

380 1089 502 1140 ctor
536 1093 764 1145 tantum
798 1092 947 1146 dicat
983 1111 995 1149 ;
1033 1094 1313 1150 Valentius
1342 1097 1440 1167 qui
1459 1104 1578 1168 post
1602 1102 1658 1154 in
1692 1099 1794 1154 hac
1835 1100 2084 1156 Romana

377 1177 532 1243 urbe,
562 1178 723 1248 mihi,
747 1182 886 1235 sicut
917 1186 1075 1248 nosti,
1108 1201 1224 1240 meo
1254 1203 1458 1258 quoque
1476 1191 1705 1259 pre/uit
1724 1188 2079 1246 monasterio.

381 1265 538 1329 Quod
566 1277 794 1337 spectat
813 1271 882 1325 ad
910 1271 1158 1328 Probum
1184 1275 1337 1330 inter
1358 1277 1490 1333 illos
1511 1282 1566 1332 S.
1589 1280 1826 1333 Andreae
1848 1279 2081 1334 abbates

381 1372 414 1408 a
448 1354 692 1412 Baronio
725 1373 1268 1430 commemoratum,
1301 1366 1616 1421 verisimile
1647 1374 1736 1422 est
1765 1369 1863 1423 alii
1888 1369 1944 1424 S.
1974 1376 2087 1424 An-

383 1445 530 1500 dreas
563 1450 842 1506 asceterio
878 1452 1069 1522 ipsum
1115 1455 1439 1524 prefuisse,
1473 1463 1535 1514 ut
1579 1459 1703 1529 jam
1753 1460 2087 1516 monuimus

383 1550 564 1606 supra
591 1536 646 1592 in
685 1546 821 1595 nota
851 1542 922 1596 ad
960 1559 1118 1599 num.
1151 1546 1204 1602 6.

455 1625 653 1696 Itaque
686 1630 771 1683 sic
803 1632 1029 1687 restitui
1075 1635 1248 1690 debet
1304 1635 1583 1693 abbatum
1616 1639 1672 1693 S.
1710 1640 1949 1694 Andreae
2002 1655 2085 1695 se-

381 1714 494 1768 ries
519 1733 532 1770 :
558 1715 836 1786 Hilarion,
873 1721 1194 1791 Valentius,
1228 1724 1613 1782 Maximianus
1637 1729 1754 1798 (qui
1791 1735 1915 1782 tum
1948 1745 2082 1783 cum

383 1802 694 1875 Gregorius
723 1805 945 1878 legatus
978 1821 1201 1866 creatus
1250 1819 1337 1868 est
1383 1816 1681 1871 Andriano
1728 1817 2081 1872 monasterio

381 1897 669 1964 praeerat),
716 1897 959 1967 ipsemet
1009 1899 1319 1972 Gregorius
1354 1903 1470 1974 (qui
1513 1921 1580 1959 ex
1630 1921 1738 1961 sua
1788 1905 2081 1977 legatione

383 1999 645 2038 reversus
706 1989 1122 2045 monasterium
1183 2006 1353 2046 suum
1416 1995 1577 2060 rexit,
1612 2003 1670 2050 ut
1730 1996 1880 2050 infra
1932 1996 2085 2051 vide-

385 2072 622 2146 bimus),
670 2076 918 2148 denique
969 2078 1189 2146 Petrus,
1234 2099 1348 2153 quo
1397 2085 1634 2140 sedente
1681 2092 1920 2142 sanctus
1971 2087 2082 2142 Do-

385 2170 506 2218 ctor
555 2180 691 2219 suos
748 2167 985 2236 scripsit
1045 2168 1332 2240 Dialogos.
1373 2173 1578 2229 Verum
1638 2176 1709 2230 ad
1761 2177 2087 2247 graviorem

387 2251 556 2307 nobis
588 2269 622 2308 a
653 2253 891 2310 Baronio
927 2266 1162 2327 motam,
1195 2262 1264 2315 de
1315 2264 1630 2319 monastico
1682 2266 1832 2335 quod
1884 2266 2092 2335 Grego-

389 2341 512 2396 rius
534 2349 789 2399 sectatus
811 2353 900 2400 est
924 2347 1209 2413 instituto,
1232 2350 1392 2406 litem
1417 2353 1801 2409 dirimendam
1821 2356 1944 2425 jam
1989 2371 2091 2410 ve-

388 2446 640 2486 ntamus.

1058 2528 1296 2587 CAPUT
1328 2531 1421 2589 III.

393 2612 914 2688 Ancn‘ttaarcn..—h1.
943 2618 993 2669 S.
1011 2616 1257 2688 Gregorii
1285 2621 1636 2688 monachatus
1660 2622 2014 2688 indubitatus.
2033 2651 2095 2662 -

453 2689 500 2752 ξ.
535 2677 934 2752 Monachinolim
969 2677 1208 2752 ut__nu'nc
1252 2685 1698 2752 Vestegpecjtliari
1739 2687 1990 2752 insignes.
2033 2688 2095 2737 Et

454 2743 692 2809 tonsura.
713 2739 824 2809 -ξ
863 2743 1068 2809 Baronii
1101 2748 1166 2792 de
1197 2739 1495 2797 monastico
1520 2749 1570 2798 S.
1589 2751 1824 2809 Gregorii
1847 2739 2094 2799 instituto

454 2805 721 2874 sententia
743 2806 1098 2874 refellitur._—
1117 2809 1164 2874 4A.
1190 2809 1255 2874 Et
1269 2816 1448 2858 nostra
1486 2805 1795 2861 adstruitur.
1840 2815 2046 2862 Laudes
2066 2827 2096 2862 a

456 2863 507 2933 Β.
539 2863 790 2923 Gregorio
809 2865 956 2936 data:
989 2870 1109 2936 vita:
1131 2870 1183 2919 S.
1221 2869 1494 2936 Benedicti
1529 2880 1579 2936 et
1609 2874 1845 2936 Boaulia.
1879 2900 1934 2910 -
1963 2875 1994 2923 5
2037 2877 2096 2923 In

455 2929 573 2986 ejus
614 2929 958 2998 monastfrii:
997 2929 1399 2998 observabatur.
1431 2959 1493 2971 —
1536 2934 1584 2983 6.
1621 2935 1767 2984 illius
1800 2937 1958 2986 verba
1986 2951 2096 2998 step

457 2994 699 3057 usurpat.
727 3014 796 3057 _—
822 2988 869 3037 7.
922 2991 1050 3057 Fuit_
1069 2995 1228 3057 etiam
1277 3002 1561 3057 prOpagata
1609 3011 1658 3045 in
1706 2999 1926 3048 Valeria.
1958 3026 2019 3036 —
2046 2988 2094 3051 8.

454 3047 895 3100 AdVersariorum
941 3047 1305 3105 cavillationes
1347 3047 1665 3107 refdtantur.
1692 3085 1753 3098 —
1784 3060 1830 3109 9.
1879 3047 2096 3111 Goncilii

457 3111 893 3183 puziaceneisne
931 3117 1128 3178 Regula
1158 3117 1209 3166 S.
1238 3120 1507 3168 Benedicti
1535 3125 1918 3173 testimonium.
1943 3124 2094 3174 -10,

457 3173 621 3252 aliud.
641 3173 1049 3252 invictissinigm
1073 3188 1504 3252 argumentum._a
1527 3187 1912 3252 prOpaaatione
1937 3173 2100 3252 hujus

460 3237 672 3312 R‘egntm
735 3253 825 3312 per
853 3241 904 3289 S.
960 3237 1200 3312 Gregorii
1248 3237 1559 3312 discipulos.
1594 3237 1652 3284 -ἶ
1683 3237 1758 3297 11.
1812 3237 2099 3300 Nonnullis

459 3299 852 3362 objectionibus
887 3299 1206 3355 occurritur.
1237 3309 1364 3367 (An.
1389 3299 1531 3371 575.)

472 3415 520 3467 1.
555 3415 892 3488 Gregorium
928 3423 1279 3479 monachum
1311 3425 1489 3482 fuisse
1521 3444 1690 3484 nemo
1733 3429 2002 3484 cordatus
2036 3446 2100 3484 ac

397 3521 577 3560 sanus
601 3524 813 3578 negare
832 3517 1039 3582 potest,
1065 3516 1217 3584 quod
1251 3516 1322 3571 de
1351 3534 1414 3573 se
1443 3519 1610 3575 toties
1633 3521 1756 3591 ipse
1789 3521 2003 3576 clamat
2021 3520 2096 3593 (a)

399 3599 522 3651 tum
555 3596 613 3651 in
654 3597 927 3672 Dialogis,
963 3607 1088 3658 tum
1121 3606 1194 3674 (b)
1227 3606 1382 3662 hom.
1411 3609 1475 3662 12
1507 3610 1566 3664 in
1609 3609 1940 3681 Evangelia,
1973 3617 2098 3665 tum

399 3686 455 3739 in
488 3686 559 3757 (ε)
585 3689 804 3758 praefat.
829 3693 897 3745 ad
922 3691 1104 3750 libros
1128 3694 1320 3751 Mora].
1346 3714 1446 3753 seu
1470 3699 1714 3764 epistola
1745 3702 1814 3756 ad
1849 3700 2104 3756 S.Lean-

401 3775 592 3844 drum,
626 3777 724 3833 ubi
757 3780 893 3835 texit
924 3780 1228 3840 historiam
1273 3789 1670 3845 conversionis
1718 3806 1837 3846 suae
1882 3791 1978 3846 diu
2011 3792 2102 3846 di-

399 3865 548 3934 latae,
583 3869 734 3938 quod
769 3871 1112 3929 exteriorem
1147 3874 1371 3932 cultum
1407 3886 1631 3935 mutare
1654 3879 1964 3936 molestum
1988 3880 2101 3953 ipsi

400 3956 565 4026 foret,
592 3959 843 4015 maxime
873 3977 1005 4017 cum
1033 3963 1140 4019 sub
1173 3967 1440 4022 saeculari
1474 3968 1676 4024 habitu
1709 3969 1824 4026 Deo
1852 3987 1913 4026 se
1933 3987 2103 4042 posse

403 4047 653 4103 militare
685 4066 797 4106 non
830 4049 1144 4110 dubitaret.
1177 4058 1283 4111 Sed
1333 4057 1553 4113 caelesti
1598 4059 1822 4116 lumine
1871 4061 2105 4118 afﬂatus

401 4149 593 4190 moras
625 4138 802 4208 rupit,
833 4141 1253 4197 monasterium
1289 4146 1470 4213 petiit,
1502 4151 1558 4201 et
1600 4163 1668 4202 ex
1711 4149 1916 4204 mundi
1964 4165 2105 4205 nau-

405 4224 585 4295 fragio
630 4229 820 4281 nudus
865 4229 1070 4286 evasit.
1123 4230 1280 4287 Idem
1333 4234 1403 4289 de
1437 4234 1535 4290 illo
1579 4237 1748 4292 docet
1796 4237 2104 4311 Gregorius

402 4312 782 4384 Turonensis,
816 4324 1148 4391 mutataque
1181 4323 1430 4392 pretiosa
1460 4333 1513 4380 et
1545 4327 1819 4384 micantia
1859 4331 2108 4400 gemmis

405 4401 750 4460 indumenta
781 4405 837 4460 in
870 4407 1043 4463 vilem
1074 4411 1344 4468 vestitum
1379 4414 1642 4470 miratur.

2189 470 2535 524 indumentis
2564 486 2620 525 se
2641 470 2796 525 laicis
2825 471 3160 537 deturpavit.
3199 472 3316 527 Lib.
3343 490 3419 540 lx,
3444 490 3532 545 ep.
3573 474 3694 539 114,
3731 473 3894 528 habi-

2189 567 2313 616 tum
2351 561 2749 616 monachicum
2783 579 3009 618 sacram
3029 572 3243 619 vestem
3277 564 3543 636 appellat.
3574 566 3732 620 Idem
3755 581 3891 620 con-

2191 651 2383 705 ﬁcitur
2403 666 2470 704 ex
2489 651 2646 705 hom.
2671 651 2738 707 40
2769 650 2826 706 in
2866 651 3225 709 Ezechielem
3263 671 3421 708 num.
3457 655 3508 708 8.
3534 655 3712 708 Missa
3742 653 3892 709 facio

2192 741 2630 814 quamplurima
2653 742 2766 798 alia
2797 743 3149 810 testimonia,
3170 745 3226 800 in
3251 745 3466 816 quibus
3487 743 3899 800 coacervandis

2192 834 2407 888 frustra
2436 838 2669 904 tempus
2694 837 2958 889 tererem.

2266 919 2336 974 Ut
2358 919 2640 990 singulari
2662 924 2837 985 veste,
2864 920 2944 975 ita
2963 922 3139 976 etiam
3172 926 3415 977 tonsura
3443 921 3701 992 insignes
3735 925 3900 978 erant

2193 1007 2498 1072 monachi;
2559 1009 2712 1078 quod
2765 1008 2821 1062 S.
2852 1010 3194 1065 Benedictus
3245 1009 3398 1066 clare
3445 1011 3616 1066 docet
3664 1009 3897 1083 Regulae

2197 1115 2245 1154 c.
2297 1099 2347 1167 1,
2399 1097 2467 1154 de
2519 1097 3065 1170 pseudomonachis,
3101 1099 3349 1155 dicens:
3386 1100 3605 1155 Mentiri
3656 1101 3758 1155 Deo
3803 1115 3901 1170 per

2196 1193 2482 1244 tonsuram
2528 1197 2844 1244 noscuntur.
2879 1187 2942 1243 ld
2979 1187 3154 1244 etiam
3189 1188 3408 1260 liquido
3455 1193 3686 1245 constat
3730 1205 3799 1244 ex
3832 1188 3897 1244 S.

2196 1279 2467 1351 Gregorio
2516 1277 2616 1333 lib.
2650 1294 2728 1347 at,
2753 1295 2842 1349 ep.
2895 1279 2983 1346 50,
3032 1279 3130 1335 ubi
3179 1278 3366 1336 virum
3414 1280 3903 1352 Agatbosaa,mo-

2197 1371 2452 1427 nachum
2485 1368 2608 1438 ipsa
2640 1369 2925 1424 renitente
2962 1368 3198 1434 factum,
3228 1369 3391 1425 reddi
3428 1370 3619 1440 jubet,
3667 1368 3904 1424 Etiamsi

2187 1462 2310 1532 jam
2341 1464 2655 1516 tonsuratus
2676 1461 2787 1519 est;
2821 1457 2928 1513 hoc
2948 1461 3060 1526 est,
3091 1457 3316 1514 etiamsi
3340 1464 3470 1529 post
3496 1458 3900 1531 probationem

2190 1555 2315 1624 jam
2340 1555 2556 1606 vestem
2591 1546 2917 1616 mutaverit,
2947 1550 3004 1602 et
3035 1551 3333 1603 tonsuram
3381 1547 3765 1604 monasticam
3812 1564 3905 1603 ac-

2198 1643 2432 1714 ceperit.
2468 1639 2611 1710 Lege
2642 1653 2874 1709 quoque
2913 1635 3042 1692 libri
3083 1652 3227 1709 xep.
3254 1637 3345 1702 24,
3372 1645 3670 1692 tonsuram
3718 1638 3902 1692 etiam

2117 1747 2322 1824 Besse
2372 1728 2789 1784 monachorum
2842 1724 3286 1793 cmnobitarum,
3338 1742 3454 1780 non
3505 1725 3902 1795 eremitarum,

2197 1820 2423 1890 insigne
2435 1816 2589 1888 apud
2606 1816 2855 1886 Graecos,
2870 1814 3149 1871 discimus
3173 1829 3238 1868 ex
3257 1814 3333 1887 (d)
3353 1813 3653 1870 Theodoro
3670 1813 3904 1869 Studita

2192 1908 2292 1963 lib.
2319 1923 2374 1961 xx
2406 1923 2495 1976 ep.
2532 1905 2652 1960 137.

2261 1996 2413 2054 206
2428 1997 2479 2050 3.
2500 1995 2596 2050 His
2615 1995 2863 2050 breviter
2879 1997 2935 2050 et
2955 1996 3090 2049 data
3113 1999 3334 2049 tantum
3356 1992 3655 2048 occasione
3700 1993 3907 2049 obser-

2193 2087 2362 2149 vatis,
2392 2085 2787 2156 expendamus
2811 2084 3036 2138 Baronii
3061 2083 3131 2138 de
3165 2083 3488 2138 monastico
3524 2082 3581 2138 S.
3631 2081 3895 2152 Gregorii

2194 2175 2460 2229 instituto
2483 2175 2856 2240 sententiam,
2877 2174 3043 2244 cujus
3064 2177 3358 2226 auctorem
3383 2171 3562 2226 fuisse
3591 2187 3702 2226 non
3726 2170 3906 2226 S.Be-

2194 2264 2490 2319 nedictum
2519 2262 2842 2331 contendit,
2878 2265 2973 2317 sed
3007 2262 3063 2316 S.
3095 2261 3394 2333 Equitium
3422 2279 3435 2328 ;
3462 2261 3617 2316 haud
3656 2259 3767 2316 alia
3813 2277 3905 2314 ra-

2195 2356 2352 2411 tione
2374 2370 2547 2425 quam
2584 2354 2773 2425 prima
2803 2351 3056 2419 primum
3086 2352 3142 2406 5.
3179 2351 3412 2408 Andreae
3433 2351 3684 2406 abbatem
3707 2350 3908 2405 Valen-

2198 2448 2334 2499 tium
2357 2460 2425 2498 ea:
2442 2445 2738 2514 provinciae
2766 2442 2992 2497 Valeriae
3015 2444 3363 2508 monasterio,
3388 2443 3444 2495 in
3471 2457 3575 2512 quo
3603 2441 3658 2497 S.
3696 2441 3909 2512 Equitii

2195 2535 2411 2605 vigebat
2453 2535 2731 2589 institutio
2771 2536 3011 2605 petitum
3061 2538 3309 2604 apparet,
3333 2532 3544 2604 inquit,
3577 2548 3646 2587 ea:
3694 2530 3909 2603 duplici

2201 2622 2444 2694 Gregorii
2483 2625 2811 2679 testimonio.
2853 2622 3172 2678 Audiamus
3202 2638 3336 2694 ergo
3379 2622 3436 2677 S.
3486 2622 3785 2677 Doctorem
3837 2622 3908 2674 de

2201 2730 2261 2770 se
2295 2713 2619 2783 loquentem
2653 2729 2665 2766 :
2712 2712 2856 2768 Vitae
2898 2711 3226 2767 venerabilis
3283 2712 3565 2766 Valentius
3592 2710 3755 2782 [Lege
3796 2708 3913 2764 Va-

2200 2792 2422 2862 lentio],
2479 2795 2574 2863 qui
2628 2796 2746 2863 post
2802 2791 2861 2847 in
2916 2793 3018 2848 hac
3077 2794 3320 2848 Romana
3365 2789 3517 2856 urbe,
3550 2791 3713 2854 mihi,
3770 2792 3911 2844 sicut

2199 2883 2363 2942 nosti.
2417 2882 2590 2953 [Deest
2651 2878 2913 2951 meoque]
2965 2883 3292 2934 monasterio
3348 2880 3593 2949 pre/uit,
3623 2881 3783 2949 prius
3841 2880 3910 2933 in

2205 2970 2436 3027 Valeriae
2461 2971 2748 3040 provincia
2773 2972 3166 3025 monasterium
3188 2985 3346 3023 suum
3371 2970 3537 3024 rexit.
3556 2968 3680 3033 Qua
3721 2967 3776 3022 vi
3804 2974 3914 3021 aut

2205 3065 2326 3114 arte
2358 3078 2424 3116 ex
2449 3060 2535 3116 his
2565 3061 2754 3116 verbis
2785 3059 3024 3114 extundi
3059 3065 3248 3129 potest
3277 3057 3680 3113 Valentionem
3733 3056 3915 3111 fuisse

2128 3127 2177 3192 CI
2209 3147 2457 3219 primum
2483 3147 2818 3203 monasterii
2850 3153 2908 3204 8.
2929 3127 3166 3202 Andreas
3200 3148 3491 3212 abbatem,
3515 3152 3572 3200 et
3620 3145 3914 3199 instituto-

2211 3237 2542 3302 rem?0uid
2571 3237 2661 3292 hic
2693 3237 2761 3291 de
2804 3235 3052 3306 Equitio,
3077 3236 3455 3307 Equitianove
3487 3235 3777 3300 instituto,
3811 3233 3910 3288 cui

2210 3327 2480 3381 addictus
2500 3324 2768 3381 Valentia
2809 3325 3024 3380 fuerit?
3046 3328 3129 3388 At,
3168 3325 3358 3396 inquit
3402 3323 3709 3390 Baroniu,
3757 3338 3914 3393 que-

2211 3415 2342 3470 dam
2366 3415 2436 3469 de
2467 3415 2524 3470 S.
2553 3415 2784 3485 Equitio
2821 3413 3135 3486 Gregorius
3166 3421 3381 3483 narrat,
3413 3429 3541 3484 quae
3573 3429 3606 3466 a
3650 3410 3914 3466 Valentia

2211 3521 2317 3560 suo
2347 3504 2557 3560 abbate
2606 3504 2878 3558 didicisse
2924 3503 3242 3574 profitetur.
3275 3502 3448 3558 Porro
3500 3500 3796 3558 Valentius
3847 3516 3917 3557 ea

2212 3599 2464 3661 noverat,
2487 3598 2621 3649 dum
2647 3594 2703 3648 in
2733 3593 3082 3649 monasterio
3109 3592 3167 3648 S.
3195 3591 3409 3664 Equitii
3452 3592 3722 3662 degebat,
3755 3588 3915 3661 quod

2212 3685 2397 3740 solum
2432 3685 2656 3740 celebre
2686 3689 2823 3739 tunc
2855 3685 3036 3739 fuisse
3063 3688 3349 3754 reperitur
3378 3683 3438 3738 in
3489 3681 3725 3738 Valeria
3782 3696 3914 3751 pro-

2211 3775 2419 3830 vincia.
2453 3774 2628 3841 Quasi
2662 3790 2793 3830 vero
2824 3773 2881 3828 in
2916 3773 3111 3845 aliquo
3144 3771 3329 3828 vicino
3363 3788 3466 3828 seu
3504 3769 3748 3826 Valeria
3794 3769 3917 3825 sive

2212 3867 2477 3924 ﬁnitimae
2516 3866 2840 3936 cujuspiam
2902 3863 3153 3936 regionis
3215 3863 3476 3919 coenobio
3522 3863 3762 3934 degens,
3799 3875 3918 3915 non

2214 3957 2502 4029 potuisset
2553 3971 2726 4010 nosse
2769 3954 3115 4010 miraculum
3166 3953 3400 4026 publica
3446 3951 3603 4008 fama
3646 3948 3921 4008 dissemi-

2214 4051 2489 4198 naltilargue
2520 4125 2758 4198 prolatis
2791 4143 2823 4180 a
2853 4125 3098 4182 Baronio
3147 4122 3501 4180 testimoniis
3546 4136 3925 4193 nequaquam

2218 4219 2500 4293 probatur
2531 4215 2935 4272 Valentionem
2987 4215 3165 4271 fuisse
3197 4214 3250 4269 S.
3288 4212 3503 4285 Equitii
3535 4209 3924 4284 discipulum,

2216 4312 2460 4382 ejusque
2473 4307 2726 4363 instituti
2739 4310 3079 4363 sectatorem
3092 4305 3228 4373 ,imo
3241 4303 3596 4361 contrarium
3613 4318 3683 4358 ex
3693 4299 3930 4358 collatis

2217 4401 2368 4456 inter
2402 4415 2464 4456 se
2497 4397 2727 4454 duobus
2766 4397 2906 4454 locis
2936 4397 3184 4454 elicitur.
3208 4395 3354 4452 Nam
3385 4395 3425 4453 l.
3454 4393 3739 4465 tDialog.,
3781 4406 3834 4446 c.
3870 4389 3929 4459 4,

474 4492 526 4545 2.
563 4493 641 4547 Ex
671 4493 764 4549 his
784 4496 928 4551 satis
945 4496 1213 4555 innuitur
1236 4504 1582 4560 monasticas
1601 4512 1812 4573 vestes,
1829 4508 1910 4563 uti
1930 4525 2094 4577 nunc,

2216 4490 2523 4564 Gregorius
2555 4488 2764 4545 asserit
2799 4487 3091 4559 Equitium
3127 4491 3254 4559 post
3303 4489 3549 4541 mortem
3595 4481 3926 4555 discipulos

407 4578 544 4670 olim
575 4582 750 4638 etiam
777 4583 953 4640 fuisse
1004 4591 1307 4647 monachis
1351 4595 1711 4665 peculiares;
1739 4613 1852 4668 quo
1889 4597 1946 4653 in
1980 4615 2107 4670 pro-

403 4668 594 4727 bando
632 4687 742 4729 non
771 4672 1135 4739 immorarer.
1162 4681 1267 4735 nisi
1302 4699 1336 4737 a
1369 4684 1668 4740 nonnullis
1707 4686 1923 4744 criticis
1965 4668 2105 4758 inje-

407 4763 530 4816 ctos
561 4777 628 4816 ea
659 4761 732 4817 de
767 4779 824 4818 re
855 4767 1160 4836 scrupulos
1189 4770 1463 4827 viderem.
1488 4773 1637 4830 Sane
1660 4776 1714 4831 id
1743 4776 1870 4833 luce
1891 4777 2106 4837 clarius

405 4865 472 4906 ex
521 4849 798 4923 Gregorio
843 4853 1233 4912 demonstrari
1282 4865 1490 4931 potest.
1553 4863 1670 4920 Lib.
1723 4882 1842 4937 vm,
1904 4883 1991 4938 ep.
2049 4869 2106 4937 5,

406 4941 609 4998 scribit
626 4943 697 5000 de
721 4943 1004 5002 militibus
1055 4952 1385 5006 monasticm
1408 4951 1536 5008 vilae
1554 4954 1880 5012 candidatis
1905 4974 1918 5011 :
1941 4959 2110 5014 Juxta

409 5048 662 5089 normam
684 5035 992 5104 regularem
1021 5037 1216 5094 debent
1247 5042 1309 5096 in
1330 5057 1426 5098 suo
1447 5042 1639 5099 habitu
1667 5061 1766 5114 per
1804 5049 2110 5104 triennium

408 5123 654 5192 probari,
705 5135 756 5179 et
816 5131 946 5183 tunc
997 5130 1376 5187 monachicum
1435 5131 1686 5189 habitum
1734 5136 1838 5191 Deo
1892 5147 2112 5195 auctore

412 5216 705 5280 suscipere.
743 5215 1013 5286 Ejusdem
1052 5219 1180 5276 libri
1211 5239 1298 5293 ep.
1331 5223 1364 5278 8
1393 5239 1405 5278 :
1440 5225 1547 5280 Nec
1564 5227 1817 5296 proiectis
1842 5227 2112 5298 religiosis

411 5301 671 5369 vestibus,
705 5304 774 5357 ad
815 5312 1133 5366 saecularem
1174 5317 1377 5369 reverti
1419 5314 1685 5371 habitum.
1730 5315 1874 5373 Ibid.
1903 5335 1993 5390 ep.
2027 5319 2060 5372 9
2093 5336 2106 5377 :

484 5425 562 5496 (α)
613 5426 734 5513 μὴ.
769 5430 1245 5513 iv,_l)ialogorurn
1283 5455 1297 5493 :
1328 5456 1482 5511 quem
1516 5443 1631 5510 ipse
1666 5443 1778 5510 iam
1816 5443 2111 5500 monachus

413 5499 738 5586 monac/tum
767 5502 906 5565 vidi,
930 5512 982 5558 et
1017 5499 1072 5560 in
1105 5499 1415 5586 praefat.'ad
1448 5499 1685 5586 Dialogf,
1715 5515 1815 5570 ubi
1845 5499 2005 5572 suam
2050 5519 2110 5572 in

412 5577 763 5624 monasterio
796 5579 1294 5635 conversationem
1329 5577 1624 5640 describit:

590 5641 762 5697 Num.
808 5645 865 5712 7,
897 5661 1057 5716 Quem
1105 5650 1220 5719 ipse
1261 5653 1388 5719 jam
1434 5659 1729 5712 monachus
1783 5660 2111 5716 monachum

2217 4599 2352 4638 suos
2374 4584 2623 4635 tutatum
2648 4593 2767 4633 esse
2784 4586 2982 4635 contra
3010 4576 3438 4648 Langobardos,
3464 4579 3635 4646 atque
3666 4589 3700 4629 a
3735 4577 3924 4628 morte

2218 4671 2508 4727 liberasse.
2565 4672 2638 4726 At
2679 4667 2781 4724 lib.
2809 4685 2883 4738 tv,
2918 4685 3042 4738 cap.
3092 4667 3183 4734 21,
3216 4667 3390 4721 refert
3429 4661 3844 4737 Langobardos
3893 4677 3925 4717 e

2216 4759 2568 4818 monasterio
2590 4757 2954 4814 Valentionis
2976 4757 3205 4814 abbatis
3227 4755 3375 4812 duos
3399 4752 3718 4810 monachos
3750 4753 3810 4807 in
3835 4769 3926 4808 ra-

2216 4851 2326 4907 mis
2349 4849 2573 4905 arboris
2605 4848 3004 4920 suspendisse,
3025 4847 3124 4919 qui
3145 4847 3347 4903 eodem
3366 4845 3461 4901 die
3482 4842 3739 4900 defuncti
3757 4847 3928 4898 sunt.

2214 4938 2462 4996 Aliunde
2484 4938 2628 4994 satis
2650 4938 2853 5009 liquet,
2869 4937 3009 4992 dum
3033 4936 3175 4992 dicit
3195 4933 3591 4992 Valentionem
3612 4932 3670 4988 in
3691 4929 3931 4988 Valeria

2216 5031 2376 5101 prius
2398 5029 2606 5085 rexisse
2623 5045 2784 5085 suum
2809 5028 3224 5092 monasterium,
3243 5041 3341 5097 per
3361 5020 3931 5092 suum,intellexisse

2217 5120 2634 5176 monasterium
2665 5135 2777 5174 non
2809 5118 2882 5173 ab
2909 5115 3134 5187 Equitio
3164 5123 3260 5171 aut
3291 5115 3363 5171 ab
3393 5114 3529 5179 alio,
3561 5113 3660 5169 sed
3687 5111 3761 5167 ab
3792 5111 3929 5181 ipso

2217 5209 2554 5264 Valentione
2585 5207 2908 5273 conditum;
2943 5222 3058 5278 quo
3089 5221 3268 5260 sensu
3297 5220 3461 5259 suum
3502 5217 3734 5274 semper
3779 5201 3930 5257 dicit

2219 5296 2277 5352 S.
2301 5298 2540 5353 Andrea
2571 5295 2900 5350 Romanum
2922 5293 3290 5350 asceterium.
3315 5291 3589 5346 Judicent
3609 5305 3746 5361 ergo
3768 5287 3926 5360 equi

2293 5444 2364 5512 (c)
2395 5444 2617 5498 Portum
2647 5442 2966 5497 monasterii
2985 5441 3142 5510 petii,
3175 5442 3284 5494 etc.

2293 5507 2366 5587 (α’)
2402 5518 2461 5569 Et
2484 5515 2623 5585 quod
2644 5507 3184 5587 stupendum'magis,
3222 5509 3431 5581 inquit,
3462 5509 3579 5587 qui,
3612 5507 3756 5580 quod
3787 5507 3931 5562 solio

2221 5584 2387 5644 toria
2409 5584 2534 5642 vitae
2552 5584 2794 5656 insigne,
2819 5586 3068 5656 detonsus
3087 5585 3346 5652 fueras...
3365 5584 3936 5656 promissamfursus

2217 5674 2428 5716 comam
2455 5659 2575 5714 alas
2610 5653 2684 5713 in'
2702 5672 2905 5715 morem
2933 5655 3336 5711 Eremitarum.
3358 5653 3498 5710 Vide
3518 5654 3692 5710 etiam
3713 5653 3820 5708 lib.
3846 5666 3936 5719 xx,

2219 5745 2315 5804 sp.
2350 5730 2445 5786 60.
