4106 6174
217 272 324 336 257

654 278 718 337 8.
766 272 1142 336 GREGORII
1191 269 1445 333 MAGNI
1489 270 1697 337 VITA.
1749 271 1846 330 EX
1896 269 2081 330 EJUS
2126 264 2471 327 SCRIPTIS
2517 263 2966 325 ADORNATA.
3014 264 3164 325 LIB.
3208 264 3257 327 Ι.

3599 261 3718 328 258

214 408 443 465 lectores
492 414 683 466 utrum
731 410 851 466 hinc
897 405 1350 464 eminentissimi
1378 404 1678 475 scriptoris
1726 419 1898 474 argu-
1932 406 1984 471 Α
2082 403 2134 456 6.
2169 400 2329 456 Certe
2375 398 2684 466 Gregorius
2728 399 2804 454 ita
2830 399 3208 458 Benedictinaa
3248 405 3476 477 Regulae
3516 425 3718 464 assue-

217 505 398 553 menta
429 499 812 570 persuadeant
835 499 892 554 S.
927 497 1264 569 Gregorium
1286 512 1400 550 non
1424 511 1455 547 a
1489 495 1764 564 proximis
1793 494 1900 548 Ca-

2013 490 2196 545 factus
2229 495 2284 543 et
2313 490 2470 543 velut
2511 489 2828 542 innutritus
2862 490 3104 560 videtur,
3135 502 3194 547 ut
3226 497 3350 564 ejus
3383 498 3560 552 verba
3593 513 3720 570 pas-

214 587 491 642 sinatibus
525 593 909 642 Lateranense
944 585 1361 640 monasterium
1402 583 1788 639 incolentibus
1812 582 1906 636 in-
2010 580 2125 635 sim
2158 584 2414 648 usurpet.
2441 579 2600 646 Apud
2635 577 2690 631 S.
2727 581 3098 635 Benedictum
3133 589 3600 657 congregationis
3624 609 3722 648 no-

211 678 465 732 stituturn
483 694 656 733 suum
679 678 993 746 accepisse,
1019 681 1081 730 ut
1097 676 1427 731 communis
1445 680 1578 729 ante
1595 673 1904 727 Baronium

208 767 415 822 ferebat
447 769 664 837 cpinio,
698 770 796 822 sed
847 786 881 823 a
910 767 1081 838 longe
1113 767 1317 837 positis
1357 765 1417 820 in
1451 764 1674 819 Valeria
1705 779 1905 819 mona-

207 858 322 912 chis
357 873 373 922 ;
407 867 580 928 atque
604 857 1042 927 praeponderare
1073 856 1322 910 debeant
1350 854 1712 925 gravissimis
1736 854 1907 909 ratio-

209 949 374 1002 nibus
428 949 646 1020 quibus
693 948 1128 1002 sanctissimum
1173 946 1366 1000 virum
1404 943 1790 1000 Benedictinss
1824 945 1904 1000 fa-

208 1037 371 1091 milia
396 1037 790 1092 vindicamus.

267 1126 316 1181 4.
355 1126 412 1181 1⁸
459 1125 702 1182 Constat
748 1143 817 1182 ex
864 1127 942 1196 (α)
993 1126 1368 1196 supradictis,
1411 1125 1706 1196 Gregorio,
1738 1123 1908 1195 longe

203 1222 516 1287 antequam
566 1216 638 1270 de
659 1216 720 1271 8.
770 1218 1010 1271 Andreae
1046 1215 1399 1271 monasterio
1437 1216 1731 1284 cogitaret,
1775 1219 1912 1269 nota

201 1306 376 1361 fuisse
417 1307 477 1362 8.
515 1306 810 1361 Benedicti
858 1309 1044 1377 gesta,
1086 1304 1384 1370 miracula,
1419 1304 1658 1374 scripta,
1690 1302 1912 1358 scilicet

200 1394 481 1465 regulam.
519 1393 728 1460 Quanti
761 1400 957 1450 autem
991 1394 1188 1448 fecerit
1218 1393 1368 1448 hanc
1400 1393 1679 1464 Regulam
1721 1392 1915 1466 prodit

200 1484 295 1539 lib.
338 1500 380 1539 ιι
423 1483 679 1556 Dialog.,
725 1499 776 1539 c.
831 1484 900 1537 36
934 1500 946 1537 :
978 1482 1228 1551 Scripsit,
1279 1482 1490 1554 inquit,
1529 1482 1913 1537 Monachorum

199 1576 463 1646 Regulam
501 1575 830 1630 discretione
878 1573 1241 1643 pracipuam,
1271 1588 1516 1628 sermone
1558 1573 1912 1629 luculentam.

197 1665 434 1735 Regulus
458 1671 652 1719 autem
675 1666 748 1718 ab
769 1664 1000 1734 Equitio
1023 1663 1362 1732 conscriptas
1395 1663 1599 1718 nullibi
1624 1663 1914 1718 meminit.

2017 670 2172 724 mine
2231 669 2577 737 intelligitur
2630 671 3048 726 monachorum
3108 681 3292 730 cmtus
3337 702 3350 742 ;
3400 684 3722 753 eodemque

2015 775 2190 815 sensu
2229 759 2282 812 in
2330 759 2699 826 Gregorianis
2749 757 3024 827 Epistolis
3083 765 3301 819 centies
3350 773 3622 832 occurrit.
3658 779 3725 829 ut

2015 865 2106 919 ep.
2143 851 2210 904 48
2259 849 2358 905 lib.
2407 865 2483 903 ιι.
2537 849 2694 903 idem
2737 849 3175 908 observavimus
3220 856 3291 910 de
3322 875 3456 913 voce
3506 862 3724 918 utilitas

2017 947 2250 1009 sumpta
2299 955 2400 1006 pro
2453 940 2626 992 rebus
2675 938 2934 994 utilibus.
2989 940 3110 996 Lib.
3143 960 3199 1006 x,
3250 947 3416 1015 epist.
3450 951 3518 1003 32
3549 958 3603 1006 et
3631 954 3725 1022 61,

2018 1029 2278 1084 cilicium
2328 1028 2588 1082 divinum
2637 1029 2907 1097 appellat,
2941 1044 3073 1097 Opus
3115 1033 3228 1097 Dei,
3271 1038 3424 1103 quod
3458 1039 3514 1094 8.
3553 1041 3728 1098 Bene.

2019 1118 2173 1174 dicto
2225 1117 2510 1172 familiare
2539 1133 2667 1172 esse
2719 1123 2948 1184 norunt,
2973 1120 3068 1186 qui
3104 1122 3231 1190 ejus
3265 1123 3546 1196 Regulam
3580 1131 3726 1203 lege-

2022 1215 2175 1264 runt.
2229 1205 2536 1276 Eleganter
2592 1205 2650 1261 S.
2702 1205 3049 1262 Benedictus
3100 1209 3234 1280 Reg.
3305 1231 3355 1267 c.
3403 1217 3470 1271 61
3531 1225 3728 1276 monet

2023 1298 2320 1360 abbatem,
2368 1295 2625 1365 Oportere
2671 1294 2918 1365 prodesse
2965 1301 3141 1365 magis
3177 1317 3345 1370 quam
3380 1321 3627 1376 ρνωεεςε,
3665 1310 3730 1365 Et

2024 1388 2082 1442 8.
2125 1386 2436 1457 Gregorius
2485 1382 2683 1438 Moral.
2719 1384 2816 1437 lib.
2854 1401 2970 1451 xxx,
3025 1403 3187 1443 num.
3220 1392 3309 1458 22,
3351 1411 3448 1449 nec
3501 1413 3731 1462 prseesse

2021 1477 2259 1546 gaudent
2287 1474 2378 1530 sed
2420 1473 2687 1544 prodesse.
2748 1474 2955 1528 Abbati
2983 1479 3240 1547 precipit
3291 1481 3350 1536 8.
3385 1483 3729 1543 Benedictus

2026 1567 2161 1638 Reg.
2198 1581 2245 1619 c.
2297 1565 2366 1619 64
2401 1581 2413 1618 :
2466 1563 2652 1620 Oderit
2692 1563 2848 1628 uitia,
2891 1563 3083 1635 diligat
3121 1570 3324 1635 fratres
3366 1580 3472 1639 ;et
3499 1579 3552 1628 S.
3588 1575 3735 1633 Gre-

2024 1656 2246 1727 gorins,
2277 1654 2522 1724 epistola
2556 1653 2622 1706 12
2654 1651 2751 1707 lib.
2784 1667 2836 1705 xi
2867 1654 2937 1706 ad
2971 1653 3256 1713 Cononem
3291 1661 3558 1719 abbatem
3592 1669 3733 1723 scri-

199 1755 437 1812 lnterim
472 1754 618 1810 sileo
667 1755 726 1810 8.
762 1754 1103 1825 Gregorium
1152 1753 1332 1848 fuisse
1379 1752 1505 1806 vitai
1535 1757 1593 1808 8.
1630 1751 1914 1808 Benedicti
1952 1783 1996 1848 Β
2209 1745 2471 1848 Ρξςδοξασ
2519 1740 2929 1848 άὶξίραδηυιιὶίξ
2972 1750 3338 1817 persequaris.
3406 1755 3467 1808 In
3523 1757 3625 1824 Ep.
3663 1757 3735 1812 29

196 1847 615 1901 admiratorem
644 1845 835 1912 potius
859 1860 1033 1915 quam
1069 1841 1420 1913 scriptorem,
1443 1843 1533 1896 cui
1559 1842 1918 1898 delineandas

195 1937 281 1990 vix
304 1934 460 1990 satis
485 1935 591 1988 fuit
611 1935 836 2004 integer
859 1933 1001 1988 liber
1021 1933 1314 1987 secundus
1342 1931 1713 2003 Dialogorum
1743 1947 1755 1985 :
1787 1947 1916 1986 nam

193 2025 330 2080 alibi
367 2024 599 2096 passim
648 2023 841 2078 adhuc
873 2039 1025 2093 saepe
1073 2021 1130 2076 in
1167 2022 1224 2078 S.
1270 2021 1563 2077 Benedicti
1595 2022 1793 2077 laudes
1822 2037 1918 2077 ex-

186 2116 368 2172 Currit
409 2115 534 2171 :de
608 2112 838 2185 Equitio
887 2129 1021 2168 vero
1068 2111 1240 2167 unico
1311 2111 1591 2167 duntaxat
1651 2113 1834 2181 capite
1887 2113 1921 2166 4

184 2202 314 2258 libri
353 2221 372 2259 ι
410 2203 695 2272 loquitur.
732 2203 1034 2267 Quomodo
1065 2215 1198 2273 ergo
1229 2205 1392 2256 tanta
1423 2202 1492 2255 de
1521 2205 1577 2255 8.
1608 2200 1917 2256 Benedicto

183 2296 437 2366 ejusque
471 2292 699 2364 legibus
741 2298 798 2346 et
830 2289 1117 2346 institutis
1146 2296 1428 2360 concepta
1463 2290 1914 2360 existimatione,

181 2384 362 2438 aliam
405 2382 522 2437 sibi
565 2397 788 2452 suoque
829 2382 1178 2435 monasterio
1227 2381 1588 2452 quaesivisset
1634 2380 1915 2451 regulam,

178 2473 262 2527 vir
303 2470 659 2526 monasticae
684 2469 1056 2539 perfectionis
1099 2469 1562 2533 amantissimus,
1601 2485 1774 2540 quam
1823 2470 1915 2524 Re-

175 2562 392 2634 gulam
424 2559 810 2615 Monachorum
839 2557 1166 2613 discretione
1181 2557 1524 2629 praecipuam
1553 2561 1579 2611 .9

249 2652 307 2705 5.
349 2649 608 2715 Quando
649 2654 842 2703 autem
887 2645 1046 2703 illam
1080 2647 1335 2718 appellat
1383 2644 1701 2718 κατ’ἐεοχήν
1734 2645 1914 2700 Mona-

174 2741 427 2794 cliorum
460 2738 750 2805 Regulam,
783 2735 926 2792 satis
964 2737 1220 2792 ostendit
1249 2753 1374 2791 eam
1419 2735 1657 2801 caeteris,
1706 2734 1753 2790 si
1787 2751 1914 2805 qua

176 2833 234 2884 in
271 2828 605 2884 Occidente
650 2828 770 2897 jam
819 2831 1057 2895 recepta
1104 2828 1310 2892 forent,
1371 2841 1500 2882 esse
1547 2830 1915 2896 anteponen-

183 2920 350 2973 dam.
391 2917 476 2972 Dc
509 2919 712 2972 eadem
749 2915 1128 2987 proculdubio
1164 2916 1419 2988 loquitur
1458 2915 1557 2970 lib.
1591 2932 1670 2983 ιι,
1700 2931 1788 2987 ep.
1825 2914 1914 2979 48,

183 3025 321 3063 cum
361 3009 439 3062 de
492 3005 714 3061 Catello
747 3005 1030 3060 monacho
1072 3006 1277 3061 scribit
1324 3007 1391 3059 ad
1431 3005 1695 3061 Urbicum
1748 3004 1918 3060 abba-

185 3104 304 3152 tem
347 3114 360 3151 :
425 3099 576 3162 Quia
619 3094 919 3151 monachus
971 3109 1078 3148 non
1117 3095 1189 3148 sit
1217 3097 1536 3164 agnovimus
1573 3111 1593 3155 ;
1633 3110 1702 3150 ex
1735 3110 1918 3164 parva

189 3187 344 3242 enim
377 3188 609 3255 eulogia
639 3201 804 3256 quam
855 3185 1036 3239 Bonus
1083 3185 1378 3238 monachus
1427 3187 1649 3254 accepit,
1701 3193 1921 3250 partem

193 3277 456 3345 petendo,
480 3277 888 3329 contentionem
916 3279 1098 3344 facere
1135 3273 1192 3328 in
1219 3275 1420 3329 itinere
1453 3273 1682 3329 minime
1712 3275 1920 3328 timuit.

197 3368 354 3437 Quod
388 3385 461 3423 ea:
522 3375 730 3438 quanta
778 3364 1161 3420 amaritudine
1197 3364 1377 3419 cordis
1406 3364 1772 3432 descenderit,
1827 3369 1924 3419 tua

199 3460 404 3530 poterit
440 3457 665 3511 dilectio
721 3456 882 3520 scire,
937 3452 987 3508 si
1038 3453 1296 3524 Regulam
1345 3455 1734 3509 Monachorum
1788 3455 1926 3508 scire

200 3549 496 3604 coluisset.
531 3545 764 3602 Scilicet
812 3544 865 3598 S.
904 3541 1190 3599 Benedicti
1233 3544 1527 3612 Regulam,
1574 3560 1701 3615 cap.
1733 3543 1825 3608 54,
1855 3543 1926 3599 de

201 3635 466 3708 culogiis
518 3634 603 3690 vel
633 3632 984 3706 quibuslibet
1015 3635 1385 3688 munusculis
1431 3650 1544 3688 non
1575 3631 1928 3702 accipiendis

202 3728 338 3782 sine
373 3725 607 3780 abbatis
638 3727 937 3795 pracepto,
960 3728 1016 3778 et
1042 3739 1164 3792 cap.
1195 3722 1287 3790 34,
1321 3722 1419 3777 ubi
1453 3722 1929 3778 murmurationis

205 3817 443 3873 malum
464 3820 597 3870 ante
616 3813 814 3869 omnia
836 3812 1165 3885 praecipitur
1195 3813 1615 3883 amputandum
1643 3829 1656 3878 ;
1680 3817 1930 3866 cavetur-

211 3922 330 3978 que
367 3921 444 3960 ne
488 3903 790 3959 occasione
837 3917 1031 3958 rerum
1078 3901 1538 3958 necessariarum
1575 3900 1685 3955 sibi
1721 3917 1931 3970 procu-

216 3997 542 4052 rsndarum
567 3998 794 4048 tantum
818 3991 1018 4046 vitium
1051 3992 1344 4060 subrepat.
1371 3990 1617 4047 Urbicus
1639 3991 1695 4045 in
1724 4007 1934 4044 mona—

219 4086 405 4141 sterio
435 4084 494 4139 8.
525 4083 788 4150 Αιιὰτρω,
837 4086 938 4136 aut
984 4079 1191 4136 saltem
1224 4081 1282 4136 in
1315 4080 1427 4137 alio
1457 4081 1664 4136 Sicilia:
1704 4082 1759 4136 S.
1793 4081 1928 4136 Gre-

221 4177 377 4250 gorii
447 4173 843 4231 muniﬁcentia
901 4173 1136 4228 condito
1203 4170 1544 4243 prapositus
1610 4172 1820 4236 fuerat,
1867 4187 1935 4226 ex

223 4284 314 4336 ep.
351 4267 390 4320 6
423 4265 521 4319 lib.
547 4281 598 4331 ν,
631 4269 832 4334 postea
861 4262 1038 4317 abbas
1070 4260 1403 4318 monasterii
1440 4261 1494 4316 S.
1529 4260 1748 4316 Hermm
1779 4261 1934 4331 apud

226 4359 611 4419 Panormum,
664 4353 837 4408 unius
887 4367 955 4407 ex
983 4367 1082 4407 sex
1129 4349 1496 4421 Gregorianis
1545 4349 1846 4416 cmnohiis,
1875 4351 1935 4406 in

227 4449 447 4519 quibus
473 4444 835 4510 ordinandis,
864 4442 1209 4500 auctoritate
1239 4440 1595 4497 sanctissimi
1624 4442 1933 4512 pontificis,

226 4539 395 4595 velut
419 4535 705 4608 prapositi
737 4533 1025 4607 generalis
1058 4533 1317 4590 officium
1361 4532 1594 4603 gerebat
1629 4549 1642 4599 ;
1675 4532 1825 4602 quod
1851 4532 1935 4589 vel

229 4648 295 4686 ex
330 4630 567 4686 laudata
608 4643 698 4692 ep.
749 4626 818 4680 48
861 4625 962 4680 lib.
1001 4640 1057 4680 ιιι
1117 4625 1319 4697 liquet.
1371 4623 1492 4688 Qua
1533 4640 1666 4679 vero
1715 4624 1938 4678 ratione

231 4719 545 4789 Gregorius
575 4717 779 4786 objicit
813 4714 1019 4772 Urbico
1050 4718 1108 4768 et
1149 4713 1450 4768 monachis
1479 4711 1528 4767 ei
1554 4713 1804 4767 subditis
1836 4714 1938 4769 Re-

228 4813 421 4884 gulam
459 4808 843 4864 Manachorum
898 4821 998 4860 seu
1051 4802 1331 4874 Regulam
1377 4802 1436 4858 8.
1487 4801 1938 4869 Benedicti,hoc

231 4901 401 4957 titulo
431 4899 706 4970 deinceps
737 4899 793 4951 in
827 4895 902 4966 (ὁ)
932 4895 1206 4951 Conciliis
1238 4895 1456 4965 passim
1491 4898 1549 4948 et
1570 4894 1722 4963 apud
1755 4894 1940 4949 eccle-

233 4991 500 5048 siasticos
549 4990 861 5056 scriptores
907 4986 1290 5056 designatam,
1336 4983 1446 5038 nisi
1479 4983 1613 5053 quia
1643 4982 1769 5053 ejus
1804 4999 1941 5051 prae-

236 5081 415 5154 ceptis
452 5077 672 5135 addicti
721 5081 889 5132 erant
917 5075 945 5129 ?
973 5077 1040 5129 At
1070 5073 1119 5131 si
1171 5089 1270 5143 pro
1301 5073 1426 5143 lege
1465 5073 1792 5128 habebatur
1820 5072 1940 5128 hinc

236 5171 454 5244 Regula
503 5170 560 5224 in
615 5164 985 5222 monasteriis
1034 5163 1246 5222 Siculis
1278 5179 1311 5216 a
1353 5163 1627 5229 Gregorio
1666 5163 1938 5230 conditis,

235 5263 441 5335 quidni
469 5261 644 5317 etiam
677 5258 736 5313 in
769 5258 1074 5314 Andreano
1113 5255 1306 5310 Romae
1339 5253 1600 5310 cmnohio
1629 5252 1658 5308 τ

303 5415 381 5482 (a)
410 5409 545 5482 Cap.
577 5407 632 5470 2,
663 5418 828 5482 num.

306 5469 385 5556 2b,)
406 5483 465 5534 S.
492 5469 839 5556 Benedictus
861 5473 918 5527 in
943 5469 1186 5556 copcil’io
1210 5470 1373 5556 Rom:
1400 5469 1820 5556 sub‘Bonifaoio
1837 5469 1942 5556 ιν,

235 5541 330 5616 an:
357 5541 484 5616 610,
517 5567 613 5604 sex
654 5547 825 5601 annis
859 5551 984 5614 post
1017 5543 1075 5598 8.
1109 5541 1653 5616 Gregoriiobitum,
1684 5541 1943 5616 appella-

235 5612 328 5687 iu}
360 5612 761 5683 monachorum
789 5612 1108 5688 prd’ceptOr,
1163 5613 1542 5688 proculdubio
1585 5612 1943 5688 prementis-

231 5683 422 5775 gulam
479 5683 988 5775 Monachorumg‘ab
1028 5701 1094 5775 eo
1125 5685 1428 5775 script-am:
1454 5683 1940 5775 EQP‘O‘lliunt’l—luqlo:

234 5754 586 5833 :sshOVenss
661 5763 721 5821 in
779 5757 987 5832 Anglia
1047 5774 1139 5814 an.
1216 5754 1342 5826 747,
1404 5756 1638 5816 nomine
1707 5754 1940 5830 Regula

2031 1835 2126 1890 lib.
2163 1851 2239 1890 xit
2271 1836 2328 1889 8.
2361 1833 2674 1903 Gregorius
2718 1836 2797 1889 ait
2829 1852 2845 1890 :
2883 1837 3018 1891 Nam
3057 1840 3130 1891 ad
3162 1855 3451 1906 personam
3482 1846 3537 1899 in
3560 1848 3736 1914 priori

2028 1925 2140 1980 loco
2160 1924 2393 1995 positam
2420 1927 2661 1994 respicit,
2709 1929 2981 1999 quidquid
3026 1946 3060 1983 a
3098 1930 3307 1986 minori
3354 1934 3736 2007 delinquitur;

2027 2040 2166 2080 sane
2224 2029 2488 2078 sanctum
2525 2026 2897 2082 Benedictum
2930 2027 3191 2084 imitatus
3238 2030 3337 2101 qui
3390 2032 3526 2106 Reg.
3562 2051 3612 2092 c.
3648 2037 3735 2110 36,

2026 2115 2100 2168 ad
2130 2116 2310 2181 ipsum
2341 2113 2660 2185 (abbatem)
2691 2115 2898 2187 inquit,
2932 2121 3172 2187 respicit,
3205 2121 3468 2193 quidquid
3496 2141 3532 2179 a
3569 2125 3739 2183 disci-

2024 2204 2172 2274 pulis
2211 2202 2578 2274 delinquitur.
2644 2207 2808 2274 Apud
2867 2211 2923 2261 8.
2993 2207 3366 2267 Benedictum
3416 2229 3734 2284 responsum

2026 2293 2180 2347 idem
2211 2297 2301 2347 est
2339 2308 2405 2346 ac
2434 2295 2712 2361 negotium
2743 2296 2876 2362 Cap.
2911 2297 2974 2350 5t
3015 2300 3269 2354 :Fratres
3287 2303 3384 2371 qui
3420 2319 3521 2371 pro
3552 2309 3738 2376 quovis

2026 2398 2276 2453 responso
2301 2381 2746 2451 proﬁciscuntur.
2801 2385 2884 2440 ita
2913 2386 3084 2442 etiam
3119 2393 3266 2457 apud
3301 2391 3356 2445 8.
3407 2392 3734 2462 Doctorum,

2027 2474 2278 2530 maxime
2309 2473 2474 2528 initio
2495 2490 2584 2542 ep.
2617 2476 2685 2528 ad
2716 2474 3036 2532 Leandrum
3073 2481 3314 2550 praefixa
3348 2483 3512 2538 libris
3553 2486 3739 2541 Mora-

2025 2565 2195 2629 lium,
2231 2563 2366 2619 Cum
2390 2577 2475 2616 me
2504 2563 2624 2617 illic
2652 2564 2802 2618 sedis
2831 2566 3151 2634 apostolica
3180 2587 3435 2639 responsa
3461 2578 3739 2629 conm-in-

2022 2662 2227 2724 gerent.
2262 2652 2486 2706 Passim
2547 2655 2699 2723 apud
2747 2661 3063 2726 utrumque
3092 2657 3331 2728 eulogia:
3381 2678 3480 2730 pro
3522 2682 3736 2722 munu-

2025 2742 2228 2806 sculis,
2253 2739 2524 2795 solatium
2552 2758 2650 2810 pro
2676 2742 2886 2797 auxilio
2909 2751 3245 2801 sumuntur.
3279 2748 3401 2804 Non
3430 2769 3558 2808 raro
3582 2756 3734 2814 idem

2025 2832 2083 2886 S.
2119 2830 2432 2900 Legislator
2482 2830 2818 2886 monasterii
2849 2834 3225 2903 superiorem,
3259 2838 3500 2907 priorem
3541 2847 3742 2916 appel-

2023 2922 2127 2991 lat,
2164 2927 2227 2976 ut
2255 2938 2380 2990 cap.
2413 2920 2501 2974 53.
2536 2922 2614 2974 ita
2637 2921 2803 2976 etiam
2840 2923 2897 2978 8.
2923 2923 3238 2994 Gregorius
3262 2927 3341 2982 lib
3387 2947 3490 2985 xxv
3514 2933 3736 3007 Moral.,

2027 3027 2188 3067 num.
2217 3011 2307 3074 36,
2339 3014 2394 3064 et
2438 3025 2587 3080 saepe
2637 3008 2794 3064 alibi.
2832 3011 2996 3067 Hom.
3043 3015 3106 3066 10
3138 3014 3196 3068 in
3241 3017 3439 3076 Ezech.
3477 3037 3636 3078 num.
3671 3027 3732 3081 31

2032 3100 2243 3167 legitur
2293 3115 2305 3151 :
2359 3099 2430 3152 Eo
2461 3100 2577 3164 ipso
2605 3098 2726 3154 zelo
2771 3117 2872 3170 quo
2916 3102 3054 3156 alios
3096 3109 3357 3173 correxit,
3393 3114 3743 3183 semetipsum

2033 3189 2296 3255 convenit,
2325 3193 2374 3240 et
2406 3185 2562 3243 207
2617 3189 2881 3242 erubescit
2930 3191 3216 3245 immunda
3254 3194 3517 3263 cogitare,
3539 3217 3658 3270 quae
3686 3220 3744 3259 se

2036 3280 2092 3333 in
2122 3277 2254 3332 aliis
2284 3278 2471 3331 recolit
2499 3277 2820 3333 correxisse.
2863 3279 3011 3333 idem
3049 3281 3163 3336 fere
3205 3281 3413 3352 legerat
3446 3287 3500 3341 in
3529 3289 3744 3362 Regula

2033 3370 2090 3424 8.
2118 3367 2411 3423 Benedicti
2445 3384 2493 3422 c.
2527 3369 2559 3421 2
2616 3385 2628 3421 :
2668 3369 2857 3436 Qualis
2911 3369 3101 3425 debeat
3144 3389 3258 3428 esse
3306 3377 3494 3445 abbas,
3529 3381 3744 3436 duobus

2033 3455 2093 3514 in
2150 3457 2314 3524 locis,
2377 3457 2624 3512 maxime
2666 3457 2720 3510 in
2758 3458 2918 3512 fine:
2972 3459 3105 3514 Cum
3165 3461 3231 3518 de
3271 3463 3744 3526 admonitionibus

2033 3547 2465 3605 emendationem
2496 3547 2632 3601 aliis
2670 3547 3042 3614 administrat,
3095 3552 3208 3621 ipse
3245 3554 3486 3622 efﬁcitur
3515 3575 3547 3611 a
3587 3560 3746 3616 vitiis

2036 3639 2370 3694 emendatus.
2421 3638 2484 3692 in
2537 3639 2606 3708 (ε)
2651 3638 2893 3693 concilio
2924 3641 3086 3697 Rom.
3117 3659 3197 3707 ιιι,
3252 3643 3446 3701 habito
3496 3665 3566 3703 an
3616 3651 3742 3720 60!,

2040 3728 2357 3800 prohibens
2390 3727 2446 3781 in
2485 3728 2852 3781 monasteriis
2884 3731 3094 3785 missas
3145 3733 3410 3803 publicas
3442 3737 3743 3808 celebrari,

2041 3833 2110 3870 ne
2144 3815 2338 3886 populi
2381 3816 2699 3880 frequentia
2749 3824 2803 3869 et
2847 3818 3153 3873 mulierum
3205 3837 3408 3876 acessu
3443 3841 3741 3885 servorum

2041 3905 2138 3960 Dei
2175 3903 2338 3975 quies
2371 3903 2717 3969 turbaretur,
2743 3905 2906 3959 addit
2939 3921 2951 3958 :
2987 3907 3134 3974 Quod
3167 3913 3388 3966 omnino
3413 3929 3512 3968 nec
3533 3918 3749 3984 expedit

2040 3994 2330 4049 animabus
2360 4007 2571 4058 eorum,
2622 4009 2747 4062 quas
2798 3995 3034 4049 totidem
3086 3998 3275 4053 verbis
3318 3999 3606 4058 habentur
3639 4006 3744 4060 Re-

2042 4085 2164 4156 gul.
2193 4083 2402 4138 Bened.
2447 4099 2493 4136 c.
2528 4082 2617 4137 66.

2114 4173 2323 4228 Verum
2367 4172 2425 4227 in
2476 4171 2841 4240 Expositione
2873 4173 3004 4230 libri
3061 4193 3077 4231 ι
3121 4175 3338 4244 Regum
3393 4180 3749 4250 frequentius

2044 4263 2273 4336 Regulos
2307 4261 2692 4318 Benedictinie
2726 4265 3042 4320 sententias
3073 4271 3129 4321 et
3157 4268 3323 4323 verba
3358 4270 3604 4338 ipsemet
3641 4276 3750 4330 ad-

2047 4354 2208 4409 hibet
2243 4370 2258 4418 ;
2291 4369 2396 4408 nec
2429 4354 2660 4417 mirum,
2696 4369 2830 4408 cum
2881 4361 3015 4408 tunc
3047 4356 3225 4411 abbas
3257 4368 3423 4426 esset,
3456 4371 3626 4434 atque
3659 4365 3748 4420 his

2047 4442 2306 4498 homiliis
2338 4457 2471 4497 suos
2504 4441 2773 4497 alumnos
2805 4444 2870 4496 ad
2917 4445 3246 4500 monasticae
3278 4448 3400 4502 vitae
3445 4453 3751 4522 perfectio-

2048 4549 2178 4587 nem
2212 4531 2482 4586 erudiret.
2521 4532 2579 4586 In
2615 4529 2945 4602 prmfatione
2975 4533 3044 4586 ad
3082 4533 3232 4590 hunc
3263 4543 3749 4599 commentarium

2047 4620 2329 4692 plurimos
2360 4619 2634 4690 loquendi
2677 4621 2880 4676 modos
2910 4638 2977 4677 ex
3010 4623 3240 4678 laudata
3272 4624 3486 4697 Regula
3519 4631 3728 4699 petitos

2047 4725 2195 4781 quos
2227 4709 2499 4779 colligere
2521 4709 2876 4773 curavimus,
2919 4711 3176 4767 invenies
3213 4730 3226 4779 ;
3258 4731 3324 4770 ex
3356 4718 3566 4785 quibus
3599 4718 3751 4774 hunc

2047 4802 2275 4853 tantum
2308 4797 2498 4852 locum
2555 4814 2707 4852 nunc
2757 4800 3139 4869 proferemus,
3183 4803 3281 4856 sed
3316 4805 3458 4859 adeo
3493 4806 3752 4860 loculen-

2046 4893 2195 4953 tum,
2231 4893 2294 4941 ut
2325 4888 2395 4942 ad
2424 4888 2781 4958 probandum
2817 4888 2874 4944 8.
2907 4889 3248 4958 Gregorium
3283 4893 3429 4946 beati
3463 4894 3752 4949 Benedicti

2049 4979 2401 5048 discipulum
2431 4981 2603 5034 fuisse
2629 4981 2952 5036 sufliceret:
2979 4983 3178 5050 Quare,
3204 4983 3414 5049 inquit,
3438 4990 3487 5037 et
3513 4985 3753 5054 ejusdem

2049 5073 2377 5127 arctissimae
2420 5072 2549 5127 vitae
2600 5073 2861 5140 magister
2915 5072 3169 5141 Optimus,
3219 5087 3453 5129 summa:
3509 5077 3755 5129 veritatis

2049 5159 2355 5231 discipulus
2385 5163 2658 5230 praecipit,
2691 5160 2876 5215 dicens
2905 5177 2923 5214 :
2956 5161 3184 5215 Probate
3211 5158 3442 5230 spiritus
3471 5165 3522 5216 si
3561 5179 3629 5218 ex
3652 5164 3752 5222 Deo

2051 5255 2177 5306 sunt
2214 5266 2234 5312 ,°
2263 5256 2322 5305 et
2359 5250 2492 5305 item
2531 5267 2545 5304 :
2594 5249 2930 5305 Nuntientur
2952 5251 3004 5304 ei
3033 5249 3171 5303 dura
3210 5255 3262 5302 et
3291 5267 3486 5321 aspera
3512 5268 3614 5324 per
3629 5271 3756 5326 quae

2052 5394 2387 5448 monasticm
2438 5393 2635 5467 laudat
2685 5390 2956 5467 Regulam
3083 5390 3397 5467 Benedicti,
3431 5399 3601 5467 cujus
3645 5400 3753 5453 ad-

2051 5469 2210 5523 ducit
2231 5468 2352 5522 ipsa
2383 5465 2555 5518 verba
2585 5480 2652 5518 ex
2681 5479 2806 5530 cap.
2840 5461 2929 5514 58.
2970 5462 3187 5517 Caetera
3215 5465 3440 5520 omitto.

2122 5538 2198 5608 (υ)
2236 5535 2370 5608 Vide
2401 5533 2764 5608 lib.gvni,ep.
2790 5534 2892 5608 Δ15,
2923 5539 2979 5588 et
2998 5539 3279 5608 notama,
3305 5537 3359 5590 in
3386 5554 3497 5607 qua
3523 5544 3751 5598 concilii

2053 5605 2319 5681 hujnsiit
2341 5606 2571 5661 mentio.
2605 5607 2664 5681 Si
2698 5605 2962 5681 laciniam
2995 5606 3154 5661 illam
3185 5607 3254 5681 de
3287 5605 3484 5681 missis
3505 5613 3753 5681 publicis

2053 5676 2400 5756 ab’hujusce
2421 5679 2650 5756 synodi
2685 5676 2827 5734 actis
2859 5693 3082 5734 reseces
3109 5695 3119 5736 :
3155 5678 3247 5732 vix
3279 5681 3352 5734 ab
3384 5680 3482 5746 illa
3505 5676 3752 5756 epistola

2056 5755 2120 5810 15
2156 5749 2520 5822 discrepabit.
