4106 6174
430 340 547 405 259
873 339 938 397 S.
987 327 1362 396 GREGORII
1411 325 1663 386 MAGNI
1707 318 1924 386 VITA.
1973 320 2073 380 EX
2126 318 2309 382 EJUS
2355 317 2704 382 SCRIPTIS
2746 319 3200 381 ADORNATA.
3249 321 3401 382 LIB.
3446 321 3497 383 Ι.
3829 323 3965 386 260

423 479 536 533 itur
563 472 633 529 ad
673 473 842 527 Deum
879 471 940 523 ut
968 466 1104 520 sciat
1149 460 1218 516 ad
1256 458 1398 532 quod
1440 459 1618 512 intrat
1658 471 1680 516 ;
1725 470 1851 526 quae
1890 469 2016 522 cap.
2062 451 2131 506 58
2161 453 2214 520 Α
2247 453 2286 507 Β
2338 455 2562 506 tantum
2610 451 2968 508 observetur.
3018 455 3354 524 Quanquam
3396 454 3504 510 hoc
3554 471 3765 512 nomen
3816 459 3960 514 Ber-

421 568 569 638 Reg.
608 562 848 619 totidem
885 559 1001 612 fere
1023 553 1212 610 verbis
1241 556 1484 606 exstant.
1517 548 1798 603 Caeterum
1832 559 2132 597 commen-

421 632 631 711 tarium
655 651 817 707 illum
857 644 1132 716 Gregorio
1166 640 1458 694 vindicare
1502 641 1559 691 et
1588 649 1841 689 asserere
1873 633 1981 687 hoc
2011 632 2134 686 loco

424 743 787 814 Inperﬂuum
829 739 992 802 foret,
1032 748 1166 788 cum
1199 731 1256 784 id
1287 729 1344 783 in
1378 725 1711 797 praefatione
1754 721 1960 792 praevia
1991 736 2138 791 pra:-

423 812 768 891 stiterimus.
801 828 1001 896 Neque
1034 829 1252 888 tamen,
1287 816 1511 871 inﬁcias
1534 815 1691 869 imus
1722 812 1921 882 aliqua
1949 827 2072 865 esse
2103 826 2136 863 a

420 923 660 981 Claudio
693 919 901 974 abbate
949 911 1149 969 addita
1185 927 1198 977 ;
1234 908 1331 962 sed
1383 907 1428 962 si
1463 906 1608 960 velis
1655 919 1782 974 quas
1812 918 1881 956 ex
1913 898 2133 972 Regula

419 1014 480 1070 S.
554 1006 846 1065 Benedicti
896 1005 1241 1073 deprompta
1302 999 1464 1062 sunt,
1507 991 1744 1046 Claudio
1801 985 2133 1054 tribuenda,

415 1102 570 1156 idem
593 1099 859 1169 superest
880 1092 1294 1162 argumentum
1330 1085 1401 1139 de
1432 1079 1801 1137 Benedictina
1823 1075 2045 1146 Regula
2070 1074 2129 1127 in

417 1164 774 1248 monasterio
815 1186 876 1241 S.
927 1182 1168 1239 Andreae
1227 1179 1458 1245 recepta
1501 1171 1715 1227 nostris
1779 1164 2129 1222 adversariis

419 1277 882 1336 dissolvendum.
912 1269 1203 1327 Nimirum
1237 1265 1411 1335 hujus
1435 1258 1698 1317 asceterii
1721 1257 1997 1313 alumnus
2023 1253 2132 1309 fuit

415 1368 720 1429 Claudius,
749 1369 806 1420 et
835 1362 947 1417 sub
988 1357 1217 1414 abbatis
1249 1353 1507 1424 Gregorii
1547 1347 1860 1418 disciplina
1900 1346 2129 1416 positus

419 1464 719 1528 exceperat
750 1469 876 1525 quas
907 1452 1147 1504 sanctus
1174 1450 1336 1517 pater
1365 1443 1435 1496 de
1481 1438 1647 1495 libris
1681 1438 1898 1504 Regum
1947 1433 2124 1488 disse-

413 1524 602 1604 rurtat
631 1550 686 1600 et
711 1524 1076 1611 exposuerat,
1112 1539 1176 1588 ut
1207 1532 1329 1598 ipse
1367 1533 1613 1582 testatur
1643 1525 1744 1578 lib.
1774 1538 1877 1586 xu,
1908 1537 1999 1591 ep.
2033 1524 2123 1611 2t.

410 1638 469 1694 Si
516 1639 716 1705 itaque
772 1610 1052 1685 Claudius
1099 1624 1162 1678 S.
1212 1617 1475 1690 Gregorii
1523 1617 1694 1686 filius,
1727 1612 1856 1705 sub
1885 1610 2127 1705 Regula

411 1729 471 1783 Β.
505 1701 797 1780 Benedicti
830 1720 889 1773 in
941 1717 1245 1771 Andreano
1280 1706 1632 1764 monasterio
1665 1702 1948 1767 militarit,
1983 1701 2123 1771 quid

415 1817 486 1870 de
519 1820 681 1885 patre
712 1807 1082 1866 sentiendum
1122 1801 1150 1856 τ

480 1881 534 1958 7:
566 1904 626 1957 2°
653 1901 781 1956 Jam
814 1913 946 1952 vero
981 1903 1040 1948 ut
1083 1893 1280 1964 ipsum
1334 1885 1629 1958 opinionis
1661 1881 1889 1939 Baronii
1923 1881 2128 1935 funda-

414 2001 676 2051 mentum
728 1985 1141 2044 convellamus,
1205 1975 1572 2051 probandum
1619 1977 1707 2029 est
1785 1972 1843 2027 in
1899 1969 2126 2025 Valeria

409 2085 789 2158 pr0pagatam
817 2075 996 2131 fuisse
1017 2074 1071 2126 S.
1107 2065 1404 2126 Benedicti
1438 2065 1755 2135 Regulam;
1789 2061 1908 2115 imo
1941 2059 2123 2115 solam

407 2150 792 2241 hic—viguisse
825 2163 1064 2236 quando
1094 2176 1161 2215 ea
1193 2159 1251 2212 in
1285 2155 1580 2226 provincia
1626 2150 1893 2206 Valentio
1926 2165 2127 2204 mona-

412 2239 656 2317 sterium
682 2256 937 2326 regebat.
975 2251 1033 2306 Id
1057 2253 1246 2303 autem
1281 2244 1433 2300 clare
1459 2243 1887 2296 demonstratur
1908 2255 1977 2294 ex
2003 2239 2127 2309 epi-

414 2347 560 2406 stola
590 2343 855 2402 Fundani
879 2338 1106 2396 abbatis
1120 2336 1190 2390 ad
1214 2331 1605 2404 Simplicium,
1629 2329 1862 2384 tertium
1885 2346 1916 2381 ιι
1943 2328 2002 2382 S.
2023 2326 2125 2381 Be-

414 2441 645 2493 nedicto
667 2429 1000 2490 Casinensis
1024 2422 1356 2481 monasterii
1383 2421 1652 2475 abbatem
1675 2417 1931 2487 scripta;
1957 2430 2127 2486 quam

412 2525 794 2586 Mabillonius
850 2518 1084 2574 exhibet
1115 2516 1398 2582 integram
1437 2510 1495 2563 in
1531 2507 1746 2577 praefat.
1788 2506 1858 2560 ad
1901 2506 2067 2560 Tom.
2106 2504 2126 2558 l

414 2621 540 2676 Act.
573 2615 945 2671 Sanctorum,
977 2622 1042 2660 ac
1075 2605 1285 2658 iterum
1320 2601 1651 2671 prOpugnat
1674 2594 1878 2650 Annal.
1915 2594 2125 2649 Bened.

411 2693 520 2759 lib.
555 2718 630 2768 vr,
683 2713 846 2753 num.
879 2695 932 2748 2.
993 2693 1239 2747 Summa
1287 2686 1540 2757 epistola:
1593 2693 1704 2750 est,
1755 2698 1820 2736 eo
1871 2685 2130 2752 tempore

417 2793 612 2850 omnia
645 2787 983 2857 Campaniae,
1012 2778 1276 2843 Samnite,
1318 2773 1580 2839 Valeria,
1615 2771 1834 2836 Tuscia,
1867 2772 2127 2840 Liguriae,

419 2890 470 2941 et
500 2884 751 2936 aliarum
799 2876 968 2932 Italia
1027 2870 1446 2943 provinciarum
1486 2866 1840 2929 monasteria,
1874 2863 2130 2918 dimissis

420 2968 812 3046 peculiaribus
862 2962 1122 3032 Regalis,
1164 2955 1600 3014 Benedictinam
1653 2967 1882 3008 servare
1931 2952 2127 3006 decre-

415 3041 584 3118 visse.
623 3060 778 3112 lianc
811 3051 1114 3124 epistolam
1145 3049 1200 3102 in
1235 3045 1430 3101 codice
1468 3060 1646 3098 manu
1677 3051 1908 3097 exarato
1939 3041 2130 3112 explo-

415 3149 562 3206 ravit
588 3147 766 3200 Lucas
790 3139 1123 3198 Holstenius
1145 3135 1430 3198 eruditus,
1463 3129 1824 3185 bibliothecas
1843 3128 2124 3183 Vaticanis

2238 552 2387 608 nart,
2423 559 2456 597 a
2487 542 2688 615 lingua
2721 542 3040 598 Gothorum
3084 561 3198 600 non
3244 545 3491 599 multum
3526 547 3837 605 abhorrere
3871 548 3964 602 vi-

2238 633 2464 697 deatur,
2495 633 2550 686 in
2587 649 2702 704 qua
2735 632 2914 687 multa
2945 633 3318 705 reperiuntur
3350 635 3677 690 desinentia
3705 637 3761 692 in
3803 639 3956 700 hart,

2238 737 2485 792 quorum
2522 721 2596 790 (a)
2629 721 2785 775 varia
2817 721 3076 791 exempla
3105 721 3339 776 exhibet
3370 723 3730 793 Smaragdus
3763 725 3958 781 abbas

2237 809 2651 864 Commentarii
2674 811 2732 865 in
2767 810 3174 866 Donatumltb.
3209 828 3266 878 ιι,
3291 828 3412 882 cap.
3449 813 3533 866 10.
3567 812 3682 868 Nec
3704 815 3954 883 mirum,

2237 903 2543 970 postquam
2577 898 2743 954 Gothi
2769 899 2866 953 diu
2894 899 3115 955 Italiam
3148 904 3595 970 occupaverunt,
3627 900 3855 974 aliquos
3879 919 3956 958 ex

2237 985 2334 1041 illa
2365 992 2533 1056 gente
2583 1003 2890 1042 conversos
2921 989 2982 1043 in
3016 988 3196 1044 Italiae
3226 990 3958 1063 monasteriis,posteaque

2237 1077 2479 1132 abbates
2505 1077 2704 1132 factos.
2736 1077 2799 1131 Et
2829 1077 3065 1148 quidem
3099 1093 3176 1132 vn
3207 1077 3414 1132 sculo
3454 1078 3608 1134 inter
3642 1079 3958 1149 episcopos

2234 1166 2654 1221 Cremonenses
2703 1181 2856 1221 unus
2911 1171 3246 1222 recensetur
3293 1166 3626 1222 Bernardus
3685 1168 3958 1233 nomine,

2238 1256 2418 1310 Italia:
2449 1271 2623 1310 sacrae
2657 1260 2814 1312 tomo
2844 1255 2936 1311 ιν.
2969 1255 3130 1319 Quod
3167 1262 3390 1327 spectat
3415 1257 3485 1312 ad
3538 1256 3696 1312 aliud
3731 1273 3956 1313 nomen

2235 1347 2300 1397 ut
2329 1342 2428 1398 illo
2461 1343 2669 1399 saeculo
2721 1344 2979 1399 insolens
3010 1361 3043 1399 a
3085 1345 3352 1400 Gallonio
3386 1349 3643 1401 notatum
3677 1347 3825 1414 Hugo
3859 1343 3960 1400 vel

2238 1434 2367 1501 Ugo,
2402 1433 2629 1488 videtur
2676 1433 2847 1488 etiam
2876 1432 3186 1489 Gothicam
3237 1434 3521 1506 originem
3556 1439 3657 1489 aut
3703 1433 3964 1489 Theodi-

2234 1539 2384 1578 scam
2421 1539 2521 1579 seu
2556 1523 2956 1578 Germanicam
2983 1523 3239 1579 redolere
3268 1539 3282 1578 :
3317 1522 3458 1578 nihil
3492 1524 3646 1578 enim
3683 1523 3960 1593 frequen-

2231 1613 2348 1667 tius
2378 1611 2532 1666 inter
2579 1611 2713 1666 illas
2761 1611 3239 1682 septentrionales
3287 1617 3508 1683 gentes,
3543 1627 3793 1683 quarum
3829 1627 3958 1665 una

2231 1703 2391 1772 origo
2413 1706 2521 1768 est,
2566 1702 2838 1769 occurrit,
2893 1718 3067 1773 quam
3112 1702 3388 1757 vocabula
3436 1702 3493 1756 in
3546 1700 3658 1756 God
3689 1700 3775 1756 vel
3807 1699 3956 1756 Goth

2157 1822 2203 1887 Β
2235 1792 2520 1847 cadentia.
2556 1791 2754 1864 Neque
2776 1792 3010 1846 aliunde
3041 1791 3112 1846 ob
3148 1807 3320 1847 unam
3344 1791 3605 1846 voculam
3633 1789 3834 1846 debuit
3867 1791 3960 1845 in-

2235 1887 2452 1955 tegram
2506 1884 2835 1953 epistolam,
2877 1883 2933 1938 in
2969 1883 3362 1953 suspicionem
3398 1881 3622 1937 fraudis
3653 1880 3954 1936 adducere

2236 1971 2560 2036 Gallonius,
2603 1988 2734 2027 cum
2784 1971 3006 2043 aliquin
3057 1973 3181 2041 ipse
3213 1971 3435 2042 primus
3471 1971 3713 2027 ediderit
3747 1986 3814 2025 ex
3845 1969 3956 2025 Va-

2236 2062 2425 2116 ticano
2474 2061 2669 2116 codice
2701 2062 2986 2132 quosdam
3021 2076 3218 2115 versus
3272 2060 3342 2115 de
3392 2064 3586 2115 nostro
3627 2058 3957 2129 Simplicio,

2237 2153 2334 2223 qui
2371 2152 2676 2206 manifeste
2705 2155 2913 2206 docent
2944 2165 3076 2205 eum
3103 2151 3160 2206 S.
3195 2149 3488 2206 Benedicti
3515 2149 3791 2219 Regulam
3823 2165 3959 2220 pro-

2232 2257 2460 2312 pagasse
2502 2241 2561 2296 in
2621 2255 2821 2296 omnes.
2857 2240 2936 2294 De
2985 2240 3077 2294 his
3113 2238 3395 2308 versibus,
3447 2243 3512 2294 ut
3553 2239 3625 2294 de
3681 2241 3802 2292 toto
3835 2237 3952 2293 hoc

2237 2335 2600 2403 argumento,
2651 2329 2771 2400 lege
2832 2328 3048 2384 Mabill.
3091 2332 3231 2383 tom.
3307 2328 3352 2383 Il
3403 2327 3687 2391 Analect.,
3738 2343 3793 2398 p.
3839 2326 3954 2381 200

2237 2428 2294 2478 et
2325 2437 2446 2492 seq.

2308 2511 2362 2564 9.
2391 2512 2451 2565 3°
2480 2510 2732 2566 Tametsi
2762 2510 3059 2580 disputare
3085 2525 3199 2563 non
3245 2511 3336 2563 est
3356 2507 3588 2562 animus
3617 2506 3686 2561 de
3715 2504 3950 2574 vulgato

2236 2601 2573 2658 Sublacensi
2606 2599 2924 2672 privilegio,
2956 2615 3072 2670 quo
3104 2598 3269 2654 aiunt
3299 2598 3356 2653 S.
3382 2597 3720 2666 Gregorium
3754 2596 3811 2651 in
3846 2613 3955 2666 sy-

2241 2695 2390 2750 nodo
2423 2692 2700 2764 Regulam
2734 2691 2790 2746 S.
2845 2689 3134 2746 Benedicti
3187 2689 3589 2753 conﬁrmasse,
3629 2687 3944 2740 observan-

2239 2784 2490 2854 dumque
2517 2781 2816 2836 monachis
2842 2779 3117 2835 omnibus
3141 2779 3197 2834 in
3224 2777 3481 2834 Ecclesia
3515 2775 3706 2831 Latina
3740 2792 3948 2847 propc-

2238 2873 2424 2930 suisse
2453 2890 2464 2927 :
2498 2873 2552 2926 id
2568 2877 2721 2927 certe
2752 2888 2785 2926 a
2807 2870 3179 2926 sanctissimo
3213 2868 3592 2940 papafactum
3625 2865 3952 2937 aliquando

2239 2965 2506 3019 dubitare
2539 2962 2627 3016 vix
2646 2977 2980 3033 possumus,
3008 2966 3137 3030 post
3161 2959 3514 3013 luculentum
3549 2956 3690 3011 illud
3714 2955 3956 3012 concilii

2240 3053 2608 3110 Duziacensis
2637 3069 2674 3107 ιι
2703 3053 2828 3123 (Αη.
2862 3051 2988 3116 874)
3021 3049 3422 3105 testimonium
3463 3063 3588 3119 cap.
3621 3047 3656 3099 7
3697 3063 3710 3101 :
3746 3045 3953 3101 Eadem

2240 3145 2448 3212 Regula
2497 3144 2577 3213 (S.
2628 3140 2944 3211 Benedicti)
2979 3144 3164 3196 sancto
3217 3139 3432 3208 Spiritu
3473 3134 3849 3207 promulgata,
3894 3139 3954 3189 ct

415 3187 1121 3206 ,ηπ-νυμηυην--η---η
1419 3187 1430 3198 ι
2497 3187 2577 3213 κν.
2629 3187 2943 3211 --.--.-.--.,
2979 3187 3156 3196 ηπ--
3217 3187 3428 3208 υτ--
3833 3187 3849 3202 ,
3899 3187 3942 3189 ,κ

412 3237 737 3311 praefectus,
806 3244 1030 3299 suoque
1079 3223 1300 3280 θθιθυιο
1353 3219 1770 3311 εξεξφρνρδεξνίι·
1836 3218 2116 3311 Eumdf’m
2154 3187 2196 3253 C
2235 3233 2416 3290 laudis
2462 3234 2788 3288 auctoritate
2823 3231 2968 3284 beati
3010 3243 3163 3300 papz
3205 3227 3453 3297 Gregorii
3483 3228 3628 3280 inter
3654 3223 3957 3278 canonicos

411 3307 664 3383 codicem
725 3317 1017 3376 recensuit
1074 3329 1300 3386 quoque
1371 3307 1771 3372 Mabillonius,
1823 3323 1927 3362 nec
1972 3307 2121 3361 ullas

411 3415 635 3471 fraudis
688 3417 854 3467 notas
887 3404 1231 3463 observavit.
1269 3401 1414 3467 Ergo
1467 3397 1637 3469 paulo
1686 3400 1815 3468 post
1843 3397 1901 3450 S.
1938 3396 2118 3452 Bene-

411 3506 550 3561 dicti
575 3503 797 3558 obitum
831 3493 1175 3554 monasteria
1226 3491 1399 3546 etiam
1430 3487 1692 3555 Valeriae,
1733 3486 1841 3542 etsi
1874 3486 2119 3542 fortasse

409 3594 570 3667 prius
601 3592 671 3646 ab
735 3588 960 3660 Equitio
1016 3585 1280 3645 intituta,
1331 3577 1689 3635 sanctissimi
1751 3575 2120 3649 Legislatoris

409 3665 689 3755 Regulam
741 3677 1129 3732 sectabantur.
1191 3675 1306 3724 Nec
1338 3669 1547 3723 mirum
1583 3683 1649 3721 ea
1678 3666 1961 3731 omnobia,
1995 3665 2121 3735 qui-

410 3773 519 3829 bus
543 3774 602 3827 S.
629 3766 890 3840 Equitius
916 3762 1126 3817 nullan:
1155 3765 1366 3814 certam
1397 3755 1675 3827 Regulam
1700 3755 2115 3826 assignaverat,

411 3870 607 3933 postea
643 3859 803 3913 illam
837 3852 1217 3910 Monachorum
1268 3849 1525 3917 Regulam
1555 3846 1881 3900 discretione
1919 3843 2119 3914 preci.

406 3968 576 4022 puam
631 3947 978 4015 assumptsse.
1042 3944 1160 3997 Imo
1212 3939 1404 4008 potius
1455 3936 1734 3990 miraculo
1785 3935 2118 4006 proximum

407 4041 720 4103 videretur,
762 4036 820 4090 S.
856 4029 1147 4087 Benedicti
1190 4025 1491 4096 Regulam,
1541 4040 1668 4094 qua:
1709 4025 1901 4080 statim
1940 4041 2006 4079 ac
2035 4029 2122 4079 est

2228 3325 2527 3393 scripturas
2592 3328 2642 3374 et
2707 3318 3100 3373 catholicorum
3165 3316 3446 3370 doctorum
3511 3313 3712 3383 scripta
3767 3313 3958 3366 teneri

2229 3412 2452 3467 decreta
2500 3418 2594 3464 est.
2626 3407 2788 3471 Quod
2834 3423 2966 3462 cum
3003 3404 3198 3461 referri
3241 3421 3355 3459 non
3398 3402 3581 3474 possit
3611 3401 3680 3455 ad
3714 3417 3838 3470 cap.
3872 3401 3950 3454 36

2230 3501 2330 3556 lib.
2363 3515 2403 3554 ιι
2438 3497 2802 3568 Dialogorum
2839 3495 2967 3566 (etsi
2990 3494 3143 3549 enim
3174 3492 3393 3563 Regula
3423 3493 3482 3547 S.
3509 3489 3801 3546 Benedicti
3829 3488 3944 3544 hoc

2230 3589 2498 3645 laudetur
2528 3587 2674 3654 loco,
2707 3585 2935 3641 nullum
2973 3589 3163 3639 tamen
3211 3583 3379 3637 ibide
3432 3598 3499 3636 ea
3530 3580 3821 3635 decretum
3855 3577 3943 3631 le-

2227 3679 2428 3751 gitur),
2460 3694 2525 3733 ea
2558 3678 2626 3731 de
2649 3692 2707 3730 re
2727 3680 2782 3728 Β.
2817 3675 3155 3744 Gregorium
3178 3673 3234 3726 in
3264 3671 3485 3741 synodo
3508 3669 3758 3726 edixisse
3793 3683 3938 3736 pene

2229 3771 2480 3823 constat.
2514 3765 2746 3820 Accedit
2781 3762 3063 3817 Bonifacii
3090 3762 3160 3815 IV
3185 3766 3241 3815 et
3271 3757 3501 3815 concilii
3529 3758 3686 3811 Rom.
3722 3771 3815 3809 an.
3840 3755 3953 3809 610

2230 3857 2559 3913 auctoritas.
2594 3856 2737 3910 Cum
2781 3854 2936 3910 enim
2971 3852 3211 3907 clericos
3243 3852 3388 3906 inter
3434 3853 3487 3903 et
3521 3846 3837 3902 monachos
3872 3846 3946 3898 de

2231 3947 2448 4002 muniis
2479 3943 2888 4000 ecclesiasticis
2920 3947 3047 3997 orta
3087 3949 3230 3995 esset
3266 3936 3676 4002 controversia,
3709 3933 3938 3990 Bonifa-

2229 4036 2354 4090 cius
2403 4040 2458 4088 et
2506 4032 2712 4102 synodi
2739 4036 2933 4086 Patres
2963 4047 3030 4084 ex
3064 4031 3258 4100 regula
3287 4028 3342 4082 S.
3393 4023 3705 4088 Benedicti,
3739 4027 3944 4087 utpote

411 4128 664 4192 condita,
699 4124 756 4178 in
784 4119 1091 4177 duodecim
1142 4113 1516 4171 monasteriis
1558 4112 1806 4168 Sublaco
1840 4113 2119 4184 proximis

2285 4141 2347 4178 m
2399 4125 2548 4177 inter
2599 4120 2879 4176 canonica
2917 4121 3136 4190 scripta
3183 4117 3450 4174 Ecclesiae
3492 4117 3704 4169 statuto
3739 4111 3942 4177 relata,

408 4220 712 4274 observata
742 4217 853 4280 est,
880 4218 1073 4282 postea
1100 4205 1256 4261 brevi
1285 4201 1558 4272 temporis
1589 4201 1888 4256 intervallo
1921 4202 1978 4256 in
2011 4203 2118 4256 Ca-

407 4306 629 4364 sinensi
661 4309 716 4358 et
744 4297 1148 4356 Terracinensi
1181 4292 1462 4350 omnobiis
1494 4291 1778 4358 instituta,
1819 4291 2009 4345 adhuc
2040 4292 2121 4345 vi-

405 4398 574 4451 Vcnte
606 4395 664 4448 S.
709 4390 1037 4452 Benedicto,
1065 4386 1122 4440 in
1158 4383 1354 4440 Sicilia
1374 4391 1428 4437 et
1462 4379 1631 4451 paulo
1664 4386 1792 4449 post
1823 4378 1881 4434 in
1915 4379 2118 4435 Galliis

409 4481 809 4544 disseminata,
843 4479 913 4532 ab
943 4474 1218 4546 Hispanis
1237 4471 1488 4544 expetita
1518 4475 1576 4524 et
1606 4469 1802 4538 culta;
1839 4486 2025 4540 usque
2046 4471 2115 4524 ad

2226 4212 2386 4267 litem
2434 4212 2746 4266 ﬁniendam
2809 4208 2960 4264 208
3023 4210 3398 4268 censuerunt,
3450 4204 3949 4270 decreveruntque

2232 4303 2547 4357 monachos
2578 4319 2610 4357 a
2641 4302 2822 4357 sacris
2875 4297 3210 4354 ministeriis
3241 4312 3354 4351 non
3398 4295 3677 4349 arcendos
3711 4307 3723 4344 :
3764 4289 3951 4362 Neque

2229 4392 2398 4458 enim,
2431 4391 2623 4462 inquit
2657 4390 2934 4462 pontifex,
2969 4387 3315 4454 Benedictus,
3357 4383 3755 4438 monachorum
3792 4393 3944 4450 pra-

2229 4488 2429 4550 ceptor,
2461 4481 2624 4549 hujus
2655 4482 2734 4533 rei
2763 4479 2949 4549 aliquo
2980 4475 3136 4530 modo
3173 4477 3279 4544 fuit
3310 4471 3650 4527 interdictor.

414 4581 674 4644 tempora
718 4571 775 4627 S.
805 4567 1062 4639 Gregorii
1095 4566 1154 4620 in
1197 4561 1488 4636 provincia
1539 4561 1773 4616 Valeria
1804 4577 1919 4617 non
1950 4560 2120 4632 longe
2153 4562 2194 4625 D
2300 4571 2385 4624 10.
2420 4569 2477 4623 [ιο
2511 4568 2676 4624 Aliud
2715 4577 2980 4640 superest
3003 4569 3436 4638 argumentum,
3481 4561 3656 4632 idque
3686 4555 3952 4613 invictis-

411 4682 444 4722 a
486 4661 728 4720 Sublaco
762 4658 979 4724 dissita,
1026 4654 1377 4724 incognitam
1421 4655 1477 4706 et
1517 4650 1835 4722 neglectam
1878 4667 2116 4723 prorsus

404 4754 627 4819 fuisse;
669 4751 748 4804 ita
797 4747 974 4803 utsic
1026 4759 1269 4815 arguere
1311 4757 1441 4796 cum
1482 4740 1729 4796 Baronio
1763 4741 1933 4796 liceat
1966 4757 1978 4794 :
2010 4744 2125 4796 Va-

407 4843 584 4902 lentio
635 4841 694 4896 in
743 4837 974 4893 Valeria
1034 4831 1354 4888 monachus
1404 4836 1459 4888 et
1489 4830 1668 4884 abbas
1720 4831 1832 4884 fuit
1885 4845 2066 4901 ;ergo
2097 4849 2129 4885 a

407 4937 464 4993 S.
500 4932 796 4991 Benedicti
838 4928 1069 4998 legibus
1122 4939 1360 4995 prorsus
1399 4921 1570 4986 liber,
1602 4921 1767 4978 alteri
1819 4937 1995 4992 quam
2027 4925 2127 4977 Be-

414 5024 718 5080 nedictinte
752 5016 986 5088 Regulae
1019 5011 1280 5086 parebat.

479 5112 531 5169 8.
564 5113 692 5168 Scio
745 5105 1074 5166 Gallonium
1143 5100 1434 5172 Opinionis
1490 5099 1717 5156 Baronii
1754 5105 2127 5167 assertorem,

407 5203 475 5257 de
527 5200 784 5270 epistolas
841 5193 1106 5253 Fundani
1145 5190 1375 5248 abbatis
1431 5189 1768 5246 sinceritate
1798 5190 2125 5246 dubitasse.

415 5290 554 5362 quia
587 5287 860 5345 Bernardi
881 5292 937 5343 et
969 5286 1208 5358 Hugonis
1236 5283 1498 5348 nomina,
1524 5280 1654 5349 hoc,
1680 5280 1892 5354 inquit,
1923 5279 2132 5337 saeculo

415 5380 614 5452 ignota
646 5379 706 5433 in
736 5394 804 5433 ea
832 5375 1364 5447 deprehenduntur.
1396 5374 1468 5428 At
1499 5372 1770 5427 Bernardi
1788 5385 1998 5426 nomen
2022 5369 2128 5426 hac

415 5471 472 5525 in
499 5468 746 5540 epistola
786 5483 896 5520 non
933 5467 1116 5538 magis
1147 5463 1484 5533 eXprimitur
1506 5478 1678 5534 quam
1715 5461 1798 5517 vel
1827 5459 2128 5517 Bartholo-

417 5560 568 5627 masi,
601 5558 683 5613 vel
739 5554 1035 5619 Barnabas,
1077 5559 1186 5610 etc.
1233 5553 1376 5608 Cum
1413 5552 1568 5608 vocis
1600 5553 1908 5608 decurtata
1940 5550 2129 5607 littera

485 5745 561 5818 (a)
594 5744 673 5801 Ea
704 5741 824 5814 lege
853 5742 995 5795 tom.
1031 5737 1078 5793 ll
1113 5732 1366 5790 Analect.
1401 5733 1646 5801 Mabill.,
1687 5751 1738 5805 p.
1771 5735 1894 5791 422.

2227 4662 2462 4722 simum,
2498 4659 2649 4729 quod
2665 4660 2880 4729 petitur
2907 4675 2977 4712 ex
3009 4654 3468 4727 promulgatione
3493 4649 3720 4722 Regula:
3752 4647 3944 4701 Bene-

2232 4749 2463 4805 dictinas
2496 4749 2557 4803 in
2586 4749 2796 4818 Anglia
2829 4763 2928 4818 per
2958 4745 3277 4801 monachos
3309 4740 3555 4798 Romani
3593 4741 3653 4794 S.
3695 4735 3951 4792 Androm

2235 4839 2567 4896 monasterii
2602 4856 2635 4893 a
2683 4839 2960 4909 Gregorio
2994 4837 3198 4906 Magno
3225 4835 3475 4898 missos;
3510 4834 3567 4884 at
3598 4827 3742 4881 illud
3779 4824 3947 4878 alteri

2231 4930 2355 4986 loco
2431 4944 2810 4994 reservamus,
2887 4925 3386 4997 Opportuniusque
3450 4915 3936 4990 pertracabimus,

2234 5019 2467 5091 quando
2500 5019 2570 5073 de
2618 5017 2934 5088 Anglorum
2977 5015 3052 5070 ad
3082 5015 3253 5068 tidem
3303 5008 3682 5068 Christianam
3710 5017 3946 5058 comet»

2235 5110 2418 5174 sione,
2470 5107 2702 5162 illorum
2747 5105 3167 5161 monachorum
3224 5117 3417 5171 opera,
3469 5095 3575 5153 erit
3627 5093 3945 5165 agendum.

2237 5199 2469 5254 Interim
2496 5213 2628 5252 vero
2651 5194 3104 5262 respondeamus
3127 5189 3505 5264 quibusdam,
3527 5199 3657 5257 quas
3672 5181 3951 5238 solvenda

2235 5293 2572 5359 supersunt,
2625 5291 2826 5342 contra
2854 5289 3112 5340 nostram
3157 5280 3503 5338 sententiam
3536 5275 3628 5331 hic
3657 5275 3944 5328 assertam

2233 5380 2318 5435 vel
2343 5381 2458 5448 jam
2494 5377 2755 5447 objectis,
2797 5375 2883 5431 vel
2917 5373 3278 5445 objiciendis.

2306 5471 2393 5525 il.
2427 5467 2755 5539 Gregorius,
2801 5464 3053 5537 inquies,
3085 5463 3346 5535 quedam
3387 5459 3458 5514 ab
3498 5453 3717 5527 Regula
3745 5454 3801 5505 S.
3837 5451 3945 5539 Be-

2236 5556 2450 5614 nedicti
2483 5537 2801 5627 plurimum
2834 5554 3072 5610 dissona
3097 5548 3418 5607 constituit.
3437 5549 3576 5603 Nam
3609 5557 3742 5598 cum
3772 5537 3947 5594 novi-
