4132 6172
184 259 301 320 261

648 258 713 318 S.
763 252 1134 316 GREGORII
1184 249 1429 312 MAGNI
1476 247 1689 315 VITA,
1736 246 1836 308 EX
1888 247 2079 308 EJUS
2122 247 2470 311 SCRIPTIS
2517 249 2959 316 ADORNATA.
3011 260 3157 322 LIB.
3207 262 3257 326 Ι.

3598 269 3715 335 262

181 391 398 448 tiorum
434 389 695 463 probatio
727 388 817 444 vix
847 387 922 442 ad
955 401 1176 441 annum
1209 384 1495 449 integrum
1528 382 1898 448 extendatur,
1931 382 1984 448 Α
2012 385 2138 470 tum
2173 381 2229 436 in
2279 383 2612 454 praefatione
2642 387 2712 441 ad
2761 393 2900 445 tom.
2935 390 2956 445 Ι
3009 394 3134 448 Act.
3195 399 3562 470 sanctorum,
3593 409 3718 463 tum

172 482 348 551 juxta
396 481 612 536 Bened.
674 478 903 550 Regula
953 491 1077 542 cap.
1129 475 1222 538 58,
1281 473 1526 528 Sanctus
1584 471 1897 539 Gregorius

175 571 277 627 lib.
305 588 364 638 χ,
396 586 486 640 ep.
548 569 641 636 24,
675 568 881 623 scribit
939 565 1276 628 Fortunato,
1337 563 1605 633 episcopo
1635 560 1902 630 Neapoli-

177 670 313 716 lano
350 660 730 714 :Monasteriis
787 655 1042 713 omnibus
1099 655 1425 723 fraternitas
1456 660 1632 707 vestra
1683 652 1897 707 distric-

171 753 279 804 tius
299 749 696 809 interdicat,ut
719 763 807 803 eos
826 761 958 820 quos
984 745 1054 799 ad
1082 742 1506 799 convertendum
1537 743 1894 811 susceperint,

170 843 504 911 priusquam
527 838 816 894 biennium
838 836 899 891 in
929 834 1340 891 conversatione
1369 832 1696 900 compleant,
1741 832 1895 887 nullo

170 929 333 986 modo
363 929 605 984 audeant
635 932 942 983 tonsurare.
995 924 1142 994 Ergo
1173 921 1486 992 Gregorius
1527 920 1802 992 Regulam
1833 926 1892 977 S.

171 1018 477 1076 Benedicti
533 1035 646 1072 non
697 1024 819 1072 erat
873 1013 1198 1086 amplexus,
1234 1027 1409 1081 quam
1442 1010 1550 1064 hac
1610 1011 1666 1064 in
1733 1015 1893 1078 parte

169 1109 551 1180 improbavit.
612 1105 952 1178 Respondeo
1011 1105 1070 1161 S.
1105 1101 1633 1160 Benedictum.etei
1682 1100 1892 1171 proba-

175 1199 353 1254 tionis
370 1197 723 1253 noviticrum
747 1200 983 1266 tempus
1003 1192 1157 1248 ultra
1176 1207 1396 1247 annum
1423 1207 1537 1246 non
1571 1190 1892 1261 protrahat,

171 1288 423 1344 minime
453 1292 649 1343 tamen
681 1290 875 1341 vetare
930 1281 1178 1338 ulterius
1204 1281 1467 1351 protendi
1495 1297 1508 1346 ;
1534 1286 1894 1350 quapropter

169 1380 229 1434 in
263 1377 562 1449 plerisque
600 1371 1154 1447 congregationibus
1204 1368 1592 1424 Benedictinis
1629 1369 1893 1424 arctioris

170 1466 846 1534 observantireﬂratrnm
906 1474 1316 1517 conversorum
1367 1456 1692 1530 probationi
1734 1458 1891 1514 bien-

167 1557 340 1613 nium
366 1556 702 1624 impeditur,
735 1559 793 1609 et
826 1552 1094 1607 monachi
1126 1549 1302 1605 choro
1330 1548 1544 1604 addicti
1574 1548 1889 1618 aliquando

159 1647 346 1719 justis
376 1646 451 1700 de
480 1644 676 1700 causis
699 1644 852 1697 ultra
877 1656 1098 1696 annum
1133 1640 1474 1709 prabantur,
1501 1637 1676 1692 illaec
1709 1638 1766 1693 S.
1792 1637 1890 1693 Be-

167 1737 389 1792 nedicti
414 1736 662 1806 ejusque
695 1732 927 1803 Regule
955 1733 1186 1787 honore.
1214 1730 1325 1822 Gur
1357 1734 1551 1822 autem
1583 1728 1642 1784 S.
1674 1728 1890 1822 Greg‘o-
1923 1757 1968 1822 Β

168 1827 292 1882 rius
345 1824 650 1880 biennium
708 1823 1044 1879 exercendis
1112 1819 1601 1891 explorandisque
1657 1819 1888 1873 novitiis

165 1914 554 1987 assignaverit
611 1915 667 1969 in
725 1912 990 1968 dicacesis
1037 1908 1428 1981 Neapolitanus
1491 1908 1885 1973 monasteriis,

171 2007 298 2076 ipse
353 2005 526 2059 docet
571 2003 662 2058 his
709 2002 943 2057 verbis:
978 1999 1233 2057 Pervenit
1291 1998 1362 2054 ad
1407 2014 1505 2054 nos
1552 1996 1888 2052 Mauricium

166 2094 490 2166 quemdam,
513 2094 613 2163 qui
641 2107 820 2154 nuper
848 2091 908 2144 in
934 2090 1268 2144 monasterio
1299 2088 1633 2143 Barbaciani
1659 2102 1884 2142 conver-

164 2201 251 2241 sus
284 2191 389 2250 est,
423 2183 622 2236 ablatis
662 2197 846 2236 secum
905 2178 1043 2234 aliis
1071 2177 1377 2243 monachis,
1409 2182 1540 2247 fuga
1596 2180 1670 2232 de
1699 2177 1886 2233 eodem

172 2274 512 2328 monasterio
549 2272 867 2326 discessisse.
925 2270 1042 2336 Oua
1099 2271 1159 2323 in
1225 2284 1286 2322 re
1339 2267 1665 2337 praedictum
1733 2267 1886 2322 nobis

171 2362 578 2418 Barbocianum
607 2362 725 2416 haec
753 2357 1112 2430 pracipitatio
1145 2358 1484 2412 vehementer
1510 2363 1751 2422 accusat,
1789 2357 1886 2426 qui

169 2461 367 2507 temere
435 2451 752 2506 saecularem
806 2450 1104 2514 hominem,
1157 2456 1208 2503 et
1250 2464 1362 2502 non
1410 2457 1536 2501 ante
1590 2449 1885 2515 probatum

164 2543 507 2596 tonsurat’it.
545 2541 695 2596 Sane
726 2544 810 2593 tot
854 2537 1267 2592 monachorum
1300 2547 1434 2592 ante
1490 2535 1881 2591 sutficientem

159 2632 574 2702 probationem
633 2633 848 2684 temere
905 2627 1289 2682 admissorum
1371 2624 1683 2692 apostasia,
1735 2625 1881 2680 ratio

158 2725 290 2774 erat
348 2718 504 2772 haud
565 2716 893 2787 spernenda
926 2715 1296 2781 decernendi,
1349 2719 1413 2769 ut
1458 2715 1732 2784 deinceps
1783 2730 1883 2792 per

158 2809 474 2864 biennium
527 2811 930 2862 exercerentur
1004 2810 1060 2860 et
1109 2805 1508 2875 probarentur,
1570 2813 1878 2872 antequam

161 2898 599 2970 professionem
630 2896 979 2951 emitterent.

232 2985 562 3056 Opponunt
627 2987 802 3041 etiam
854 2983 1121 3040 nonnulli
1153 3001 1285 3039 cum
1321 2983 1600 3039 cardinali
1636 2984 1882 3040 Baronio

163 3077 222 3132 S.
259 3076 603 3146 Gregorium
622 3073 994 3146 prohibuisse
1020 3073 1239 3144 suscipi
1262 3075 1319 3128 in
1337 3073 1707 3128 monasteriis
1735 3075 1876 3129 ado-

161 3165 455 3220 lescentes
515 3170 646 3218 ante
703 3165 990 3218 decimum
1024 3168 1292 3218 octavum
1326 3163 1511 3219 astatis
1551 3179 1788 3224 annum.
1815 3171 1878 3218 ut

159 3259 391 3311 constat
422 3270 491 3308 ex
522 3269 613 3323 ep.
658 3254 729 3307 50
759 3254 857 3307 lib.
892 3270 929 3307 ι.
967 3253 1026 3306 Id
1085 3263 1278 3308 autem
1315 3252 1618 3307 manifeste
1663 3258 1886 3324 pugnat

157 3357 361 3400 contra
383 3345 440 3396 S.
478 3343 770 3398 Benedicti
818 3342 1116 3413 Regulam,
1174 3359 1304 3411 quas
1335 3358 1456 3411 cap.
1487 3342 1558 3396 56
1600 3342 1882 3412 permittit

153 3436 331 3488 etiam
369 3432 626 3487 infantes
673 3431 959 3486 libertatis
991 3437 1048 3486 et
1079 3431 1316 3486 rationis
1347 3437 1611 3501 expertes
1663 3433 1717 3485 in
1755 3448 1876 3486 nio-

153 3522 438 3578 nasteriis
464 3538 500 3575 a
524 3521 860 3591 parentibus
891 3521 1114 3576 oblatos
1147 3521 1418 3590 recipere.

224 3611 678 3682 Respondemus
719 3609 863 3665 illud
897 3610 1156 3681 Gregorii
1192 3609 1384 3681 Magni
1416 3609 1728 3676 decretum,
1755 3626 1870 3665 non

148 3719 251 3774 per
281 3701 568 3757 omnibus
584 3701 969 3765 monasteriis,
995 3701 1090 3756 sed
1113 3701 1322 3772 probis
1351 3705 1580 3754 tantum
1605 3701 1871 3771 quequi~

147 3792 407 3847 busdam
441 3790 503 3845 in
528 3789 739 3846 insulis
760 3790 1040 3862 Tyrrheni
1059 3790 1235 3846 maris
1256 3794 1421 3844 erant
1442 3790 1673 3843 condita
1695 3791 1869 3846 fuisse

145 3879 592 3952 promulgatum
625 3898 638 3945 ;
700 3881 875 3950 idque
932 3880 1076 3934 satis
1120 3879 1312 3933 innuit
1342 3883 1579 3933 sanctus
1612 3879 1867 3948 pontifex

144 3971 280 4024 dum
315 3975 401 4024 ita
433 3968 636 4024 scribit
671 3986 683 4023 :
718 3970 860 4038 Quia
889 3972 1072 4024 autem
1110 3968 1251 4022 dura
1276 3974 1357 4024 est
1389 3971 1444 4022 in
1487 3969 1685 4022 insulis
1732 3985 1864 4023 con-

138 4062 397 4130 gregatio
453 4060 870 4124 monachorum,
903 4062 1069 4115 etiam
1099 4073 1292 4128 pueros
1319 4061 1378 4112 in
1421 4059 1623 4113 eisdem
1654 4073 1864 4114 monas-

137 4150 298 4204 teriis
329 4150 571 4218 (insulae
601 4148 1067 4220 Eumorphiante)
1095 4154 1225 4202 ante
1279 4147 1460 4203 decem
1488 4152 1538 4202 et
1593 4154 1715 4204 octo
1760 4165 1862 4203 an-

137 4254 349 4292 norum
435 4241 678 4306 tempora
742 4236 947 4305 suscipi
1010 4237 1450 4307 prohibemus....
1521 4235 1620 4292 hoc
1694 4245 1745 4292 et
1803 4239 1862 4290 in

139 4329 465 4392 Palmaria,
498 4327 731 4399 aliisque
758 4328 957 4383 insulis
989 4336 1036 4383 te
1054 4342 1153 4395 per
1171 4329 1359 4381 omnia
1392 4326 1640 4381 volumus
1686 4333 1858 4381 custo-

137 4420 283 4474 dire.
301 4417 554 4472 Causam
574 4418 750 4488 igitur
767 4417 1051 4472 habemus
1074 4415 1584 4471 curadclcscentes
1601 4419 1857 4470 nondum

2008 469 2067 524 in
2100 471 2378 540 singulari
2412 475 2822 533 dissertatione
2869 481 2941 533 De
2974 488 3275 540 monastica
3331 493 3442 544 vita
3475 469 3724 564 GregOrii

2005 559 2190 629 Magni
2220 560 2462 618 analect.
2490 568 2628 619 tom.
2665 565 2732 632 lI,
2795 574 2917 623 tum
2961 570 3019 626 in
3075 576 3394 634 Annalibus
3444 559 3719 640 Benedic-

2006 648 2142 702 tinis
2194 649 2294 706 lib.
2328 668 2380 705 v1
2413 658 2469 706 et
2502 653 2557 707 in
2590 656 2922 744 Appendice
2948 676 2987 724 ι,
3016 661 3112 716 ubi
3161 669 3419 723 secunda
3453 678 3656 744 parte§
3684 677 3719 730 6

2008 750 2383 795 recensentur
2410 743 2740 812 gravissimi
2774 749 3086 817 scriptores
3118 753 3188 807 ab
3221 755 3382 812 obitu
3412 760 3471 816 S.
3505 743 3717 835 Grego-

2007 833 2097 896 rii,
2139 833 2240 900 qui
2275 837 2485 886 DOStI‘iﬁ
2542 849 2730 888 causae
2763 837 3160 908 suffragantur
3192 862 3206 912 ;
3242 863 3275 900 a
3321 850 3531 918 quibus
3564 833 3716 912 00—m-

2009 921 2406 976 memorandis
2429 922 2815 992 abstinemus,
2840 933 2961 982 tum
2985 933 3140 1000 quod
3165 942 3292 1004 post
3316 942 3397 992 tot
3422 943 3715 1001 rationum

2006 1008 2264 1077 pondera
2311 1010 2401 1064 vix
2452 1011 2820 1081 indigeamus
2871 1020 3141 1090 testibus,
3170 1029 3290 1081 tum
3329 1031 3482 1097 quod
3519 1049 3716 1090 rerum

2005 1097 2380 1154 dicendarum
2428 1102 2743 1158 multitudo
2784 1123 2849 1162 ac
2885 1111 3222 1180 magnitudo
3257 1114 3311 1169 in
3347 1116 3453 1173 hac
3484 1128 3714 1178 contro-

2001 1187 2187 1242 versia
2217 1205 2323 1244 nos
2355 1206 2468 1244 non
2501 1192 2659 1247 sinat
2686 1194 2905 1251 diutius
2934 1196 3252 1256 immorari.
3289 1203 3454 1262 Nunc
3485 1211 3624 1280 quid
3649 1212 3708 1268 in

2003 1279 2352 1332 monasterio
2381 1282 2626 1350 gesserit
2647 1282 2982 1354 Gregorius,
3006 1296 3411 1364 quantumque
3444 1279 3514 1352 in,
3534 1301 3711 1358 virtu-

2002 1370 2127 1421 tum
2160 1367 2353 1422 studio
2387 1373 2708 1439 profecerit,
2738 1375 3139 1444 inspiciamus.

2677 1462 2914 1520 CAPUT
2948 1467 3033 1523 iV.

2001 1543 2526 1619 ABGQMBNTEIM..—-i.
2586 1548 2825 1613 Gregorii
2863 1557 3132 1616 profectus
3183 1561 3233 1609 in
3266 1567 3614 1617 monasterio.
3648 1595 3707 1611 --

2060 1609 2663 1694 21.529519513-39-.°2.
2687 1609 2877 1694 ὧτέεωξ
2911 1609 3427 1694 "runcaturi:
3434 1609 3710 1694 "571iqu

2061 1670 2386 1744 abstinentia
2417 1673 2717 1744 etjejunia.
2752 1678 2924 1744 Unde
2951 1670 3308 1735 molestissimi
3365 1670 3552 1740 morbi.

2061 1731 2233 1810 ipsius
2263 1731 2510 1810 exemplo
2547 1731 2811 1809 quantum
2843 1741 2929 1810 alii
2963 1731 3604 1810 monachi—profecerim.
3642 1731 3707 1795 εἰ

2058 1793 2105 1867 Ξ.
2138 1795 2255 1867 J_am
2290 1793 2434 1844 tunc'
2475 1793 2718 1867 Angliam
2777 1805 2989 1867 cogitat.
3022 1832 3082 1844 -—
3644 1793 3708 1856 :-

2059 1854 2107 1932 Z.
2242 1873 2356 1932 quo_
2384 1854 2666 1932 pontiﬁce.
2702 1891 2761 1932 -_-_
2789 1854 2950 1932 8.U_A_l‘_l
2981 1854 2986 1855 ⁷
3013 1854 3281 1921 diaconus
3321 1854 3620 1928 cardinal-is.
3651 1854 3706 1918 -:

2059 1917 2106 1968 9.
2141 1922 2221 1969 An
2253 1917 2674 1974 archidiaconus.
2707 1929 2835 1989 (An.
2867 1929 2978 1987 575,
3008 1931 3119 1988 576.
3145 1917 3273 1995 etc.)

2071 2002 2119 2058 1.
2153 2003 2359 2096 Qualis
2405 2006 2458 2096 in
2496 2010 2814 2078 tranquilla
2843 2016 3180 2070 monasterii
3209 2018 3455 2076 statione
3485 2023 3709 2096 Grego-

1996 2092 2120 2146 rius
2141 2094 2410 2161 evaseril,
2443 2095 2568 2164 ipse
2592 2101 2737 2154 mire
2769 2100 3052 2172 depingit,
3084 2105 3221 2161 dum
3250 2092 3708 2185 amissamquie—

1995 2187 2108 2236 tem
2135 2182 2191 2235 in
2236 2184 2507 2252 pastorali
2539 2202 2696 2248 cura,
2734 2205 2845 2243 non
2896 2194 3154 2249 mentitis
3195 2197 3495 2254 oculorum
3531 2182 3709 2274 lacry-

1997 2271 2126 2332 mis,
2178 2274 2276 2326 sed
2329 2273 2536 2329 intimo
2595 2279 2789 2333 cordis
2817 2287 3037 2349 gemitu
3099 2284 3178 2338 ita
3226 2286 3442 2344 deﬂet:
3502 2271 3707 2360 Infelix

1993 2361 2208 2414 animus
2259 2378 2410 2416 meus
2457 2367 2834 2434 occupationis
2863 2385 2982 2426 sum
3037 2373 3287 2438 pulsatus
3316 2378 3558 2444 vulnere,
3589 2397 3704 2436 me-

1992 2452 2160 2540 minit
2209 2454 2388 2522 quatis
2434 2455 2731 2523 aliquando
2791 2460 2851 2511 in
2897 2467 3224 2518 monasterio
3251 2471 3362 2535 fuit
3392 2485 3412 2531 ;
3441 2472 3706 2540 quomodo

1991 2539 2045 2595 ei
2074 2540 2316 2596 labentia
2345 2555 2536 2599 cuncta
2566 2546 2747 2600 subter
2767 2561 2924 2602 erant
2936 2557 3245 2619 ;quantum
3270 2556 3426 2611 rebus
3453 2539 3707 2616 omnibus

1992 2646 2114 2699 quae
2149 2631 2439 2686 volvuntur
2480 2636 2792 2698 eminebat;
2823 2639 2962 2708 quod
2991 2643 3151 2696 nulla
3193 2647 3308 2699 nisi
3337 2649 3576 2704 caelestia
3616 2667 3704 2706 co-

1989 2718 2174 2788 gitare
2221 2727 2569 2776 consueverat
2598 2741 2618 2783 ,·
2645 2726 2784 2795 quod
2827 2731 2998 2782 etiam
3030 2739 3269 2787 retentus
3301 2751 3545 2806 corpore,
3580 2741 3703 2807 ipsa

1982 2809 2103 2878 jam
2134 2812 2322 2864 carnis
2367 2811 2610 2866 claustra
2665 2818 3121 2884 contemplatione
3175 2825 3495 2885 transibat:
3560 2830 3703 2898 quod

1993 2902 2220 2953 mortem
2276 2916 2502 2970 quoque,
2534 2918 2652 2970 qua
2695 2921 2832 2970 pene
2860 2907 3070 2962 cunctis
3099 2927 3256 2978 paena
3301 2922 3400 2979 est,
3442 2915 3696 2973 videlicet

1988 2993 2046 3043 ut
2078 2991 2378 3058 ingressum
2417 2990 2549 3048 vitae
2577 3001 2629 3046 et
2660 2993 2865 3050 laboris
2893 2996 2986 3051 sui
3021 3000 3309 3068 premium
3349 3005 3596 3060 amabat.
3634 3007 3704 3062 Αι

1987 3094 2137 3133 nunc
2165 3094 2234 3134 ea:
2264 3084 2539 3136 occasione
2592 3097 2740 3137 cura:
2786 3087 3078 3153 pastoralis
3132 3091 3480 3147 saecularium
3533 3094 3707 3150 homi-

1989 3185 2117 3222 num
2150 3169 2364 3238 negotia
2385 3173 2616 3239 patitur,
2661 3176 2711 3226 et
2739 3185 2857 3241 post
2881 3179 2993 3228 tam
3019 3178 3306 3245 pulchram
3365 3185 3559 3252 quietis
3580 3201 3699 3243 suae

1983 3260 2230 3326 speciem,
2265 3261 2469 3312 terreni
2489 3265 2641 3314 actus
2671 3259 2903 3326 pulvere
2930 3265 3190 3331 [sedatum
3227 3268 3463 3341 Cumque
3500 3289 3556 3326 se
3600 3291 3694 3338 pro

1982 3347 2428 3403 condescensione
2457 3351 2759 3405 multorum
2802 3353 2872 3406 ad
2901 3358 3178 3410 exteriora
3208 3359 3500 3429 sparserit,
3528 3364 3694 3419 etiam

1980 3452 2106 3492 cum
2130 3439 2398 3493 interiora
2427 3444 2650 3509 appetit,
2679 3441 2747 3495 ad
2776 3444 2889 3497 haec
2919 3447 3278 3509 proculdubio
3309 3450 3492 3505 minor
3521 3454 3690 3509 redit.

1980 3527 2261 3593 Perpendo
2315 3528 2505 3598 itaque
2541 3531 2671 3600 quid
2725 3532 2920 3595 tolero,
2969 3539 3246 3605 perpendo
3303 3542 3446 3608 quod
3496 3542 3684 3597 amisi.

1977 3615 2232 3685 (Prae/at.
2274 3617 2450 3688 Dial.)
2501 3617 2837 3674 Familiares
2897 3629 3036 3677 sunt
3077 3624 3371 3693 Gregorio,
3429 3647 3688 3701 peneque

1977 3705 2282 3772 continuis,
2316 3706 2539 3760 similes
2559 3708 2805 3776 querelas
2839 3710 2908 3764 de
2930 3712 3165 3768 amissis
3191 3720 3518 3772 monasticae
3560 3723 3686 3774 vita:

1981 3791 2168 3859 bonis,
2191 3795 2332 3848 dum
2372 3801 2565 3864 pectus
2592 3812 2764 3850 suum
2799 3799 3006 3854 amicis
3037 3803 3305 3872 explicat,
3333 3813 3393 3860 ut
3436 3806 3493 3860 in
3526 3809 3682 3878 epis-

1975 3882 2125 3945 tolis,
2156 3883 2206 3952 4,
2239 3884 2294 3946 5,
2326 3884 2381 3943 6.
2417 3885 2470 3950 7,
2502 3886 2592 3950 25,
2626 3886 2716 3950 26,
2763 3885 2892 3941 libri
2929 3889 3121 3955 primi,
3164 3899 3216 3944 et
3267 3894 3322 3948 in
3359 3898 3566 3964 praevia
3609 3899 3680 3954 ad

1974 3972 2327 4027 209libros
2355 3971 2660 4028 Mcralium
2701 3974 2980 4039 singulari
3015 3979 3282 4048 epistola.
3327 3981 3390 4036 In
3436 3984 3684 4051 publicis

1971 4062 2140 4115 etiam
2175 4062 2242 4115 ad
2288 4063 2566 4132 populum
2625 4063 3004 4121 concionibus
3035 4065 3294 4124 dolorem
3349 4071 3420 4126 de
3474 4073 3682 4143 pircris

1972 4150 2101 4205 vitae
2128 4151 2185 4204 in
2211 4153 2560 4207 monasterio
2581 4153 2950 4208 sanctissime
2981 4155 3264 4214 instituta
3297 4161 3528 4228 jactura
3551 4179 3678 4234 pre-

1971 4254 2127 4293 mere
2148 4245 2205 4294 et
2235 4240 2505 4294 cohibere
2532 4241 2620 4296 vix
2656 4248 2839 4312 potest
2872 4259 2884 4296 :
2915 4245 3220 4315 thuidem
3255 4251 3314 4303 in
3347 4253 3680 4308 monasterio

1964 4329 2193 4396 positus,
2225 4329 2418 4399 inquit
2453 4329 2654 4384 homil.
2689 4333 2991 4387 undecima
3017 4333 3074 4388 in
3124 4335 3503 4400 Ezechielem,
3537 4341 3678 4396 vale-

1967 4415 2090 4471 bam
2118 4425 2167 4471 et
2195 4420 2264 4472 ab
2294 4418 2477 4473 otiosis
2511 4418 2764 4490 linguam
2789 4421 3145 4493 restringere,
3168 4430 3221 4482 et
3263 4428 3322 4481 in
3371 4429 3679 4487 intentione

137 4513 394 4564 maturas
441 4507 627 4562 astatis
657 4512 810 4562 vetet
857 4505 1100 4577 suscipi,
1131 4510 1188 4560 et
1219 4504 1535 4560 monachos
1557 4506 1614 4560 in
1647 4506 1740 4560 his
1770 4507 1855 4561 in-
1892 4509 1937 4569 D
1968 4506 2235 4562 orationis
2263 4523 2400 4576 pene
2427 4509 2687 4564 continue
2714 4517 2953 4566 mentem
2981 4517 3187 4570 tenere.

137 4598 298 4652 snlis
358 4594 504 4650 ﬂeri.
564 4595 783 4668 Nempe
812 4596 1024 4650 durum
1093 4599 1218 4650 erat
1246 4600 1302 4649 et
1328 4609 1597 4662 asperum
1629 4594 1858 4649 vivendi

135 4701 330 4756 genus
363 4683 420 4738 in
456 4683 571 4738 illis
601 4684 764 4752 locis,
797 4687 920 4739 sive
961 4691 1192 4754 pr0pter
1234 4681 1592 4737 insalubrem
1643 4697 1859 4751 aerem,

135 4775 265 4830 sive
295 4778 532 4846 prepter
560 4773 668 4828 soli
700 4773 1098 4839 sterilitatem;
1124 4789 1225 4829 nec
1258 4774 1332 4829 ad
1377 4773 1435 4828 id
1494 4773 1858 4830 tolerandum

134 4865 295 4919 vires
331 4864 420 4917 int
440 4879 615 4918 enera
644 4867 808 4917 aetate
842 4864 1254 4935 suppetebant.

221 4953 352 5008 Hac
381 4958 516 5007 sunt
546 4959 1021 5021 argumentorum
1046 4956 1345 5007 momenta
1361 4952 1576 5023 quibus
1596 4952 1858 5009 eminen-

138 5044 410 5098 tissimus
440 5041 746 5096 Annalium
766 5042 1307 5097 Ecclesiasticorum
1328 5042 1590 5112 scriptor,
1609 5047 1711 5096 aut
1731 5043 1859 5111 ejus

135 5131 442 5202 Opinionis
473 5136 804 5196 assertores,
841 5132 1030 5186 conati
1063 5139 1206 5186 sunt
1241 5132 1522 5186 ﬁrmatam
1557 5130 1858 5187 doctorum

133 5224 403 5277 virorum
440 5222 556 5277 fere
613 5221 879 5277 omnium
937 5237 1245 5287 consensu,
1280 5229 1358 5277 tot
1389 5238 1424 5276 a
1465 5220 1692 5278 saeculis
1721 5239 1855 5278 sen-

136 5313 390 5368 tentiam
422 5311 494 5366 de
514 5311 574 5366 S.
605 5311 863 5381 Gregorii
895 5312 1010 5366 vita
1039 5310 1366 5367 monastica
1391 5312 1557 5380 juxta
1584 5315 1640 5367 8.
1677 5312 1860 5368 Bene-

135 5403 279 5457 dicti
335 5401 508 5473 leges,
558 5412 830 5457 evertere.
889 5399 1096 5456 Utrum
1148 5405 1572 5456 tormentorum
1622 5400 1856 5458 illorum

137 5490 301 5546 mole
335 5498 481 5554 ruat,
515 5495 616 5545 aut
665 5491 1017 5545 inconcussa
1039 5494 1154 5545 stet
1202 5495 1602 5562 praeconcepta
1640 5491 1857 5562 cpinic,

136 5581 376 5652 sapiens
425 5579 603 5635 lector
650 5579 894 5650 judicet.
945 5583 1020 5634 De
1051 5580 1225 5637 haece
1282 5581 1673 5637 controversia
1732 5583 1858 5638 fuse

137 5670 425 5743 doctaque
457 5687 563 5744 pro
595 5685 703 5727 suo
727 5685 888 5727 more
948 5670 1182 5746 scripsit
1230 5675 1428 5731 noster
1460 5671 1855 5736 Mabillcntus,

2040 4597 2094 4648 2.
2131 4595 2267 4659 Quis
2299 4595 2464 4651 facile
2493 4598 2603 4652 sibi
2644 4601 2983 4669 persuadeat
3032 4602 3393 4674 Gregorium,
3417 4608 3509 4664 cui
3542 4625 3676 4665 cum

1966 4685 2168 4742 inclita
2249 4689 2675 4744 consuetudins
2736 4690 2859 4744 vitae
2927 4694 3248 4762 siecularie,
3292 4698 3570 4754 mollioris
3625 4708 3679 4754 et

1966 4775 2256 4838 festucas.
2286 4775 2411 4845 ipso
2451 4783 2593 4833 teste
2625 4779 2740 4850 (Eo.
2773 4781 2848 4835 ad
2886 4782 3194 4839 Leandrum
3251 4803 3346 4840 seu
3407 4789 3569 4858 Prw].
3615 4791 3676 4842 in

1967 4864 2064 4920 lib.
2097 4866 2335 4936 Μαντὼ).
2366 4869 2707 4924 certandum
2762 4869 2886 4939 fuit,
2927 4872 3153 4939 statim,
3187 4875 3256 4928 ad
3292 4874 3398 4930 hoc
3456 4877 3672 4945 perfec-

1967 4955 2146 5011 tionis
2190 4956 2444 5023 culmen,
2477 4959 2546 5011 ad
2598 4960 2876 5014 orationis
2930 4977 3068 5032 pene
3099 4963 3390 5018 continuas
3413 4969 3675 5018 contem-

1968 5044 2360 5116 plationisque
2421 5046 2737 5119 fastigium,
2772 5050 2959 5105 adhuc
3017 5048 3320 5115 ncvitium,
3353 5052 3398 5104 si
3432 5052 3676 5108 Baronio

1967 5134 2134 5194 fides.
2188 5139 2538 5205 pervenisse,
2589 5144 2645 5191 et
2698 5154 2813 5193 non
2869 5137 3056 5209 potius
3089 5139 3142 5192 id
3178 5139 3370 5193 labore
3413 5140 3677 5211 improbo

1967 5223 2324 5296 assidueque
2378 5226 2807 5289 exercitatione,
2861 5225 3202 5295 adspirante
3251 5231 3447 5282 tamen
3483 5229 3678 5288 divina

1965 5313 2169 5383 gratia,
2192 5319 2568 5368 consecutum
2601 5330 2729 5369 esse
2758 5315 2787 5367 ?
2814 5316 3081 5369 Altamen
3121 5316 3531 5377 concedamus.
3563 5318 3675 5376 Sed

1967 5417 2080 5472 quo
2131 5407 2292 5470 pacto
2342 5406 2458 5457 tam
2488 5402 2646 5457 brevi
2681 5418 2841 5457 mora
2871 5407 3091 5458 tantam
3126 5405 3437 5462 moralium
3469 5410 3669 5479 auspi-

1967 5491 2270 5547 ritualium
2298 5507 2489 5547 rerum
2524 5492 2787 5562 peritiam
2821 5495 3194 5562 comparavit,
3222 5505 3435 5564 qnanta
3483 5498 3672 5554 elucet

1965 5581 2022 5635 in
2055 5580 2410 5652 expositione
2442 5581 2572 5636 libri
2602 5581 2733 5646 Job,
2758 5582 2846 5638 cui
2875 5582 3282 5640 elucubrandts
3313 5587 3485 5656 paulo
3520 5591 3672 5660 post-

1965 5686 2139 5744 quam
2175 5669 2414 5726 avulsns
2445 5689 2474 5725 a
2521 5672 2876 5730 monasterio
2905 5671 3133 5746 legatus
3174 5675 3666 5748 Constantinopo-
