4106 6174
392 285 508 344 267

842 280 907 343 S.
956 277 1335 341 GREGORII
1385 276 1641 340 MAGNI
1686 277 1895 349 VITA,
1946 274 2047 334 EX
2095 270 2277 334 EJUS
2323 272 2673 337 SCRIPTIS
2721 275 3172 336 ADORNATA.
3221 276 3371 337 LlB.
3421 279 3469 338 Ι.

3797 277 3920 337 268

387 425 474 477 est
494 418 822 490 Eulogium,
875 417 943 474 de
976 416 1155 472 veteri
1206 414 1467 470 Ecclesiae
1500 411 1921 469 consuetudine
1950 414 2087 465 tunc
2119 414 2177 479 Α
2207 410 2621 479 adiunxerunt,
2655 415 2756 466 aut
2783 411 2843 466 in
2878 412 3017 467 urbe
3050 412 3206 483 regia
3236 415 3693 469 commorantem
3733 411 3927 466 chari-

382 511 689 582 antiquata
718 506 914 580 loqui;
950 522 1156 576 nempe
1207 505 1323 575 agit
1356 506 1425 558 de
1471 504 1528 558 S.
1564 502 1827 557 Cornelio
1862 517 2031 572 papa,
2065 516 2096 553 a

381 617 496 674 quo
518 600 660 656 dicit
680 598 969 653 Novatum
1008 594 1276 651 Ecclesiae
1298 594 1569 649 Romanis
1595 591 2091 658 archidiaconum,

383 690 789 762 presbyterum
822 688 1036 741 factum
1081 684 1280 748 fuisse,
1325 698 1418 753 ne,
1462 682 1595 737 siin
1623 680 2090 736 archidiaconatu

380 781 729 844 remaneret,
754 777 865 832 sibi
911 790 1213 831 successor
1252 774 1518 841 daretur;
1560 771 1775 842 quippe
1806 768 2095 825 archidia-

382 885 597 928 couum
632 867 943 923 succedere
974 879 1200 919 summo
1220 861 1507 917 sacerdoti
1532 865 1814 917 statutum
1839 864 1960 915 erat
1995 875 2091 929 pro

383 960 563 1030 hujus
595 955 876 1028 temporis
906 969 1086 1009 more.

972 1078 1076 1136 2|
1102 1078 1138 1135 I
1181 1078 1412 1134 CAPUT
1442 1077 1511 1133 V.

381 1203 741 1252 Aaouusmuu.
778 1225 837 1235 —
867 1198 911 1246 1.
949 1196 1238 1259 Gregorius
1258 1192 1774 1260 Constantinopolim
1808 1192 2093 1260 mittituna

442 1262 652 1327 Pelagio
683 1264 747 1311 ll.
778 1289 840 1327 τ
866 1262 914 1309 2.
960 1254 1086 1327 Ejus
1116 1259 1328 1327 vivendi
1353 1256 1577 1327 ratio_in
1620 1256 1761 1327 aula,
1788 1282 1850 1290 —
1876 1254 2091 1327 3._.Quif

440 1327 541 1376 bus
564 1318 684 1374 cum
717 1325 893 1372 sociis.
1034 1323 1080 1370 4.
1105 1324 1253 1387 Qum
1285 1322 1349 1369 ab
1386 1335 1457 1387 _eo
1487 1318 1951 1387 Constantinopoli
1985 1318 2091 1387 sint

439 1393 695 1452 gesta.i—
723 1387 770 1436 5.
806 1385 1169 1452 De_pellend_is
1199 1383 1563 1452 Langobardis
1581 1380 1777 1452 Pelagii
1804 1393 1953 1451 papa:
1976 1380 2090 1427 sol-

438 1445 679 1502 licitudo.
710 1477 773 1512 -+
798 1450 845 1499 6.
880 1445 1125 1511 Eutychii
1146 1445 1337 1512 novam
1363 1446 1609 1512 h_mresi_m
1629 1445 1918 1504 Gregorius
1952 1456 2089 1512 com-

436 1514 638 1578 primit.
669 1540 732 1549 —
758 1511 807 1561 7.
852 1512 930 1578 An
970 1507 1097 1578 cum
1138 1509 1346 1578 J_oanne
1376 1507 1621 1578 Eutychii
1646 1518 1953 1578 successore
1976 1507 2087 1578 jam

437 1568 551 1627 tum
582 1574 951 1625 decertaverit.
979 1600 1042 1609 -—
1070 1572 1116 1620 8.
1148 1572 1221 1619 Ex
1246 1568 1493 1631 tempore
1513 1569 1816 1617 collationis
1846 1580 1964 1631 cum
1995 1568 2087 1615 Eu.

437 1639 614 1703 tycbio
646 1637 859 1703 habitae,
893 1641 1075 1703 nostra
1122 1628 1467 1703 chronolotgia
1515 1633 1799 1703 stabiliter.
1843 1656 1899 1665 -
1933 1628 1982 1679 9.
2017 1631 2089 1703 De

436 1693 579 1750 n'ova
615 1700 717 1764 alia
737 1693 925 1764 hmresi
952 1697 1102 1764 fama.
1129 1696 1263 1764 Quid
1302 1696 1366 1764 d_e
1388 1693 1503 1764 ipsa
1523 1693 1816 1764 Gregorius
1840 1694 2085 1764 senserit.

432 1791 492 1800 —
523 1763 599 1811 10.
637 1762 823 1827 Libros
861 1759 1139 1827 Moralium
1163 1755 1457 1827 elucubrat.
1480 1783 1541 1792 —
1572 1756 1647 1805 11.
1689 1755 1946 1827 Praecipui
1972 1755 2087 1827 ejus

435 1826 593 1876 amici
628 1838 691 1873 ex
730 1824 866 1887 aula.
904 1821 1093 1887 Filium
1117 1820 1452 1887 imperatoris
1484 1833 1549 1867 ex
1571 1818 2084 1887 sacro‘foutensusci-

434 1891 527 1953 pit.
554 1912 610 1926 —
633 1886 730 1953 12.
748 1885 1014 1953 Quamdiu
1048 1885 1111 1953 _i_n
1155 1878 1457 1953 urbe_regia
1486 1879 1853 1953 manserit.‘-—
1874 1878 1950 1927 13.
1976 1880 2084 1953 Βοτ

431 1942 573 2000 inam
604 1950 741 1999 redit
772 1942 937 1998 sacris
988 1945 1227 2010 reliquiis
1277 1942 1491 1995 ditatus.
1526 1944 1649 2006 (An.
1691 1942 1784 1992 578
1814 1956 1983 2004 usque
2015 1942 2081 1991 ad

428 2014 562 2075 585.)

440 2125 491 2179 1.
522 2122 647 2178 Non
672 2122 853 2177 multo
878 2122 1009 2192 post
1028 2134 1193 2174 suam
1217 2118 1276 2173 in
1298 2116 1561 2173 Ecclesiae
1584 2120 1861 2172 Romanae
1880 2114 2084 2169 minis-

366 2213 514 2270 terio
536 2221 588 2267 et
610 2212 921 2266 diaconatu
944 2207 1373 2278 provectionem
1391 2211 1446 2260 S.
1472 2206 1789 2277 Gregorius
1810 2207 2087 2260 Constan-

366 2300 671 2373 tinOpolim
705 2299 959 2371 migrare
1010 2297 1214 2367 jussus
1247 2300 1339 2351 est
1389 2312 1422 2349 a
1452 2295 1684 2365 Pelagio
1718 2295 1786 2359 ll,
1822 2302 1883 2349 ut
1922 2294 1980 2348 in
2018 2311 2084 2349 ea

368 2392 514 2448 urbe
544 2390 724 2446 totius
772 2388 1007 2459 imperii
1054 2386 1212 2453 sede,
1245 2385 1496 2456 negotiis
1539 2384 1949 2439 ecclesiasticis
1980 2400 2081 2437 cu-

368 2496 490 2536 ram
549 2483 606 2535 et
661 2476 1120 2534 sollicitudinem
1176 2473 1561 2544 impenderet,
1604 2471 2083 2543 apocrisiariique

369 2570 595 2641 (Latine
650 2566 1024 2636 responsalem
1081 2563 1323 2628 diceres,
1375 2561 1460 2617 vel
1494 2563 1687 2632 potius
1721 2561 2080 2631 negotiorum

368 2656 722 2728 curatorem)
755 2656 836 2710 ibi
886 2654 1078 2710 officio
1120 2654 1473 2723 fungeretur.
1510 2651 1629 2706 Etsi
1664 2666 1796 2707 vero
1828 2651 2078 2707 arduum

368 2750 441 2805 sit
487 2750 795 2805 decernere
821 2762 936 2817 quo
987 2759 1139 2799 anno
1171 2742 1291 2797 haec
1322 2742 1371 2795 ei
1407 2740 1702 2813 provincia
1733 2742 2082 2795 demandata

363 2850 466 2911 est,
498 2856 633 2896 vero
680 2843 876 2893 tamen
911 2835 1145 2906 propius
1202 2842 1287 2888 est
1318 2848 1454 2888 eum
1487 2834 1557 2886 ad
1608 2831 1665 2886 id
1701 2834 1960 2888 muneris
1990 2850 2082 2888 as-

368 2938 673 3001 sumptum
707 2927 883 2981 fuisse
914 2941 1007 2979 an.
1040 2925 1145 2977 578
1176 2927 1278 2977 aut
1309 2920 1597 2993 sequenti,
1633 2923 1784 2989 quod
1816 2923 2081 2977 Tiberius

361 3027 488 3093 post
517 3016 732 3073 Justini
794 3015 1017 3069 obitum
1070 3012 1240 3080 cmpit
1286 3012 1570 3080 imperare
1602 3010 1804 3076 solus;
1840 3028 1942 3065 nec
1974 3011 2078 3066 diu

362 3113 495 3181 post
519 3108 894 3177 subrogatum
921 3101 1229 3155 Benedicto
1261 3100 1281 3155 Ι
1307 3099 1599 3169 Pelagium
1632 3099 1702 3165 II,
1728 3100 1824 3169 qui
1847 3109 2077 3172 gratum

362 3195 746 3271 proculdubio
769 3209 831 3248 se
858 3192 1142 3246 facturum
1178 3194 1439 3259 Augusto
1464 3190 1708 3259 putavit,
1740 3189 1910 3244 talem
1944 3193 2075 3245 tan-

369 3292 612 3357 tumque
670 3284 879 3351 virum,
919 3278 1225 3352 prmoipuis
1284 3277 1422 3332 olim
1485 3277 1814 3347 reipublicae
1870 3280 2089 3334 muniis

359 3376 586 3448 egregie
616 3373 969 3429 defunctum
1001 3368 1229 3440 ipsique
1277 3367 1453 3439 probe
1492 3372 1695 3422 notum
1727 3367 1983 3439 legatum
2015 3370 2086 3425 ad

379 3481 513 3519 eum
548 3462 850 3518 mittendo.

446 3555 501 3610 2.
534 3553 810 3618 Quamvis
865 3553 1060 3605 autem
1110 3547 1169 3601 in
1201 3546 1357 3617 regis.
1387 3546 1527 3601 urbe
1571 3547 1726 3600 inter
1755 3545 1974 3602 aulicos
2000 3548 2087 3601 vi-

377 3650 553 3711 veret,
589 3659 653 3698 ac
684 3642 739 3697 in
774 3640 900 3712 ipso
931 3637 1300 3709 imperatoris
1342 3636 1553 3706 palatio
1588 3652 1821 3691 manere
1852 3653 2086 3707 cogere-

378 3740 493 3804 tur,
516 3735 644 3788 vita:
669 3731 918 3788 cmlestis
941 3727 1299 3800 propositum
1323 3744 1434 3781 non
1456 3726 1789 3793 intermisit,
1810 3726 2085 3796 inquiunt

375 3841 529 3897 stupe
553 3822 770 3879 laudati
794 3820 921 3876 vitae
943 3820 1068 3890 ejus
1092 3818 1430 3887 scriptores,
1458 3818 1844 3871 venerabilem
1870 3819 2081 3873 Bedam

374 3915 577 3973 secuti.
624 3917 766 3969 Cum
815 3911 972 3967 enim
1008 3924 1194 3981 usque
1226 3910 1292 3963 ad
1340 3914 1662 3963 extremum
1714 3908 1989 3978 spiritum
2023 3908 2081 3962 in

375 4004 722 4062 monasterio
782 4014 1144 4073 perseverare
1202 3999 1464 4066 cupiens,
1524 3998 1635 4050 voti
1692 3998 1779 4050 sui
1849 4013 2084 4067 compos

374 4113 502 4152 esse
537 4111 647 4149 non
674 4091 981 4164 potuisset,
1006 4089 1193 4144 eﬂ‘ecit
1228 4088 1661 4158 quodammodo
1705 4091 1768 4139 ut
1797 4094 2084 4141 monaste-

376 4187 529 4241 rium
589 4199 786 4239 secum
848 4180 1141 4251 migraret,
1200 4177 1429 4246 sibique
1468 4192 1695 4244 semper
1744 4176 2079 4233 adlicereret.

378 4279 569 4345 Ipsum
606 4273 914 4326 audiamus
940 4285 1005 4323 ea
1035 4269 1105 4321 de
1136 4282 1194 4320 re
1239 4266 1310 4319 ad
1338 4265 1395 4318 S.
1441 4264 1763 4319 Leandrum
1798 4265 1984 4335 (Praef.
2015 4266 2084 4320 ad

376 4366 473 4419 lib.
508 4364 665 4431 Mor.)
710 4360 1096 4414 scribentem:
1152 4356 1293 4409 Cum
1322 4356 1378 4407 in
1414 4356 1628 4408 terreno
1672 4354 1882 4423 palatio
1910 4356 2083 4409 licen-

375 4457 484 4508 tius
516 4451 862 4512 excubarem,
914 4444 1126 4515 inquit,
1159 4460 1247 4498 me
1291 4441 1457 4496 multi
1484 4459 1553 4497 ea:
1594 4443 1927 4497 monasterio
1957 4445 2079 4512 fra-

2204 504 2320 554 tate
2350 501 2491 555 moti
2523 500 2812 567 adierunt,
2839 501 3124 557 eminebat
3167 502 3220 555 S.
3258 502 3644 559 Maximianus
3678 502 3920 573 presby-

2203 593 2291 644 ter
2320 594 2375 645 et
2398 591 2731 647 monasterii
2775 596 2827 646 S.
2854 592 3098 646 Andreae
3135 593 3336 658 abbas,
3378 599 3575 663 postea
3599 592 3921 664 Syracusa-

2206 679 2297 733 nis
2328 680 2501 735 datus
2528 682 2859 751 episcopus,
2902 696 2969 737 ex
3021 681 3224 736 multis
3255 682 3623 753 Gregorianis
3655 682 3923 751 epistolis

2205 772 2305 822 aut
2336 770 2403 823 ad
2462 770 2653 839 ipsum
2709 774 2808 825 aut
2865 772 2935 826 de
2995 772 3120 842 ipso
3170 772 3399 841 scriptis
3445 772 3587 827 satis
3620 778 3816 827 notus.
3850 774 3924 826 At

2203 864 2334 928 post
2364 859 2589 929 aliquot
2611 876 2901 915 annorum
2928 877 3175 925 moram,
3203 862 3449 932 jubente
3470 878 3700 917 summo
3731 863 3924 933 ponti-

2203 947 2328 1015 ﬁce,
2382 948 2623 1003 Romam
2674 948 2855 1005 redire
2894 954 3130 1005 coactus
3178 956 3286 1021 est,
3334 955 3396 1006 ut
3426 968 3529 1006 suo
3564 952 3922 1007 monasterio

2204 1036 2526 1106 provideret
2546 1053 2611 1092 ac
2641 1038 2986 1107 invigilaret.
3022 1038 3234 1111 Pelagii
3263 1040 3568 1111 epistolam
3602 1040 3922 1097 Maximia-

2203 1141 2343 1179 nnm
2401 1127 2724 1181 revocantis
2777 1127 3010 1183 exhibet
3051 1132 3309 1184 Joannes
3340 1129 3655 1198 Diaconus,
3694 1146 3765 1185 ex
3803 1147 3925 1199 qua

2203 1215 2489 1284 conjicere
2538 1232 2857 1286 possumus
2915 1233 3027 1287 quo
3082 1222 3338 1289 tempore
3369 1218 3614 1274 Romam
3658 1218 3919 1287 redierit,

2202 1303 2398 1360 relicto
2429 1305 2932 1377 Constantinopoli
2983 1306 3279 1378 Gregorio.
3318 1307 3375 1363 Si
3404 1309 3639 1378 quidem
3674 1310 3807 1364 data
3832 1317 3925 1366 est

2200 1395 2447 1464 epistola
2479 1400 2685 1467 quarto
2745 1413 2929 1451 nonas
2985 1397 3274 1466 Octobris,
3336 1397 3654 1454 indictione
3703 1401 3920 1468 tertia;

2198 1486 2282 1538 sic
2312 1487 2467 1539 enim
2504 1486 2713 1557 legitur
2748 1486 3021 1541 omnibus
3062 1488 3119 1541 in
3160 1488 3577 1558 manuscriptis
3611 1506 3759 1560 quos
3782 1507 3922 1547 con-

2198 1574 2510 1630 suluimus.
2535 1576 2707 1631 Porro
2750 1576 2868 1630 haec
2892 1576 3152 1645 indictio,
3187 1593 3315 1647 qua;
3349 1594 3549 1634 mense
3582 1580 3921 1651 Septembri

2198 1664 2535 1735 incmperat,
2578 1664 2827 1735 pertinet
2872 1666 2944 1720 ad
2993 1683 3089 1722 an.
3138 1666 3265 1723 584.
3298 1667 3488 1722 Rediit
3520 1668 3919 1727 Maximianus

2120 1784 2165 1850 Β
2197 1752 2283 1810 vel
2318 1754 2616 1808 desinente
2668 1754 2776 1809 hoc
2825 1771 3000 1823 anno,
3042 1755 3127 1811 vel
3175 1757 3445 1827 sequenti
3477 1757 3768 1816 inchoato.
3811 1762 3921 1817 Illo

2194 1843 2387 1913 itaque
2418 1861 2570 1897 anno
2600 1845 2707 1899 585
2737 1844 3050 1916 Gregorius
3082 1846 3271 1901 adhuc
3304 1846 3361 1901 in
3395 1847 3537 1901 urbe
3568 1850 3725 1921 regia
3758 1867 3924 1907 com-

2196 1933 2549 2001 morabatur,
2585 1933 2669 1987 vel
2702 1933 2891 2003 potius
2941 1935 3286 2002 exsulabat;
3330 1951 3392 1991 ss
3421 1936 3578 1991 enim
3614 1938 3671 1992 in
3704 1939 3921 1997 exsilio

2195 2022 2449 2093 positum
2485 2022 2705 2077 tamdiu
2739 2022 2943 2089 doluit,
2969 2024 3248 2094 quamdiu
3280 2024 3432 2081 inter
3449 2025 3668 2082 aulicos
3697 2030 3921 2101 strepi-

2193 2116 2287 2165 tus
2316 2111 2500 2165 vivere
2530 2117 2764 2167 coactus
2784 2121 2888 2167 est.

2265 2199 2427 2262 Quod
2488 2205 2712 2271 spectat
2760 2200 2829 2255 ad
2883 2201 3221 2258 Maximiani
3276 2203 3551 2271 reditum,
3606 2215 3802 2263 narrat
3845 2210 3915 2265 S.

2192 2290 2506 2362 Gregorius
2563 2290 2876 2347 imminens
2937 2294 3140 2348 mortis
3188 2293 3509 2364 periculum
3565 2314 3743 2370 aquo
3774 2315 3917 2357 cum

2194 2380 2366 2434 sociis
2416 2379 2476 2434 in
2520 2380 2807 2435 Adriatico
2854 2383 2997 2435 mari
3031 2382 3305 2439 liberatus
3355 2388 3443 2439 est
3476 2387 3692 2458 insigni
3724 2390 3917 2446 mira-

2195 2468 2363 2524 culo:
2398 2485 2533 2523 nam
2586 2486 2686 2540 per
2738 2475 2867 2525 octo
2910 2472 3033 2527 dies
3068 2478 3229 2528 navis
3259 2491 3369 2545 qua
3400 2475 3775 2544 vehebantur,
3811 2496 3921 2534 us-

2194 2575 2301 2629 que
2334 2560 2403 2613 ad
2439 2559 2768 2630 superiores
2792 2560 3025 2616 tabulas
3048 2564 3217 2633 aquis
3250 2566 3440 2634 plena,
3468 2564 3575 2621 iter
3608 2569 3916 2639 proprium

2192 2665 2474 2720 peragens
2522 2647 2803 2703 enatavit:
2866 2650 3013 2706 Nono
3069 2657 3248 2706 autem
3302 2653 3391 2708 die
3448 2654 3509 2708 in
3560 2655 3915 2713 Crotonensis

2189 2742 2361 2794 castri
2387 2744 2608 2810 portum
2635 2739 2861 2794 deducta
2892 2752 2988 2795 est.
3040 2742 3121 2797 Ex
3164 2760 3272 2814 qua
3300 2746 3561 2800 exierunt
3590 2762 3778 2803 omnes
3814 2748 3911 2803 in-

2189 2830 2451 2896 columes,
2483 2829 2579 2900 qui
2607 2845 2733 2884 cum
2777 2830 3041 2899 praedicto
3073 2834 3380 2887 venerabili
3408 2837 3528 2890 viro
3566 2836 3914 2893 Maximiano

2190 2920 2550 2989 navigabant.
2589 2922 2830 2995 Cumque
2855 2931 2976 2993 post
3004 2936 3089 2978 eos
3124 2924 3235 2991 ipse
3264 2939 3471 2995 quoque
3498 2927 3695 2995 [uisset
3714 2944 3916 2996 egres-

2189 3025 2299 3076 sus,
2333 3025 2462 3064 mos:
2494 3011 2555 3064 in
2587 3012 2829 3079 eiusdem
2871 3019 3061 3083 portus
3102 3013 3444 3083 profundum
3466 3017 3621 3071 navis
3649 3018 3915 3075 demersa

2189 3106 2284 3163 est,
2317 3115 2381 3156 ac
2412 3100 2463 3155 si
2492 3101 2607 3155 illis
2648 3102 3071 3173 egredientibus,
3104 3120 3200 3173 pro
3229 3104 3483 3174 pondere,
3530 3107 3917 3167 sublevatione

2191 3192 2491 3253 caruisset;
2521 3196 2573 3246 et
2631 3207 2759 3262 qua:
2813 3194 2976 3263 plena
3037 3193 3358 3248 hominibus
3403 3196 3458 3249 in
3501 3197 3691 3266 pelago
3730 3215 3914 3269 aquas

2190 3284 2523 3350 portaverat,
2573 3289 2736 3351 atque
2774 3290 3079 3347 notaverat,
3114 3284 3457 3339 Maximiano
3487 3301 3610 3340 cum
3638 3286 3755 3341 suis
3781 3291 3915 3357 fra-

2193 3369 2369 3422 tribus
2399 3368 2700 3433 recedente,
2732 3387 2906 3442 aquas
2958 3370 3083 3425 sine
3132 3370 3446 3428 hominibus
3493 3373 3552 3428 in
3586 3379 3752 3445 portu
3793 3393 3915 3433 non

2194 3457 2369 3511 valuit
2396 3462 2639 3527 portare.
2678 3458 2814 3528 (Lib.
2852 3475 2927 3523 Ill,
2962 3460 3129 3525 Diat.,
3158 3475 3204 3516 c.
3237 3459 3352 3531 36.)

2264 3547 2524 3601 Abeunte
2569 3547 2944 3616 Maximiano,
2979 3548 3216 3621 plurimi
3247 3565 3276 3604 e
3310 3550 3586 3607 fratribus
3623 3555 3912 3625 Gregorio

2195 3652 2422 3707 semper
2450 3637 2855 3706 adhaeserunt;
2889 3640 2987 3709 qui
3042 3640 3309 3695 videlicet
3348 3640 3464 3696 sive
3491 3641 3717 3713 legatus
3761 3663 3914 3716 apo-

2194 3727 2409 3783 stolica:
2442 3728 2615 3794 sedis,
2653 3729 2771 3783 sive
2832 3734 3026 3797 postea
3056 3729 3387 3801 episcopus,
3420 3734 3564 3787 tanti
3599 3734 3729 3789 fecit
3773 3752 3917 3791 mo-

2194 3818 2429 3886 nachos,
2479 3819 2536 3872 in
2582 3835 2679 3874 eos
2734 3820 2790 3873 in
2842 3836 3042 3897 mensa
3091 3824 3467 3889 convictores,
3515 3823 3574 3877 in
3623 3826 3914 3896 operibus

2194 3909 2506 3977 adjutores,
2567 3908 2943 3963 consiliorum
3008 3910 3339 3981 participes,
3396 3916 3451 3966 et
3507 3912 3635 3968 vitae
3701 3919 3911 3985 testes,

2193 4012 2337 4066 pene
2395 3995 2637 4049 dixerim
2687 3997 3075 4052 moderatores
3123 4003 3181 4052 et
3225 3998 3491 4067 arbitros,
3524 4016 3751 4071 semper
3792 4003 3916 4061 ha-

2194 4088 2326 4140 bere
2356 4086 2615 4140 voluerit.
2650 4085 2795 4141 Hinc
2846 4087 3259 4142 monachorum
3312 4090 3483 4143 cmtui
3517 4106 3647 4145 cum
3681 4096 3913 4166 Grego-

2194 4175 2276 4228 rio
2306 4175 2362 4227 in
2399 4173 2553 4244 regia
2584 4174 2901 4244 hospitanti
2937 4176 3209 4246 frequens
3241 4178 3592 4237 intereratS.
3618 4181 3913 4252 Leander,

2194 4266 2529 4319 monasticae
2562 4281 2794 4337 quoque
2826 4267 2949 4322 vitae
2992 4267 3195 4335 cultor,
3230 4269 3300 4324 de
3330 4286 3443 4341 quo
3475 4270 3665 4327 fusius
3696 4278 3917 4345 postea

2190 4354 2299 4408 erit
2328 4356 2643 4421 agendum.

2261 4444 2312 4498 4.
2339 4444 2470 4506 Qua
2501 4446 2748 4514 gesserit
2778 4445 2932 4515 apud
2960 4445 3251 4502 Tiberium
3295 4447 3745 4507 Constantinum
3780 4457 3918 4509 Au—

375 4548 481 4598 tres
509 4538 622 4595 mei
648 4552 910 4609 germana
966 4533 1136 4588 vincti
1190 4532 1473 4587 charitate
1522 4530 1699 4586 secuti
1749 4538 1894 4587 sunt.
1930 4534 2079 4601 Quod
2112 4525 2155 4589 Β
2188 4538 2426 4604 gustum
2460 4533 2791 4605 Gregorius,
2816 4551 2930 4588 non
2964 4543 3203 4591 narrant
3232 4538 3576 4607 scriptores;
3608 4541 3731 4612 ipse
3763 4560 3918 4615 quo-

373 4634 564 4689 (livina
602 4634 814 4697 factum
856 4624 1265 4693 dispensatione
1311 4621 1603 4688 conspicio,
1640 4627 1699 4675 ut
1732 4637 1916 4675 eorum
1939 4638 2077 4677 sem-

370 4740 467 4797 per
495 4719 739 4787 exemplo
761 4734 781 4778 ;
812 4715 880 4770 ad
936 4715 1206 4769 orationis
1261 4713 1540 4783 placidum
1598 4712 1754 4767 littus
1785 4717 1945 4783 quasi
1973 4732 2079 4768 an-

374 4816 548 4870 chorae
576 4814 711 4881 fune
740 4807 1133 4872 restringerer,
1176 4820 1247 4856 ne
1276 4819 1568 4856 causarum
1590 4802 2075 4858 samularium'in-

374 4899 640 4962 cessabili
666 4898 907 4968 impulsu
938 4898 1279 4964 ﬂuctuarem.
1340 4892 1417 4945 Ad
1465 4891 1691 4945 illorum
1724 4896 1919 4963 quippe
1947 4909 2079 4947 con-

373 5000 606 5054 sortium
639 4990 787 5046 velut
815 4987 883 5042 at!
917 4985 1181 5040 tutissimi
1210 4986 1397 5053 portus
1439 4984 1741 5037 sinum.....
1775 4984 2077 5052 fugiebam.

379 5090 439 5142 Et
471 5088 597 5140 licet
629 5079 769 5137 illud
825 5092 911 5132 me
955 5075 1326 5129 ministerium
1380 5088 1450 5126 ea:
1504 5074 1834 5127 monasterio
1863 5074 2080 5129 abstra-

377 5182 523 5231 ctum
554 5192 586 5227 a
616 5172 865 5243 pristinae
905 5167 1105 5240 quietis
1158 5165 1292 5229 vita,
1327 5176 1587 5217 mucrone
1623 5176 1741 5217 sua?
1770 5166 2083 5232 occupatio-

376 5266 463 5318 nis
494 5262 859 5322 exstinxerat,
892 5261 1038 5312 inter
1070 5270 1155 5310 eos
1183 5257 1375 5308 tamen
1420 5268 1521 5323 per
1545 5250 1796 5305 studiosae
1836 5253 2083 5309 lectionis

375 5353 709 5420 alloquium,
741 5348 1082 5419 quotidiana:
1103 5362 1187 5399 me
1209 5342 1480 5413 aspiratio
1511 5344 1943 5412 compunctionis
1962 5346 2081 5398 ani-

378 5442 583 5499 mabat.
616 5438 839 5502 Quibus
870 5436 1061 5489 verbis
1102 5435 1430 5503 expressius
1469 5430 1802 5486 adumbrari
1836 5436 2080 5503 poterat,

380 5546 553 5605 quam
586 5530 677 5600 pie
708 5526 765 5579 in
816 5524 1081 5580 obeunda
1128 5521 1768 5591 Constantinopolitana
1797 5519 2084 5591 legatione

382 5618 690 5689 Gregorius
721 5630 843 5669 sese
873 5610 1162 5684 gesserit?

454 5709 512 5773 3.
542 5707 694 5763 Inter
722 5720 817 5760 eos
848 5700 947 5774 qui
994 5703 1195 5755 sancto
1244 5697 1363 5752 viro
1405 5713 1531 5753 sese
1578 5698 1819 5756 comites
1850 5699 2078 5759 itineris

2190 4638 2302 4693 que
2334 4622 2404 4675 ab
2437 4623 2593 4676 omni
2622 4623 2902 4690 jactantia
2941 4640 3180 4695 prorsus
3206 4626 3430 4682 alienus
3462 4628 3669 4683 humili
3703 4633 3917 4689 obruit

2188 4712 2437 4767 silentio.
2475 4713 2596 4767 Duo
2646 4715 2783 4767 tunc
2830 4724 2989 4769 erant
3045 4732 3167 4784 quae
3235 4717 3517 4788 praecipue
3573 4719 3913 4781 Romanam

2189 4801 2499 4856 Ecclesium
2533 4805 2833 4872 totamque
2861 4803 3143 4859 vexabant
3174 4805 3420 4870 Italiam,
3455 4808 3714 4863 schisma
3746 4812 3919 4867 scili-

2188 4891 2325 4945 licet
2354 4893 2425 4946 ob
2476 4891 2585 4945 tria
2616 4892 2868 4961 capitula
2909 4892 3246 4961 conflatum,
3280 4900 3337 4950 et
3382 4896 3913 4968 Langobardorum

2191 4981 2426 5037 bellum.
2461 4980 2539 5036 De
2595 4980 2911 5036 schismate
2969 4985 3267 5055 sopiendo,
3331 4989 3787 5061 revocandisque
3831 4994 3912 5048 ad

2190 5070 2458 5126 Ecclesiae
2488 5070 2675 5126 sinum
2708 5070 3110 5141 schismaticis,
3163 5090 3336 5144 quam
3398 5075 3684 5133 sollicitus
3727 5080 3916 5138 fuerit

2192 5160 2481 5231 Pelagius,
2513 5166 2799 5218 testantur
2827 5163 2954 5231 ejus
2981 5164 3239 5233 epistolas
3273 5165 3427 5220 brevi
3463 5183 3496 5221 a
3529 5167 3695 5223 nobis
3728 5185 3913 5226 com-

2194 5253 2601 5308 memorandis.
2638 5251 2749 5309 Nec
2776 5254 2984 5309 minori
3036 5255 3154 5311 zelo
3205 5255 3260 5310 id
3295 5262 3636 5327 prosecutus
3674 5264 3767 5314 est
3796 5277 3913 5317 no-

2193 5346 2311 5395 ster
2340 5340 2672 5413 Gregorius,
2705 5345 2858 5413 quod
2908 5344 3082 5399 etiam
3115 5360 3180 5400 ex
3224 5345 3409 5416 ipsius
3439 5346 3703 5417 epistolis
3738 5349 3914 5407 aliis-

2192 5447 2300 5499 que
2332 5431 2729 5486 monumentis
2779 5431 2997 5503 liquet;
3050 5434 3201 5489 unde
3232 5436 3375 5489 satis
3405 5433 3759 5507 intelligitur
3790 5439 3917 5495 fre-

2194 5526 2442 5590 quenter
2470 5520 2974 5591 sapientissimum
3006 5522 3260 5595 legatum
3301 5524 3457 5595 apud
3492 5526 3916 5597 imperatorem

2193 5611 2401 5679 egisse,
2436 5614 2499 5663 ut
2548 5613 2709 5664 tanto
2759 5610 3057 5681 seandalo,
3090 5617 3211 5667 tam
3258 5613 3417 5668 fmdm
3450 5614 3748 5682 scissioni,
3782 5622 3909 5674 tam

2194 5699 2347 5773 gravi
2380 5697 2606 5756 vulneri
2637 5701 2953 5757 remedium
2986 5701 3237 5761 afferret.
