4106 6174
258 331 380 390 269

714 329 778 389 S.
828 325 1202 387 GREGORII
1248 327 1493 388 MAGNI
1537 327 1743 399 Vl'l‘A,
1791 327 1894 386 EX
1938 325 2118 388 EJUS
2162 327 2518 389 SCRIPTIS
2563 328 3021 390 ADORNATA.
3069 330 3221 393 LIB,
3267 327 3318 390 Ῑ.

3657 331 3778 391 270

259 465 475 536 Magna
503 477 642 519 sane
674 476 808 532 spes
863 459 1159 517 aﬂulserat
1201 460 1537 516 schismatis
1583 460 1967 531 exstinguen-
1998 461 2051 528 Α
2081 434 2463 517 decertaverit
2494 478 2597 533 pro
2647 460 2987 517 acumenici
3027 459 3195 516 titulo
3228 474 3401 530 quem
3442 468 3774 533 usurparet,

258 555 339 620 di,
374 568 505 610 cum
534 549 801 606 Tiberius
834 550 966 620 pius
999 550 1336 621 imperator,
1368 549 1769 606 ecclesiastica
1803 549 1963 605 21⁸2

258 647 422 721 pacis
454 640 915 709 amantissimus,
950 642 1019 696 ad
1052 641 1381 711 reipublicae
1414 640 1638 696 clavum
1659 639 1820 695 solus
1858 640 1967 695 Ju-

256 739 412 793 stino
449 737 680 792 mortuo
713 731 915 788 sedere
959 736 1232 803 coeperat,
1277 730 1531 786 maxime
1575 745 1708 785 vero
1739 730 1965 801 Lango-

256 828 471 884 bardos
503 825 575 881 ab
606 825 733 895 ipso
766 824 889 876 tota
917 836 986 876 ex
1037 820 1201 877 Italia
1250 819 1548 891 pellendos
1581 818 1689 874 sibi
1722 819 1963 875 Romani

256 918 705 992 pollicebantur,
741 916 873 983 post
914 910 1200 983 plurimas
1256 914 1313 965 et
1360 909 1668 982 praclaras
1715 925 1863 980 quas
1894 908 1964 963 de

256 1008 447 1066 Persis
479 1010 807 1077 reportaret
843 1003 1134 1061 victorias.
1168 1001 1334 1055 Tunc
1373 1015 1617 1054 excusso
1659 999 1825 1069 regiae
1858 1014 1964 1071 po-

254 1099 491 1156 testatis
529 1097 675 1168 jugo
720 1092 1088 1167 Langobardi
1136 1088 1378 1161 triginta
1425 1104 1525 1144 sex
1572 1088 1820 1144 ducibus
1868 1088 1967 1143 ob-

251 1187 685 1259 temperabant,
706 1186 805 1256 qui
828 1182 938 1241 sibi
966 1179 1161 1254 partiti
1191 1182 1356 1235 erant
1380 1194 1523 1249 quas
1546 1180 1966 1249 occupaverant

250 1280 541 1336 civitates.
572 1276 656 1331 Ah
687 1274 806 1331 illis
833 1278 1029 1331 autem
1060 1270 1327 1343 tyrannis
1357 1272 1476 1324 toto
1507 1268 1788 1324 decennio
1828 1285 1962 1340 spo-

246 1370 426 1426 liatas
480 1366 781 1433 ecclesias,
832 1363 1161 1420 sacerdotes
1191 1358 1549 1425 interfectos,
1585 1358 1756 1414 urbes
1806 1374 1963 1414 ever-

246 1478 370 1529 sas,
420 1458 791 1530 populosque
853 1454 955 1527 qui
1013 1467 1173 1508 more
1256 1454 1522 1522 segetum
1570 1456 1961 1515 excreverant,

246 1549 478 1607 excisos
538 1550 736 1603 narrat
800 1543 1020 1600 Paulus
1066 1541 1357 1597 Diaconus
1387 1538 1526 1609 (Lib.
1560 1553 1622 1605 11,
1664 1535 1800 1591 Hist.
1828 1537 1966 1590 Lan-

242 1641 368 1712 gob.
402 1654 450 1694 ε.
476 1638 597 1707 17.)
637 1635 823 1705 Hujus
848 1631 1161 1702 interregni
1192 1638 1245 1685 et
1275 1628 1455 1685 veluti
1490 1625 1777 1683 anarchia
1808 1630 1966 1681 tem-

243 1744 409 1802 pore,
442 1742 600 1783 anno
631 1724 860 1780 circiter
884 1722 988 1777 579
1020 1724 1118 1777 aut
1144 1720 1270 1786 580,
1304 1719 1616 1775 Casinense
1665 1723 1963 1772 monaste-

2072 567 2179 606 nos
2206 550 2366 606 latet.
2392 553 2664 607 Testatur
2695 552 2933 623 quidem
2962 567 3054 622 ep.
3084 550 3155 604 68
3208 548 3339 606 libri
3370 566 3427 606 1x
3468 550 3775 622 Joannem,

2069 641 2130 695 in
2164 643 2381 713 synodo
2431 643 2752 712 superbum
2784 641 2892 697 hoc
2946 640 3299 697 vocabulum
3336 658 3676 715 usurpasse,
3709 660 3775 700 ac

2070 729 2361 801 Pelagium
2392 747 2563 786 suum
2622 731 2985 787 decessorem
3017 732 3192 802 hujus
3243 732 3448 804 synodi
3497 737 3663 806 gesta
3688 734 3776 789 ir-

2069 822 2300 887 ritasse,
2352 826 2526 894 atque
2566 823 2823 878 adhibita
2866 823 3030 894 prius
3074 823 3138 879 in
3186 839 3316 879 eum
3364 822 3778 881 districtissima

2067 912 2463 984 increpatione,
2504 912 2848 984 prohibuisse
2879 928 2947 968 ne
2993 930 3125 969 suus
3181 913 3443 969 diaconus
3496 931 3597 971 seu
3630 932 3777 987 apo—

2068 1004 2365 1060 crisiarius
2387 1020 2512 1060 cum
2533 1009 2753 1062 Joanne
2779 1004 3115 1076 procederet,
3147 1004 3255 1061 hoc
3277 1005 3447 1061 estin
3471 1022 3774 1062 sacrorum

2066 1094 2451 1149 celebratione
2500 1095 2975 1151 communicaret.
3014 1096 3086 1149 At
3122 1094 3255 1165 quis
3315 1098 3473 1150 esset
3503 1093 3602 1151 ille
3656 1096 3776 1151 dia-

2068 1200 2271 1250 conus,
2296 1184 2626 1257 Gregorius,
2659 1203 2733 1240 an
2765 1187 2865 1256 qui
2896 1185 2947 1241 ei
2969 1184 3251 1241 successit
3279 1184 3650 1254 Laurentius,
3692 1187 3775 1242 si-

2066 1274 2242 1333 lentio
2274 1276 2545 1348 praeterit.
2580 1278 2640 1333 Si
2661 1280 2856 1333 tamen
2889 1278 2959 1332 de
2991 1292 3048 1333 se
3079 1276 3237 1347 loqui
3259 1276 3561 1346 voluisset,
3595 1294 3773 1349 quare

2069 1380 2182 1419 non
2242 1366 2503 1432 dixisset,
2550 1366 2659 1421 sibi
2699 1383 2732 1421 a
2767 1363 2997 1437 Pelagio
3042 1369 3398 1437 praceptum
3458 1380 3575 1421 non
3636 1382 3772 1438 pro-

2068 1455 2270 1510 cedere
2293 1471 2426 1509 cum
2465 1454 2732 1511 Joanne?
2777 1454 2957 1511 alium
3007 1471 3142 1527 ergo
3174 1472 3207 1511 a
3256 1470 3317 1511 se
3361 1453 3661 1527 designare
3690 1456 3772 1511 vi-

2070 1544 2256 1601 detur.

2138 1634 2190 1689 8.
2234 1634 2377 1690 Cum
2425 1633 2688 1707 legamus
2737 1635 2891 1705 apud
2953 1633 3293 1706 Gregorium
3350 1634 3774 1691 concertationi

2070 1740 2201 1780 cum
2259 1724 2542 1796 Eutychio
2601 1724 2899 1780 Tiberium
2954 1724 3367 1796 imperatorem
3416 1723 3773 1793 interfuisse,

243 1820 395 1875 rium
424 1821 552 1873 tota
588 1814 755 1871 Itali!
797 1810 1258 1878 οϐιθῢῢΐτίωυων
1293 1825 1327 1864 α
1362 1807 1628 1864 barbaris
1668 1806 1958 1877 direptum
1991 1836 2037 1900 Β
2069 1819 2520 1886 constanterque
2551 1819 2879 1872 asseverent
2928 1814 3189 1872 melioris
3220 1819 3375 1871 nota
3418 1815 3775 1888 chronogra-

242 1915 299 1968 et
327 1909 601 1966 dirutum
633 1912 742 1963 est.

310 2004 368 2056 5.
414 2002 562 2058 Cum
585 2003 671 2055 tot
702 1996 896 2054 clades
923 2013 953 2050 a
982 1991 1404 2065 Langobardis,
1438 1994 1730 2063 pateretur
1771 1990 1954 2057 Italia,

240 2092 662 2165 gravioresque
692 2087 886 2142 Romae
919 2083 1345 2156 impenderent,
1378 2080 1646 2152 Pelagius
1678 2096 1823 2150 papa
1854 2096 1954 2150 op-

240 2187 562 2255 portunum
590 2193 718 2234 esse
745 2180 980 2245 tempus
1009 2171 1317 2228 liberanda
1350 2170 1549 2243 patria
1580 2168 1954 2236 existimavit,

239 2271 481 2342 quando
515 2272 597 2323 tot
644 2266 707 2320 in
756 2268 975 2337 partes,
1024 2264 1109 2317 tot
1157 2261 1217 2316 in
1260 2260 1436 2315 duces
1474 2258 1661 2314 divisa
1701 2258 1956 2314 barbara

238 2363 437 2434 gentis
471 2363 726 2431 potestas
756 2354 1072 2410 imminuta
1090 2352 1413 2408 videbatur.
1437 2351 1516 2406 Ea
1547 2351 1616 2405 de
1640 2366 1817 2405 causa
1838 2365 1953 2405 non

236 2452 437 2507 solum
470 2448 541 2504 ad
568 2445 906 2517 Gregorium
939 2442 1174 2513 scripsit
1204 2440 1364 2495 illam
1394 2455 1568 2511 quam
1592 2440 1766 2495 refert
1784 2440 1957 2495 Joan-

238 2560 349 2598 nes
391 2540 682 2595 Diaconus
711 2532 1027 2606 Epistolam
1052 2533 1191 2603 (Lib.
1224 2548 1264 2601 1,
1298 2548 1353 2585 η.
1387 2530 1499 2603 32),
1525 2533 1589 2585 ut
1611 2530 1954 2600 quantocius

237 2632 474 2697 missis,
510 2627 775 2701 pecunia,
810 2626 955 2680 duce
994 2622 1365 2693 peritissimo,
1400 2627 1456 2676 et
1484 2619 1687 2691 cOpiis,
1722 2618 1958 2691 pericli—

236 2723 398 2778 tanti
459 2721 726 2775 Romana
782 2713 1116 2786 reipublicae
1162 2710 1598 2778 subveniretur;
1632 2711 1732 2767 sed
1780 2710 1956 2766 etiam

235 2809 693 2868 Aunacharium
726 2806 1068 2878 episcopum
1111 2802 1668 2869 Antisiodorensem,
1702 2800 1797 2871 qui
1837 2803 1957 2855 erat

228 2902 489 2973 regibus
520 2899 871 2954 Francorum
905 2912 937 2950 a
971 2892 1254 2957 consiliis,
1298 2890 1622 2957 admonuit,
1648 2898 1712 2945 ut
1752 2907 1815 2946 ea
1846 2906 1961 2961 qua

227 2990 513 3066 pollebat
544 2986 693 3059 apud
727 3002 825 3041 eos
880 2984 1245 3050 auctoritate,
1279 2980 1546 3035 Ecclesia
1588 2980 1859 3035 Romana
1904 2983 1960 3035 et

226 3083 453 3150 Italia,
488 3079 638 3134 unde
668 3075 851 3132 Gallis
892 3073 1021 3129 ﬁdei
1055 3073 1252 3128 lumen
1299 3071 1616 3139 affulserat,
1661 3071 1960 3142 suppetias

225 3174 384 3228 ferri
422 3170 759 3241 procuraret
787 3166 1220 3233 deterreretque
1251 3163 1375 3232 pios
1408 3162 1697 3232 principes
1742 3160 1956 3232 quibus

226 3282 361 3319 una
401 3276 536 3315 cum
578 3255 850 3313 Romanis
900 3258 1024 3310 erat
1056 3254 1200 3307 ﬁdes
1250 3253 1320 3307 ab
1354 3251 1512 3306 omni
1564 3251 1774 3306 foedere
1824 3268 1954 3306 cum

231 3347 644 3422 Langobardis
685 3344 962 3399 ineundo.
1008 3341 1267 3413 Epistola
1318 3339 1532 3409 Pelagii
1568 3338 1779 3411 legitur
1826 3342 1956 3396 data

228 3456 408 3497 anno
442 3438 683 3508 septimo
719 3432 949 3504 imperii
999 3432 1236 3498 Tiberii,
1272 3430 1371 3485 ubi
1432 3445 1666 3485 necesse
1697 3436 1786 3486 est
1834 3433 1957 3501 ejus

227 3537 312 3589 irn
326 3528 489 3604 perii
510 3531 742 3597 tempus
766 3521 1093 3593 computari
1114 3526 1427 3591 antequam
1446 3518 1606 3574 solus
1628 3519 1956 3590 imperaret.

224 3628 372 3677 Non
416 3615 598 3671 multo
630 3618 762 3685 post
783 3611 1190 3668 Childebertus
1224 3624 1321 3663 rex
1343 3607 1561 3663 bellum
1593 3625 1724 3664 cum
1745 3613 1960 3680 Lango-

226 3708 454 3768 bardis
495 3704 593 3776 qui
637 3704 763 3774 jam
803 3717 952 3771 sape
992 3701 1049 3754 in
1076 3697 1295 3754 Gallias
1327 3697 1677 3767 irruperant,
1720 3698 1961 3754 feliciter

223 3798 454 3875 gessit,
509 3794 719 3849 litteris
768 3790 987 3862 Pelagii
1039 3794 1256 3857 motus,
1308 3791 1372 3841 ut
1420 3803 1526 3857 par
1572 3790 1660 3842 est
1708 3789 1957 3844 credere.

225 3888 417 3958 Quod
448 3900 581 3940 vero
613 3886 831 3953 spectat
859 3881 929 3935 ad
960 3878 1260 3934 Tiberium
1293 3878 1645 3945 Angustum,
1681 3878 1811 3934 aliis
1839 3879 1961 3933 bel-

226 3981 306 4037 lis
346 3975 627 4044 curisque
658 3972 962 4036 distentus,
998 3984 1202 4040 parum
1235 3969 1305 4023 de
1338 3968 1736 4036 recuperanda
1770 3969 1958 4037 Italia,

227 4075 344 4126 aut
382 4066 562 4121 etiam
598 4063 779 4118 Roma
809 4060 1204 4116 conservanda
1221 4056 1523 4128 cogitavit;
1554 4058 1695 4113 adeo
1727 4062 1791 4113 ut
1820 4059 1960 4115 solis

227 4161 510 4234 piorum,
560 4153 811 4208 maxime
867 4165 998 4205 vero
1059 4148 1401 4206 ancillarum
1446 4153 1547 4207 Dei
1593 4152 1862 4225 precibus
1906 4157 1962 4206 et

226 4251 594 4306 sanctorum
625 4240 1021 4314 apostolorum
1053 4239 1433 4310 protectione,
1468 4246 1609 4298 tunc
1651 4245 1707 4296 et
1756 4246 1959 4312 postea

228 4339 403 4397 Urbs
433 4334 663 4390 stetisse
694 4332 977 4386 videatur.

302 4431 371 4483 6.
411 4422 564 4480 Nihil
595 4430 787 4478 autem
818 4417 1022 4475 utilius
1059 4418 1388 4490 reipublicae
1419 4420 1766 4477 Christiana
1810 4439 1958 4493 pra-

230 4516 404 4577 stitit
446 4512 755 4584 Gregorius
814 4508 1309 4580 Constantinopoli
1360 4526 1558 4583 agens,
1614 4528 1790 4583 quam
1832 4528 1956 4567 cum

231 4609 597 4666 nascentem
638 4600 923 4674 Eutychii,
956 4599 1402 4673 Constantinop.
1446 4602 1809 4673 patriarcha,
1845 4603 1965 4657 ha-
1997 4584 2042 4649 Ι)

232 4697 430 4755 resim
463 4693 537 4748 de
568 4688 927 4763 impalpabili
962 4692 1295 4744 sanctorum
1336 4706 1576 4762 corpore
1608 4696 1741 4763 post
1771 4707 1967 4747 resur-

229 4785 600 4851 rectionem,
644 4782 954 4853 oppressit.
1008 4779 1298 4848 Integram
1362 4781 1432 4837 de
1476 4781 1580 4836 hac
1643 4780 1966 4852 quastione

233 4872 753 4933 concertationem
813 4871 984 4927 refert
1043 4871 1168 4941 ipse
1230 4870 1379 4926 libro
1423 4887 1517 4925 x1v
1574 4869 1881 4925 Moralium
1933 4886 1966 4924 a

240 4980 423 5023 num.
450 4963 523 5016 72
548 4962 618 5017 ad
650 4962 739 5028 75,
774 4961 926 5016 unde
950 4960 1296 5031 transcripta
1327 4961 1480 5031 apud
1516 4962 1799 5015 Joannem
1832 4960 1966 5016 Dia-

242 5070 472 5113 conum
509 5051 719 5121 legitur
748 5049 849 5105 lib.
883 5068 922 5119 1,
957 5068 1006 5107 c.
1039 5052 1128 5106 29.
1160 5050 1433 5122 Gregorio
1462 5050 1702 5106 victoria
1754 5051 1962 5120 cessit;

243 5152 307 5201 at
338 5141 597 5198 victoria
632 5142 860 5196 fructus
900 5140 1199 5213 Eutychio,
1227 5141 1324 5211 qui
1355 5156 1608 5196 errorem
1653 5144 1784 5197 ante
1808 5158 1963 5196 mor-

242 5242 373 5290 tern
408 5230 583 5304 paulo
602 5234 734 5301 post
755 5236 1010 5286 secutam
1045 5231 1310 5300 ejuravit.
1340 5231 1601 5301 Gregorii
1634 5230 1960 5287 doctrinam

240 5321 525 5379 Tiberius
550 5321 791 5392 August.
835 5320 1057 5375 calculo
1091 5335 1197 5377 suo
1228 5320 1647 5391 comprobavit,
1681 5320 1961 5377 delibera-

240 5414 451 5482 vitque
483 5411 554 5465 de
585 5409 735 5464 libro
766 5409 1030 5479 Eutychii
1061 5409 1313 5465 ﬂammis
1345 5409 1647 5465 abolendo.
1683 5410 1961 5482 Eutychio

240 5504 608 5573 subrogatus
642 5504 731 5554 est
772 5500 989 5556 invitus
1022 5505 1079 5556 et
1110 5500 1403 5556 reluctans
1438 5500 1712 5568 Joannes,
1746 5516 1961 5571 cogno-

242 5594 450 5646 mento
478 5588 797 5658 jejunator.

312 5681 368 5735 7.
404 5678 616 5735 Utrum
659 5694 794 5735 vero
849 5678 975 5750 jam
1014 5681 1141 5734 tum
1190 5677 1504 5751 Gregorius
1564 5694 1692 5735 cum
1740 5680 1961 5736 Joanne

2071 1905 2172 1977 phi
2228 1912 2283 1961 et
2340 1905 2599 1961 historici
2647 1906 2838 1978 ipsius
2900 1909 3146 1961 mortem
3202 1904 3517 1978 contigisse
3579 1921 3774 1963 mense

2069 1999 2328 2069 Augusto
2351 1997 2489 2052 anni
2513 1998 2640 2067 582,
2674 1998 2807 2053 inde
2838 2012 3054 2053 novum
3095 1995 3318 2053 eruitur
3367 2002 3774 2067 argumentum

2068 2092 2270 2144 contra
2299 2086 2529 2142 Baronii
2562 2086 2891 2158 opinionem
2924 2088 2994 2143 de
3034 2086 3357 2143 monastica
3385 2087 3505 2143 vita
3550 2088 3775 2144 tardius

2069 2193 2101 2231 a
2123 2177 2179 2231 S.
2214 2177 2485 2248 Gregorio
2517 2181 2808 2249 suscepta,
2852 2178 2957 2233 hoc
3014 2182 3103 2234 est
3132 2177 3217 2233 vel
3249 2195 3341 2234 an.
3366 2176 3473 2231 582
3518 2178 3608 2233 vel
3645 2178 3775 2245 581,

2068 2283 2181 2338 quo
2203 2282 2337 2322 eum
2362 2266 2549 2323 adhuc
2568 2272 2879 2338 praturam
2896 2268 3150 2339 gessisse
3167 2268 3487 2326 contendit.
3504 2268 3771 2326 Nostram

2069 2356 2506 2428 cbronologiam
2538 2357 2847 2413 confirmat
2877 2358 3186 2431 Gregorius
3225 2358 3464 2428 Turon.,
3498 2359 3599 2432 qui
3631 2359 3774 2415 scri-

2069 2450 2153 2505 bit
2183 2467 2335 2505 anno
2386 2454 2583 2505 octavo
2634 2449 2992 2506 Cbildeberti
3040 2450 3213 2521 regis,
3269 2450 3613 2507 Mauricium
3663 2451 3774 2505 im-

2068 2555 2271 2611 perare
2318 2540 2583 2609 ccepisse,
2636 2539 2742 2595 hoc
2789 2544 2881 2595 est
2944 2556 3038 2595 an.
3080 2540 3207 2595 582.
3261 2539 3408 2595 Nam
3476 2540 3772 2612 Sigeberto

2069 2633 2233 2700 patre
2262 2628 2453 2684 occiso
2485 2629 2772 2685 successit
2826 2626 3230 2684 Childebertus
3265 2645 3357 2683 an.
3409 2629 3516 2683 575
3557 2632 3612 2684 et
3650 2630 3777 2699 ejus

2069 2718 2231 2788 regni
2257 2734 2448 2773 annus
2470 2716 2733 2772 decimus
2765 2718 3004 2787 quintus
3025 2716 3247 2773 scilicet
3269 2716 3597 2785 absolutus,
3628 2722 3777 2773 teste

2068 2808 2263 2863 eodem
2300 2807 2603 2877 scriptore,
2637 2806 2903 2861 convenit
2933 2822 3067 2860 cum
3103 2822 3198 2861 an.
3229 2805 3357 2862 590.
3400 2805 3637 2861 Accedit
3675 2821 3776 2861 ve-

2067 2896 2345 2952 nerabilis
2387 2896 2551 2950 Beda
2594 2896 2931 2951 auctoritas.
2974 2895 3119 2950 Nam
3169 2893 3271 2949 lib.
3323 2912 3362 2959 1,
3396 2911 3445 2950 c.
3478 2895 3569 2964 23,
3620 2894 3776 2951 Eccl.

2069 2987 2231 3041 hist.:
2272 2986 2451 3052 Anno,
2484 2985 2695 3056 inquit,
2724 2985 2790 3041 ab
2820 2984 3202 3040 incarnatione
3234 2984 3459 3040 Domini
3496 2986 3775 3057 quinqua-

2068 3078 2274 3147 gesimo
2340 3077 2658 3147 octogesimo
2702 3076 2957 3145 secundo,
3020 3075 3319 3130 Mauricius
3392 3074 3458 3129 ab
3534 3075 3777 3144 Augusto

2072 3166 2557 3241 quinquagesimus
2599 3168 2851 3237 quartus,
2876 3167 3173 3236 imperium
3200 3166 3515 3236 suscipiens,
3569 3180 3677 3220 uno
3727 3169 3779 3221 et

2068 3258 2269 3329 viginti
2297 3260 2460 3313 annis
2481 3260 2687 3320 tenuit;
2713 3255 2983 3311 nimirum
3018 3255 3226 3328 viginti
3254 3256 3418 3310 annis
3465 3255 3696 3323 integris
3724 3257 3779 3310 et

2068 3365 2177 3404 uno
2234 3348 2509 3403 inchoato.
2549 3346 2666 3402 lIac
2725 3347 2947 3402 ratione
3003 3350 3332 3415 temporum
3396 3350 3513 3400 tam
3574 3344 3781 3399 incon—

2071 3439 2255 3494 cussis
2284 3435 2686 3493 fundamentis
2718 3436 2998 3505 stabilita,
3031 3436 3391 3507 interrogare
3416 3434 3585 3489 liceat
3615 3433 3781 3489 obro-

2071 3527 2315 3598 nologia
2348 3525 2687 3581 Baroniana
2718 3528 3200 3596 propugnatores,
3235 3523 3338 3595 qui
3378 3522 3574 3594 possit
3606 3520 3777 3577 intel-

2071 3617 2171 3689 ligi
2228 3616 2573 3687 Gregorium
2622 3615 2811 3670 adhuc
2854 3613 3071 3669 laicum
3121 3617 3177 3670 et
3227 3616 3535 3685 pratorem
3593 3610 3775 3666 fuisse

2071 3724 2221 3763 anno
2254 3706 2607 3776 581,postea
2653 3705 3000 3760 monachum
3050 3702 3326 3768 induisse,
3351 3700 3560 3757 deinde
3617 3699 3778 3755 avul-

2071 3816 2198 3854 sum
2254 3816 2288 3852 a
2347 3795 2696 3852 monasterio
2746 3795 2805 3849 in
2866 3811 2976 3864 quo
3031 3810 3093 3849 se
3143 3793 3242 3847 diu
3291 3792 3502 3847 vixisse
3553 3790 3775 3862 passim

2069 3887 2296 3953 asserit,
2358 3887 2667 3942 diaconum
2730 3886 2971 3954 factum,
3024 3900 3161 3939 mox
3208 3879 3776 3949 ConstantinOpolim

2071 3979 2344 4047 missum,
2366 3977 2563 4046 ibique
2592 3991 2723 4030 cum
2756 3973 3035 4046 Eutychio
3068 3970 3399 4043 patriarcha
3424 3970 3775 4041 disputasse,

2071 4069 2282 4125 saltem
2315 4082 2514 4121 mense
2542 4064 2724 4136 Aprili
2758 4081 2852 4120 an.
2880 4064 2987 4117 582
3017 4060 3492 4134 quandoquidem
3526 4061 3777 4127 constat,

2074 4164 2133 4214 ut
2165 4160 2377 4212 fatetur
2398 4155 2702 4221 Baronius,
2736 4153 3257 4226 Eutychiiobitum,
3286 4153 3429 4206 teste
3452 4146 3776 4214 Eustathio,

2072 4249 2173 4320 qui
2204 4263 2459 4320 prasens
2502 4247 2721 4315 aderat,
2755 4243 3137 4301 antecessisse
3172 4245 3425 4312 quatuor
3467 4236 3774 4293 mensibus

2074 4337 2293 4394 Tiberii
2336 4336 2704 4407 imperatoris
2745 4339 3022 4402 mortem,
3051 4332 3150 4403 qui
3198 4334 3264 4386 ut
3300 4329 3579 4397 diximus,
3608 4341 3638 4382 e
3666 4324 3785 4381 vita

2072 4425 2562 4496 migravitrnense
2600 4424 2858 4494 Augusto
2899 4437 2992 4475 an.
3024 4420 3169 4475 582?
3207 4419 3306 4475 sed
3359 4418 3430 4472 de
3480 4415 3569 4471 his
3617 4412 3783 4469 satis.

2073 4516 2181 4587 (Cf.
2218 4515 2378 4585 Greg.
2415 4518 2618 4570 Turon.
2652 4514 2689 4567 ι.
2736 4529 2792 4568 VI
2833 4512 2967 4568 Hist.
3006 4530 3065 4567 n.
3116 4512 3187 4566 25
3242 4517 3292 4566 et
3336 4508 3439 4576 30;
3490 4506 3559 4560 39
3605 4503 3783 4567 tib.x,

2072 4623 2130 4661 η.
2176 4606 2249 4677 1.)

2144 4696 2196 4749 9.
2259 4695 2473 4750 Eodem
2532 4697 2791 4764 tempore
2837 4709 2946 4763 quo
2985 4692 3044 4748 in
3102 4690 3246 4748 urbe
3310 4688 3463 4759 regia
3521 4694 3780 4740 commo-

2075 4784 2314 4840 rabatur
2337 4783 2671 4855 Gregorius,
2705 4799 2905 4838 rumor
2935 4782 3179 4838 invaluit
3226 4780 3296 4834 de
3354 4792 3498 4831 nova
3545 4767 3771 4835 haresi,

2075 4876 2172 4930 sed
2234 4877 2298 4927 ut
2350 4854 2675 4943 suspicatur
2728 4873 2853 4944 ipse
2909 4871 3241 4942 Gregorius,
3298 4854 3788 4944 imaginaria__dd

2077 4974 2193 5029 qua
2222 4957 2340 5028 egit
2369 4940 2611 5027 epistola
2640 4957 2708 5010 45
2748 4940 2882 5010 libri
2939 4940 3215 5010 x1._Illius
3272 4951 3587 5004 sectatores
3637 4940 3788 4995 dice-

2079 5050 2287 5103 bantur
2333 5047 2433 5101 sub
2480 5047 2700 5102 obtentu
2757 5044 3044 5117 religionis
3105 5040 3365 5110 conjugia
3433 5034 3659 5096 solvere,
3729 5032 3788 5083 et

2076 5140 2278 5195 docere
2322 5138 2466 5210 quod
2519 5137 2788 5209 baptisma
2844 5141 3065 5206 peccata
3108 5132 3330 5203 penitus
3380 5142 3493 5182 non
3536 5122 3787 5192 auferat.

2075 5231 2138 5285 Et
2170 5229 2217 5284 si
2245 5229 2310 5284 de
2345 5228 2739 5299 iniquitatibus
2780 5227 2892 5281 suis
2922 5223 3046 5296 quis
3076 5224 3139 5277 in
3179 5219 3489 5276 triennium
3517 5213 3789 5287 paeniten-

2076 5323 2215 5374 tiam
2248 5298 2451 5389 ageret,
2481 5314 2820 5387 postmodum
2852 5315 2906 5369 ei
2939 5327 3190 5384 perverse
3218 5313 3400 5367 vivere
3444 5308 3646 5362 ticeret.
3686 5298 3793 5357 Sed

2074 5414 2206 5465 teste
2261 5408 2615 5470 conscientia,
2678 5405 2869 5475 inquit
2917 5403 3253 5475 Gregorius,
3292 5403 3468 5471 fateor
3504 5407 3794 5465 nunquam

2075 5501 2135 5554 in
2174 5500 2256 5553 eis
2286 5496 2511 5567 aliquid
2542 5493 2989 5565 erroris,atiquid
3014 5492 3335 5565 pravitatis,
3367 5485 3580 5561 aliquid
3608 5483 3673 5538 de
3706 5479 3792 5533 his

2073 5604 2191 5659 qua
2247 5595 2439 5644 contra
2479 5601 2564 5642 eos
2612 5584 2948 5640 dicebantur
2998 5585 3213 5642 inveni.
3264 5583 3407 5642 Unde
3436 5584 3488 5638 et
3534 5592 3645 5642 eos,
3676 5568 3795 5659 Opi:

2067 5654 2232 5734 nione
2280 5681 2609 5748 contempta,
2647 5674 3021 5744 familiariter
3049 5674 3348 5748 suscipere,
3381 5677 3433 5732 et
3491 5663 3668 5737 magis
3726 5654 3796 5710 ab
