4106 6174
339 316 453 376 271

796 308 856 369 S.
905 299 1277 367 GREGORII
1326 299 1562 359 MAGNI
1614 294 1823 364 VITA,
1874 292 1975 350 EX
2026 288 2209 349 EJUS
2256 284 2610 347 SCRIPTIS
2655 287 3105 347 ADORNATA.
3154 286 3297 346 LIB.
3346 288 3395 346 Ι.

3748 277 3872 341 272

335 444 746 520 insequentibus
790 439 1085 511 defendere
1137 434 1399 491 cumbam
1429 448 1449 491 ;
1479 446 1591 500 quo
1622 425 1883 492 exemplo
1936 422 2047 476 do-
2079 423 2129 488 Α
2162 419 2381 490 gorius,
2418 418 2552 489 quia
2584 418 3005 472 Maximianum
3053 416 3289 472 laudata
3336 417 3582 488 cpistola
3630 432 3874 473 revoca-

342 516 543 593 cem'ur
580 532 874 606 quomodo
924 545 1057 585 cum
1127 527 1217 579 bis
1269 523 1366 594 qui
1438 522 1508 573 de
1558 517 1698 570 falso
1773 516 2047 585 dogmate

340 628 521 700 gratis
551 626 927 685 infamantur,
963 618 1034 671 sit
1055 615 1367 683 agendum.

412 718 496 771 10.
539 713 830 785 Quidquid
890 706 1168 777 temporis
1223 721 1255 757 a
1311 698 1556 771 negotiis
1605 695 1867 762 vacabat,
1903 691 2045 745 illud

341 823 511 862 sacris
543 782 853 873 Scriptura:
886 798 1163 868 legenda),
1200 794 1426 864 piisque
1480 788 1690 841 studiis
1749 782 2041 853 impende-

345 898 534 952 batur.
566 870 726 948 Tunc
764 892 836 960 (α)
872 887 1151 948 Leander,
1185 884 1492 954 episcopus
1552 874 1928 945 Hispalensis,
1964 870 2048 924 le-

342 986 569 1058 gatione
598 989 651 1038 et
683 982 805 1052 ipse
855 980 1105 1047 fungens
1154 974 1305 1045 apud
1374 974 1804 1040 imperatorem,
1850 971 2049 1016 auctor

341 1075 451 1128 fuit
501 1074 770 1143 Gregorio
821 1066 1143 1136 exponendi
1196 1062 1325 1115 libri
1370 1061 1500 1115 Job.
1558 1060 1709 1112 Inter
1770 1058 2049 1123 praestan-

340 1164 605 1220 tissimos
631 1164 758 1215 illos
790 1161 941 1212 viros
965 1170 1236 1225 magnam
1274 1148 1763 1206 necessitudinem
1798 1144 2051 1200 adstrin-

340 1261 544 1310 xerant
568 1255 697 1307 vitae
742 1250 1074 1305 monasticae
1113 1244 1442 1301 communis
1484 1240 1715 1308 utrique
1750 1233 2048 1307 professio,

344 1361 446 1415 par
480 1346 595 1398 fere
637 1356 867 1396 morum
904 1338 1208 1399 sanctitas,
1255 1333 1456 1387 eadem
1499 1328 1712 1383 studia.
1761 1328 1834 1379 De
1887 1324 2049 1393 lega-

343 1436 499 1489 tione
547 1434 605 1489 S.
661 1429 904 1486 Leandri
956 1426 1107 1498 apud
1152 1426 1558 1493 imperatorem
1586 1434 1685 1486 pro
1736 1416 2051 1468 Ilermene-

342 1524 523 1596 gildo,
558 1520 1008 1591 Wisigothorum
1063 1515 1294 1586 rege,in
1354 1510 1655 1578 Hispania,
1707 1503 2046 1559 consulendi

341 1595 643 1684 Hispanici
675 1612 1023 1680 scriptores;
1057 1613 1110 1659 et
1153 1602 1464 1673 legendum
1508 1600 1683 1666 caput
1726 1595 1787 1647 31
1825 1595 1955 1649 libri
1989 1608 2049 1647 III

344 1704 563 1774 Dialog.
613 1697 970 1755 Amicissimi
1038 1697 1164 1763 viri,
1218 1707 1441 1747 necnon
1505 1691 1748 1741 fratrum
1810 1698 2047 1737 suorum

2158 517 2306 575 tum,
2342 518 2399 563 ut
2450 524 2627 577 supra
2679 508 2956 574 diximus,
2990 512 3045 561 et
3093 507 3202 562 hoc
3245 524 3395 562 anno
3427 509 3514 563 vel
3558 509 3734 563 etiam
3775 521 3873 561 se-

2157 599 2353 669 quenti
2390 598 2886 665 ConstantinOpoli
2925 599 3267 669 profectum,
3292 599 3540 653 reditum
3602 596 3873 669 Gregorii

2160 689 2544 743 antecessisse
2578 689 2948 743 manifestum
2973 694 3145 743 estex
3168 688 3313 743 libro
3338 706 3399 743 ιιι
3425 689 3671 762 Dialog.,
3698 707 3747 745 c.
3775 692 3871 745 36.

2159 780 2287 834 Haec
2338 780 2624 850 quomodo
2684 786 2833 832 stare
2877 780 3098 849 possint
3156 794 3288 832 cum
3344 782 3637 835 sententia
3694 781 3873 836 Baro-

2160 870 2238 923 nii
2273 876 2328 923 et
2358 870 2435 939 (ὁ)
2484 868 2632 922 Binii
2683 868 2822 922 satis
2866 884 2978 922 non
3019 868 3200 934 video,
3256 869 3470 939 quibus
3519 871 3706 940 placet
3753 877 3874 926 sta-

2162 960 2259 1014 tim
2298 965 2607 1029 postquam
2642 958 2958 1013 Mauricius
2994 959 3365 1013 renuntiatus
3414 964 3502 1014 est
3532 960 3874 1031 imperator,

2158 1052 2309 1121 quod
2359 1050 2670 1120 contigisse
2713 1065 2912 1104 mense
2956 1051 3104 1120 Aug.
3144 1066 3297 1104 anno
3344 1050 3451 1104 582
3498 1052 3625 1120 jam
3684 1057 3875 1107 osten-

2160 1141 2373 1206 dimus,
2408 1140 2778 1194 Laurentium
2828 1139 3061 1194 fuissca
3113 1138 3341 1211 Pelagio
3392 1141 3639 1195 missum
3695 1147 3757 1196 ut
3810 1141 3871 1196 in

2160 1230 2547 1302 aprocrisiarii
2580 1231 2771 1285 officio
2816 1230 3171 1286 succederet.

2236 1320 2621 1375 Diuturnioris
2657 1319 2981 1375 mansionis
3012 1321 3070 1375 in
3097 1320 3238 1375 urbe
3273 1321 3431 1392 regia
3462 1321 3870 1391 probationem

2160 1411 2350 1465 adhuc
2385 1410 2947 1480 suppeditatingens
2980 1409 3291 1465 Moralium
3341 1410 3616 1466 volumen
3658 1411 3768 1468 hac
3809 1414 3872 1467 in

2161 1502 2302 1555 urbe
2359 1518 2391 1553 a
2449 1500 2724 1569 Gregorio
2782 1500 3213 1570 elucubratum,
3263 1500 3355 1554 cui
3423 1501 3619 1571 plures
3703 1502 3872 1571 anni,

2164 1594 2417 1644 maxime
2449 1594 2534 1644 tot
2582 1590 2733 1644 inter
2778 1590 3007 1661 negotia
3059 1590 3153 1644 vix
3208 1594 3516 1659 potuerunt
3574 1591 3869 1648 sufﬁcere.

2160 1681 2357 1752 Neque
2403 1697 2535 1735 vero
2585 1680 2640 1734 S.
2689 1680 2960 1745 Leander,
3004 1695 3193 1750 neque
3244 1680 3500 1750 Gregorii
3546 1681 3755 1736 fratres
3818 1690 3875 1738 et

344 1769 614 1868 precibus
673 1790 876 1845 cedere
934 1794 1165 1841 coactus
1233 1778 1544 1851 Gregorius
1606 1777 1675 1830 ad
1743 1773 2055 1828 reseranda
2088 1810 2129 1875 Β
2163 1772 2410 1835 sodales,
2458 1787 2591 1825 eum
2646 1770 2715 1823 ad
2764 1786 2904 1838 opus
2945 1769 3085 1823 illud
3139 1769 3598 1841 aggrediendum
3649 1770 3871 1827 hortati

340 1865 511 1941 tanta
538 1879 941 1954 profunditatis
973 1877 1257 1948 mysteria,
1293 1890 1420 1944 qua:
1456 1872 1511 1923 in
1548 1868 1694 1922 libro
1724 1866 1833 1921 Job
1876 1865 2053 1918 latent

345 1991 469 2031 sese
492 1971 761 2035 accinxit,
784 1977 982 2032 certus,
1015 1965 1227 2035 inquit,
1263 1964 1392 2033 quia
1433 1958 1768 2029 impossibile
1788 1970 1898 2009 esse
1944 1969 2053 2007 non

344 2072 573 2136 poterat,
606 2058 747 2131 quod
776 2060 841 2113 de
870 2054 1139 2127 fraternis
1168 2053 1414 2107 cordibus
1444 2047 1696 2104 charitas
1728 2044 2049 2113 imperabat.

345 2156 561 2207 Verum
595 2148 748 2204 213
780 2147 851 2200 de
910 2145 1019 2199 hoc
1075 2157 1245 2212 opere
1304 2139 1449 2208 quod
1506 2136 1765 2190 Leandre
1830 2148 2053 2187 nuncu-

346 2242 501 2313 pavit
525 2243 760 2293 sanctus
787 2236 1014 2296 Doctor,
1046 2232 1233 2303 legere
1274 2230 1435 2298 juvat
1475 2242 1600 2297 quae
1624 2225 1695 2279 de
1744 2224 1868 2292 ipso
1917 2237 2053 2289 prae-

350 2312 524 2399 fatur,
558 2332 614 2383 et
643 2322 1102 2381 admonitionem
1127 2334 1305 2390 quam
1338 2319 1523 2373 eidem
1562 2312 1969 2385 praemisimus.

428 2421 512 2475 11.
568 2418 776 2473 Praeter
819 2416 876 2470 S.
922 2412 1252 2469 Leandrum
1306 2407 1618 2479 Gregorius
1664 2409 1878 2459 multos
1917 2400 2059 2456 alios

353 2510 570 2566 amicos
600 2509 659 2562 in
694 2507 836 2561 urbe
862 2505 1019 2574 regia
1047 2502 1156 2557 sibi
1180 2497 1559 2567 comparavit,
1586 2498 1642 2549 in
1672 2495 1761 2548 bis
1782 2496 2063 2564 prmcipue

350 2600 772 2663 Domitianum,
807 2593 1064 2651 Mauricii
1096 2590 1347 2661 Augusti
1382 2586 1907 2657 consanguineum,
1942 2582 2062 2635 Me-

350 2689 529 2746 litinaa
553 2687 915 2761 episcopum,
939 2686 1005 2739 de
1028 2699 1143 2754 quo
1167 2682 1318 2743 infra
1344 2699 1357 2747 ;
1384 2677 1780 2733 Theoctistam
1806 2672 2063 2742 ejusdem

360 2776 727 2852 imperatoris
751 2789 1041 2838 sororem;
1065 2772 1306 2826 Narsein
1329 2768 1635 2839 patricium
1662 2762 1831 2818 bellis
1865 2769 2067 2819 contra

356 2871 561 2926 Persas
597 2867 836 2924 feliciter
878 2866 1060 2935 gestis
1113 2859 1580 2924 celeberrimum,
1630 2872 1803 2925 quem
1853 2869 1910 2907 re
1952 2869 2066 2907 non

363 2959 509 3015 satis
540 2957 865 3028 perspecta,
902 2950 1185 3006 Baronius
1229 2948 1496 3003 eumdem
1531 2962 1653 2999 esse
1697 2942 1937 3014 putavit,
1972 2941 2069 3011 qui

370 3054 499 3118 post
528 3045 743 3100 multas
773 3043 842 3097 de
866 3041 1065 3095 Gothis
1116 3042 1432 3109 reportatus
1464 3037 1523 3088 in
1568 3033 1728 3088 Italia
1777 3032 2070 3096 victorias,

369 3141 495 3192 tam
528 3134 797 3207 prteclare
819 3136 979 3203 gesta
1020 3128 1275 3183 invitatis
1315 3131 1513 3197 postea
1564 3118 1961 3191 Langobardis
2002 3118 2069 3170 ad

2163 1870 2374 1931 essent,
2409 1864 2457 1915 si
2501 1861 3007 1931 Constantinopoli
3050 1865 3169 1915 tam
3228 1860 3458 1916 brevem
3518 1877 3764 1931 moram,
3810 1870 3878 1918 ut

2165 1951 2339 2022 placet
2377 1950 2643 2018 Baronio,
2671 1950 2875 2005 fuisset
2907 1952 3185 2005 facturus.

2239 2042 2324 2096 13.
2356 2041 2485 2095 Jam
2509 2056 2642 2095 vero
2684 2043 2753 2095 de
2812 2040 3101 2095 reddendo
3150 2039 3342 2095 Romae
3388 2040 3663 2112 Gregorio
3712 2041 3879 2115 cogi-

2165 2135 2449 2197 temus,et
2470 2148 2642 2202 quem
2668 2132 2974 2186 abeuntem
2998 2129 3254 2185 comitati
3280 2146 3506 2198 sumus,
3532 2132 3876 2188 redeuntem

2168 2239 2604 2295 prosequamur.
2641 2222 2830 2277 Rediit
2860 2226 3054 2277 autem
3107 2222 3331 2293 magnis
3381 2222 3744 2289 muneribus,
3780 2222 3876 2276 ni~

2170 2312 2383 2367 mirum
2410 2310 2796 2365 sanctissimis
2830 2310 3093 2382 reliquiis
3123 2312 3366 2378 ditatus,
3392 2310 3607 2367 scilicet
3641 2310 3880 2367 brachio

2169 2403 2225 2457 S.
2272 2402 2515 2455 Andreas
2562 2398 2830 2471 apostoli,
2862 2406 2919 2454 et
2961 2400 3147 2469 capite
3180 2400 3238 2455 S.
3295 2401 3485 2469 Lucas,
3532 2417 3658 2471 quae
3709 2417 3883 2456 sacra

2172 2493 2411 2563 pignora
2477 2492 2548 2545 ab
2598 2492 2945 2559 imperatore
3002 2490 3309 2561 impetrata
3366 2491 3423 2545 in
3466 2508 3569 2546 suo
3621 2492 3882 2547 Romano

2175 2583 2524 2637 monasterio
2570 2580 2888 2645 collocavit,
2945 2584 3003 2634 ut
3063 2581 3237 2636 refert
3298 2582 3577 2636 Baronius
3624 2582 3735 2651 (Ad
3782 2598 3883 2637 an.

2171 2672 2297 2739 586,
2331 2687 2480 2725 nam.
2515 2671 2606 2742 24)
2640 2688 2706 2724 ex
2739 2670 2916 2740 priori
2955 2672 3167 2741 pagina
3195 2669 3459 2725 Vaticani
3503 2672 3634 2728 cod.
3665 2671 3889 2743 signati

2175 2778 2417 2817 numero
2454 2762 2570 2815 153.
2618 2760 2815 2830 Neque
2859 2760 2993 2815 huic
3044 2761 3362 2816 narrationi
3401 2761 3755 2816 contrarium
3796 2765 3891 2817 est

2177 2854 2326 2923 quod
2370 2852 2509 2906 dicit
2541 2852 2663 2922 ipse
2687 2851 2995 2920 Gregorius
3028 2851 3128 2905 lib.
3162 2867 3236 2921 ιν,
3262 2868 3353 2922 ep.
3377 2852 3467 2919 30,
3501 2853 3570 2906 ad
3605 2852 3893 2907 Constan-

2178 2942 2359 2996 tinam
2392 2944 2733 3011 Augustatn,
2766 2941 3216 2996 consuetudinem
3256 2958 3366 2997 non
3409 2958 3541 3009 esse,
3573 2947 3629 2996 ut
3666 2944 3891 3013 quando

2177 3038 2492 3089 sanctorum
2525 3031 2772 3101 reliquiae
2810 3031 3035 3099 dantur,
3068 3031 3364 3103 quidquam
3396 3031 3459 3086 de
3498 3048 3719 3103 corpore
3759 3043 3892 3089 tan-

2182 3138 2305 3192 gere
2334 3126 2728 3192 priesunuttur;
2764 3136 2893 3174 nam
2958 3121 3206 3190 loquitur
3265 3121 3333 3175 de
3394 3121 3783 3177 Romanorum
3830 3129 3893 3179 et

368 3225 546 3283 Italia:
571 3221 977 3294 direptionem,
1012 3218 1349 3272 ulciscendas
1406 3214 1637 3285 privatze
1694 3210 1920 3279 injuriae
1940 3223 2069 3276 gra—
2105 3197 2147 3263 C
2190 3213 2550 3276 Latinorum,
2584 3228 2695 3266 non
2730 3227 2859 3265 vero
2893 3212 3221 3266 Grazcorum
3268 3227 3427 3265 more
3460 3217 3515 3266 et
3564 3219 3893 3269 consuetu-

366 3317 468 3383 tia,
503 3312 739 3369 fmdavit
770 3315 825 3365 et
854 3308 1195 3379 deturpavit.
1220 3306 1377 3359 Alios
1402 3302 1727 3359 omittimus
1751 3300 1821 3353 de
1852 3298 2068 3369 quibus

362 3406 423 3461 in
466 3403 709 3459 historia
756 3400 1125 3471 pontiﬁcatus
1175 3394 1435 3467 Gregorii
1485 3394 1756 3462 frequens
1812 3393 2071 3444 occurret

362 3493 603 3549 mentio.
638 3495 705 3546 Et
728 3495 791 3545 ut
814 3486 1014 3561 paucis
1047 3486 1441 3551 absolvemus,
1477 3482 1795 3536 multorum
1831 3479 2069 3549 quidem

362 3583 820 3640 familiaritatem
854 3584 910 3634 et
944 3576 1287 3643 amicitiam,
1323 3572 1591 3628 omnium
1636 3587 1764 3625 vero
1815 3584 2067 3623 amorem

361 3681 417 3731 et
455 3672 941 3730 existimationem
984 3673 1073 3724 est
1114 3669 1477 3723 consecutus.
1507 3668 1578 3717 At
1608 3661 1836 3716 silentio
1870 3665 2069 3728 praete-

368 3765 483 3819 rire
514 3779 627 3817 non
662 3775 978 3833 possumus
1003 3758 1155 3828 quod
1180 3750 1857 3825 GregoriusTuronensis
1899 3750 2072 3801 refert

359 3852 498 3921 (Lib.
534 3869 589 3917 x,
635 3867 680 3907 ε.
720 3850 793 3921 1),
846 3852 1117 3903 sanctum
1168 3845 1515 3909 Diaconum,
1569 3841 1755 3895 ﬁlium
1810 3836 2071 3892 Mauricii

360 3940 609 4014 Augusti
643 3939 822 4011 (haud
855 3938 1028 3992 dubie
1066 3939 1202 3990 natu
1244 3934 1571 4004 majorem),
1604 3948 1671 3985 ex
1715 3930 1936 3983 lavacro
1990 3944 2073 3980 sa-

358 4048 453 4088 cro
485 4030 836 4099 suscepisse,
880 4027 1021 4081 dum
1050 4021 1553 4092 Constantinopoli
1587 4019 1776 4074 adhuc
1814 4030 2070 4071 morare-

356 4126 491 4175 tur:
526 4120 673 4190 quod
709 4121 994 4188 quantum
1034 4116 1084 4169 ei
1115 4114 1285 4168 fuerit
1327 4109 1821 4182 perhonorificum
1877 4104 2073 4161 nullus

361 4214 452 4266 est
483 4209 581 4279 qui
607 4224 720 4262 non
747 4205 1055 4276 intelligat.

436 4300 522 4351 12.
556 4297 638 4349 Ex
671 4296 775 4350 hoc
807 4292 1065 4364 Gregorii
1100 4290 1359 4345 historici
1395 4287 1735 4343 testimonio
1762 4302 2073 4355 possumus

366 4384 596 4440 facilius
620 4388 869 4437 statuere
899 4398 1015 4453 quo
1053 4396 1205 4434 anno
1255 4380 1340 4433 vir
1384 4378 1789 4433 sanctissimus
1833 4376 2073 4430 Romam

368 4473 624 4530 redierit.
661 4472 973 4527 Mauricius
1006 4487 1122 4525 non
1182 4470 1342 4539 prius
1395 4466 1833 4522 Constantinam
1866 4466 2078 4521 Tiberii

374 4561 625 4634 Augusti
661 4562 841 4616 filiam
875 4561 1057 4626 duxit,
1091 4576 1266 4630 quam
1301 4560 1460 4613 ﬁeret
1494 4562 1837 4622 imperator;
1875 4556 1969 4610 sed
2004 4558 2077 4609 si-
2111 4555 2155 4618 D

374 4652 497 4710 mul
528 4662 580 4708 et
624 4668 881 4717 uxorem,
918 4658 975 4707 et
1016 4651 1167 4705 dotis
1206 4651 1438 4705 nomine
1478 4650 1785 4718 imperium
1834 4647 2075 4718 accepit,

372 4760 527 4799 anno
553 4742 769 4797 scilicet
792 4743 918 4807 582,
952 4757 1155 4795 mense
1185 4744 1467 4810 Augusto,
1504 4745 1565 4792 ut
1607 4740 1725 4807 jam
1764 4754 1936 4805 supra
1978 4738 2077 4791 de-

370 4831 848 4889 monstravimus.
885 4831 1085 4901 Itaque
1118 4830 1272 4883 nasci
1306 4830 1355 4883 ei
1384 4845 1497 4882 non
1534 4830 1723 4896 potius
1756 4827 1933 4892 filius,
1965 4825 2077 4880 nisi

368 4941 525 4980 anno
557 4922 826 4994 sequenti
862 4935 1061 4975 mense
1091 4919 1269 4989 Aprili
1302 4924 1403 4973 aut
1436 4919 1602 4973 Maio.
1639 4917 1717 4971 Ex
1752 4919 1820 4971 iis
1852 4917 2079 4971 eviden-

367 5019 456 5068 ter
502 5013 779 5083 probatur
826 5010 1168 5083 Gregorium
1210 5027 1276 5065 ex
1336 5009 1473 5062 urbe
1534 5007 1692 5076 regia
1748 5009 1910 5078 prius
1963 5024 2074 5061 non

370 5101 728 5157 discessisse.
783 5103 853 5155 At
898 5116 964 5154 ex
1021 5098 1269 5167 epistola
1318 5096 1534 5168 Pelagii
1587 5099 1655 5151 ad
1699 5113 1825 5152 eum
1863 5098 2078 5166 scripta

372 5203 541 5257 quam
575 5191 791 5259 profert
834 5189 1091 5244 Joannes
1143 5187 1447 5254 Diaconos,
1481 5186 1581 5240 lib.
1616 5203 1655 5254 ι,
1688 5203 1735 5241 c.
1772 5189 1858 5255 32,
1894 5187 2077 5243 multo

374 5276 600 5345 longior
624 5294 786 5331 mora
806 5278 1135 5349 colligitur;
1173 5295 1305 5333 nam
1351 5279 1480 5331 data
1525 5277 1737 5347 legitur
1788 5277 1907 5331 haec
1957 5277 2077 5344 epi-

373 5364 523 5421 stola
546 5382 744 5422 mense
774 5368 994 5422 octobri
1036 5372 1235 5425 indict.
1268 5370 1321 5435 3,
1358 5368 1717 5440 proindeque
1767 5383 1918 5421 anno
1948 5368 2074 5421 584.

373 5454 571 5525 Neque
588 5471 721 5510 vero
754 5454 861 5511 hoc
893 5472 1047 5512 anno
1078 5457 1578 5526 ConstantinOpoli
1632 5458 1900 5512 discessit
1940 5456 2079 5511 Gre-

442 5643 522 5712 (a)
556 5641 635 5696 De
663 5640 718 5695 S.
754 5640 1015 5694 Leandre
1044 5641 1169 5711 lege
1212 5642 1459 5697 Annales
1512 5640 1801 5697 Benedict.
1856 5638 2077 5695 Mabill.

369 5713 472 5768 lib.
504 5730 583 5780 vv,
618 5728 774 5765 num.
811 5712 903 5771 64.
936 5716 991 5765 et
1022 5712 1322 5768 Nicolaum
1379 5715 1692 5769 Antonium
1746 5712 1803 5766 in
1867 5712 2077 5767 Biblio-

366 5786 537 5844 theca
564 5788 677 5844 vet.
718 5782 960 5857 Hispan.

2181 3303 2333 3357 dine.
2371 3302 2547 3356 Italia)
2580 3318 2809 3371 quoque
2844 3302 3149 3372 reportavit
3182 3302 3252 3356 ab
3292 3301 3567 3358 Mauricio
3626 3305 3894 3375 Augusto

2182 3409 2342 3463 spem
2379 3392 2624 3462 proximi
2658 3390 2877 3455 auxilii,
2914 3393 3067 3461 quod
3113 3390 3265 3446 brevi
3304 3392 3511 3459 adfuit,
3544 3392 3691 3449 duce
3728 3398 3898 3450 Sma-

2180 3482 2361 3551 rang
2419 3480 2665 3535 exarcho
2717 3480 2957 3549 Longini
3006 3496 3361 3535 successore.
3410 3481 3465 3535 Si
3519 3487 3713 3537 tamen
3756 3486 3899 3555 quis

2182 3572 2496 3625 contendat
2525 3570 2799 3640 Smaragd
2814 3587 2909 3625 um
2941 3569 3200 3640 Gregorii
3234 3570 3488 3624 reditum
3523 3572 3894 3640 prmvcnisse,

2182 3660 2251 3714 de
2295 3677 2353 3713 re
2396 3666 2509 3713 tam
2574 3659 2792 3713 incerta
2838 3658 3085 3713 minime
3138 3660 3448 3730 pugnabo;
3499 3676 3683 3729 neque
3729 3662 3898 3717 enim

2183 3748 2515 3820 expeditum
2548 3753 2637 3802 est
2667 3754 2820 3802 certo
2852 3749 3150 3819 assignare
3194 3764 3304 3817 quo
3367 3753 3622 3819 tempore
3677 3749 3899 3822 Grego-

2185 3841 2308 3894 rius
2343 3838 2755 3908 rcpatriaverit.
2794 3839 2851 3892 Id
2885 3854 3014 3891 vero
3063 3842 3288 3892 constat
3340 3839 3467 3908 ejus
3527 3839 3800 3908 precibus
3839 3847 3901 3896 et

2185 3929 2697 3986 sollicitationibus
2741 3928 3115 3997 impetratum
3184 3927 3290 3982 hoc
3347 3928 3905 3985 subsidium.Ca:te-

2186 4036 2311 4072 rum
2362 4034 2429 4071 ex
2470 4018 2711 4088 epistola
2760 4018 2782 4070 1
2830 4015 3041 4085 Pelagii
3102 4016 3174 4071 sd
3234 4015 3411 4070 Eliam
3462 4016 3901 4086 Aquileiensem

2185 4108 2542 4175 episcopum,
2606 4106 2890 4159 discimus
2940 4105 3080 4175 quid
3121 4105 3292 4159 Italiae
3354 4106 3680 4175 praestiterit
3725 4107 3903 4162 Sma-

2186 4199 2348 4266 ragdi
2375 4200 2684 4250 adventus:
2714 4193 3040 4266 gratulatur
3071 4195 3227 4248 enim
3284 4209 3551 4249 summus
3611 4196 3901 4265 pontifex,

2185 4288 2362 4354 quod,
2422 4302 2518 4355 per
2575 4285 2801 4339 labores
2856 4293 3031 4354 atque
3090 4282 3546 4338 sollicitudinem
3613 4285 3909 4341 excellen-

2188 4377 2394 4431 tiSsimi
2425 4378 2525 4430 filii
2561 4375 2864 4446 Smaragdi
2896 4374 3121 4429 exarchi
3155 4380 3211 4428 et
3241 4375 3574 4428 chartularii
3606 4376 3756 4430 sacri
3805 4392 3908 4447 pa-

2188 4465 2332 4533 latii,
2362 4482 2557 4536 pacem
2590 4470 2645 4519 et
2676 4464 2927 4535 quietem
2963 4464 3114 4517 Deus
3150 4464 3361 4517 donare
3384 4462 3657 4533 dignatus
3689 4463 3789 4519 sit.

2860 4593 2942 4644 CA
2954 4589 3083 4644 PUT
3117 4591 3204 4644 VI.

2188 4702 2549 4750 Annuussron.
2568 4725 2625 4733 —-
2658 4699 2702 4747 1.
2728 4698 2779 4746 S.
2804 4697 3089 4757 Gregorius
3108 4697 3414 4745 monasterii
3436 4699 3517 4747 sui
3538 4698 3599 4747 ﬁt
3626 4699 3816 4747 abbas.
3842 4727 3913 4740 ~—

2246 4763 2293 4811 2.
2330 4763 2567 4823 Pelagius
2598 4774 2719 4809 eum
2751 4760 2848 4808 sibi
2884 4760 3181 4824 adjutorem
3212 4761 3432 4824 adhibet
3460 4762 3758 4809 scribendis
3781 4763 3911 4824 epi—

2249 4827 2413 4874 stolis.
2447 4821 2579 4871 4—3.
2636 4824 3024 4882 Argumentum
3072 4821 3268 4883 prioris
3323 4823 3564 4885 epistolae
3613 4824 3679 4871 ad
3723 4821 3913 4876 Eliam

2248 4891 2454 4947 scriptae
2485 4892 2670 4933 contra
2701 4886 2947 4933 schisma.
2980 4910 3041 4920 —
3070 4886 3115 4932 4.
3154 4886 3221 4934 De
3270 4886 3506 4935 secunda
3537 4886 3600 4934 ad
3643 4888 3911 4937 eumdem

2248 4950 2412 4999 liliam
2438 4951 2680 5010 epistula.
2713 4975 2774 5012 έ-
2802 4949 2831 4994 5
2876 4950 2945 4996 De
2977 4950 3142 5012 tertia
3186 4976 3241 4983 —
3272 4950 3300 4995 6
3346 4947 3587 4997 Schisma
3620 4948 3738 4996 ﬁcte
3758 4950 3913 5012 ejus-

2247 5020 2365 5061 rant
2406 5009 2621 5074 quidam
2656 5011 2910 5073 episcopi.
2960 5009 3087 5074 77.
3122 5010 3172 5059 S.
3206 5012 3491 5074 Gregorius
3522 5012 3684 5060 libros
3719 5009 3912 5062 Mira-

2246 5077 2375 5125 lium
2411 5072 2681 5123 retractat.
2713 5076 2817 5135 (Ab
2852 5087 2941 5123 an.
2969 5073 3063 5121 585
3094 5086 3264 5136 usque
3291 5072 3429 5133 589.)

2258 5181 2306 5235 1.
2342 5179 2586 5233 Romam
2640 5189 2909 5229 reversus
2945 5171 3279 5239 Gregorius,
3313 5170 3371 5225 in
3434 5174 3773 5227 monasterii
3811 5176 3912 5229 sui

2185 5276 2440 5342 portum,
2468 5265 2626 5320 urbis
2660 5265 2922 5335 aulasque
2961 5262 3277 5317 tumultum
3312 5278 3544 5324 exosus,
3578 5262 3796 5318 iterum
3841 5281 3912 5320 se

2184 5360 2417 5430 recepit,
2455 5359 2549 5413 ubi
2593 5358 2823 5412 abbatis
2846 5354 3102 5410 officium
3138 5354 3500 5425 rogantibus,
3533 5353 3649 5409 imo
3682 5370 3910 5427 cogen-

2184 5452 2339 5508 tibus
2374 5449 2648 5505 fratribus
2678 5449 2752 5519 (c)
2776 5446 3047 5503 exercuit.
3081 5446 3243 5510 Quod
3266 5445 3325 5499 in
3370 5444 3727 5501 monasterio
3773 5456 3912 5519 post

2258 5635 2331 5703 (ὁ)
2356 5636 2416 5689 In
2450 5633 2601 5687 notis
2632 5633 2699 5688 ad
2732 5648 2822 5703 ep.
2858 5627 3072 5703 Pelagii
3096 5627 3168 5694 II,
3199 5626 3352 5682 inter
3393 5625 3671 5703 Concilia.

2259 5699 2331 5781 (εδ
2369 5699 2884 5781 Assumptonuper
2915 5701 2983 5755 ad
3016 5700 3444 5781 Syracusanum
3493 5699 3911 5772 episcopatum

2188 5771 2631 5840 SCMaximianO
2662 5779 2719 5835 S.
2758 5771 2998 5833 Andreae
3039 5771 3264 5829 abbate.
