4106 6174
233 217 358 275 273

700 220 762 278 S.
812 217 1189 278 GREGORII
1238 215 1493 277 MAGNI
1538 218 1744 283 VlTA,
1796 219 1894 277 EX
1942 219 2126 279 EJUS
2172 217 2516 278 SCRIPTIS
2565 220 3014 281 ADORNATA.
3060 224 3210 284 LIB.
3258 228 3304 287 Ι.

3648 230 3765 289 274

227 350 485 405 reditum
537 354 592 404 st
640 354 775 405 ante
826 367 992 406 suam
1035 353 1103 404 ad
1150 350 1554 422 pontiﬁcatum
1583 352 1931 420 assumptio-
1966 356 2014 419 Α
2053 369 2083 405 a
2118 352 2352 421 Pelagio
2384 368 2532 422 papa
2566 352 2718 420 Elius,
2761 353 3118 425 Aquileiensi
3168 358 3461 429 episeopo,
3497 362 3769 436 missam,

229 455 366 494 nem
414 440 766 495 habitaverit
821 451 871 495 et
936 441 1255 510 praefuerit,
1307 441 1576 496 dubitare
1643 458 1755 495 non
1807 441 1945 495 sinit

228 529 357 599 ipse
387 528 706 599 Gregorius
753 545 994 583 narrans
1027 529 1127 583 lib.
1160 545 1215 583 xv
1251 528 1489 598 Dialog,
1532 546 1579 582 c.
1630 531 1717 595 55,
1750 530 1943 583 infeli-

226 634 355 673 cem
407 618 557 673 Justi
633 619 926 673 Andreani
970 618 1240 673 monachi
1287 626 1530 673 mortem
1583 636 1755 688 quam
1807 620 1946 674 dicit

222 707 548 778 contigisse
594 716 723 762 ante
772 708 1099 774 triennium,
1136 708 1240 763 hoc
1280 712 1371 763 est
1417 709 1587 779 paulo
1630 715 1938 779 antequam

227 795 612 866 apostolicam
657 796 989 850 cathedram
1027 797 1383 851 ascenderet.
1432 798 1510 851 Ex
1558 796 1664 851 hoc
1706 796 1828 850 loco
1868 797 1945 850 li-

231 891 373 956 quet
411 887 559 941 hunc
586 885 912 941 monachum
936 888 1261 941 medicinali
1283 892 1400 941 arte
1432 888 1722 951 imbutum,
1751 886 1947 957 Grego-

226 978 308 1031 rio
348 978 411 1030 in
441 976 635 1031 eodem
672 976 727 1031 S.
768 978 997 1033 Andreae
1038 982 1367 1033 monasterio
1408 983 1722 1043 constituto,
1754 980 1945 1033 sedulo

226 1069 447 1137 obsequi
466 1072 631 1137 atque
650 1069 705 1121 in
724 1067 966 1121 assiduis
990 1072 1111 1137 ejus
1139 1067 1563 1139 (egritudinibus
1580 1070 1846 1125 excubare
1858 1085 1941 1123 so-

221 1158 408 1210 litum.
432 1159 580 1211 Cum
605 1156 818 1211 Justus
854 1158 1025 1212 morti
1054 1160 1350 1227 proximus
1377 1160 1773 1231 deprehensus
1800 1159 1945 1213 fuis-

223 1254 304 1300 set
346 1261 483 1300 reus
526 1245 837 1300 occultatas
889 1246 1168 1316 pecuniae,
1226 1264 1349 1301 mox
1396 1252 1454 1301 ut
1482 1252 1695 1301 tantum
1736 1250 1942 1301 malum

225 1335 506 1407 Gregorio
538 1338 860 1391 nuntiatum
892 1346 990 1403 est,
1024 1337 1082 1391 id
1102 1340 1497 1408 aequanimiter
1529 1341 1679 1407 ferre
1718 1355 1823 1392 non
1849 1355 1943 1391 va-

224 1427 348 1481 luit.
396 1426 729 1496 Statimque
774 1425 999 1481 violatae
1059 1428 1266 1498 regulae
1326 1430 1659 1483 monasterii
1714 1430 1945 1487 vindex,

223 1518 365 1587 quia
404 1516 612 1582 abbas,
639 1520 888 1584 cogitare
923 1516 1086 1589 carpit
1130 1518 1209 1572 vel
1256 1518 1392 1587 quid
1444 1519 1512 1571 ad
1557 1519 1949 1590 purgationem

226 1607 527 1661 morientis
573 1608 801 1675 faceret,
851 1608 937 1661 vel
983 1607 1114 1677 quid
1161 1608 1231 1661 ad
1285 1610 1597 1679 exemplum
1646 1610 1947 1665 viventibus

222 1695 504 1764 fratribus
549 1695 877 1765 provideret.
926 1698 1171 1751 Prctioso
1194 1696 1367 1767 igitur
1396 1700 1633 1769 ejusdem
1675 1705 1943 1755 monaste-
1984 1730 2029 1793 B

226 1786 304 1840 rii
331 1787 636 1856 praposito
666 1785 951 1853 accersito,
981 1787 1147 1855 jubet
1179 1792 1241 1841 ut
1280 1794 1441 1841 curet
1481 1806 1514 1842 a
1545 1790 1625 1842 rei
1666 1792 1952 1845 consortio

222 1877 442 1931 fratres
476 1892 681 1931 omnes
713 1877 998 1932 recedere.
1037 1878 1302 1948 Praecipit
1353 1895 1582 1951 quoque
1615 1882 1769 1936 214
1802 1899 1950 1937 mor-

221 1974 319 2022 tuo
361 1967 475 2022 etsi
520 1968 577 2021 in
630 1967 906 2023 extremis
949 1969 1252 2040 pmnitenti
1305 1972 1710 2027 stercorariam
1761 1974 1953 2044 parari

222 2059 627 2131 sepulturam,
654 2065 711 2115 et
733 2077 908 2129 super
933 2060 1059 2129 ejus
1092 2062 1335 2115 cadaver
1359 2068 1469 2116 tres
1501 2063 1821 2118 occultatos
1855 2082 1957 2118 au-

222 2164 356 2203 reos
397 2148 625 2218 projici,
672 2149 947 2203 fratribus
992 2150 1384 2204 clamantibus
1422 2167 1433 2203 :
1470 2153 1711 2206 Pecunia
1757 2159 1851 2207 tua
1884 2157 1956 2205 te-

217 2256 345 2295 cum
382 2242 456 2293 sit
500 2241 561 2293 in
592 2239 927 2307 perditione.
976 2240 1235 2295 Tandem
1294 2244 1431 2311 quia
1477 2242 1690 2297 Justus
1742 2246 1955 2313 piaculi

220 2327 531 2401 paenitens
584 2328 738 2382 diem
799 2338 1123 2383 extremum
1197 2329 1506 2397 clauserat,
1565 2338 1834 2401 procurat
1892 2336 1955 2387 ut

219 2417 538 2472 Pretiosus
586 2420 929 2488 praepositus
964 2434 1059 2486 per
1095 2418 1323 2488 triginta
1364 2420 1477 2474 dies
1529 2420 1813 2475 continuos
1857 2438 1953 2491 pro

220 2510 425 2578 ipsius
455 2507 894 2579 absolutionem)
927 2509 1262 2577 sacriﬁcium
1293 2512 1501 2580 oﬂ'erat.
1547 2512 1833 2575 Quantum
1860 2530 1953 2567 sa-

218 2597 597 2668 pientissimi
634 2597 861 2654 abbatis
892 2601 1168 2653 severitas
1188 2598 1352 2654 Justo
1392 2601 1731 2672 cmterisque
1756 2602 1951 2656 fratri-

218 2691 343 2745 bus
396 2688 700 2758 profuerit,
732 2688 856 2759 lege
889 2696 988 2743 aut
1019 2690 1072 2743 in
1109 2690 1341 2744 laudato
1376 2691 1747 2760 Dialogorum
1781 2692 1949 2761 libro,

214 2782 334 2833 aut
381 2778 540 2848 apud
580 2777 867 2831 Joannem
928 2778 1265 2833 Diaconum.
1309 2781 1441 2843 Quae
1474 2782 1628 2852 apud
1680 2786 1951 2838 eumdem

214 2870 523 2940 leguntur
544 2868 610 2922 de
642 2867 819 2938 largis
842 2868 1226 2937 eleemosynis
1254 2887 1286 2924 a
1314 2872 1585 2941 Gregorio
1620 2873 1784 2928 factis
1815 2876 1950 2928 dum

216 2957 280 3013 in
350 2956 712 3011 monasterio
755 2956 1007 3026 degeret,
1046 2958 1292 3026 probant
1355 2975 1582 3031 quoque
1632 2977 1764 3015 eum
1813 2968 1951 3017 tunc

216 3045 599 3102 monasterio
673 3045 1013 3115 przefuisse;
1090 3046 1348 3119 alioquin
1422 3066 1532 3105 non
1600 3054 1946 3122 przeccpisset
1977 3091 2019 3157 Ο

218 3140 289 3157 le
336 3136 614 3157 ___A‘2__.2-
661 3137 1141 3157 -_11eaj__._a_,_,r
1180 3141 1193 3157 γ’
1324 3144 1333 3157 ι
1422 3141 1458 3157 ἢ
1535 3146 1543 3157 ι
1758 3143 1789 3157 ι.

216 3140 294 3209 (ὁ)
335 3136 639 3205 vestiario,
661 3144 721 3191 ut
751 3137 1009 3191 totdaret
1032 3141 1391 3195 numismata.
1420 3141 1623 3196 Postea
1650 3143 1834 3197 multa
1857 3160 1943 3198 re-

216 3230 342 3284 fert
401 3226 658 3281 Joannes
707 3226 999 3283 Diaconos
1048 3245 1175 3300 quas
1229 3232 1496 3301 Gregorio
1546 3232 1775 3287 abbatis
1828 3233 1949 3289 loco

218 3319 485 3375 sedente
518 3316 828 3386 contigisse
860 3324 1099 3372 testatur
1130 3337 1141 3374 :
1178 3320 1371 3389 qualia
1410 3326 1544 3375 sunt
1585 3323 1865 3378 miracula
1896 3330 1952 3379 et

217 3411 413 3479 signa
438 3406 650 3477 quibus
684 3407 834 3461 Deus
867 3409 1151 3478 quosdam
1178 3410 1490 3466 monachos
1514 3416 1614 3467 aut
1646 3414 1948 3485 fugientes,

220 3507 335 3558 aut
383 3500 457 3553 de
503 3498 634 3567 fuga
675 3498 1020 3570 cogitantes,
1073 3507 1173 3555 aut
1204 3501 1438 3558 alterius
1478 3522 1635 3559 noxae
1671 3523 1795 3561 reos
1829 3514 1953 3561 ter-

218 3595 382 3659 ruit,
415 3595 470 3645 et
502 3592 570 3646 ad
621 3590 908 3646 saniorem
956 3598 1203 3647 mentem
1244 3597 1550 3651 revocavit.
1591 3598 1696 3652 Sed
1733 3598 1953 3651 fallitur

220 3685 327 3739 hic
366 3684 643 3751 scriptor,
679 3684 1151 3755 quandoquidem
1185 3686 1433 3757 ipsemet
1462 3688 1768 3759 Gregorius
1808 3687 1949 3743 serio

217 3774 393 3828 bene
416 3771 486 3825 ad
524 3771 910 3827 Busticianam
944 3789 1032 3843 ep.
1079 3774 1143 3827 lt’i
1187 3774 1313 3829 libri
1360 3793 1414 3829 ιι
1458 3781 1657 3830 eadem
1700 3793 1951 3830 comme-

216 3868 452 3927 morat,
507 3861 701 3932 aitque
750 3877 817 3917 ea
847 3863 957 3917 sibi
993 3871 1225 3919 narrata
1258 3866 1440 3920 fuisse
1490 3866 1559 3919 ab
1591 3866 1798 3919 abbate
1831 3875 1882 3921 et
1921 3884 1953 3921 a

218 3950 556 4025 preposito
588 3950 762 4021 hujus
806 3954 1161 4007 monasterii.
1197 3954 1402 4009 Verum
1439 3955 1575 4024 quid
1616 3954 1953 4025 indigemus

218 4041 485 4101 aliunde
544 4040 800 4111 quaesitis
860 4044 1240 4110 argumentis,
1294 4060 1424 4099 cum
1468 4046 1592 4116 ipse
1641 4046 1952 4117 Gregorius

217 4147 443 4193 coram
492 4129 712 4200 synodo
742 4130 955 4187 diserte
1005 4132 1297 4202 professus
1330 4136 1406 4187 sit
1456 4150 1517 4188 se
1548 4134 1684 4188 olim
1738 4134 1954 4191 rexisse

220 4220 689 4287 monasterium,
749 4220 840 4275 his
907 4220 1139 4275 verbis:
1204 4221 1377 4288 Quam
1449 4222 1524 4276 sit
1584 4226 1955 4278 necessarium

217 4309 709 4370 monasteriorum
739 4310 916 4381 quieti
961 4310 1336 4380 conspicere...
1377 4316 1687 4367 anteactam
1718 4329 1813 4367 nos
1831 4315 1954 4382 offi-

222 4404 416 4466 cium,
457 4399 610 4467 quod
650 4396 711 4451 in
745 4399 1014 4465 regimine
1052 4400 1376 4455 monasterii
1406 4403 1756 4457 exhibuimus
1786 4404 1957 4473 infor-

226 4496 361 4545 mat
392 4492 417 4543 t
444 4488 673 4558 (Concil.
699 4504 761 4543 ιιι
788 4504 881 4543 seu
913 4490 1171 4545 Lateran.
1195 4490 1300 4545 sub
1330 4491 1386 4544 5.
1419 4490 1600 4562 Greg.)

304 4583 375 4635 2.
407 4578 620 4634 Sancto
667 4577 789 4634 viro
812 4578 869 4632 in
920 4579 1255 4634 monasterii
1306 4596 1536 4636 recessu
1572 4582 1755 4637 otium
1789 4592 1843 4638 et
1873 4583 1957 4637 la-

225 4672 444 4726 tebras
491 4668 792 4738 quaerenti,
839 4668 938 4722 diu
968 4672 1161 4723 tamen
1212 4670 1279 4724 iis
1315 4686 1557 4740 prorsus
1602 4672 1712 4726 frui
1748 4691 1861 4728 non
1892 4674 1960 4727 li-

229 4760 395 4828 cuit,
428 4762 532 4813 aut
579 4758 649 4812 ab
691 4757 966 4812 omnibus
995 4758 1227 4828 penitus
1266 4759 1677 4816 ecclesiasticis
1711 4764 1958 4832 negotiis

231 4848 468 4908 feriari.
494 4847 638 4903 Nam
673 4856 734 4901 ul
780 4846 917 4902 olim
960 4846 1343 4919 Hieronymus
1386 4850 1446 4905 S.
1496 4850 1740 4905 Damaso
1776 4870 1958 4924 papm,

232 4946 504 5013 Prosper
550 4940 608 4995 S.
644 4939 815 4995 Leoni
855 4940 1082 5011 Magno,
1116 4940 1198 4995 sic
1238 4940 1335 4996 ille
1375 4942 1603 5014 Pelagio
1642 4944 1869 5000 Juniori
1902 4947 1959 5000 in

234 5032 583 5093 scribendis
613 5028 869 5099 epistolis
893 5031 1126 5099 adjutor
1155 5031 1281 5087 fuit.
1308 5032 1390 5087 Ita
1422 5033 1607 5089 sensit
1640 5036 1917 5090 Baronius
1943 5054 1956 5101 ;

236 5130 300 5181 et
366 5137 510 5177 sane
557 5120 670 5191 ipsi
720 5118 923 5174 tribuit
972 5119 1182 5176 Paulus
1240 5122 1580 5178 Warnefridi
1632 5124 1731 5179 lib.
1784 5141 1846 5179 ιιι
1890 5125 1961 5180 de

237 5213 436 5288 gestis
538 5207 1073 5281 Langobardorum,
1156 5210 1291 5265 satis
1396 5214 1588 5268 utilem
1670 5215 1961 5284 epistolam

332 5426 410 5494 (a)
444 5427 525 5477 De
556 5419 968 5497 sacriﬁciopro
992 5420 1281 5497 deﬂunctis
1312 5424 1501 5479 offerri
1536 5425 1705 5482 solito
1732 5428 1853 5497 jam
1875 5429 1961 5483 di-

245 5492 454 5553 ximus
486 5497 543 5549 in
577 5497 698 5548 not.
730 5492 801 5547 ad
833 5492 965 5547 libri
987 5508 1045 5547 1v
1075 5493 1295 5565 Dialog.
1334 5500 1507 5565 caput
1533 5498 1623 5552 55.

328 5570 405 5638 (ὁ)
439 5566 537 5622 Sic
567 5565 823 5638 Joannes
852 5574 1015 5638 vocat
1041 5565 1387 5622 monachum
1410 5568 1659 5623 vestiarii
1685 5571 1964 5626 custodias

248 5636 654 5713 praepositum.
683 5637 862 5713 Porro
887 5636 943 5691 in
969 5637 1241 5713 chronica
1268 5639 1567 5713 Casinensi
1598 5640 1699 5695 lib.
1727 5660 1765 5713 ι,
1799 5660 1845 5698 c.
1869 5644 1960 5709 25,

250 5706 604 5771 raedarium
632 5706 955 5784 appellatur
983 5708 1145 5767 locus
1176 5712 1274 5769 ubi
1302 5712 1475 5769 etiam
1498 5706 1965 5786 pecunia'serva-

2057 461 2241 515 quam,
2294 446 2505 513 inquit,
2566 444 2755 498 beatus
2817 444 3130 511 Gregorius,
3186 463 3309 502 cum
3357 450 3536 506 adhuc
3610 465 3771 522 esset,

2056 537 2325 589 Diaconns
2384 534 2624 603 scripsit.
2687 534 2826 590 Tres
2866 535 3032 590 editae
3084 543 3221 592 sunt
3268 542 3390 593 tum
3444 558 3477 597 a
3521 543 3764 601 Baronio

2055 624 2151 691 (Al
2190 641 2281 677 an.
2335 623 2458 690 536,
2494 640 2641 676 num.
2687 625 2798 693 26),
2844 629 2969 679 tum
3001 643 3033 680 a
3064 627 3453 684 Conciliorum
3486 631 3764 689 collecto-

2058 715 2217 767 ribus
2266 713 2477 783 Pelagii
2536 714 2580 767 Il
2613 714 2869 781 epistolae
2900 715 2968 768 art
3000 716 3177 770 Etiam
3207 722 3257 771 et
3288 720 3361 773 ad
3409 720 3547 776 alios
3586 723 3762 779 Istriae

2058 801 2319 855 Ecclesiae
2366 802 2635 869 episcopos
2692 804 2743 853 et
2791 801 2956 869 ﬁlios,
3001 820 3102 873 pro
3154 805 3328 859 trium
3376 808 3764 878 capitulorum

2056 906 2232 944 causa
2255 891 2699 943 tumultuantes.
2739 889 2923 945 Unum
2956 897 3044 945 est
3085 892 3263 948 trium
3298 895 3531 951 illarum
3564 900 3776 970 episto-

2057 979 2242 1033 larum
2280 986 2712 1049 argumentum,
2758 995 2908 1034 unus
2941 997 3173 1050 scopus,
3223 982 3408 1052 stylus
3441 984 3612 1055 plane
3654 1004 3770 1044 non

2057 1067 2386 1135 absimilis;
2423 1069 2950 1137 proindequeidezn
2976 1071 3240 1125 omnium
3274 1071 3526 1143 scriptor
3547 1075 3763 1147 Grego-

2058 1158 2179 1210 rius
2212 1174 2241 1209 a
2282 1172 2392 1226 quo
2428 1172 2601 1209 unum
2636 1156 2839 1211 saltem
2874 1158 3149 1227 scriptam
3185 1174 3310 1214 esse
3341 1159 3502 1215 Pauli
3536 1169 3768 1219 constat

2056 1248 2410 1303 testimonio.
2460 1248 2616 1302 Adde
2647 1248 2793 1316 quod
2839 1247 2930 1302 his
2964 1249 3020 1302 in
3058 1248 3318 1319 epistolis
3366 1266 3511 1319 quas
3542 1252 3762 1323 Grego-

2058 1338 2180 1392 rius
2202 1338 2324 1407 jam
2347 1338 2601 1408 pontifex
2633 1339 2815 1393 factus
2840 1338 2911 1392 ad
2932 1340 3159 1394 eosdem
3183 1340 3589 1398 schismaticos
3613 1344 3763 1399 scri-

2058 1426 2298 1496 psil,vel
2324 1429 2391 1479 ad
2418 1426 2563 1481 alios
2604 1443 2749 1496 quos
2776 1426 2831 1479 in
2869 1428 3351 1483 condemnatione
3389 1430 3572 1485 trium
3611 1432 3769 1502 capi—

2059 1514 2312 1569 tulorum
2348 1514 2563 1569 haerere
2612 1519 2877 1582 noverat;
2913 1517 3112 1570 eadem
3155 1533 3258 1587 pro
3299 1518 3456 1588 pacis
3499 1519 3769 1575 hostibus

2060 1604 2314 1659 Charitas
2367 1606 2599 1667 ferveat,
2650 1622 2749 1673 pro
2805 1605 2994 1660 anxiis
3046 1609 3102 1659 et
3152 1608 3513 1677 scrupulosis
3562 1610 3766 1667 eadem

2060 1694 2417 1761 indulgentia
2438 1693 2742 1749 elucescat.
2772 1695 2836 1747 Et
2864 1695 2933 1749 de
2968 1695 3036 1748 iis
3058 1695 3296 1766 quidem
3324 1700 3524 1767 postea
3548 1698 3769 1766 fusius;

2062 1803 2213 1840 nunc
2245 1793 2437 1841 autem
2464 1788 2664 1857 paucis
2688 1787 3089 1856 exponendum
3119 1787 3260 1857 quid
3288 1787 3475 1842 tribus
3506 1788 3766 1858 epistolis

2060 1877 2286 1931 nomine
2318 1876 2529 1948 Pelagii
2584 1877 2629 1931 ΙΙ
2674 1876 2907 1947 scriptis
2961 1876 3329 1947 potissimum
3381 1879 3771 1937 contineatur.

2132 1966 2181 2021 3.
2216 1969 2279 2022 In
2315 1969 2502 2038 prima
2546 1970 2820 2039 praefatur
2860 1967 3157 2038 piissimus
3196 1970 3368 2023 Pater
3406 1968 3473 2024 de
3504 1969 3773 2026 viscerum

2058 2074 2283 2113 suorum
2327 2058 2614 2124 divisione,
2649 2059 2927 2112 nimirum
2978 2060 3046 2113 de
3089 2058 3404 2114 schismate
3449 2058 3767 2116 Ecclesium

2060 2151 2376 2215 scindente,
2407 2167 2464 2204 se
2504 2166 2609 2205 non
2636 2152 2749 2205 sine
2769 2151 2931 2220 gravi
2959 2152 3096 2219 ﬂetu
3126 2147 3370 2203 doluisse
3400 2166 3422 2212 ;
3462 2151 3533 2204 ad
3567 2166 3769 2221 pacem

2059 2240 2410 2293 dissidentes
2436 2256 2565 2292 cum
2590 2238 2864 2310 lacrymis
2887 2239 3243 2292 adhortatur.
3267 2237 3686 2294 Vacillantibus
3709 2240 3768 2294 in

2060 2331 2193 2397 fide,
2217 2329 2368 2383 Petri
2393 2329 2564 2383 fidem
2589 2328 3017 2383 indeﬁcientem
3043 2327 3313 2398 opponit;
3344 2327 3764 2396 titubantibus,

2060 2420 2216 2475 sedis
2266 2421 2411 2474 Petri
2467 2420 2820 2478 ﬁrmitatem.
2872 2424 3072 2473 contra
3125 2433 3302 2489 quam
3372 2426 3547 2489 portae
3599 2418 3770 2473 inferi

2060 2510 2358 2579 praevalere
2388 2526 2503 2564 non
2544 2509 2789 2580 possint.
2822 2508 3097 2563 (laterum
3128 2516 3190 2562 ut
3220 2523 3451 2563 omnem
3486 2509 3761 2579 praesciu-

2058 2602 2157 2655 dat
2188 2617 2315 2655 sese
2349 2600 2748 2653 calumniandi
2769 2598 3189 2666 ocecasionem,
3214 2597 3518 2669 profitetur
3545 2596 3763 2667 ample-

2058 2690 2130 2744 cti
2165 2706 2290 2759 quas
2314 2689 2386 2743 ab
2427 2688 2704 2759 apostolis
2726 2704 3045 2757 eorumque
3086 2687 3520 2742 successoribus
3551 2687 3766 2743 tradita

2058 2784 2212 2847 sunt,
2246 2787 2299 2833 et
2331 2779 2387 2833 in
2438 2782 2690 2849 quatuor
2724 2776 3099 2831 mcumenicis
3146 2776 3413 2831 conciliis
3454 2777 3764 2847 explanata

2057 2875 2112 2923 et
2173 2869 2533 2933 conﬁrmata,
2592 2866 2844 2920 maxime
2908 2867 2961 2919 in
3008 2868 3227 2936 synodo
3276 2863 3759 2933 Cbalcedonensi,

2057 2960 2224 3030 cujus
2255 2960 2657 3014 auctoritatem
2702 2956 2917 3027 pulsari
2957 2960 3013 3010 et
3048 2953 3406 3022 labefactari,
3449 2954 3627 3009 trium
3660 2971 3756 3010 ca-

2059 3051 2379 3120 pitulorum
2430 3048 2798 3103 damnatione
2844 3047 2901 3100 in
2935 3045 3135 3115 quinto
3171 3049 3301 3115 post
3339 3043 3580 3099 concilio
3621 3060 3762 3100 con-

2057 3140 2310 3194 clamata
2349 3138 2707 3193 schismatici
2751 3136 3164 3207 querebantur.
3202 3134 3259 3188 Si
3301 3138 3492 3188 tamen
3539 3134 3655 3188 haec
3686 3134 3759 3189 ad

2058 3231 2546 3299 compescendam
2592 3226 2931 3282 scandalum
2976 3226 3244 3279 sufﬁcere
3287 3241 3401 3279 non
3434 3223 3758 3293 videantur,

2058 3326 2223 3389 rogat
2254 3336 2351 3373 eos
2386 3324 2449 3372 ut
2500 3324 2799 3371 manentes
2832 3315 2889 3369 in
2924 3316 3167 3369 unitatis
3215 3313 3495 3369 charitate
3545 3312 3763 3384 eligant

2057 3409 2578 3477 transmittantque
2610 3406 2837 3477 aliquos
2869 3421 2899 3459 c
2931 3404 3226 3471 fratribus,
3258 3403 3327 3457 ad
3356 3403 3759 3472 proponendas

2058 3506 2114 3555 et
2146 3500 2577 3570 componendas
2603 3498 2834 3567 pacifica
2854 3495 3209 3565 quaestiones
3234 3509 3456 3549 omnes.
3491 3493 3553 3546 Et
3573 3493 3762 3562 parati

2057 3607 2267 3654 sumus,
2314 3589 2507 3660 inquit
2557 3590 2747 3642 bonus
2788 3586 2881 3640 ille
2937 3592 3131 3656 pastor
3178 3584 3385 3640 ovibus
3433 3584 3762 3637 errantibus

2059 3681 2436 3751 compatiens,
2483 3679 2778 3733 secundum
2820 3675 3243 3747 prmoeptionem
3284 3674 3668 3744 apostolicam,
3711 3676 3764 3727 et

2056 3788 2181 3827 cum
2211 3772 2485 3825 charitate
2515 3786 2600 3824 eos
2632 3770 2932 3838 suscipere,
2964 3772 3016 3820 et
3044 3784 3166 3821 cum
3206 3765 3519 3819 humilitate
3547 3764 3617 3818 ad
3644 3764 3764 3834 pla-

2057 3867 2169 3919 cita
2214 3862 2615 3933 satisfactionis
2665 3860 2891 3915 reddere
2940 3860 3210 3913 rationem
3242 3879 3261 3925 ,-
3299 3863 3352 3911 et
3397 3858 3517 3911 sine
3572 3855 3765 3925 aliqua

2058 3954 2465 4026 impedimento,
2497 3968 2621 4007 cum
2652 3950 2804 4005 omni
2832 3949 3150 4015 dilectione,
3186 3946 3401 4018 quando
3432 3948 3629 4000 reverti
3662 3961 3767 3999 vo—

2059 4046 2284 4107 luerint,
2317 4043 2604 4097 voluntate
2632 4041 3029 4104 sincerissima,
3068 4038 3311 4103 relegare
3343 4035 3384 4103 (Ι
3404 4035 3552 4088 Petri
3581 4034 3685 4103 ιιι).

2128 4136 2178 4188 4.
2214 4133 2287 4188 Ut
2326 4134 2394 4187 ad
2433 4132 2578 4186 hanc
2609 4129 2915 4201 epistolam
2937 4127 3353 4198 responderent
3382 4121 3762 4190 scbismatici,

2057 4228 2260 4296 scripta
2308 4223 2532 4279 diversis
2587 4223 2791 4291 infecta
2836 4219 3104 4287 contagiis
3161 4216 3507 4278 direxerant,
3550 4212 3763 4283 quibus

2062 4314 2292 4369 Patrum
2327 4312 2661 4368 testimonia
2692 4312 3010 4379 incongrua
3039 4312 3095 4361 et
3116 4307 3183 4360 ad
3211 4320 3446 4360 causam
3482 4318 3596 4356 non
3631 4317 3766 4372 per-

2064 4402 2307 4458 tinentia
2334 4402 2731 4467 inseruerunt,
2762 4399 2963 4453 ordine
2996 4398 3074 4450 ita
3100 4394 3350 4460 turbato,
3375 4398 3435 4446 ut
3466 4390 3607 4462 quod
3636 4393 3770 4445 scri-

1989 4467 2033 4527 D
2063 4499 2219 4563 ptum
2254 4494 2469 4546 nomine
2522 4492 2755 4545 alterius
2795 4491 3002 4558 fuerat,
3043 4486 3279 4539 ulterius
3328 4484 3563 4537 nominis
3608 4482 3768 4535 titulo

2067 4589 2433 4655 promeretur,
2470 4580 2551 4635 uti
2600 4581 2863 4635 observat
2896 4577 3155 4648 Pelagius
3185 4576 3246 4629 in
3278 4590 3369 4646 ep.
3412 4574 3447 4625 2
3473 4572 3543 4627 ad
3580 4570 3767 4625 Eliam

2068 4675 2311 4744 ejusque
2333 4670 2878 4739 symmystas,unde
2902 4668 3046 4738 ipsis
3078 4664 3280 4720 btecab
3313 4660 3591 4734 Apostolo
3614 4660 3772 4715 dicta

2070 4763 2271 4817 tribuit
2307 4779 2318 4815 :
2354 4761 2655 4814 Nesa‘entes
2700 4774 2875 4827 neque
2906 4756 2971 4811 de
3012 4755 3204 4825 quibus
3248 4750 3457 4817 dicunt,
3502 4762 3675 4818 neque
3703 4746 3769 4800 de

2070 4852 2262 4921 quibus
2314 4849 2604 4920 afﬁrmant
2635 4848 2681 4918 (Ι
2741 4848 2877 4901 Tim.
2929 4864 2963 4902 ι.
3023 4844 3104 4915 7).
3156 4844 3357 4912 Itaque
3407 4846 3468 4893 ut
3518 4834 3664 4891 veris
3711 4836 3769 4887 et

2069 4940 2337 5011 genuinis
2395 4939 2539 4993 falsa
2586 4947 2637 4994 et
2696 4935 3065 5009 supposititia
3114 4933 3453 4995 destrueret,
3506 4923 3770 4992 Pelagius

2070 5033 2289 5087 curavit
2312 5030 2820 5085 schismaticorum
2855 5026 3055 5096 legatis
3087 5039 3155 5077 ex
3186 5018 3439 5089 antiquis
3467 5015 3772 5085 polyptycis

2068 5124 2262 5178 scrinii
2319 5131 2523 5178 sanctae
2577 5122 2722 5174 sedis
2776 5116 3078 5188 apostolicse
3136 5111 3364 5165 sincera
3418 5104 3773 5175 synodorum

2071 5217 2200 5267 acta
2230 5210 2485 5266 exhiberi
2514 5229 2527 5277 ;
2562 5210 2840 5279 ipsosque
2875 5201 3129 5259 secunda
3178 5214 3284 5253 sua
3314 5195 3560 5267 epistola
3597 5192 3769 5248 vehe-

2072 5428 2257 5482 batur.
2294 5426 2523 5496 Proprie
2561 5418 2900 5496 vestiarium
2933 5412 3208 5496 estlocu‘s
3239 5410 3337 5467 ubi
3374 5411 3563 5496 vestes
3595 5420 3770 5496 sacrae

2072 5505 2127 5554 et
2160 5516 2296 5553 vasa
2340 5486 2420 5551 ad.
2460 5495 2658 5549 altaris
2713 5489 3095 5563 ministerium
3137 5486 3657 5563 aliaquepretiosa
3686 5492 3775 5563 re-

2073 5551 2766 5641 positacustodiebantur
2797 5579 2810 5629 ;
2846 5560 2943 5631 qui
2995 5577 3125 5614 cum
3169 5551 3321 5641 esset
3372 5551 3774 5641 tutiorhmfprte

2072 5622 2380 5709 aliiiiluando
2440 5641 2505 5693 ad
2563 5622 2877 5709 pecuniam
2930 5631 3337 5709 asservandam
3389 5622 3770 5693 deligebatur.

2072 5706 2216 5769 Vide
2248 5717 2444 5768 notam
2483 5706 2617 5764 1054
2661 5708 2729 5763 ad
2760 5706 2978 5762 librum
3018 5708 3275 5760 Sacram.
