4106 6174
304 238 424 297 275

754 235 818 297 S.
864 232 1241 297 GREGORII
1286 232 1536 294 MAGNI
1580 233 1787 306 VITA,
1835 231 1938 292 EX
1981 235 2169 297 EJUS
2217 232 2564 296 SCRIPTIS
2608 230 3069 292 ADORNATA.
3116 227 3267 288 LIB.
3314 228 3363 286 Ι.

3703 220 3823 283 276

306 380 531 432 menter
577 377 666 428 est
720 371 1049 427 cohortatus
1099 368 1169 425 ad
1219 367 1561 424 charitatem
1595 370 1651 423 et
1698 367 2005 436 unitatem,
2040 371 2093 437 Α
2194 369 2379 441 Digna
2413 384 2552 424 sane
2587 370 2675 422 est
2711 366 2831 421 haec
2867 362 3134 435 epistola,
3172 375 3295 432 quae
3327 374 3395 415 ex
3418 358 3643 429 integro
3666 357 3829 428 lega-

308 464 479 535 cujus
510 459 715 518 scissio
746 458 917 530 culpa
947 461 1035 515 est
1072 458 1153 513 ita
1182 454 1570 527 inexpiabilis,
1604 460 1669 509 ut
1699 472 1770 511 ne
1801 461 2013 529 marty-

307 554 393 608 rio
416 552 652 624 quidem
683 553 987 622 purgetur.
1021 548 1319 603 Postremo
1349 545 1558 601 invitat
1589 560 1687 601 eos
1724 546 1795 601 ad
1827 546 2012 603 colla—

306 644 529 698 tionem
564 642 759 697 Romts
782 656 881 710 per
904 637 1129 709 legatos
1151 634 1479 691 habendam
1506 652 1520 701 ;
1552 639 1656 690 aut
1677 636 1726 691 si
1750 635 2010 692 locorum

310 734 538 789 obstent
566 728 893 796 intervalla,
926 730 1090 798 rogat
1112 731 1173 781 ut
1190 725 1344 796 apud
1376 724 1772 782 Ravennatem
1806 728 2011 783 urbem

310 820 493 879 Istrias
513 819 829 876 finitimam
851 815 1219 884 conveniant,
1245 830 1358 885 quo
1377 813 1671 885 selegatos
1695 815 2013 872 missurum

312 911 642 983 pollicetur,
676 907 777 979 qui
806 907 929 962 vice
960 905 1051 961 sui
1081 905 1304 977 synodo
1334 904 1622 962 intersint.

380 1002 433 1056 5.
483 999 649 1055 Irrita
696 998 804 1053 fuit
861 994 1293 1068 vigilantissimi
1360 996 1608 1066 pastoris
1682 996 2014 1053 sollicitudo

314 1106 567 1162 curaque
612 1104 749 1161 erga
777 1103 911 1144 oves
955 1090 1116 1142 extra
1178 1084 1449 1140 Ecclesiae
1498 1089 1663 1157 septa
1707 1089 1763 1142 et
1802 1101 2019 1158 pascua

312 1185 607 1254 vagantes.
645 1178 831 1250 thue
857 1193 1025 1233 suam
1052 1178 1110 1232 in
1139 1175 1460 1232 schismata
1486 1176 1867 1247 pertinaciam
1890 1180 1987 1232 tue
2005 1208 2017 1217 -

315 1275 536 1340 rentur,
587 1284 691 1342 pro
742 1266 1081 1325 defensione
1129 1267 1544 1323 damnatorum
1610 1267 1669 1321 in
1719 1283 1754 1321 v
1802 1268 2019 1336 synodo

316 1362 495 1419 trium
528 1359 936 1432 capitulorum,
962 1357 1291 1430 apologiam
1322 1359 1672 1431 evulgarunt
1703 1359 1809 1413 :ad
1844 1376 2020 1429 quam

317 1451 694 1508 refellendam
752 1449 1039 1521 Pelagius,
1085 1447 1339 1521 Gregorii
1384 1464 1559 1519 opera
1607 1466 1811 1504 rurum
1857 1465 2021 1512 usus,

316 1542 551 1598 tertiam
579 1538 810 1610 scripsit
858 1538 1191 1610 epistolam,
1221 1554 1397 1609 quam
1448 1538 1573 1609 ipse
1614 1538 2024 1610 Gregorius.li-

319 1632 489 1688 brum
516 1630 769 1701 appellat
809 1628 948 1698 (Lib.
997 1646 1057 1695 η,
1101 1643 1184 1699 ep.
1226 1619 1347 1699 51).
1389 1627 1471 1683 Ex
1520 1628 1624 1683 hac
1656 1628 1902 1700 epistola
1932 1629 2020 1685 in-

317 1718 639 1789 telligimus
669 1718 1000 1787 conjuratos
1022 1716 1197 1771 Istriaz
1236 1716 1678 1788 vicinarumque
1714 1717 2020 1789 regionum

321 1809 644 1882 episcopos,
678 1823 743 1863 eo
774 1806 1016 1863 insaniae
1048 1810 1367 1878 provectos,
1401 1810 1462 1862 ut
1503 1823 1734 1863 summo
1766 1806 2024 1878 pontiﬁci

320 1902 445 1954 tam
486 1897 761 1969 praeclara
794 1895 1141 1951 humilitatis
1164 1900 1220 1951 et
1241 1895 1541 1951 charitatis
1586 1896 1848 1968 exempla
1879 1913 2023 1967 prie-

321 1986 505 2056 benti,
536 1985 835 2043 deliberata
855 1986 1065 2055 judicii
1092 1986 1369 2041 sententia
1402 1986 1761 2055 imperarent,
1793 1986 2023 2041 atrium

323 2074 713 2147 capitulorum
737 2074 1107 2129 damnatione
1125 2073 1367 2130 resilire.
1404 2074 1483 2130 De
1504 2073 1611 2130 hac
1635 2075 2026 2146 perduellione

325 2164 506 2237 gemit
542 2165 835 2237 Pelagius,
868 2163 1138 2236 doletque
1187 2180 1320 2220 oves
1370 2168 1531 2221 extra
1579 2165 1797 2230 caulas,
1841 2165 2027 2221 leonis

324 2253 610 2327 rugientis
642 2253 937 2310 morsibus
970 2258 1184 2323 patere,
1231 2252 1498 2324 palmites
1546 2271 1578 2309 a
1608 2255 1719 2310 vite
1749 2254 2028 2310 rescissos

326 2346 600 2405 exsiccari
650 2352 705 2401 et
742 2345 811 2400 ad
864 2344 1319 2401 combustionem
1364 2346 1691 2417 preparari,
1734 2345 2029 2417 operarios

325 2441 487 2495 extra
514 2436 746 2492 vineam
785 2434 1117 2491 laborantes
1157 2441 1209 2489 et
1249 2435 1599 2490 desudantes
1646 2436 1907 2491 mercede
1939 2452 2029 2491 ca-

326 2542 485 2594 rere;
521 2542 667 2582 novo
698 2523 915 2580 diluvio
938 2524 1217 2579 mundum
1238 2522 1543 2592 obruente,
1574 2540 1820 2580 vesanos
1852 2524 2035 2580 homi-

325 2634 428 2674 nes
448 2631 640 2673 arcam
671 2615 890 2686 fugere.
922 2612 995 2670 Ut
1026 2617 1219 2669 autem
1252 2613 1573 2669 satisfaciat
1606 2613 1882 2669 omnibus
1905 2631 2031 2685 quae

326 2708 700 2765 obtruderant
732 2703 1115 2772 schismatici,
1148 2703 1406 2775 primum
1454 2703 1797 2776 singillatim
1823 2719 2035 2775 expen-

326 2797 412 2854 dit
450 2813 517 2853 ea
548 2795 762 2868 quibus
793 2794 1185 2850 abutebantur
1216 2793 1275 2848 S.
1315 2794 1524 2849 Leonis
1566 2810 1726 2864 papae
1759 2809 1863 2864 pro
1892 2810 2029 2851 con-

326 2887 457 2942 cilio
505 2884 959 2941 Chalcedonensi
989 2882 1343 2949 testimonia,
1394 2899 1523 2954 quas
1574 2882 1683 2938 soli
1715 2884 1848 2939 fidei
1890 2884 2033 2938 defi-

2057 1757 2103 1823 B

2118 463 2229 515 tur.
2259 461 2429 514 Nemo
2469 461 2663 513 autem
2696 456 2917 525 legens,
2952 452 3063 508 nisi
3098 452 3154 506 in
3188 451 3247 506 S.
3291 448 3546 521 Gregorii
3592 446 3827 517 scriptis

2117 550 2478 622 peregrinus,
2531 546 2794 604 dubitare
2852 543 3081 616 poterit,
3134 558 3207 598 an
3252 540 3330 596 sit
3397 540 3585 612 ipsius
3636 539 3827 603 fetus;

2120 641 2335 712 quippe
2382 638 2536 710 sapit
2587 636 3003 709 Gregorianam
3052 630 3338 706 phrasim,
3387 634 3443 685 et
3472 627 3829 700 explicandae

2122 746 2298 785 sacrae
2316 729 2629 800 Scripturae
2670 726 3033 782 methodum.
3059 724 3217 779 Idem
3244 722 3322 778 sit
3352 721 3421 777 de
3451 720 3676 775 duabus
3698 716 3831 772 aliis

2123 820 2437 877 criterium.
2472 819 2621 874 Hinc
2650 833 2748 874 eas
2788 816 2895 872 hoc
2925 816 3051 872 loco
3082 811 3441 878 inserendas,
3489 808 3686 881 aliqua
3715 805 3833 862 sal—

2122 915 2240 967 tem
2272 927 2339 968 ex
2370 917 2528 981 parte
2564 907 2981 980 judicavimus.

2192 1003 2247 1056 6.
2280 1001 2379 1056 His
2414 999 2594 1056 armis
2644 1015 2777 1054 cum
2807 995 3128 1069 expugnari
3171 1009 3285 1050 non
3329 990 3650 1065 potuissent
3678 988 3835 1044 schi-

2126 1091 2352 1148 smatici
2395 1090 2736 1162 pertinaces,
2782 1086 3117 1158 Smaragdus
3159 1082 3449 1156 patricius,
3490 1080 3714 1136 veniens
3767 1077 3836 1132 de

2131 1183 2385 1236 Ravenna
2442 1179 2501 1235 in
2539 1179 2805 1247 Gradum,
2850 1194 2950 1249 per
2986 1177 3334 1246 semetipsum
3390 1188 3418 1227 e
3468 1169 3701 1227 basilica
3742 1183 3839 1223 ea:-

2129 1271 2352 1326 trahens
2400 1269 2674 1337 Severum,
2721 1266 3153 1339 Aquileiensem
3189 1280 3288 1320 seu
3329 1261 3685 1318 Gradensem
3718 1256 3840 1329 epi-

2129 1375 2391 1430 scopum,
2427 1360 2737 1415 Ravennam
2757 1373 2878 1411 cum
2903 1355 3115 1425 injuria
3136 1353 3317 1421 duxit,
3343 1367 3468 1406 cum
3499 1348 3631 1405 aliis
3660 1348 3840 1401 tribus

2129 1450 2391 1522 episcopis
2448 1448 2661 1521 (Verba
2709 1450 2843 1502 sunt
2874 1445 3038 1501 Pauli
3094 1440 3437 1499 Warnefridi
3486 1441 3547 1495 in
3601 1437 3842 1493 historia

2134 1537 2708 1611 Langobardorum);
2756 1535 2957 1607 quibus
3005 1534 3350 1588 comminans
3408 1530 3629 1598 exsilia,
3676 1529 3844 1596 atque

2134 1630 2453 1685 violentiam
2509 1629 2777 1698 inferens,
2835 1625 3243 1681 communicare
3298 1619 3558 1690 compulit
3642 1615 3846 1673 Joanni

2136 1720 2509 1775 Ravennati...
2562 1718 2760 1772 Exacto
2816 1731 2942 1771 vero
2986 1729 3131 1769 anno
3178 1728 3247 1767 ea:
3291 1714 3554 1765 Ravenna
3601 1705 3843 1761 Gradum

2133 1809 2337 1865 reversi
2365 1817 2515 1875 sunt,
2552 1807 2750 1879 quibus
2772 1822 2867 1861 nec
2894 1804 3045 1877 plebs
3074 1803 3483 1860 communicare
3523 1798 3721 1863 voluit,
3744 1812 3846 1851 nec

2133 1902 2323 1958 cwteri
2348 1899 2585 1971 episcOpi
2600 1913 2687 1953 eos
2707 1900 3089 1968 susceperunt.
3114 1894 3389 1949 Severum
3422 1890 3844 1957 incorporatum

2132 1991 2303 2063 fuisse
2347 1994 2408 2045 in
2455 1991 2730 2044 unitatem
2778 1986 3031 2042 Ecclesiw
3093 1998 3270 2055 quam
3329 1984 3529 2053 postea
3583 1975 3848 2033 deseruit

2135 2086 2379 2137 testatur
2427 2080 2485 2136 S.
2538 2077 2846 2151 Gregorius
2890 2076 2992 2132 lib.
3044 2091 3082 2143 ι,
3143 2090 3230 2145 ep.
3286 2073 3372 2143 16,
3446 2070 3517 2127 ad
3568 2067 3843 2125 eumdem

2136 2171 2372 2242 scripta.

2206 2263 2262 2315 7.
2296 2259 2374 2315 Eo
2418 2262 2678 2329 tempore
2709 2272 2839 2312 cum
2872 2254 3044 2327 paulo
3088 2250 3346 2309 liberiori
3377 2249 3493 2307 otio
3526 2250 3842 2314 frueretur,

2139 2367 2305 2409 suam
2339 2350 2401 2405 in
2422 2349 2531 2405 Job
2552 2347 2967 2420 expositionem
3005 2345 3075 2401 ad
3109 2344 3311 2399 limam
3344 2339 3644 2406 revocavit,
3666 2338 3846 2393 multa

2139 2456 2371 2513 augens,
2414 2454 2591 2511 pauca
2632 2436 2982 2501 subtrahens,
3027 2435 3091 2489 ut
3127 2434 3249 2504 ipse
3287 2430 3370 2487 ait
3420 2431 3480 2485 in
3528 2427 3738 2500 praevia
3768 2425 3847 2480 ad

2140 2529 2274 2586 illos
2318 2529 2498 2585 libros
2554 2524 2818 2599 epistola,
2876 2523 2977 2579 ubi
3021 2521 3144 2592 lege
3192 2524 3417 2587 caetera,
3468 2533 3594 2589 quae
3637 2518 3696 2571 in
3740 2516 3851 2569 hac

2140 2619 2317 2676 veluti
2382 2618 2641 2675 secunda
2701 2613 3000 2671 Moralium
3071 2612 3325 2669 editione
3386 2607 3671 2681 praestitit.
3735 2604 3849 2660 Sed

2142 2712 2391 2767 amicam
2432 2709 2589 2765 illam
2640 2706 2894 2779 quietem
2944 2702 3203 2759 turbavit
3272 2699 3451 2774 pestis
3499 2694 3854 2770 gravissima

2143 2817 2270 2872 quas
2331 2800 2573 2855 Romam
2636 2795 2983 2865 Italiamque
3042 2790 3383 2856 devastavit,
3442 2792 3498 2844 et
3550 2785 3850 2857 Pelagium

2141 2905 2440 2947 summum
2475 2886 2809 2960 pontificem
2834 2882 3130 2940 interemit
3156 2880 3357 2950 :cujus
3380 2877 3503 2934 loco
3533 2876 3853 2948 Gregorius

326 2974 538 3032 nitioni
587 2974 775 3029 favere
825 2972 1128 3040 ostendit;
1181 2976 1240 3026 at
1284 2973 1355 3027 de
1398 2988 1463 3027 ea
1502 2987 1622 3026 non
1670 2972 1757 3042 agi
1810 2973 1908 3029 sed
1961 2974 2033 3029 de
2140 2980 2361 3037 electus
2391 2981 2499 3034 est.
2533 2976 2614 3033 De
2645 2976 2735 3032 his
2767 2989 2923 3030 nunc
2955 2970 3245 3028 morosius
3275 2973 3361 3025 est
3389 2967 3697 3040 agendum.

326 3062 613 3136 personis,
663 3069 727 3117 ut
756 3060 924 3116 etiam
977 3058 1038 3114 in
1081 3059 1369 3132 superiori
1417 3059 1664 3132 epistola
1712 3061 2034 3118 luculenter

323 3134 637 3226 probatum
666 3154 771 3218 est,
804 3150 1120 3207 contendit.
1156 3149 1372 3205 Deinde
1403 3150 1619 3206 nodum
1655 3149 1824 3207 solvit
1853 3168 2029 3224 quem
2060 3134 2111 3201 Cc

325 3261 394 3301 ex
422 3242 612 3317 Vigilii
642 3259 804 3315 papas
836 3240 1204 3313 aliorumque
1245 3240 1579 3298 Latinorum
1623 3242 2027 3314 episcOporum

325 3332 667 3391 reluctantis.
687 3331 1128 3403 adstringebant
1161 3348 1175 3398 ;
1210 3330 1309 3401 qui
1340 3330 1559 3388 scilicet
1592 3333 1757 3403 prius
1792 3334 2031 3389 damna-

322 3422 469 3480 tioni
513 3423 691 3477 trium
740 3420 1129 3491 capitulorum
1179 3420 1330 3476 215
1380 3422 1710 3478 consentire
1759 3430 2030 3479 constan-

322 3512 552 3568 tissime
599 3515 950 3568 recusarant.
1016 3510 1106 3565 Ait
1162 3510 1443 3567 nimirum
1516 3512 1749 3568 Latinos
1817 3513 2029 3587 linguae

325 3602 534 3660 Grecae
584 3602 780 3657 minus
809 3600 1045 3673 peritos,
1083 3617 1307 3656 errores
1351 3600 1410 3656 in
1454 3601 1808 3671 Theodoriti,
1842 3605 2031 3662 Theo-

325 3692 450 3749 dori
480 3699 533 3747 et
573 3691 681 3748 Ibse
713 3692 948 3763 scriptis
979 3689 1223 3747 latentes
1263 3691 1458 3747 statim
1490 3708 1607 3746 non
1640 3693 1897 3763 potuisse
1931 3695 2032 3751 de-

324 3788 561 3853 tegere;
615 3781 830 3853 quibus
861 3780 1096 3836 tandem
1140 3780 1391 3851 cognitis
1440 3796 1640 3837 eorum
1686 3784 2030 3840 condemna-

326 3873 466 3929 tioni
489 3871 641 3927 ultro
665 3871 1173 3943 subscripserunt;
1207 3878 1261 3925 et
1283 3870 1446 3941 prius
1470 3874 1598 3927 acta
1618 3876 2027 3929 retractarunt.

324 3961 605 4017 Caeterum
631 3960 845 4015 mirum
871 3976 985 4017 non
1020 3974 1149 4015 esse
1180 3958 1333 4014 Petri
1363 3974 1787 4031 successorem,
1819 3962 1878 4017 in
1904 3980 2032 4018 sen-

321 4052 505 4109 tentia
533 4050 805 4118 variasse,
838 4066 971 4105 cum
1004 4050 1130 4120 ipse
1160 4049 1366 4104 Petrus
1397 4050 1498 4120 qui
1542 4053 1699 4121 prius
1736 4056 1937 4109 restitit
1965 4072 2034 4111 ne

321 4142 393 4198 ad
412 4141 573 4211 ﬁdem
604 4146 789 4211 gentes
833 4150 1023 4195 sancta
1069 4139 1308 4193 Ecclesia
1348 4141 1465 4193 sine
1508 4142 1919 4199 circumcisione
1948 4161 2033 4201 re-

322 4236 549 4303 ciperet,
572 4235 774 4303 postea
820 4229 996 4285 Paulo
1036 4227 1480 4299 reprehendenti
1520 4230 1713 4299 cessit,
1757 4236 1812 4286 et
1859 4235 2034 4290 obsti-

322 4324 394 4375 tit
424 4322 720 4392 nejugum
755 4319 1015 4376 Mosaicae
1059 4317 1203 4389 legis
1243 4316 1565 4388 gentilibus
1610 4319 2027 4391 imponeretur.

324 4410 583 4480 Denique
628 4411 891 4482 Pelagius
941 4407 1126 4465 multa
1169 4424 1236 4464 ex
1287 4408 1573 4465 Theodori
1632 4411 2027 4482 Mopsuesteni

2748 3081 2958 3133 CAPUT
2988 3081 3101 3130 VII.

2142 3190 2516 3240 ARGUMENTUI.
2561 3212 2623 3221 —
2654 3186 2698 3233 1.
2748 3182 2957 3233 Tiberis
3004 3179 3312 3230 exundatio.
3355 3205 3413 3214 —
3449 3177 3497 3225 2.
3547 3174 3687 3226 Mala
3720 3175 3854 3224 inde

2200 3252 2500 3301 subsecuta.
2534 3248 2593 3297 In
2626 3248 2708 3296 his
2748 3246 2930 3309 pestis.
2962 3244 3173 3309 Pelagio
3205 3246 3352 3309 peste
3395 3240 3626 3309 sublato,
3657 3240 3854 3300 Grego-

2201 3315 2314 3363 rius
2335 3314 2390 3362 in
2419 3314 2535 3374 ejus
2556 3312 2728 3360 locum
2747 3301 2982 3374 eligitur.
3014 3301 3215 3374 Petitur
3246 3301 3583 3374 imperatoris
3613 3313 3859 3373 consen-

2202 3392 2311 3426 sus.
2337 3402 2398 3411 —
2420 3365 2467 3424 3'.
2496 3375 2622 3422 Jure
2654 3387 2721 3421 an
2743 3365 2960 3433 injuria.
2992 3369 3279 3433 —4.ﬂNum
3306 3365 3375 3433 ad
3407 3378 3729 3433 consensum
3754 3365 3853 3433 im-

2242 3424 2520 3489 etrandum
2543 3436 2717 3484 soluta
2745 3424 2995 3496 pacunia.
3025 3460 3086 3467 —
3112 3431 3384 3496 5._Acri_us
3412 3428 3631 3478 desaevit
3660 3424 3852 3496 pestis.

2242 3455 2520 3489 etrauaum
2543 3455 2717 3484 Βοιυιδ
2746 3455 2995 3496 pecuum.
3025 3460 3086 3467 —
3112 3455 3160 3478 υ.
3200 3455 3384 3479 nel‘lua
3412 3455 3631 3478 υῠοαςνη
3660 3455 3852 3489 γυδιιδ.

2202 3455 2876 3564 ἓτθεοτίυςῐὶοωιιηοςθᾱ
2904 3492 3571 3564 ρωηὶῑεηιίξωΑὶιοτιαωγ.
3592 3515 3656 3564 ττ-
3767 3490 3854 3537 Ino

2203 3553 2332 3613 dicit
2357 3561 2599 3625 publicas
2631 3553 3070 3625 supplicationes.
3094 3553 3759 3625 _--—_‘_l._Qua_auctorit_.atez
3784 3579 3856 3625 _—

2201 3626 2249 3675 8.
2284 3614 2437 3689 Fugit
2487 3628 2539 3674 et
2570 3614 2797 3689 latebras
2842 3622 3051 3689 quierit:
3094 3619 3296 3668 Indicio
3336 3618 3597 3667 columnas
3626 3614 3854 3678 fulgidae

2206 3682 2532 3753 agnoscitur.
2564 3688 2684 3747 (An.
2716 3685 2807 3735 589
2844 3682 2896 3734 et
2923 3682 3058 3740 590.)

2216 3788 2266 3845 1.
2290 3790 2454 3842 Anno
2486 3783 2842 3855 octogesimo
2892 3798 3044 3837 nono
3078 3796 3256 3852 supra
3279 3775 3853 3851 quingentesimum,

2142 3894 2343 3937 mense
2374 3892 2525 3933 nono
2557 3891 2657 3931 seu
2690 3873 3035 3930 Novembris
3068 3879 3221 3927 tanta
3250 3870 3613 3927 inundatione
3642 3870 3858 3924 Tiberis

2141 3971 2341 4040 fluvius
2372 3968 2562 4023 urbem
2592 3969 2817 4022 Romam
2861 3963 3086 4029 obtexit,
3120 3971 3181 4018 ut
3221 3962 3363 4019 sedes
3394 3968 3639 4032 antequss
3669 3958 3862 4014 dirue-

2142 4068 2378 4121 rentur;
2410 4058 2608 4114 horrea
2628 4057 2797 4112 etiam
2825 4054 3077 4109 Ecclesia:
3107 4055 3363 4108 subversa
3401 4050 3535 4119 sint,
3563 4050 3623 4104 in
3654 4051 3864 4120 quibus

2144 4148 2415 4203 nonnulla
2446 4146 2631 4201 millia
2660 4142 2969 4199 modiorum
3008 4140 3184 4197 tritici
3219 4142 3451 4212 periere,
3497 4139 3686 4209 inquit
3728 4138 3863 4209 pri-

2145 4255 2278 4295 mus
2318 4252 2511 4293 rerum
2564 4234 2971 4290 Francicarum
3025 4230 3267 4302 scriptor
3298 4228 3477 4301 (Greg.
3524 4230 3718 4283 Turon.
3753 4228 3857 4283 lib.

2144 4344 2201 4395 x,
2233 4343 2280 4383 c.
2318 4326 2366 4397 1)
2400 4344 2414 4395 ;
2443 4326 2824 4393 observatque
2865 4322 2921 4377 id
2957 4320 3274 4391 contigisse
3314 4335 3468 4374 anno
3498 4334 3592 4373 xvr
3621 4316 3862 4374 Childe-

2144 4417 2323 4472 bertis
2350 4414 2546 4487 regis;
2592 4414 2747 4485 quod
2788 4413 2857 4469 de
2887 4428 3041 4467 anno
3082 4410 3191 4466 hoc
3241 4425 3355 4465 non
3404 4407 3698 4477 inchoato,
3748 4408 3858 4463 sed

326 4500 562 4571 scriptis
601 4500 817 4570 profert
848 4500 909 4553 in
938 4496 1231 4553 Christum
1266 4498 1639 4569 impiissima,
1676 4502 1858 4559 multa
1888 4521 2025 4575 qno-
2066 4511 2111 4577 ι)
2144 4507 2431 4579 completo
2485 4504 2932 4576 intelligendum
2973 4510 3077 4558 est.
3130 4504 3273 4557 Nam
3323 4500 3525 4556 eodem
3578 4498 3861 4569 Gregorio

323 4602 437 4658 que
468 4603 536 4642 ex
566 4587 679 4643 Ibis
724 4587 989 4659 epistola,
1030 4587 1241 4657 quibus
1274 4586 1458 4658 palam
1508 4589 1572 4644 fit
1603 4595 1819 4661 quanta
1858 4593 2038 4663 perti-
2147 4597 2423 4653 historico
2456 4598 2619 4662 teste,
2670 4593 2859 4650 medio
2892 4607 3089 4648 mense
3120 4592 3199 4662 (α)
3231 4588 3517 4645 undecimo
3559 4591 3862 4661 sequenti,

325 4676 497 4733 nacia
543 4676 809 4735 Nestorio
859 4676 1195 4745 adhaeserit,
1236 4680 1293 4732 et
1340 4678 1397 4731 in
1447 4679 1507 4734 S.
1559 4680 1836 4751 Cyrillum
1870 4681 2035 4754 impii

324 4766 580 4825 Nestorii
630 4766 1025 4824 adversarium
1076 4765 1405 4836 exarserit;
1453 4768 1607 4823 unde
1656 4770 2036 4826 manifestum

324 4869 415 4922 est
454 4876 654 4920 eorum
688 4858 903 4930 scripta
944 4855 1032 4912 vel
1068 4856 1354 4927 heretica,
1402 4856 1492 4913 vel
1522 4857 1727 4914 haeresi
1767 4860 2036 4926 faventia,

327 4972 443 5012 non
478 4949 769 5008 immerito
802 4947 984 5003 fuisse
1006 4947 1303 5002 damnata.
1338 4946 1423 5000 Ad
1446 4947 1858 5004 Theodoritum
1884 4951 2033 5020 quod

326 5046 575 5117 spectat,
617 5040 739 5096 haec
776 5038 856 5094 ait
899 5037 1166 5107 Pelagius
1210 5052 1223 5090 :
1269 5036 1449 5108 Neque
1494 5037 1805 5093 Theodoriti
1851 5042 2034 5095 omnia

325 5134 531 5204 scripta
593 5131 946 5195 damnamus,
988 5125 1081 5182 sed
1139 5125 1253 5182 sola
1319 5141 1445 5198 quae
1512 5136 1700 5182 contra
1748 5129 2035 5185 duodecim

330 5222 538 5293 Cyrilli
567 5222 826 5289 capitula,
844 5218 959 5275 sola
980 5233 1099 5290 qua:
1115 5224 1302 5273 contra
1326 5224 1531 5273 rectam
1551 5217 1711 5287 ﬁdem
1734 5219 2036 5289 aliquando

329 5311 609 5381 scripsisse
667 5312 1026 5376 monstratur,
1083 5326 1201 5381 qum
1259 5312 1451 5365 tamen
1490 5312 1543 5365 et
1588 5311 1703 5381 ipse
1751 5311 2039 5368 damnasse

329 5399 695 5472 cognoscitur.

2142 4686 2251 4742 hoc
2282 4689 2369 4741 est
2393 4683 2680 4756 januario,
2706 4681 2974 4753 Pelagius
3007 4697 3156 4752 papa
3188 4683 3347 4751 peste
3389 4693 3703 4749 percussus
3737 4683 3861 4735 est.

2143 4776 2209 4831 Et
2247 4777 2373 4846 quia
2412 4774 2649 4829 Ecclesia
2682 4773 2780 4827 Dei
2821 4770 3023 4841 absque
3072 4773 3277 4824 rectore
3316 4783 3430 4823 esse
3466 4783 3575 4822 non
3618 4772 3863 4838 poterat,

2144 4866 2471 4936 Gregorium
2517 4862 2810 4919 diaconum
2865 4861 3013 4932 plebs
3068 4858 3248 4915 omnis
3290 4858 3470 4929 elegit.
3513 4858 3863 4928 Gregorium

2143 4954 2479 5011 ordinatum
2504 4969 2632 5009 esse
2654 4968 2853 5008 mense
2886 4949 3212 5022 Septembri
3244 4946 3381 5004 anni
3413 4948 3526 5002 590
3550 4963 3723 5003 nemo
3743 4947 3869 5003 dif-

2142 5044 2356 5099 fitetur.
2393 5047 2465 5098 At
2492 5043 2536 5098 si
2569 5041 2796 5098 decimo
2821 5045 3030 5113 quarto
3062 5055 3216 5096 anno
3237 5036 3584 5092 Childeberti
3616 5040 3867 5094 tantum

2142 5133 2438 5203 inchoato,
2484 5132 2755 5203 Pelagius
2796 5135 2958 5202 peste
3009 5132 3310 5199 correptus
3358 5127 3699 5191 interiisset,
3746 5127 3869 5184 hoc

2143 5228 2232 5279 est
2263 5238 2458 5278 annno
2488 5222 2613 5289 588,
2649 5237 2750 5293 per
2774 5219 2971 5288 viginti
3000 5233 3233 5273 menses
3251 5220 3515 5272 vacasset
3543 5216 3713 5271 sedes
3738 5215 3868 5274 Ro-

2142 5328 2338 5378 mana,
2374 5311 2595 5366 scilicet
2624 5328 2655 5365 a
2685 5309 2966 5365 Januario
2998 5308 3136 5364 anni
3166 5306 3272 5360 588
3304 5321 3491 5377 usque
3521 5305 3587 5359 ad
3620 5305 3869 5362 ordina-

2141 5400 2358 5457 tionem
2394 5400 2451 5455 S.
2486 5399 2748 5472 Gregorii
2777 5414 2979 5454 mense
3009 5394 3337 5468 Septembri
3385 5410 3478 5451 an.
3509 5394 3615 5449 590
3650 5410 3664 5464 ;
3696 5399 3870 5452 tam-

402 5555 477 5626 (a)
510 5553 653 5608 Cum
676 5548 779 5626 _hic
824 5548 968 5626 legis
995 5549 1503 5626 Januariumesse
1530 5554 1666 5611 anni
1702 5555 2079 5612 undecimum
2115 5569 2402 5618 mensem,
2434 5551 2695 5623 intellige
2726 5550 3071 5623 Gregorium
3108 5550 3329 5605 Turon.
3376 5563 3596 5605 annum
3622 5564 3742 5606 non
3769 5550 3835 5606 iu
3856 5584 3871 5591 -

332 5621 576 5684 choasse
605 5640 637 5679 ιι
665 5622 966 5685 Januario,
998 5621 1099 5676 sed
1140 5639 1174 5677 a
1202 5624 1431 5682 Martio.
