4106 6174
261 186 384 245 277

729 188 791 247 S.
843 188 1219 253 GliEGORlI
1265 195 1517 259 MAGNI
1565 200 1770 269 VlTA,
1817 200 1919 261 EX
1961 199 2145 262 EJUS
2189 205 2541 273 SCRIPTIS
2589 214 3029 277 ADORNATA.
3077 222 3226 281 LIB.
3273 225 3321 283 Ι.

3667 231 3785 291 278

263 318 359 373 diu
391 323 588 375 autem
620 321 887 389 Romam,
912 322 1027 379 imo
1053 328 1229 382 totam
1255 328 1566 386 Ecclesium
1595 331 1719 387 sine
1740 336 1969 402 pastore
1999 334 2053 400 Α
2083 334 2271 403 cham,
2310 346 2372 396 ut
2404 342 2756 415 imperatori,
2809 349 2960 420 apud
3010 367 3178 421 quem
3230 356 3414 423 gratia
3465 358 3779 427 plurimum

261 411 401 464 tunc
434 410 619 466 fuisse
660 411 858 468 nullus
908 430 973 470 ex
1022 415 1278 473 historias
1327 420 1711 493 scriptoribus
1759 422 1968 478 litteris

259 500 644 571 consignavit.
682 502 884 575 Itaque
915 506 1220 563 inundatio
1250 511 1321 566 de
1352 528 1468 582 qua
1505 514 1817 586 Gregorius
1850 515 1970 569 Tu-

258 590 529 646 ronensis
560 593 769 648 accidit
800 611 997 652 mense
1036 595 1341 654 Novembri
1386 618 1479 657 an.
1520 603 1646 671 589,
1688 602 1970 659 Januario

257 680 526 750 sequenti
558 683 890 753 pestilentia
921 685 1218 759 Pelagium
1251 706 1456 761 papam
1495 693 1757 749 abstulit.
1794 692 1970 749 Paulo

258 775 389 840 post
420 769 639 827 electus
670 779 760 828 est
809 772 1116 843 Gregorius
1147 778 1205 833 in
1256 794 1555 837 summum
1607 784 1966 854 pontiﬁcem.

256 858 473 916 Verum
495 878 628 918 cum
647 864 1030 922 reluctaretur
1049 874 1386 937 exspectand
1398 889 1583 945 usque
1611 875 1756 930 foret
1773 876 1849 931 im
1862 893 1969 948 pe-

256 952 462 1006 ratoris
495 969 843 1023 consensus,
876 958 1005 1027 ejus
1027 960 1319 1017 ordinatio
1341 961 1507 1019 citius
1530 982 1707 1036 quam
1734 967 1971 1023 ineunte

257 1055 459 1097 mense
490 1043 821 1114 Septembri
864 1048 1127 1117 proximo
1175 1064 1293 1106 non
1343 1054 1532 1123 potuit
1570 1055 1820 1127 impleri.
1871 1058 1969 1113 His

253 1131 428 1186 certis
460 1133 733 1188 terminis
774 1133 1097 1193 deiicienda
1125 1139 1232 1194 fuit
1262 1147 1320 1196 et
1351 1144 1698 1200 stabilienda
1728 1146 1971 1203 chrono-

252 1220 427 1292 logia,
452 1228 766 1294 antequam
794 1230 994 1282 caetera
1016 1244 1144 1300 quae
1162 1230 1249 1285 vel
1268 1241 1682 1302 praecesserunt
1704 1237 1969 1308 Gregorii

251 1310 617 1383 sleclionem,
652 1317 736 1372 vel
770 1319 1083 1375 subsecuta
1116 1328 1274 1391 sunt,
1306 1340 1804 1396 prosequeremur.

320 1404 735 1461 Inundationis
754 1407 979 1464 Tiberis
998 1410 1259 1467 meminit
1285 1413 1407 1484 ipse
1440 1414 1752 1486 Gregorius
1773 1417 1872 1474 lib.
1908 1437 1971 1476 ιιι

246 1493 472 1565 Dialog.
505 1511 631 1567 cap.
669 1496 734 1551 19
767 1498 856 1553 his
900 1500 1126 1556 verbis:
1166 1504 1306 1558 Ante
1353 1504 1450 1560 hoc
1498 1509 1614 1577 fere
1661 1511 1969 1581 quinquen-

243 1587 427 1648 nium,
479 1585 699 1656 quando
760 1590 912 1659 apud
963 1590 1103 1646 hanc
1158 1595 1464 1650 Romanam
1517 1597 1704 1653 urbem
1757 1602 1970 1656 alveum

2080 428 2353 499 pollebat,
2386 434 2783 491 rescindendae
2819 438 2992 508 hujus
3024 440 3325 500 electionis
3356 463 3564 503 suasor
3592 456 3648 505 et
3670 468 3783 506 au-

2080 523 2203 572 ctor
2232 527 2405 590 esset,
2455 526 2765 595 conjicitur
2796 544 2863 582 ex
2908 530 3152 600 epistola
3200 533 3233 587 4
3283 534 3414 591 libri
3464 553 3505 603 1,
3558 540 3619 594 in
3669 556 3782 613 quo

2082 623 2211 663 cum
2244 609 2370 681 ipso
2400 616 2748 685 expostulat,
2792 620 2947 688 quod
2985 636 3055 674 ne
3098 621 3172 676 ad
3221 624 3617 697 episcopatum
3651 609 3785 689 eve-

2080 696 2315 754 heretur
2346 702 2585 761 minime
2619 706 2928 762 obstiterit.
2965 709 3074 765 Sed
3117 696 3437 781 praefectus,
3469 718 3633 776 urbis
3675 721 3789 778 Ro-

2084 805 2210 853 mae,
2236 790 2314 861 (a)
2336 807 2648 863 germanus
2674 796 2823 866 ejus,
2849 814 3245 873 praeoccupato
3278 805 3506 872 nuntio,
3529 810 3692 866 misit
3719 813 3789 868 ad

2082 876 2491 951 imperatorem
2517 883 2779 940 solemne
2801 887 3101 945 electionis
3125 893 3441 950 decretum.
3468 896 3787 957 Mauricius

2082 968 2195 1023 Deo
2228 974 2447 1040 gratias
2482 990 2679 1045 agens,
2704 977 2859 1046 quod
2893 979 3172 1035 diaconus
3206 983 3316 1036 sibi
3354 985 3614 1043 amicitia
3647 1005 3786 1045 cou-

2073 1058 2503 1129 junctissimus,
2536 1066 2603 1120 ad
2640 1069 2782 1121 tanti
2819 1066 3054 1124 honoris
3086 1071 3319 1128 culmen
3347 1078 3543 1146 p0puli
3577 1080 3785 1134 suifra-

2079 1150 2190 1220 giis
2225 1151 2427 1207 fuisset
2456 1159 2717 1223 vocatus,
2763 1158 2897 1213 dato
2948 1174 3015 1213 ex
3067 1177 3225 1217 more
3275 1173 3562 1237 praecepto
3603 1168 3787 1239 jussit

2079 1256 2212 1295 eum
2248 1242 2471 1298 institui
2505 1251 2559 1299 et
2591 1246 2863 1302 ordinari.
2900 1248 3029 1305 Haec
3071 1266 3137 1305 ex
3177 1251 3452 1325 Gregorio
3502 1256 3781 1316 historico

2081 1338 2367 1403 excerpta,
2403 1351 2530 1404 quae
2564 1336 2684 1407 ipse
2718 1336 2787 1390 ab
2818 1338 3047 1394 oculato
3078 1344 3240 1407 teste,
3284 1343 3641 1403 Turonensis
3673 1353 3781 1404 Ec-

2081 1420 2267 1475 clesiae
2301 1423 2538 1478 diacono
2567 1426 2802 1496 (quippe
2833 1428 2933 1498 qui
2962 1436 3099 1484 tunc
3131 1434 3323 1486 Romae
3356 1439 3596 1506 ageret),
3628 1437 3784 1493 didi-

2082 1516 2256 1565 cerat.
2302 1514 2457 1567 Inter
2498 1516 2809 1584 Optimates
2859 1517 2954 1587 qui
3005 1520 3075 1572 ad
3131 1520 3472 1579 electionem
3524 1528 3786 1599 Gregorii

2083 1602 2205 1655 suis
2268 1602 2562 1672 suffragiis
2611 1612 2664 1658 et
2715 1606 2955 1661 fortasse
2998 1609 3261 1665 consiliis
3327 1614 3787 1688 auctoritateque

245 1688 410 1727 suum
442 1674 647 1730 Tiberis
675 1692 923 1747 egressus
950 1688 1047 1747 est,
1070 1689 1288 1737 tantum
1310 1701 1552 1743 crescens
1581 1694 1644 1741 ut
1673 1690 1789 1759 ejus
1822 1692 1968 1746 unda
2000 1694 2043 1759 Β
2078 1690 2394 1761 plurimum
2430 1692 2821 1758 contulerunt,
2870 1698 3219 1767 praecipuam
3268 1699 3501 1757 laudem
3555 1719 3786 1761 merue-

242 1779 411 1834 ευμεν
440 1780 628 1820 muros
658 1767 814 1823 L'rbis
842 1769 1119 1838 inﬂueret,
1153 1780 1319 1843 atque
1362 1776 1487 1832 inde
1523 1778 1646 1849 jam
1694 1783 1969 1836 maximas

248 1856 502 1921 regiones
550 1863 856 1926 occuparet,
915 1865 1069 1925 apud
1124 1863 1473 1920 Veronensem
1534 1870 1719 1922 urbem
1763 1870 1965 1938 ﬂuvius

243 1944 460 1999 Athesis
513 1961 845 2015 excrescens,
906 1950 982 2004 ad
1050 1951 1194 2006 beati
1240 1955 1469 2011 Zenonis
1512 1962 1776 2030 martyris
1805 1964 1966 2032 atque

240 2037 527 2105 pontiﬁcth
554 2038 837 2093 ecclesiam
869 2043 1035 2097 venit.
1080 2041 1212 2099 Haec
1260 2047 1442 2116 magis
1481 2063 1547 2102 ac
1593 2050 1780 2120 magis
1821 2067 1960 2105 con-

243 2124 497 2180 ﬁrmant
523 2126 840 2183 stabilitam
873 2147 903 2184 a
936 2131 1103 2186 nobis
1148 2132 1603 2207 cbronologiam.
1652 2137 1960 2206 Gregorius

235 2216 411 2269 enim
442 2216 677 2287 scripsit
706 2217 975 2289 Dialogos
1005 2237 1097 2274 an.
1131 2222 1255 2289 593,
1281 2224 1380 2293 qui
1413 2230 1533 2279 erat
1564 2229 1686 2295 fere
1713 2230 1957 2298 quintus,

232 2305 353 2360 hoc
390 2311 481 2361 est
510 2308 751 2377 quintus
783 2308 1090 2367 inchoatus
1120 2312 1190 2366 ab
1223 2330 1375 2369 anno
1413 2315 1535 2368 589.
1591 2318 1817 2373 Tiberis
1867 2321 1959 2375 in-

227 2396 555 2464 ﬂatiojam
603 2406 771 2454 antea
822 2400 1012 2455 Roma
1059 2419 1173 2457 non
1221 2404 1400 2458 semel
1450 2406 1697 2461 exitialis
1747 2410 1953 2480 fuerat,

223 2483 587 2556 videretque
617 2487 740 2543 suis
773 2491 1137 2560 temporibus
1171 2492 1442 2549 Horatius
1473 2512 1486 2550 :

834 2596 1066 2647 Tiberim
1105 2601 1315 2648 retortis

616 2658 810 2707 Littore
844 2660 1061 2710 Etrusco
1094 2661 1355 2712 violenter
1381 2665 1535 2713 undis

614 2720 693 2770 Ire
725 2721 985 2784 dejectum
1021 2734 1366 2774 monumenta
1397 2728 1572 2786 Regis,

825 2786 1147 2850 Templaque
1181 2789 1367 2839 Vestae.
1398 2792 1540 2845 (Lib.
1574 2808 1604 2845 i,
1637 2791 1720 2841 od.
1752 2793 1825 2845 2.)

288 2880 469 2935 Inter
504 2881 784 2939 maximas
834 2891 1031 2941 autem
1067 2886 1237 2943 Urbis
1268 2895 1326 2944 et
1355 2891 1513 2947 orbis
1543 2893 1737 2950 clades
1769 2896 1945 2965 hujus

208 2969 505 3026 ﬂuminis
554 2974 864 3029 exundatio
914 2978 1282 3033 censebatur.
1335 2978 1497 3037 Unde
1548 2982 1940 3041 Tertullianus

2078 1786 2214 1836 runt
2258 1786 2535 1851 Joannes,
2595 1784 2871 1839 excousul
2930 1790 2986 1841 et
3045 1793 3317 1857 quaestor,
3378 1793 3466 1846 vir
3524 1792 3783 1851 Patriciae

2077 1873 2424 1943 nobilitatis,
2456 1891 2679 1930 necnon
2726 1875 3051 1948 Philippus,
3111 1879 3512 1936 excubitorum
3564 1898 3780 1952 comes,

2073 1964 2141 2019 de
2172 1964 2385 2034 quibus
2426 1980 2551 2019 eam
2586 1965 2658 2020 ob
2700 1982 2820 2021 rem
2869 1968 3135 2036 queritur
3178 1969 3440 2040 epistolis
3489 1970 3553 2027 31
3605 1978 3662 2029 et
3707 1974 3779 2030 32

2072 2052 2203 2107 libri
2236 2068 2273 2106 ι.

2140 2162 2481 2231 Gregorium
2530 2164 2900 2220 solummodo
2957 2164 3269 2223 diaconum
3318 2168 3500 2226 fuisse
3532 2185 3664 2227 cum
3700 2173 3775 2229 ad

2068 2254 2467 2323 pontiﬁcatum
2519 2261 2751 2309 evectus
2798 2259 2905 2321 est,
2956 2271 3025 2310 ex
3072 2255 3183 2311 hoc
3230 2256 3472 2314 alterius
3520 2259 3781 2330 Gregorii

2069 2344 2398 2399 testimonio
2421 2342 2621 2414 liquet.
2647 2344 2848 2415 Neque
2872 2360 3003 2401 vero
3026 2345 3282 2417 legimus
3295 2363 3430 2403 eum
3447 2348 3523 2421 (b)
3542 2350 3786 2423 presby-

2065 2437 2257 2488 teratu
2291 2435 2598 2501 donatum,
2631 2439 2950 2504 antequam
2982 2434 3039 2490 in
3084 2438 3419 2508 pontiﬁcem
3459 2444 3779 2511 ungeretur

2066 2527 2122 2577 et
2152 2527 2634 2590 consecraretur;
2677 2525 2827 2592 quod
2876 2524 3175 2582 hodiernis
3225 2526 3461 2598 quidem
3512 2530 3773 2586 moribus

2062 2614 2355 2669 adversari
2387 2612 2542 2669 haud
2566 2614 2926 2686 difﬁtemur;
2960 2615 3062 2671 sed
3093 2633 3210 2674 non
3241 2619 3322 2675 ita
3352 2621 3591 2677 fortasse
3623 2622 3776 2678 anti-

2103 2721 2213 2760 1118.

2060 2721 2637 2851 qu313.8.Nonnullorum
2670 2811 2900 2866 quoque
2929 2802 3180 2854 mentem
3220 2799 3380 2856 haud
3420 2800 3594 2858 dubie
3626 2801 3763 2874 pul-

2055 2886 2223 2953 sabit,
2258 2887 2412 2956 quod
2447 2890 2641 2940 narrat
2669 2884 2942 2941 laudatus
2972 2887 3241 2959 scriptor,
3275 2891 3346 2946 de
3376 2890 3554 2961 petito
3585 2895 3641 2948 et
3662 2907 3763 2948 ex-

2055 2979 2279 3046 pectato
2311 2975 2683 3047 imperatoris
2713 2990 3027 3047 consensu,
3072 2984 3388 3050 antequam
3441 2981 3755 3053 Gregorius

208 3060 389 3115 2I6
420 3061 773 3133 Apologetici
808 3080 860 3119 c.
902 3065 1005 3120 40:
1063 3066 1124 3121 Si
1173 3068 1402 3136 Tiberis,
1454 3071 1667 3142 inquit,
1701 3077 1942 3131 ascendit
1974 3073 2016 3139 C
2054 3068 2273 3121 electus
2304 3067 2691 3125 ordinaretur.
2725 3066 2832 3122 Sed
2864 3084 2893 3121 a
2927 3084 3130 3139 regum
3172 3068 3489 3128 Gothorum
3525 3071 3755 3129 Italiam

207 3150 282 3203 ad
317 3153 560 3215 mienia,
592 3153 641 3205 si
670 3152 829 3207 Nilus
870 3172 982 3210 non
1028 3160 1273 3214 ascendit
1318 3161 1380 3214 in
1429 3178 1607 3224 arva;
1654 3165 1705 3218 si
1749 3166 1942 3220 caelum

205 3241 404 3303 stetit,
436 3240 491 3293 si
522 3244 667 3295 terra
696 3243 901 3307 movit;
931 3247 983 3300 si
1018 3247 1213 3316 fames,
1245 3249 1296 3303 si
1325 3250 1442 3305 lues
1502 3268 1514 3305 :
1548 3256 1731 3309 statim
1779 3254 1940 3309 Chri-

202 3333 441 3385 stianos
471 3329 541 3383 ad
563 3331 771 3387 leonem
791 3352 814 3398 ;
834 3336 1000 3404 quasi
1032 3342 1118 3392 tot
1138 3337 1537 3397 calamitatum
1562 3344 1684 3399 suis
1707 3344 1942 3417 flagitiis

2052 3156 2442 3214 obtinentium
2477 3156 2679 3211 saltem
2712 3158 3077 3229 temporibus
3109 3167 3459 3230 usurpatum
3505 3166 3651 3231 erat,
3700 3166 3766 3218 ut

2051 3248 2269 3303 electus
2303 3263 2450 3317 papa
2480 3263 2594 3301 non
2628 3248 2860 3302 sederet
2891 3247 3005 3303 nisi
3038 3250 3348 3306 accedente
3389 3250 3552 3322 prius
3590 3252 3761 3325 prin-

2051 3337 2198 3403 cipis
2229 3335 2689 3391 conﬁrmaiione.
2724 3334 2867 3390 Huic
2892 3336 3011 3406 juri
3060 3337 3150 3393 vel
3198 3337 3425 3409 injuria
3475 3340 3757 3412 quaesitus

204 3422 634 3487 provocatores
664 3424 719 3475 et
748 3428 1033 3478 auctores.

279 3508 347 3560 2.
388 3510 619 3573 Quanta
648 3510 798 3565 mala
843 3512 1109 3569 intulerit
1155 3515 1276 3571 haec
1323 3518 1547 3575 Tiberis
1601 3538 1777 3593 prope
1827 3524 1936 3577 im-

203 3614 429 3652 mensa
454 3597 680 3667 effusio,
715 3610 905 3656 narrat
945 3603 1257 3675 Gregorius
1306 3608 1619 3666 Francicus
1668 3611 1759 3667 his
1806 3629 1937 3667 ver-

201 3688 337 3742 bis:
382 3688 681 3743 Multitudo
712 3692 879 3744 etiam
910 3698 1247 3763 serpentium
1276 3714 1401 3753 cum
1445 3716 1646 3769 magno
1704 3702 1937 3758 dracone

197 3777 267 3830 in
301 3775 546 3829 modum
575 3778 755 3832 trabis
800 3780 1012 3848 validae,
1060 3800 1163 3852 per
1208 3786 1369 3856 hujus
1413 3790 1578 3856 ﬂuvii
1618 3790 1833 3844 alveum
1876 3793 1936 3846 in

196 3880 385 3919 mare
413 3863 730 3921 descendit:
753 3868 843 3922 sed
872 3869 1153 3940 sit/forata:
1182 3874 1364 3931 bestiae
1394 3879 1542 3931 inter
1597 3879 1769 3934 salsos
1814 3898 1935 3937 ma-

197 3956 285 4008 ris
325 3952 550 4009 turbidi
577 3956 774 4023 ﬂuctus
805 3957 983 4015 littori
1011 3962 1205 4031 ejecta:
1231 3970 1378 4019 sunt.
1430 3967 1728 4025 Subsecuta
1765 3978 1842 4026 est
1872 3972 1939 4029 de

196 4044 457 4110 vestigio
493 4044 666 4099 clades
699 4062 865 4115 quam
898 4050 1287 4120 inguiiiariam
1314 4066 1523 4112 vocant.
1552 4058 1778 4117 Primus
1809 4079 1935 4118 om-

198 4134 385 4187 nium
420 4130 527 4186 hoc
559 4132 783 4203 ﬂagello
832 4153 1143 4207 percussus
1194 4142 1413 4199 interiit
1463 4146 1728 4220 Pelagius
1762 4166 1931 4223 papa,

195 4221 426 4277 eodem
461 4220 735 4294 Gregorio
768 4228 932 4294 teste,
960 4230 1128 4297 juxta
1155 4231 1296 4286 illud
1340 4236 1495 4304 quod
1538 4236 1597 4291 in
1636 4220 1932 4296 Ezechiele
2045 4235 2197 4291 hunc
2229 4234 2515 4300 ostendat,
2547 4234 2605 4289 id
2635 4250 2703 4289 ex
2732 4233 2933 4305 θριπίο
2973 4233 3060 4291 νθῙ
3106 4234 3311 4291 “Hem
3362 4235 3540 4293 ἀυδίο
3587 4252 3751 4294 com‘

196 4310 508 4384 propheta
564 4312 820 4384 legitur:
863 4318 902 4371 Α
959 4324 1279 4377 sanctuario
1333 4340 1451 4379 meo
1503 4327 1749 4398 incipite.
1804 4334 1930 4386 Mox
2042 4324 2312 4381 mentarii
2345 4326 2401 4379 in
2424 4324 2501 4395 (ά)
2528 4323 2792 4380 Psalmos
2822 4324 3262 4381 Paenitentiales
3291 4324 3416 4383 loco
3443 4325 3752 4399 depromp-

196 4404 543 4457 subsecuta
571 4409 658 4459 est
689 4421 902 4477 magna
934 4409 1129 4478 populi
1172 4415 1420 4484 strages.
1473 4418 1535 4470 In
1586 4424 1746 4474 tanta
1792 4435 1929 4493 ergo
1960 4450 2006 4515 Β
2040 4417 2135 4473 sit.
2169 4416 2453 4472 Restituto
2485 4417 2543 4515 il}
2586 4415 2895 4515 Posidenle
2933 4417 3483 4515 imperio,_Garolus_
3502 4421 3749 4515 Magnus

2050 3425 2143 3480 hic
2173 3424 2349 3492 color,
2385 3425 2540 3495 quod
2572 3440 2705 3479 cum
2752 3424 2973 3480 summi
3018 3426 3312 3497 pontiﬁcis
3361 3427 3591 3497 electio,
3638 3446 3755 3486 non

2047 3518 2237 3574 solum
2270 3516 2342 3571 ad
2374 3516 2615 3585 clerum,
2649 3518 2752 3573 sed
2784 3518 2959 3573 etiam
2992 3519 3065 3573 ad
3107 3525 3377 3576 senatum
3428 3522 3751 3593 p0pulum-

2048 3622 2158 3677 que
2192 3607 2516 3661 Romanum
2576 3611 2715 3661 tunc
2774 3612 3085 3678 spectaret,
3154 3610 3293 3665 citra
3350 3612 3749 3668 auctoritatem

2044 3696 2409 3767 imperatoris
2440 3703 2539 3751 aut
2570 3696 2872 3767 principis,
2914 3698 3013 3769 qui
3042 3705 3281 3755 senatus
3313 3700 3629 3773 populique
3660 3717 3754 3758 oa-

2045 3790 2149 3855 put
2177 3789 2319 3853 erat,
2353 3790 2504 3841 stare
2535 3802 2647 3839 non
2692 3785 2943 3842 deberet.
2991 3786 3186 3857 Neque
3234 3806 3366 3844 vero
3415 3792 3747 3863 Gregorius,

2046 3876 2141 3946 qui
2173 3890 2403 3930 sacrum
2432 3876 2500 3943 (c)
2531 3874 2641 3930 sibi
2674 3874 3072 3951 ministerium
3106 3878 3175 3932 ab
3210 3878 3560 3948 imperatore
3591 3896 3750 3937 com-

2047 3964 2296 4019 missum
2328 3962 2587 4034 agnoscit
2619 3963 2757 4032 (Lib.
2789 3979 2829 4032 ι,
2857 3964 3030 4035 ερ.ὅ),
3062 3964 3221 4020 hunc
3250 3982 3472 4023 morem
3506 3982 3751 4038 usquam

2045 4054 2342 4109 dammare
2370 4052 2534 4108 visus
2569 4058 2675 4121 est,
2708 4057 2806 4108 aut
2830 4053 3212 4126 improbasse.
3237 4054 3383 4112 Nam
3412 4056 3566 4127 quod
3590 4056 3754 4113 aﬁ‘ert

2045 4144 2330 4200 Baronius
2364 4148 2425 4198 ut
2454 4143 2826 4213 displicuisse
2851 4145 3224 4202 sanctissimo
3246 4145 3504 4217 pontiﬁci
3529 4162 3751 4204 morem

196 4492 547 4547 calamitate
580 4493 835 4565 populus
868 4497 1159 4554 Romanus
1191 4502 1262 4555 ad
1291 4502 1625 4574 Gregorium
1647 4509 1926 4582 confugit,

196 4597 476 4652 eumque
504 4583 560 4635 in
593 4599 894 4640 summum
930 4588 1263 4658 pontiﬁcem
1305 4592 1491 4663 elegit.
1526 4596 1591 4650 At
1632 4597 1737 4653 ille
1785 4600 1930 4657 hunc

197 4673 435 4743 apicem
467 4673 727 4729 attentius
753 4676 949 4747 fugere
979 4687 1211 4748 tentans,
1243 4698 1314 4737 ne
1344 4685 1486 4753 quod
1522 4686 1683 4754 prius
1713 4691 1929 4759 objece-

196 4772 321 4828 rat,
359 4779 585 4818 rursum
624 4769 675 4819 ei
715 4764 777 4819 in
819 4769 1020 4824 saeculo
1066 4770 1132 4825 de
1178 4772 1367 4843 adepto
1414 4774 1625 4832 honore
1654 4780 1929 4850 jactantia

197 4851 473 4923 quadam
500 4854 838 4925 subreperet,
877 4860 1217 4915 Mauricium
1267 4864 1618 4935 Augustum,
1652 4869 1819 4937 cujus
1856 4870 1925 4923 ﬁ-

198 4941 360 4996 lium
382 4958 453 4995 ex
473 4958 634 4998 sacro
660 4944 816 5001 fonte
840 4954 1193 5017 susceperat,
1223 4954 1534 5009 confestim
1560 4958 1926 5028 supplicibus

198 5030 429 5086 litteris
462 5032 665 5093 oravit,
698 5038 762 5091 ut
801 5052 1151 5095 consensum
1202 5041 1434 5115 eligenti
1486 5047 1700 5117 populo
1750 5065 1926 5121 seque

201 5120 281 5175 ad
340 5122 743 5194 episcopatum
803 5127 1141 5199 deposcenti
1210 5131 1541 5206 denegaret.
1613 5138 1925 5210 Scripsisse

198 5226 446 5282 quoque
476 5214 545 5269 ad
576 5213 889 5286 Joannem,
925 5219 1635 5294 Constantiuopolitanum
1672 5233 1926 5300 patriar-

276 5388 357 5459 (a)
390 5390 587 5463 Aliqui
617 5392 823 5479 legunt
852 5399 1002 5479 apud
1036 5399 1203 5479 Greg.
1242 5403 1477 5479 Toron.,
1509 5408 1803 5479 Praefectus
1833 5428 1927 5466 ur-

202 5462 290 5517 bis
344 5462 703 5539 germanus:
725 5472 863 5539 eius,
888 5462 1062 5539 'etc.,
1113 5462 1351 5531 niinime
1384 5462 1491 5532 rati
1554 5462 1923 5538 referendum

199 5548 337 5589 esse
374 5536 501 5603 ejus
547 5539 630 5619 ad_
665 5536 983 5619 germanus.
1034 5536 1092 5601 S.
1148 5549 1489 5619 Gregorium
1540 5551 1776 5609 fratrem
1819 5536 1923 5610 seu

200 5622 559 5732 germaSnum
616 5609 895 5670 habuisse
945 5616 1066 5688 jam
1124 5609 1299 5691 supra
1356 5624 1744 5695 ostendimus,
1778 5641 1826 5681 c.
1867 5609 1922 5699 71,7

204 5694 375 5732 num.
446 5720 458 5732 .

204 5694 375 5735 num.
403 5694 458 5737 δ.

2040 4506 2285 4577 ejusque
2319 4506 2549 4576 posteri,
2586 4505 2691 4560 hoc
2713 4506 2845 4576 jure
2866 4507 3247 4564 conﬁrmandi
3269 4508 3486 4563 summi
3510 4509 3749 4580 pontiﬁ-

2040 4596 2143 4660 cis,
2179 4594 2337 4651 nullo
2372 4600 2751 4666 repugnante,
2786 4596 2953 4667 potiti
2984 4604 3148 4665 sunt,
3191 4602 3257 4653 ut
3294 4615 3362 4654 ex
3410 4598 3741 4667 Anastasio,

2035 4684 2305 4740 Ecclesiae
2336 4684 2608 4740 Romanae
2644 4684 3083 4742 bibliothecario
3116 4692 3175 4744 et
3223 4704 3291 4743 ex
3340 4688 3472 4743 aliis
3521 4688 3741 4758 passim

2034 4790 2147 4829 non
2181 4773 2402 4844 iniquis
2461 4790 2599 4844 erga
2656 4776 2855 4832 sedem
2917 4776 3296 4848 apostolicam
3356 4775 3745 4847 scriptoribus

2035 4868 2284 4920 constat.

2102 4955 2157 5007 4.
2200 4954 2356 5008 Idem
2407 4958 2482 5023 (e)
2530 4955 3038 5012 eminentissimus
3084 4952 3401 5012 cardinalis
3448 4951 3744 5008 existimat

2033 5042 2293 5097 Mauricii
2332 5059 2683 5101 consensum
2742 5046 2801 5100 in
2833 5046 3093 5116 Gregorii
3149 5044 3491 5100 electionem
3550 5041 3740 5097 soluta

2034 5132 2278 5203 pecunia
2308 5139 2711 5205 comparatum
2742 5134 2919 5189 fuisse
2943 5150 2956 5201 ;
2982 5134 3134 5205 quod
3162 5132 3356 5187 nescio
3380 5148 3453 5187 an
3475 5132 3533 5186 in
3556 5131 3737 5201 hujus

2032 5227 2130 5278 aut
2179 5224 2472 5280 inferioris
2521 5226 2621 5279 aevi
2681 5224 2894 5294 scripto
2942 5224 3137 5293 aliquo
3188 5223 3439 5295 legatur.
3491 5221 3737 5286 Querela

2102 5414 2180 5485 (b)
2216 5416 2362 5486 Lege
2394 5418 2559 5470 notas
2592 5414 2661 5470 ad
2694 5431 2783 5485 ep.
2816 5414 2885 5469 34
2918 5414 3015 5471 lib.
3050 5433 3105 5481 x,
3136 5424 3269 5472 nota
3298 5414 3351 5471 ἀ.

2103 5490 2173 5552 (c)
2206 5488 2308 5553 Qui
2342 5488 2563 5541 virtutis
2589 5487 2965 5543 ministerium
2997 5489 3217 5557 infirmo
3247 5490 3531 5544 commisit.

2104 5558 2181 5627 (d)
2214 5557 2355 5613 Vide
2386 5574 2695 5614 censuram
2728 5560 2799 5614 de
2832 5560 2937 5615 hoc
2968 5560 3399 5616 Commentario
3446 5566 3589 5614 tom.
3639 5558 3736 5629 III,

2035 5645 2074 5682 ιι
2107 5636 2287 5699 parte,
2320 5630 2428 5686 col.
2459 5632 2582 5684 463.

2105 5702 2177 5776 (c)
2208 5703 2293 5757 Ad
2326 5720 2421 5762 an.
2452 5702 2578 5775 590,
2610 5719 2764 5761 num.
2797 5704 2852 5761 5.
