4106 6174
341 236 459 297 279

811 237 871 297 S.
921 234 1294 297 GREGORII
1341 233 1582 295 MAGNI
1627 231 1835 304 VlTA,
1882 230 1982 290 EX
2028 229 2210 292 EJUS
2259 231 2606 292 SCRIPTIS
2654 229 3100 291 ADORNATA.
3149 228 3295 288 LIB.
3341 229 3389 288 Ι.

3743 227 3858 285 280

334 369 491 424 enim
523 370 591 425 de
622 385 843 439 sponsa
872 368 1086 424 Christi
1120 368 1346 440 captiva
1377 367 1524 422 facta
1556 371 1612 422 et
1642 366 1858 420 tributo
1900 365 2039 419 sub-
2072 365 2123 431 Α
2158 382 2287 420 rum
2323 367 2627 437 regionum
2663 364 3031 436 presbyteris,
3067 363 3138 417 ad
3171 365 3385 417 sanctae
3420 362 3513 416 Dei
3549 360 3860 417 Genitricis

330 457 473 523 dita,
507 473 634 528 qua:
665 456 955 527 profertur
987 473 1054 511 ex
1085 455 1508 511 commentario
1540 454 1600 509 in
1644 452 1902 510 Psalmos
1935 470 2045 523 poe-

329 545 668 600 nitentiales
701 562 889 616 neque
920 545 976 599 id
1009 544 1326 616 signiﬁcat,
1361 559 1548 614 neque
1580 547 1740 599 extra
1763 542 2043 613 suspicio-

331 653 465 691 nem
517 637 985 708 interpolationis
1033 641 1089 691 et
1130 634 1550 706 suppositionis
1609 637 1716 691 est.
1779 639 1901 688 Non
1952 649 2043 688 me

334 726 484 796 fugit
504 726 902 782 Athalaricum
935 725 1217 781 Arianum
1252 724 1564 794 aliquando
1597 724 1906 794 imperasse
1934 722 2043 776 tria

336 814 653 870 solidorum
700 815 883 870 millia
933 830 1037 884 pro
1069 812 1511 869 confirmatione
1541 813 1826 883 apostolici
1853 813 2044 880 ponti-

333 905 472 973 ﬁcis,
505 909 561 959 et
589 905 704 958 duo
740 903 925 958 millia
955 919 1058 974 pro
1090 903 1494 958 confirmanda
1523 901 1769 957 aliorum
1805 903 2045 972 patriar-

335 993 603 1056 charum,
637 992 743 1047 hoc
794 995 883 1046 est
926 991 1504 1060 metropolitanorum
1559 990 1889 1055 electione;
1941 991 2042 1044 sed

336 1080 653 1136 catholicos
699 1081 1012 1152 principes,
1047 1081 1291 1136 liberata
1339 1098 1372 1135 a
1402 1079 1602 1135 Gothis
1653 1079 1839 1142 Italia,
1887 1079 2042 1134 idem

335 1169 616 1241 exegisse,
669 1175 770 1226 aut
815 1171 1160 1242 Gregorium
1211 1171 1281 1224 ab
1335 1170 1673 1240 bujusmodi
1727 1170 2045 1225 simoniaca

331 1261 590 1332 pecuniae
624 1261 1015 1332 pensitatione
1047 1279 1159 1316 non
1195 1261 1567 1316 abhorruisse
1608 1277 1900 1331 nusquam
1933 1259 2044 1314 sibi

331 1352 681 1422 persuadere
714 1352 946 1422 poterit,
980 1351 1082 1422 qui
1114 1350 1322 1422 legerit
1352 1352 1482 1420 ejus
1513 1351 1787 1422 epistolas
1838 1366 2042 1421 quam-

331 1439 616 1512 plurimas
648 1445 850 1496 contra
880 1441 1255 1496 simoniacam
1290 1440 1556 1495 haeresim
1589 1441 1853 1510 scriptas.
1892 1445 2043 1494 Prae-

332 1536 486 1586 terea
518 1546 614 1586 rex
644 1531 896 1586 Arianus
931 1532 1238 1602 pecuniam
1271 1531 1517 1601 persolvi
1561 1547 1674 1586 non
1708 1531 1897 1600 jubet,
1931 1529 2041 1583 nisi

333 1635 465 1676 cum
499 1621 569 1675 de
598 1621 878 1677 electione
911 1626 1008 1676 aut
1037 1620 1402 1677 ordinatione
1424 1620 1760 1691 praesulum,
1787 1620 1853 1674 ad
1883 1622 2042 1689 pala-

333 1710 471 1763 tium
498 1710 776 1779 producta
805 1710 982 1777 fuerit
1009 1709 1292 1765 altercatio
1331 1711 1679 1782 papillarum.
1733 1711 1810 1780 (a)
1865 1712 1935 1764 At
1985 1711 2042 1764 in

333 1798 612 1854 electione
646 1799 907 1870 Gregorii
947 1800 1127 1854 mirus
1177 1800 1285 1854 fuit
1316 1799 1664 1870 populorum
1698 1816 2038 1855 consensus.

333 1887 498 1942 Addo
530 1887 769 1957 insuper
799 1888 1113 1943 obscurum
1147 1904 1274 1944 esse
1309 1888 1503 1944 locum
1536 1889 1690 1943 hunc
1730 1905 1797 1944 ex
1825 1890 2041 1944 rescri-

335 1980 435 2046 pto
468 1977 538 2031 ad
569 1976 854 2033 Joannem
888 1994 1095 2048 papam
1124 1978 1457 2049 quaesitum,
1487 1980 1955 2049 quandoquidem
1983 1980 2042 2035 in

334 2081 400 2120 eo
433 2082 529 2120 rex
561 2071 761 2122 contra
791 2067 1166 2136 simoniacos,
1200 2068 1320 2123 sive
1351 2068 1451 2139 qui
1483 2069 1646 2135 dant,
1682 2068 1801 2123 sive
1822 2070 1918 2139 qui
1945 2087 2041 2125 ac-

329 2155 576 2224 cipiunt,
609 2156 992 2212 saluberrima
1024 2158 1357 2228 promulgat
1389 2159 1640 2213 decreta.
1676 2160 1779 2229 (Cf.
1829 2160 2041 2215 Cassio-

329 2243 445 2298 dor.
483 2245 521 2298 l.
555 2261 633 2311 ix,
665 2261 749 2316 ep.
784 2247 893 2315 15.)

399 2335 454 2388 5.
490 2333 715 2390 Interea
745 2336 879 2391 dum
916 2340 1316 2408 expectaretur
1350 2340 1592 2410 Augusti
1648 2340 1952 2410 responsio
1985 2343 2042 2394 et

331 2439 631 2494 assensus,
688 2425 743 2479 in
796 2427 920 2482 dies
969 2428 1295 2499 augebatur
1343 2428 1700 2499 pestilentia,
1742 2429 2039 2498 Romaque

332 2515 626 2571 continuis
649 2516 953 2572 funeribus
975 2519 1404 2573 devastabatur.
1432 2520 1518 2573 Ab
1538 2519 1647 2574 hac
1666 2519 1759 2574 lue
1777 2519 2040 2575 immune

332 2619 449 2659 non
481 2604 590 2659 fuit
619 2605 678 2659 S.
710 2606 951 2662 Andrem
982 2607 1310 2663 coenobium
1349 2626 1362 2674 ;
1399 2612 1651 2678 tuncque
1681 2609 1890 2662 enituit
1921 2625 2036 2663 ma-

329 2693 483 2749 xime
535 2694 780 2750 fratrum
826 2696 1091 2751 omnium
1124 2697 1455 2752 sollicitudo
1496 2701 1552 2753 et
1601 2697 1857 2753 charitas
1905 2714 2040 2768 erga

329 2783 697 2839 Theodorum
730 2785 1155 2841 adolescentem
1198 2787 1305 2842 hoc
1349 2788 1548 2842 morbo
1599 2793 1949 2858 correptum,
1984 2801 2039 2847 et

334 2872 405 2925 ad
438 2876 697 2926 extrema
727 2873 1066 2942 perductum
1096 2891 1108 2941 ;
1143 2889 1316 2944 quem
1363 2891 1560 2929 eorum
1614 2875 1974 2930 orationibus
2004 2892 2037 2929 a

333 2959 548 3030 duplici
581 2965 767 3015 morte
797 2962 1005 3016 animae
1038 2963 1261 3018 scilicet
1308 2980 1373 3018 ac
1417 2965 1675 3035 corporis
1718 2965 2034 3020 liberatum

327 3049 502 3105 refert
530 3051 842 3121 Gregorius
873 3056 990 3106 tum
1031 3052 1235 3107 homil.
1281 3054 1344 3107 19
1386 3060 1438 3108 et
1482 3054 1550 3107 38
1598 3054 1658 3109 in
1701 3055 2028 3124 Evangelia,

327 3142 438 3194 tum
472 3138 571 3194 lib.
606 3157 657 3195 ιν
693 3140 911 3213 Dialog.
946 3158 1072 3213 cap.
1106 3143 1194 3197 38.

397 3228 608 3284 Aberat
638 3233 777 3285 tunc
819 3247 853 3284 a
907 3231 1257 3286 monasterio
1305 3237 1546 3288 sanctus
1597 3234 1783 3297 Pater,
1831 3251 2032 3304 procu-

329 3319 528 3374 randis
561 3318 786 3374 afﬂictae
817 3320 1032 3375 civitati
1084 3320 1306 3377 solatiis
1354 3328 1511 3378 totus
1564 3324 1928 3380 incumbens.
1965 3323 2036 3379 Ut

331 3411 526 3461 autem
557 3407 843 3477 penejam
868 3408 1292 3479 despondentes
1315 3411 1574 3466 animum
1601 3413 1888 3467 Romanos
1933 3426 2034 3483 spe

330 3496 390 3550 in
423 3497 608 3551 Deum
653 3499 915 3568 erigeret,
965 3504 1138 3568 atque
1185 3502 1253 3554 ad
1306 3502 1705 3573 paenitentiam
1756 3506 1840 3558 tot
1887 3503 2038 3557 inter

333 3585 562 3656 ﬂagella
591 3585 677 3641 vel
709 3586 920 3642 invitos
952 3593 1306 3658 provocarat,
1350 3591 1687 3646 concionem
1731 3592 1799 3646 ad
1852 3607 2038 3662 popu-

330 3673 454 3728 lum
490 3674 708 3743 habuit,
737 3676 970 3747 dignam
1003 3694 1146 3732 sane
1176 3695 1350 3748 quam
1385 3678 1592 3734 litteris
1611 3679 2039 3750 consignaverit

332 3764 482 3819 217
535 3764 844 3836 Gregorius
893 3767 1269 3823 Turonensis.
1323 3769 1597 3839 Ejusdem
1649 3769 2038 3825 meminerunt

329 3853 547 3909 Paulus
578 3861 630 3910 et
659 3854 914 3912 Joannes
938 3857 1191 3929 diaconi,
1219 3875 1442 3914 necnon
1465 3860 1561 3914 alii
1589 3860 2034 3932 quamplurimi.

332 3945 396 3999 In
429 3944 724 4015 prioribus
766 3947 933 4003 editis
982 3947 1192 4018 legitur
1239 3949 1440 4006 habita
1493 3950 1810 4006 indictione
1854 3955 2036 4011 sexta,

331 4035 496 4103 cujus
526 4034 650 4090 loco
683 4037 875 4106 potius
920 4038 1248 4107 legendum,
1282 4041 1584 4095 indictione
1622 4040 1746 4112 viij.
1798 4042 2042 4096 Constat

332 4125 487 4179 enim
522 4124 861 4196 Gregorium
887 4127 1200 4198 incipiente
1225 4129 1537 4185 indictione
1560 4147 1711 4186 nona
1735 4132 1914 4186 fuisse
1947 4149 2041 4186 or-

335 4213 622 4268 dinatum.
657 4214 875 4269 Erroris
906 4232 1082 4272 causa
1112 4218 1240 4284 fuit,
1286 4219 1437 4288 quod
1490 4218 1611 4273 haec
1659 4219 1841 4274 oratio
1892 4219 2040 4275 libro

338 4302 725 4370 Epistolarum
786 4305 925 4359 olim
984 4322 1062 4370 xl,
1095 4323 1249 4362 nunc
1307 4325 1427 4375 xm,
1489 4309 1662 4364 fuerit
1718 4311 2038 4380 praemissa,

340 4389 511 4457 cujus
544 4389 809 4446 videlicet
849 4391 980 4448 libri
1029 4394 1268 4451 indictio
1301 4400 1390 4452 est
1428 4402 1608 4453 sexta.
1641 4399 1715 4467 (ὁ)
1766 4398 1881 4455 Nec
1931 4399 2041 4453 mi-

2064 3102 2106 3169 C

2152 455 2456 511 basilicam
2487 472 2553 510 ex
2589 456 2874 510 conducto
2897 469 3031 507 cum
3057 452 3329 523 precibus
3359 458 3412 506 et
3436 451 3712 522 lacrymis
3739 466 3859 519 pro-

2154 547 2440 601 cederent.
2487 548 2736 612 Insuper
2780 542 3145 613 congregatis
3191 541 3542 596 Clericorum
3596 539 3862 604 catervis,

2153 635 2423 704 praecepit
2470 635 2716 706 psallere
2779 649 2878 704 per
2935 632 3219 685 triduum.
3279 632 3421 686 Hora
3469 629 3642 700 igitur
3697 629 3862 683 tertia

2155 724 2376 794 (nostro
2409 741 2564 779 more
2598 725 2768 792 nona)
2799 723 3088 777 veniebant
3118 737 3300 776 omnes
3332 722 3485 776 chori
3502 722 3866 792 psallentium

2152 813 2224 868 ad
2281 813 2596 881 Ecclesium,
2646 814 2946 868 clamantes
2994 827 3091 881 per
3137 811 3371 879 plateas,
3425 812 3588 881 Kyrie
3634 810 3863 865 eleison.

2154 903 2285 974 Ipso
2317 908 2512 958 autem
2545 901 2987 973 supplicationis
3019 909 3274 969 tempore
3304 900 3457 954 intra
3507 899 3683 954 unius
3712 899 3867 952 horae

2155 994 2407 1063 spatium
2441 991 2732 1063 octoginta
2759 990 3026 1046 homines
3049 989 3317 1060 spiritum
3342 988 3706 1043 exhalarunt.
3739 988 3867 1042 Haec

2156 1082 2461 1151 Gregorius
2491 1083 2792 1136 Turonum
2834 1081 3167 1150 episcopus,
3222 1094 3287 1132 ex
3339 1078 3430 1132 sui
3481 1078 3707 1133 diaconi
3762 1076 3870 1147 qui

2157 1177 2296 1226 tunc
2357 1173 2545 1227 Romae
2605 1177 2726 1226 erat
2784 1171 2934 1225 haud
2996 1171 3172 1224 dubia
3232 1169 3510 1224 relatione
3569 1168 3866 1224 memoriae

2157 1262 2424 1331 prodidit,
2458 1262 2550 1316 cui
2582 1260 2930 1330 subscripsit
2962 1258 3179 1314 Paulus
3215 1258 3508 1314 Diaconus
3545 1258 3684 1325 (Lib.
3710 1274 3771 1311 ιιι
3801 1257 3873 1313 de

2156 1352 2330 1406 Geslis
2361 1353 2529 1421 Lang.
2562 1367 2613 1406 c.
2643 1352 2754 1421 25).
2789 1350 3042 1405 Joannes
3075 1349 3362 1404 Diaconus
3385 1365 3514 1404 vero
3535 1348 3714 1416 etfalii
3749 1365 3871 1404 non

2157 1457 2360 1511 parum
2396 1441 2725 1512 discrepant
2758 1441 2827 1495 ab
2860 1440 2989 1495 aliis
3022 1440 3404 1510 scriptoribus
3430 1440 3545 1494 sive
3577 1439 3635 1492 in
3663 1453 3876 1494 recen-

2156 1533 2334 1586 sendo
2369 1547 2745 1600 personarum
2780 1531 3001 1595 ordine,
3035 1529 3155 1585 sive
3192 1529 3248 1583 in
3295 1530 3667 1600 assignandis
3710 1529 3874 1584 basi-

2155 1618 2302 1674 licis.
2337 1619 2479 1673 Nam
2538 1620 2794 1674 Joannes
2852 1619 3141 1673 Diaconus
3195 1619 3456 1688 assignat
3491 1634 3591 1688 pro
3653 1616 3870 1672 litania

2155 1709 2496 1764 clericorum
2528 1709 2836 1763 ecclesiam
2867 1708 2926 1762 S.
2958 1708 3220 1773 Joannis,
3255 1708 3657 1777 consentitque
3688 1707 3873 1760 char-

2154 1803 2212 1854 ta
2233 1800 2302 1853 de
2333 1798 2552 1854 litaniis
2582 1815 2710 1869 quae
2743 1814 2895 1852 nunc
2915 1797 3126 1866 legitur
3148 1799 3208 1852 in
3230 1797 3548 1868 appendice
3570 1795 3870 1866 Epistola-

2154 1906 2325 1944 rum:
2374 1888 2686 1959 Gregorius
2741 1892 2878 1942 Tur.
2942 1904 3098 1956 vero,
3160 1886 3462 1942 basilicam
3523 1890 3872 1943 sanctorum

2152 1980 2369 2034 Cosme:
2403 1983 2458 2032 et
2501 1978 2779 2033 Damiani.
2831 1978 2947 2032 Hoc
2998 1982 3190 2032 tamen
3238 1975 3546 2031 dissidium
3591 1976 3875 2046 componi

2154 2073 2342 2139 potest
2373 2068 2418 2123 si
2451 2067 2715 2123 dicamus
2739 2083 2852 2122 non
2879 2066 3058 2122 semel
3082 2066 3328 2120 indictas
3354 2066 3534 2121 fuisse
3556 2064 3873 2137 supplica-

2145 2141 2340 2212 tiones
2373 2157 2543 2225 illas;
2575 2161 2632 2211 et
2661 2157 2724 2211 in
2753 2156 2848 2212 his
2882 2156 3117 2226 quidem
3173 2159 3464 2210 servatum
3516 2155 3778 2210 ordinem
3837 2171 3873 2210 a

2153 2247 2430 2318 Gregorio
2464 2246 2749 2303 Turonico
2783 2246 3048 2312 relatum,
3072 2245 3130 2300 in
3151 2245 3278 2300 aliis
3302 2247 3549 2300 alterum
3578 2262 3610 2300 a
3633 2244 3867 2300 Joanne

2152 2339 2510 2408 assignatum
2542 2357 2555 2405 ;
2592 2338 2744 2406 quod
2778 2353 2843 2391 ex
2879 2335 3190 2390 ritualibus
3221 2335 3387 2390 libris
3430 2339 3618 2406 potest
3648 2334 3870 2389 conﬁr-

2151 2427 2316 2491 mari,
2363 2427 2408 2481 si
2463 2426 2654 2480 Emin.
2689 2425 3002 2481 Annalium
3035 2424 3192 2480 Eccl.
3215 2424 3441 2496 parenti
3465 2425 3609 2480 fides
3634 2425 3728 2479 sit.
3753 2425 3877 2480 Ha-

2151 2519 2293 2585 bent,
2329 2517 2510 2587 inquit
2543 2517 2823 2572 Baronius
2857 2516 2957 2587 (Ad
2987 2533 3076 2570 an.
3111 2515 3237 2580 590,
3273 2533 3424 2571 num.
3473 2517 3585 2584 18),
3620 2515 3868 2571 rituales

2149 2609 2280 2663 libri
2309 2608 2524 2663 ultimis
2556 2607 2768 2662 litaniis
2797 2623 2906 2662 esse
2942 2623 3251 2676 processum
3298 2606 3367 2660 ad
3408 2606 3688 2661 basilicam
3728 2623 3871 2676 apo-

2145 2699 2413 2754 stolorum
2440 2697 2731 2768 principis,
2764 2700 2926 2766 atque
2955 2697 3022 2750 ab
3054 2698 3315 2765 Gregorio
3346 2703 3601 2750 sanctam
3647 2697 3868 2766 imagi-

2146 2805 2272 2843 nem
2302 2788 2368 2858 (e)
2402 2789 2656 2857 Deiparae
2691 2802 2893 2854 magna
2924 2786 3273 2840 veneratione
3305 2785 3562 2841 delatam.
3594 2786 3760 2840 Tunc
3788 2788 3877 2841 fe-

2147 2886 2278 2932 runt
2309 2894 2484 2949 prope
2517 2877 2729 2932 molem
2763 2876 3039 2931 Hadriani
3060 2875 3244 2930 Tiberi
3270 2876 3631 2946 adjacentem
3654 2876 3858 2932 visum

2146 2983 2272 3022 esse
2302 2965 2598 3036 angelum,
2632 2966 2692 3020 in
2724 2967 2955 3036 signum
2992 2965 3338 3021 reconciliati
3359 2965 3650 3028 Numinis,
3671 2965 3863 3020 nuda-

2144 3061 2261 3111 tum
2290 3055 2539 3125 gladium
2570 3055 2631 3109 in
2659 3057 2922 3127 vaginam
2954 3071 3237 3126 reponere,
3261 3062 3423 3126 coque
3442 3055 3684 3126 symbolo
3707 3071 3865 3111 mor-

2145 3146 2266 3200 bum
2298 3162 2528 3200 cessasse
2554 3145 2868 3214 signiﬁcare
2905 3143 3163 3199 voluisse.
3199 3144 3278 3199 De
3321 3143 3866 3214 supplicationibus

2145 3235 2356 3304 saepius
2388 3235 2626 3298 habitis,
2661 3237 2716 3288 et
2756 3233 2966 3289 ultimo
3005 3233 3131 3288 loco
3183 3233 3348 3287 factis
3393 3232 3452 3287 in
3507 3232 3745 3288 basilica
3800 3234 3864 3289 S.

2144 3325 2296 3380 Petri
2329 3325 2674 3380 contendere
2705 3323 2947 3377 minime
2977 3322 3275 3390 volumus,
3309 3324 3415 3378 etsi
3447 3323 3517 3376 de
3567 3322 3871 3392 multipli-

2145 3415 2220 3479 ci,
2255 3419 2355 3468 aut
2385 3415 2560 3469 etiam
2595 3413 2817 3483 duplici
2848 3413 3216 3484 processione
3248 3416 3509 3484 tempore
3542 3413 3722 3483 pestis
3755 3412 3866 3467 ha-

2147 3504 2271 3559 bita
2301 3503 2611 3574 scriptores
2661 3518 2865 3558 omnes
2908 3502 3140 3558 sileant.
3175 3504 3246 3556 At
3276 3520 3401 3572 qua:
3443 3506 3758 3557 narrantur
3795 3504 3869 3558 de

2146 3593 2269 3650 viso
2299 3593 2502 3665 angelo
2531 3597 2588 3647 et
2619 3593 2821 3646 sedata
2854 3596 3013 3662 peste
3045 3591 3232 3646 dubiae
3278 3592 3546 3646 videntur
3584 3591 3740 3646 ﬁdei.
3803 3592 3867 3646 Si

2149 3681 2304 3738 enim
2338 3682 2394 3736 id
2431 3682 2691 3752 contigit,
2743 3697 3000 3751 quonam
3054 3687 3218 3751 pacto
3268 3679 3580 3751 Gregorius
3629 3681 3865 3735 Turon.

2148 3772 2202 3826 id
2240 3788 2270 3824 a
2305 3787 2408 3825 suo
2441 3771 2678 3826 diacono
2712 3787 2827 3825 non
2859 3769 3124 3840 accepit?
3145 3769 3202 3824 Si
3229 3785 3358 3823 vero
3383 3769 3577 3840 ipsum
3603 3769 3871 3824 audierit

2150 3865 2312 3916 tanta
2343 3859 2621 3915 miracula
2652 3860 3015 3925 referentem,
3059 3859 3348 3927 quomodo
3386 3858 3455 3912 ab
3505 3858 3649 3928 ipsis
3697 3874 3872 3914 com-

2151 3949 2547 4005 memorandis
2580 3947 2885 4014 abstinuit,
2920 3947 3017 4016 qui
3059 3946 3374 4017 aliquando
3419 3945 3719 4002 levissima
3754 3963 3873 4002 nec

2151 4040 2230 4094 ita
2271 4042 2427 4094 certa
2475 4038 2686 4093 referre
2737 4036 3096 4092 delectatur?
3141 4037 3337 4091 Altum
3387 4040 3474 4092 est
3511 4053 3741 4107 quoque
3798 4039 3875 4092 de

2150 4128 2279 4183 istis
2311 4128 2491 4192 Bedtn,
2527 4127 2709 4194 Pauli,
2743 4134 2795 4182 et
2824 4126 3059 4182 Joannis
3092 4125 3413 4180 silentium.
3456 4126 3875 4182 Pestilentiam

2151 4223 2348 4273 tamen
2383 4217 2673 4287 quievisse
2705 4216 2918 4271 Paulus
2951 4220 3007 4271 et
3032 4215 3304 4283 Joannes,
3341 4216 3440 4287 qui
3464 4233 3555 4272 res
3586 4233 3615 4270 a
3643 4216 3877 4289 Grego-

2153 4308 2236 4361 rio
2285 4311 2476 4378 gestas
2509 4306 2837 4362 accuratius
2892 4305 3181 4376 prosecuti
3232 4310 3392 4375 sunt,
3450 4322 3564 4361 non
3614 4307 3879 4362 obscure

2151 4401 2474 4465 testantur;
2509 4397 2605 4451 sed
2639 4396 2799 4451 brevi
2827 4395 3191 4451 recruduisse
3225 4399 3422 4465 postea
3451 4395 3876 4452 ostendemus.

339 4494 452 4532 nus
484 4479 762 4535 mendose
796 4482 1128 4554 assignatur
1176 4486 1298 4541 dies
1348 4496 1555 4558 quarta
1603 4489 1847 4544 Kalend.
1902 4491 2043 4560 Sep-
2075 4482 2119 4547 D
2154 4491 2294 4545 Cum
2328 4492 2398 4545 de
2429 4488 2952 4560 supplicationibus
2987 4488 3196 4542 iterum
3226 4491 3324 4542 aut
3353 4488 3568 4558 saepius
3596 4491 3878 4559 tempore

338 4567 603 4623 tembris.

406 4658 459 4711 6.
494 4659 635 4712 Post
664 4660 1000 4717 concionem
1030 4663 1088 4718 S.
1126 4663 1437 4736 Gregorius
1473 4667 1736 4737 publicas
1757 4670 2045 4742 supplica-

339 4749 525 4803 tiones
559 4762 662 4802 seu
694 4747 930 4806 litanias
954 4751 1182 4822 indixit,
1209 4756 1596 4828 praecepitque
1621 4766 1681 4813 ut
1705 4761 2050 4815 convenien-

341 4842 427 4892 tes
457 4838 527 4893 ad
561 4844 778 4910 septem
812 4841 1145 4913 designatae
1175 4843 1233 4898 in
1261 4845 1496 4901 totidem
1519 4846 1688 4903 Urbis
1715 4849 2052 4919 regionibus

344 4927 639 4986 basilicas.
690 4945 891 4986 omnes
949 4930 1162 5001 clerici,
1214 4934 1507 5000 monachi,
1553 4953 1730 4992 sacrae
1777 4939 2050 5011 virgines,

347 5016 622 5088 infantes,
654 5017 812 5088 laici,
841 5020 1050 5092 viduas,
1083 5024 1430 5095 conjugate,
1464 5026 1596 5081 inde
1627 5042 1756 5083 cum
1789 5029 2052 5098 singula-

423 5196 738 5279 (a)“Eodem
770 5217 943 5279 sensu
975 5203 1144 5279 debet
1177 5204 1413 5275 intelligi
1443 5206 1960 5278 Justinianijussio
1983 5212 2052 5268 de

353 5283 465 5350 qua
498 5267 775 5350 Baron‘ius
806 5274 874 5326 ad
908 5291 1002 5350 an.
1034 5267 1390 5350 59-i,_num.:’
1419 5279 1442 5331 1
1482 5285 1537 5333 et
1566 5283 1620 5347 2,
1653 5287 1710 5335 et
1733 5267 1883 5350 quod
1911 5267 2050 5350 legi;

352 5340 628 5419 tur_ap'ud
660 5342 1028 5419 Anastasium
1066 5347 1336 5403 Biblioth.
1359 5349 1418 5403 in
1444 5340 1777 5419 Agathone}
1819 5355 1915 5407 Hic
1939 5340 2049 5410 siis-

352 5407 758 5498 cepitdivalem
779 5417 1087 5498 jussionem
1118 5407 1522 5498 (imperatoris,
1558 5407 2050 5498 constitutionem)

349 5497 446 5549 per
475 5495 640 5564 quam
671 5485 908 5564 relevata
937 5485 1342 5564 estuquantitas
1386 5509 1510 5564 quae
1556 5497 1716 5551 solita
1763 5505 1879 5552 erat
1924 5485 2053 5553 dari

349 5551 1146 5635 proordinationepontiﬁcis
1183 5551 1477 5635 _/aci_enila,
1525 5569 1606 5621 sic
1661 5575 1863 5635 tamen,
1913 5551 2052 5625 utsi

347 5631 465 5709 post
509 5629 624 5709 ejus
661 5629 980 5709 'transitum
1022 5633 1365 5709 _co_ntig_eril_
1391 5637 1704 5709 electionem
1750 5629 1890 5709 ﬁeri,
1941 5659 2051 5697 non

351 5695 544 5752 debeat
575 5694 830 5752 ordinari
859 5699 954 5770 qui
983 5699 1178 5756 electus
1194 5694 1405 5774 'fuerit,
1438 5707 1553 5760 nisi
1593 5694 1760 5780 prius.
1780 5694 2050 5770 decretum

2154 4580 2335 4651 pestis
2365 4578 2600 4643 habitis,
2633 4579 2946 4649 scriptores
2977 4592 3181 4633 omnes
3209 4576 3421 4632 sileant
3447 4593 3460 4642 ;
3487 4575 3712 4632 felicius
3756 4579 3884 4634 for-

2158 4674 2316 4725 tasse
2346 4669 2695 4724 dissidentes
2727 4667 3040 4737 scriptores
3083 4667 3155 4721 ad
3209 4666 3578 4722 concordiam
3631 4683 3883 4725 revoca-

2158 4761 2396 4824 buntur,
2429 4758 2675 4813 dicendo
2710 4757 2884 4812 unius
2915 4757 3289 4827 ejusdemque
3330 4756 3542 4811 litanias
3591 4757 3878 4813 ordinem

2161 4854 2313 4905 varie
2356 4849 2642 4904 indictum
2688 4864 2754 4904 ac
2788 4847 3210 4920 praescriptum.
3258 4847 3477 4918 Nempe
3522 4863 3654 4902 cum
3699 4848 3882 4918 prius

2160 4942 2459 5011 assignatas
2493 4939 2742 4993 fuissent
2773 4938 2857 4992 has
2890 4942 2945 4993 et
2974 4937 3083 4992 illae
3117 4935 3365 4992 basilicae
3399 4953 3513 5008 quo
3547 4938 3688 4993 varii
3718 4955 3882 4994 con-

2159 5031 2423 5085 venirent
2453 5029 2707 5094 ordines,
2742 5028 2867 5082 aliaa
2902 5033 3098 5098 postea
3121 5031 3344 5082 mutato
3369 5027 3606 5084 consilio
3627 5027 3883 5085 delectae

2157 5213 2410 5283 generale
2438 5211 2893 5283 introducaturin
2919 5210 3127 5283 regiam
3161 5209 3347 5283 urbem
3375 5209 3676 5283 secundum
3705 5215 3886 5268 anti—

2159 5279 2326 5352 quam
2355 5282 2826 5356 consuetudinem.
2863 5283 3023 5356 Tom.
3060 5281 3124 5335 Vl
3156 5279 3372 5356 conci].
3407 5280 3464 5333 in
3497 5282 3884 5356 Agath._pag.

2159 5351 2279 5410 374.
2313 5358 2586 5409 Caeterum
2622 5354 2735 5408 ista
2768 5354 3012 5423 pecunia
3042 5353 3359 5421 persolutio
3387 5352 3595 5423 potius
3628 5351 3883 5410 videtuvr

2159 5428 2385 5498 populis
2419 5422 3200 5498 eligentibusimperata,_ut
3221 5423 3319 5493 jus
3349 5422 3600 5494 eligendi
3633 5441 3893 5482 conser-

2157 5496 2377 5565 varent,
2411 5515 2588 5568 quam
2621 5496 2818 5552 electis
2853 5496 3249 5566 pontificibus.

2229 5572 2299 5638 (b)
2347 5567 2493 5640 Lege
2525 5573 2724 5624 notam
2759 5585 2875 5639 qua
2913 5567 3028 5640 ista
3062 5568 3316 5635 priorum
3350 5567 3638 5624 editorum
3671 5577 3896 5630 errata

2156 5638 2571 5712 castigavimus
2614 5645 2754 5696 tom.
2778 5638 2832 5704 ’l,
2865 5638 2973 5694 col.
3008 5640 3165 5696 1663.

2227 5714 2297 5787 (ο)
2330 5715 2510 5780 Quam
2545 5712 2745 5768 dicunt
2775 5728 2808 5768 a
2839 5712 2897 5768 S.
2928 5712 3079 5769 Luca
3111 5713 3346 5769 factam.
