4106 6174
281 220 397 278 281

739 220 801 278 S.
850 216 1221 279 GREGORII
1268 218 1523 280 MAGNI
1566 210 1778 292 νΙΤΑ,
1832 218 1929 279 EX
1978 217 2164 280 EJUS
2211 217 2556 280 SCRIPTIS
2604 220 3057 282 ADORNATA.
3107 222 3252 284 LIB.
3300 225 3350 285 Ι.

3690 222 3806 281 282

280 352 559 419 sunt,vel
593 354 748 426 quod
781 352 1120 424 ampliores,
1150 354 1239 409 vel
1280 354 1428 423 quod
1465 354 1761 427 pr0piores
1791 355 1995 423 forent,
2027 354 2082 422 Α
2110 354 2360 411 electum
2418 356 2634 424 studio,
2694 357 3000 414 certiorem
3062 357 3329 425 faciebat,
3388 358 3494 413 sibi
3556 356 3811 412 maxime

278 443 365 499 vel
401 446 556 515 quod
592 444 650 499 in
713 442 1050 516 regionibus
1108 444 1207 498 ubi
1254 445 1379 501 sita
1410 454 1570 501 erant
1601 444 1855 502 ecclesia
1888 446 2002 501 illa

279 535 466 606 pestis
498 534 698 588 minus
722 538 1108 604 grassaretur.
1148 533 1432 589 Nimirum
1467 535 1785 590 cavendum
1817 538 2001 592 erata

278 625 427 681 locis
458 626 519 679 in
554 626 771 697 quibus
827 625 1021 680 acrius
1079 627 1321 681 morbus
1384 628 1749 683 desaviebat.
1798 630 2000 699 Itaque

268 715 441 785 juxta
474 716 811 784 opinionem
855 716 1008 771 hanc
1039 733 1214 787 quam
1249 717 1403 772 ultro
1444 718 1629 773 fateor
1672 717 1879 773 nullibi
1915 718 2001 774 le-

276 804 431 875 gisse
465 820 577 873 me,
612 808 740 859 tum
802 804 1054 859 Ecclesia
1081 809 1139 860 Β.
1185 805 1453 873 Joannis,
1505 812 1628 862 tum
1662 814 1996 862 sanctorum

276 900 606 965 martyrum
640 894 862 950 Cosma
905 899 962 950 et
1009 895 1272 951 Damiani
1327 896 1644 968 designata
1692 901 1851 964 sunt,
1884 912 1997 968 quo

277 987 617 1041 conveniret
647 984 853 1040 litania
895 984 1261 1052 clericorum,
1295 991 1352 1042 et
1385 990 1535 1042 unde
1567 992 1765 1059 postea
1796 1003 1995 1059 procc-
2034 1014 2039 1019 λ

275 1076 439 1132 deret
478 1075 660 1144 (idem
692 1076 763 1132 de
793 1077 1018 1131 cateris
1073 1077 1127 1131 in
1162 1078 1377 1148 quibus
1418 1078 1729 1133 discrimen
1760 1082 1869 1145 est,
1902 1077 1998 1132 di-

277 1166 583 1234 cendum),
619 1166 719 1221 sed
753 1166 824 1221 ad
880 1166 1223 1221 alterutram
1274 1171 1502 1221 tantum
1535 1183 1853 1224 convenere
1884 1166 1996 1222 cle-

278 1272 406 1311 rlCl.

344 1346 433 1399 Ab
456 1345 577 1401 illis
608 1345 1141 1416 supplicationibus
1190 1346 1475 1419 originem
1519 1348 1763 1403 traxisse
1792 1348 1995 1402 viden-

274 1435 701 1504 turta)litania
753 1453 883 1507 qua
931 1437 1211 1492 dicuntur
1260 1438 1527 1507 majores,
1561 1441 1619 1492 et
1651 1437 1708 1491 in
1762 1438 1907 1492 festo
1934 1436 1995 1493 S.

271 1524 453 1579 Marci
491 1527 807 1596 quotannis
853 1524 1247 1593 celebrantur,
1292 1543 1423 1581 cum
1485 1526 1595 1581 illa
1648 1543 1774 1598 qua
1806 1527 1863 1580 in
1895 1528 1995 1581 tri-

270 1614 391 1669 duo
442 1619 578 1669 ante
626 1614 1044 1671 Ascensionem
1090 1614 1319 1672 Domini
1371 1616 1545 1685 fiunt,
1578 1616 1848 1672 dicantur
1880 1617 1997 1670 mi-

271 1720 473 1760 DOPCE.

337 1795 399 1848 7.
462 1794 647 1859 Quari
708 1798 892 1866 potest
948 1810 1061 1867 quo
1120 1795 1359 1851 nomine
1408 1812 1593 1867 quave
1646 1795 1995 1851 auctoritate

259 1883 596 1955 Gregorius
626 1884 814 1939 adhuc
871 1884 1153 1940 diaconus
1208 1889 1458 1951 tantum,
1508 1885 1725 1941 electus
1756 1886 1994 1956 quidem

259 1974 337 2028 ad
412 1973 839 2043 pontificatum,
896 1974 969 2028 ad
1019 1976 1278 2030 nondum
1338 1974 1663 2043 ordinatus,
1725 1975 1993 2031 Ecclesia

258 2062 560 2118 Romana
594 2063 1096 2134 gubernationem,
1130 2065 1379 2135 quodam
1424 2066 1592 2121 modo
1626 2081 1994 2137 praeoccupa-

254 2152 374 2220 vit,
417 2152 611 2207 omnia
641 2169 764 2223 qua
798 2153 1069 2224 superius
1093 2153 1397 2209 retulimus
1427 2155 1812 2210 decernendo.
1846 2154 1993 2209 Eum

255 2241 523 2312 quidem
548 2242 670 2311 jam
706 2242 1113 2315 presbyterum
1149 2244 1363 2298 factum
1400 2243 1579 2301 fuisse
1612 2248 1819 2315 putant
1850 2260 1995 2299 non-

252 2331 451 2398 nulli,
486 2348 629 2403 quos
658 2332 811 2389 inter
841 2333 1060 2389 eminet
1090 2334 1395 2405 Baronius,
1432 2340 1667 2407 propter
1698 2336 1797 2391 illa
1827 2338 1897 2391 de
1929 2350 1995 2391 eo

255 2420 549 2490 Gregoril
572 2422 924 2478 Turonensis
955 2424 1147 2479 dicta:
1202 2424 1306 2479 Sed
1351 2439 1460 2479 non
1492 2426 1712 2479 destitit
1740 2424 1997 2480 sacerdos

253 2516 473 2566 tantus
501 2512 800 2581 pradicare
842 2514 1063 2585 populo,
1115 2517 1228 2569 etc.
1266 2515 1337 2568 At
1380 2530 1515 2569 vero
1547 2515 1861 2570 sacerdotis
1892 2531 1993 2570 no-

256 2599 446 2655 mine
477 2617 591 2656 non
642 2600 908 2657 solebant
960 2609 1181 2658 veteres
1211 2603 1517 2677 designare
1569 2604 1993 2676 presbyterum.

250 2690 492 2760 Itaque
525 2691 881 2747 Turonensis
908 2692 1221 2764 episcopus
1245 2699 1514 2749 nostrum
1535 2692 1876 2766 Gregorium
1902 2694 1995 2749 hic

260 2794 413 2835 non
443 2779 553 2833 alia
608 2780 824 2836 ratione
882 2783 1242 2838 sacerdotem
1302 2781 1574 2854 appellat,
1608 2800 1787 2855 quam
1843 2784 1996 2855 quod

267 2874 451 2924 esset
482 2869 555 2922 ad
586 2885 876 2926 summum
911 2871 1129 2927 electus
1178 2873 1605 2941 sacerdotium;
1638 2874 1793 2929 unde
1825 2872 1997 2945 paulo

265 2963 428 3031 post
461 2974 574 3012 non
625 2958 868 3015 obscure
927 2960 1119 3017 innuit
1149 2978 1281 3018 eum
1333 2963 1519 3018 adhuc
1567 2963 1625 3017 in
1657 2963 2000 3019 diaconatus

264 3049 485 3122 gradu
522 3051 795 3138 positum.
830 3054 1029 3123 Neque
1076 3069 1210 3108 vero
1253 3053 1683 3123 presbyteratus
1715 3054 1853 3109 ordo
1899 3054 1999 3123 jus
2033 3071 2075 3138 ο

266 3138 410 3209 ipsi
443 3137 786 3194 contulisset
840 3142 1167 3196 exercenda
1226 3144 1286 3198 in
1334 3145 1654 3198 Romanam
1687 3142 2000 3199 Ecclesiam

268 3229 619 3301 potestatis.
676 3228 1111 3286 Subodoramur
1168 3248 1301 3303 ergo
1348 3233 1689 3305 Gregorium
1721 3238 2000 3304 tanquam

266 3318 549 3373 electum
583 3318 936 3387 pontificem,
961 3321 1223 3376 vacantis
1253 3322 1407 3377 sedis
1439 3322 2000 3379 administrationem

266 3410 537 3463 nactum
569 3422 695 3463 esse
743 3425 878 3463 cum
910 3408 1037 3464 aliis
1086 3410 1355 3467 Ecclesia
1404 3414 1675 3468 Romana
1720 3412 1998 3478 vicariis;

266 3497 477 3566 idque
508 3498 851 3567 conjicimus
899 3515 967 3555 ex
1015 3500 1260 3570 epistola
1291 3500 1427 3557 cleri
1480 3502 1722 3557 Romani
1757 3503 1826 3557 ad
1861 3502 2001 3557 Sco-

267 3591 391 3641 tos
424 3586 667 3651 reddita,
694 3603 827 3643 cum
852 3594 1082 3644 mortuo
1119 3590 1394 3646 Severino
1418 3607 1567 3662 papa
1588 3592 1753 3648 sedes
1775 3596 2001 3662 aposto-

268 3676 413 3731 lica
462 3680 688 3731 vacaret
746 3692 901 3733 anno
959 3678 1185 3733 circiter
1239 3679 1365 3735 640.
1400 3679 1503 3735 Illa
1552 3680 1709 3736 enim
1758 3681 2004 3750 epistola

268 3764 525 3835 scripta
579 3764 790 3836 legitur
840 3767 1076 3823 nomine
1133 3767 1364 3835 Hilarii,
1425 3769 1895 3841 archipresbyteri
1950 3774 2003 3825 et

266 3850 571 3905 servantis
600 3849 798 3915 locum,
829 3849 1069 3919 scilicet,
1106 3858 1165 3905 ut
1224 3868 1498 3924 auguror,
1532 3853 1751 3923 vicarii,
1798 3860 2002 3909 sancta

265 3935 437 3993 sedis
488 3938 831 4007 apostolica;
862 3940 1113 4008 Joannis,
1163 3940 1379 3996 diaconi
1416 3947 1469 3997 et
1520 3945 1579 3997 in
1632 3943 1740 3998 Dei
1781 3945 2005 3999 nomine

268 4028 471 4093 electi,
506 4027 603 4097 qui
635 4027 744 4083 fuit
772 4027 1024 4083 Joannes
1058 4027 1159 4089 IV;
1192 4030 1440 4100 Joannis,
1469 4034 1785 4102 primicerii
1812 4041 1863 4088 et
1893 4047 2008 4087 ser-

272 4116 482 4173 vantis
532 4117 711 4172 locum
762 4116 1080 4189 apostolica
1127 4119 1301 4182 sedis;
1332 4127 1385 4176 et
1427 4122 1678 4190 Joannis,
1707 4125 1854 4179 servi
1884 4124 2001 4189 Dei,

270 4204 616 4264 consiliarii
644 4208 892 4275 eiusdem
920 4208 1059 4263 sedis
1084 4210 1415 4280 apostolicae.
1461 4210 1622 4275 Quod
1656 4229 2003 4269 monumen-

273 4304 423 4352 tum
458 4294 688 4352 exhibet
718 4297 991 4352 venerab.
1026 4297 1180 4354 Beda
1212 4299 1315 4355 lib.
1348 4316 1386 4355 ιι
1417 4301 1590 4371 Hist.,
1621 4317 1673 4359 c.
1708 4302 1817 4371 29;
1848 4303 2007 4358 unde

275 4386 601 4443 addiscere
657 4386 813 4455 licet,
870 4386 1087 4458 quibus
1146 4388 1500 4446 demandata
1553 4391 1696 4447 foret
1734 4392 2002 4449 Ecclesia

2108 446 2438 501 timendum
2498 451 2682 511 ratus,
2740 447 2808 501 de
2858 447 2997 519 fuga
3044 447 3487 519 quamprimum
3520 447 3807 518 cogitavit.

2108 538 2478 592 Formidabat
2507 537 2663 593 enim
2714 537 2931 593 celsum
2964 538 3219 609 quidem,
3258 542 3316 593 at
3346 539 3595 593 arduum
3630 534 3807 591 2I8

2110 626 2323 693 locum,
2361 626 2439 681 Et
2486 629 2565 681 sic
2611 627 2891 683 metuebat
2934 629 3285 699 paupertatis
3322 644 3434 682 sua
3464 628 3813 683 securitatem

2104 715 2352 787 perdere,
2384 717 2549 771 sicuti
2582 717 2741 771 avari
2795 715 2991 771 divites
3042 716 3225 773 solent
3273 719 3559 788 perituras
3588 715 3815 770 divitias

2106 806 2405 877 custodire,
2464 812 2530 861 ut
2568 806 2835 877 ejusdem
2895 806 3154 877 Gregorii
3185 806 3330 879 (Lib.
3366 823 3452 872 lli,
3497 806 3711 875 Dialog.
3762 820 3812 859 c.

2112 894 2198 965 14)
2230 896 2405 950 verba
2437 911 2732 965 usurpem.
2762 895 2972 951 Verum
3003 912 3128 951 cum
3159 896 3394 951 latibula
3422 903 3569 967 luga
3595 911 3816 967 prapo-

2109 994 2277 1049 raret,
2309 987 2552 1056 capitur,
2586 985 2851 1051 trahitur,
2891 989 2945 1041 et
2988 986 3058 1040 ad
3090 986 3238 1041 beati
3267 984 3505 1056 apostoli
3538 988 3693 1041 Petri
3724 987 3815 1040 ba-

2106 1072 2327 1127 silicam
2356 1073 2663 1139 deducitur,
2695 1074 2880 1144 ibique
2931 1076 3001 1127 ad
3056 1074 3392 1145 pontiﬁcalis
3447 1073 3647 1141 gratia
3691 1074 3811 1142 olli-

2107 1165 2255 1217 cium
2286 1172 2649 1228 consecratus,
2678 1179 2821 1235 papa
2856 1164 2983 1219 Urbi
3013 1165 3173 1219 datus
3214 1168 3309 1217 est.
3345 1162 3475 1217 Hac
3507 1161 3813 1232 Gregorius

2107 1253 2327 1307 Turon.
2363 1254 2533 1323 cujus
2566 1252 2778 1307 ultima
2806 1252 2982 1308 verba
3026 1252 3328 1323 exscripsit
3360 1250 3578 1308 Paulus
3610 1251 3813 1307 Diaco-

2106 1356 2233 1396 nus.
2268 1342 2439 1396 Addit
2470 1359 2605 1398 vero
2662 1342 3033 1413 Gregorium,
3092 1358 3226 1397 cum
3288 1342 3359 1397 ad
3413 1346 3607 1413 portas
3640 1339 3812 1396 Urbis

2104 1430 2352 1487 sollicite
2382 1432 2786 1497 excubaretur,
2843 1448 2915 1488 ne
2972 1433 3259 1503 evaderet,
3294 1449 3326 1487 a
3356 1430 3813 1504 negotiatoribus

2104 1522 2446 1592 impetrasse
2477 1526 2540 1577 ut
2569 1523 2630 1577 in
2663 1527 2883 1578 cratera
2913 1525 3245 1579 occultatus
3276 1523 3625 1578 educeretur
3652 1524 3815 1577 extra

2103 1610 2313 1666 Urbem
2340 1631 2354 1679 ;
2391 1612 2590 1682 sicque
2620 1628 2720 1682 per
2742 1612 2997 1668 triduum
3030 1611 3357 1681 delituisse,
3389 1612 3487 1667 sed
3518 1610 3688 1666 tertia
3716 1625 3816 1666 no-

2020 1698 2072 1762 B
2102 1704 2189 1755 cte
2223 1700 2437 1755 indicio
2472 1700 2707 1771 fulgida
2738 1701 3022 1756 columna
3055 1702 3236 1757 fuisse
3259 1702 3551 1756 detectum
3576 1703 3632 1755 et
3663 1714 3815 1755 com-

2106 1789 2481 1861 prehensum.
2516 1789 2695 1846 Missa
2727 1790 2872 1846 facio
2905 1795 3111 1847 catera
3140 1806 3266 1864 qua
3299 1794 3421 1846 tum
3453 1788 3813 1860 obtigerunt,

2106 1880 2255 1935 mira
2287 1880 2518 1951 quidem
2577 1889 2629 1935 et
2686 1881 2999 1952 stupenda,
3035 1884 3171 1953 quia
3230 1882 3384 1953 apud
3427 1879 3671 1935 Paulum
3706 1878 3814 1950 legi

2107 1974 2346 2041 queunt.
2379 1970 2638 2027 Joannes
2679 1972 2969 2027 Diaconus
3001 1973 3061 2027 in
3116 1972 3388 2028 omnibus
3419 1970 3536 2026 fere
3567 1967 3812 2025 Paulum

2105 2066 2363 2127 secutus,
2392 2062 2611 2117 nullius
2634 2066 2830 2118 tamen
2865 2061 3013 2118 alius
3034 2062 3183 2134 signi
3210 2062 3498 2129 meminit,
3518 2076 3694 2132 quam
3726 2075 3819 2115 co-

2108 2149 2324 2205 lumna
2354 2150 2607 2222 fulgida.
2661 2152 2788 2221 Ipse
2814 2152 3127 2223 Gregorius
3160 2150 3439 2207 miracula
3468 2155 3607 2205 tunc
3640 2150 3811 2207 facta.

2106 2240 2211 2295 etsi
2245 2255 2507 2311 premere
2539 2238 2791 2308 silentio,
2828 2258 2941 2311 pra
2987 2240 3270 2296 modestia
3298 2244 3353 2295 et
3384 2238 3567 2294 animi
3597 2236 3817 2293 demis-

2110 2329 2275 2385 sione
2298 2330 2448 2401 (qua
2481 2329 2663 2385 amba
2716 2331 2955 2387 virtutes
2986 2332 3042 2387 in
3076 2331 3203 2403 ipso
3236 2329 3558 2402 prasertim
3587 2328 3815 2382 enitue-

2110 2424 2267 2486 runt,
2292 2420 2614 2491 plurimum
2638 2425 2919 2494 Optasset,
2942 2418 3318 2475 dissimulare
3337 2423 3535 2475 tamen
3576 2414 3815 2472 omnino

2109 2525 2225 2563 non
2261 2510 2467 2581 potuit,
2510 2511 2773 2567 scribens
2805 2511 2877 2565 ad
2927 2509 3210 2577 Natalem,
3258 2508 3661 2564 Salonitanum
3694 2505 3816 2575 epi-

2107 2613 2385 2669 scopum:
2424 2599 2830 2656 Conscientiam
2874 2608 3117 2655 nostram
3147 2598 3477 2665 indicamus,
3511 2598 3683 2668 ipsius
3715 2594 3817 2650 ho-

2105 2686 2258 2743 noris
2288 2703 2453 2743 onera
2498 2704 2585 2744 me
2609 2705 2756 2760 agro
2800 2690 2987 2744 animo
3026 2686 3343 2758 suscepisse.
3377 2685 3478 2741 Sed
3510 2684 3640 2755 quia
3670 2682 3820 2738 divi-

2106 2778 2195 2831 nis
2214 2776 2445 2847 judiciis
2475 2793 2583 2832 non
2608 2782 2863 2848 poteram
2884 2778 3174 2844 resuttare,
3210 2780 3320 2832 etc.
3346 2775 3493 2844 (Lib.
3522 2789 3563 2840 ι,
3595 2789 3678 2844 ep.
3700 2771 3816 2842 21).

2107 2868 2177 2923 Et
2200 2867 2270 2921 ad
2303 2866 2626 2938 Cyriacum,
2652 2866 3362 2938 Constantinopolitanum
3386 2860 3811 2935 patriarcham:

2109 2958 2215 3028 Ego
2244 2971 2452 3028 quoque
2505 2956 2601 3028 qui
2658 2956 2922 3027 indignus
2979 2956 3048 3012 ad
3097 2957 3273 3011 locum
3321 2952 3611 3024 regiminis
3667 2951 3817 3019 veni,

2107 3047 2454 3117 inﬁrmitatis
2510 3063 2642 3104 mea
2693 3051 2955 3116 conscius,
3004 3049 3297 3103 secretiora
3344 3046 3460 3101 loca
3495 3048 3679 3116 petere
3708 3040 3821 3096 ali-

2111 3139 2330 3209 quando
2352 3139 2699 3195 decreveram
2719 3156 2739 3201 ;
2760 3139 2851 3194 sed
2879 3154 3119 3210 superna
3138 3136 3278 3192 mihi
3289 3135 3506 3209 judicia
3537 3132 3821 3190 adversari

2110 3228 2466 3299 conspiciens,
2516 3229 2657 3300 jugo
2688 3228 2996 3284 Conditoris
3042 3227 3259 3283 subdidi
3306 3225 3572 3284 cervicem
3618 3223 3818 3280 cordis.

2109 3318 2252 3389 (Lib.
2287 3335 2385 3388 vn,
2419 3335 2503 3389 ep.
2539 3320 2617 3390 4.)
2651 3324 2813 3392 Fuga
2845 3318 3319 3389 latebrarumque
3351 3330 3589 3371 suarum
3624 3312 3821 3368 memi-

2112 3408 2198 3463 nit
2229 3424 2463 3481 quoque
2491 3407 2661 3464 initio
2692 3408 2828 3464 libri
2860 3408 3091 3481 Regula
3123 3405 3456 3463 Pastoralis.
3494 3403 3581 3458 Ita
3610 3401 3823 3471 Grego-

2112 3498 2237 3553 rius
2269 3496 2554 3569 vocantis,
2604 3498 2815 3555 melius
2867 3498 3136 3563 dixerim,
3186 3494 3446 3568 cogentis
3477 3493 3577 3549 Dei
3610 3492 3820 3563 signis,

2112 3586 2306 3659 potius
2338 3604 2512 3659 quam
2545 3587 2853 3643 hominum
2875 3586 3023 3642 votis
3045 3586 3478 3657 obtemperans,
3512 3582 3821 3638 accedente

2110 3677 2481 3748 imperatoris
2520 3692 2809 3732 consensu
2861 3681 2917 3731 et
2967 3676 3371 3747 gratulatione,
3405 3672 3704 3729 ordinatus
3734 3671 3823 3725 est

2111 3767 2203 3822 die
2233 3768 2265 3821 3
2297 3766 2653 3836 Septembris
2703 3784 2796 3821 an.
2829 3767 2955 3835 590,
2988 3767 3046 3821 in
3094 3767 3218 3836 ipso
3264 3762 3604 3819 indictionis
3654 3775 3821 3817 nona

2113 3856 2420 3928 principio,
2448 3872 2574 3926 qua
2600 3856 2726 3911 dies
2757 3856 2813 3909 in
2838 3855 3051 3909 tabulis
3074 3852 3486 3910 ecclesiasticis
3517 3851 3821 3922 consigna-

2114 3954 2187 4015 ta,
2222 3946 2359 4001 olim
2406 3946 2513 4001 fuit
2584 3946 2985 4001 celeberrima.
3045 3945 3189 4000 Cum
3248 3943 3403 3999 enim
3458 3940 3819 3997 sanctissimi

2112 4036 2409 4092 Pontificis
2443 4036 2652 4091 natalis
2673 4034 2969 4092 incidatin
2994 4034 3148 4089 diem
3174 4032 3240 4087 12
3271 4031 3486 4097 Martii,
3521 4047 3637 4101 quo
3660 4034 3817 4083 tem-

2113 4142 2253 4198 pore
2285 4130 2515 4197 prOpter
2552 4124 3070 4195 Quadragesimam
3102 4120 3274 4177 nulla
3310 4120 3632 4193 antiquitus
3657 4119 3821 4173 erant

2114 4216 2463 4272 Sanctorum
2495 4214 2786 4271 solemnes
2842 4213 3017 4279 feria,
3068 4211 3465 4269 anniversaria
3494 4210 3621 4280 ejus
3652 4207 3816 4263 ordi-

2115 4306 2372 4361 nationis
2404 4305 2551 4373 dies,
2602 4304 2791 4375 ipsius
2835 4303 3123 4359 memoria
3155 4300 3512 4358 celebranda
3543 4298 3655 4355 fuit
3683 4314 3820 4355 con-

2117 4397 2334 4449 secrata
2347 4432 2359 4444 .

278 4477 571 4529 Romana
603 4446 1053 4546 administratio,
1098 4476 1281 4533 donec
1312 4480 1407 4549 qui
1454 4446 1673 4536 electus
1704 4446 1836 4537 erat
1852 4446 2000 4553 poni;
2034 4446 2082 4511 D
2378 4496 2515 4537 vero
2537 4480 2838 4552 paululum
2858 4479 3269 4548 subsistamus,
3294 4482 3351 4535 et
3380 4477 3657 4535 admirati
3677 4492 3822 4550 pene

280 4566 331 4618 ti
342 4562 436 4619 fex
458 4569 915 4621 consecraretur.

367 4654 421 4709 8.
464 4654 542 4709 De
572 4654 897 4711 concivium
952 4671 1186 4714 suorum
1241 4657 1430 4713 salute
1473 4658 1755 4715 sollicitus
1787 4660 2007 4733 Grego-

283 4742 445 4807 rius,
481 4757 625 4813 pene
656 4743 749 4797 sui
780 4743 997 4799 oblitus
1026 4746 1234 4812 fuerat,
1260 4750 1313 4801 et
1336 4747 1695 4819 propositum
1722 4747 2006 4819 fugienda

282 4830 612 4903 pontificis:
670 4832 973 4904 dignitatis
1033 4833 1449 4892 intermiserat.
1509 4837 1754 4893 Securus
1810 4838 2007 4895 forsan

284 4921 649 4987 dormiebat,
683 4922 838 4992 quod
873 4922 1220 4978 Mauricium
1266 4925 1672 4995 imperatorem
1705 4927 1829 4983 suis
1867 4945 2007 4999 sup-

286 5009 545 5082 plicibus
590 5010 800 5065 litteris
850 5017 1179 5081 permotum
1232 5014 1495 5069 electioni
1526 5016 1688 5070 facta
1721 5033 1836 5072 non
1868 5033 2009 5073 con-

290 5116 616 5157 sensumm
678 5109 955 5173 speraret.
1022 5102 1091 5158 Ut
1147 5120 1279 5159 vero
1356 5104 1577 5176 accepit
1626 5105 2008 5177 interceptam

292 5191 479 5246 fuisse
510 5206 679 5245 suam
732 5192 801 5246 ad
849 5194 1175 5263 Augustum
1207 5194 1515 5265 epistolam
1547 5199 1603 5250 et
1643 5196 1814 5250 aliam
1848 5195 2007 5252 dela-

293 5284 417 5335 tam
456 5296 573 5351 qua
603 5280 905 5351 prafectus
941 5282 1107 5338 Urbis
1138 5299 1271 5338 eum
1321 5286 1391 5340 de
1432 5284 1709 5341 electione
1740 5286 2007 5341 unanimi

297 5384 595 5427 consensu
648 5369 819 5438 facta,
869 5376 926 5427 et
976 5372 1047 5428 de
1079 5373 1402 5430 incredibili
1433 5374 1629 5447 populi
1661 5376 1843 5432 totius
1872 5391 2011 5447 erga

2116 4571 2391 4627 invictam
2409 4569 2742 4642 Gregoriiin
2765 4568 3038 4642 fugiendo
3054 4568 3397 4640 pontiﬁcatu
3415 4567 3793 4640 pertinaciam
3806 4606 3820 4632 ,

2120 4660 2435 4717 doleamus
2456 4658 2726 4716 Ecclesia
2757 4658 2967 4721 vicem.
2991 4659 3162 4729 cujus
3184 4657 3501 4729 dignitates
3518 4666 3573 4713 et
3589 4671 3824 4713 summa

2119 4748 2443 4807 sacerdotia
2463 4748 2744 4805 invadunt
2792 4748 3057 4820 plerique
3090 4747 3409 4815 ambitiosi,
3442 4764 3505 4803 ea
3537 4748 3625 4802 vel
3659 4750 3823 4800 nata-

2117 4838 2260 4895 lium
2294 4853 2527 4895 suorum
2554 4837 2867 4908 splendori,
2888 4838 2976 4893 vel
3000 4836 3572 4909 consanguineorum
3609 4833 3821 4889 bellica

2120 4929 2472 4994 fortitudini,
2500 4928 2590 4983 vel
2613 4928 2737 4984 suis
2759 4928 2818 4983 in
2837 4927 2969 4984 aula
2990 4927 3286 4999 obsequiis
3308 4925 3678 4993 assiduisque
3700 4938 3823 4992 pre-

2119 5019 2287 5075 cibus
2314 5023 2373 5074 et
2394 5018 2876 5074 excubationibus
2905 5017 3099 5073 debita
3130 5015 3541 5072 existimantes.
3570 5011 3824 5066 Tantum

2118 5125 2149 5163 e
2180 5108 2369 5165 Gallia
2421 5108 2639 5163 malum
2682 5122 2894 5179 magna
2944 5107 3068 5178 jam
3126 5121 3195 5160 ex
3225 5106 3386 5174 parte
3432 5100 3659 5172 depulit
3707 5100 3827 5156 Rex

2117 5198 2664 5255 Christianissimus
2690 5197 3011 5253 Ludovicus
3041 5194 3181 5263 XIV,
3216 5194 3387 5263 cujus
3417 5192 3682 5263 exemplo
3714 5193 3829 5248 uti-

2118 5303 2253 5343 nam
2285 5288 2683 5359 obsequantur
2711 5301 2917 5342 omnes
2950 5298 3197 5354 quorum
3229 5282 3509 5338 interest:
3545 5284 3613 5339 Et
3645 5291 3826 5340 tamen

2118 5394 2315 5435 nomen
2338 5378 2545 5435 Christi
2564 5380 2731 5435 etiam
2749 5393 2853 5449 per
2876 5377 3156 5432 lucrorum
3175 5378 3465 5432 sectatores
3489 5388 3605 5432 sua
3625 5373 3827 5445 gloria

368 5574 450 5646 (a)
481 5574 561 5630 De
592 5574 829 5633 Litaniis
861 5576 1233 5636 consulendus
1268 5583 1412 5635 nota
1442 5579 1511 5634 ad
1554 5578 1767 5637 librum
1798 5581 2319 5641 Sacramentorum.
