4106 6174
390 196 506 255 283

830 195 893 259 S.
937 194 1306 259 GBEGORII
1352 198 1602 259 MAGNI
1648 200 1867 272 VITA,
1916 202 2013 263 EX
2059 202 2242 265 EJUS
2287 207 2637 272 SCRIPTIS
2682 213 3141 278 ADORNATA.
3192 221 3337 282 LIB.
3382 225 3464 287 ll.

3760 240 3865 297 284

387 335 583 392 retinet
602 342 943 409 potestatem.
966 341 1032 395 Et
1084 343 1225 409 ﬁunt
1258 339 1321 395 in
1376 338 1585 395 talibus
1622 342 1800 396 causis
1846 340 2089 397 ministri
2117 344 2169 411 Α
2208 344 2427 402 luti:et
2456 352 2639 406 tamen
2698 368 2851 409 mare
2902 357 3092 412 saeculi
3143 357 3304 429 hujus
3360 371 3677 425 necessarios
3726 372 3867 431 habet

384 430 738 496 mercenarii,
763 430 907 486 sicut
938 446 1101 485 naves
1160 432 1545 487 oneraria...”
1586 447 1818 501 quarum
1860 442 2089 489 rectores

386 518 568 589 potius
611 534 801 573 eorum
838 536 971 591 quos
1022 520 1227 576 ducunt
1256 522 1499 592 pecuniis
1526 520 1777 590 inhiant,
1807 538 1970 594 quam
1999 540 2089 579 sa-

2199 435 2511 504 huiusmodi
2552 448 2968 501 transvectores.
3010 447 3165 516 (Vide
3220 452 3447 508 Arnald.
3494 456 3556 510 de
3600 459 3869 520 Bonaualle

2202 525 2299 582 lib.
2327 526 2392 582 de
2421 528 2581 585 Card.
2618 530 2823 589 Christi
2852 550 3025 606 oper.,
3058 552 3104 592 c.
3134 538 3202 594 de
3232 540 3438 611 Baptis.
3474 543 3706 614 Christi.)

390 681 3861 725 ____.__.____________._________________________________

1619 803 1949 888 LIBER
2015 801 2649 897 SECUNDUS.

1139 952 1410 1026 Quatuor
1428 955 1669 1031 priores
1694 954 2081 1034 pontiﬁcatus
2112 955 2185 1017 S.
2221 961 2503 1037 Gregorii
2531 979 2723 1022 annos
2752 963 3152 1045 complectens.

1982 1097 2325 1112 ἡ

958 1184 1185 1240 CAPUT
1216 1186 1513 1243 PRIMUM.

387 1273 745 1340 Autumnum.
776 1300 839 1309 —-—
869 1274 1298 1340 l.‘S._Gregorius
1323 1277 1617 1330 ordinatur,
1650 1281 1701 1325 et
1722 1277 1843 1325 ﬁdei
1877 1278 2087 1340 symbo-

453 1340 561 1401 lum
580 1338 803 1401 emittit.
820 1364 882 1372 —
906 1336 955 1401 2.
981 1338 1226 1399 Ejusdem
1251 1341 1505 1399 synodica
1530 1342 1755 1400 epistola
1778 1340 1843 1388 ad
1870 1336 2087 1401 patriaro

452 1399 595 1465 cllas.
626 1398 761 1465 —_3.
794 1400 865 1465 pe
901 1398 1066 1465 ipsius
1093 1398 1463 1465 inscriptione.
1486 1398 1603 1450 —It.
1627 1403 1731 1451 Cur
1761 1398 1902 1451 dicta
1932 1417 2087 1465 syno-

451 1461 677 1528 dica.__—_—-
704 1462 751 1510 5.
784 1461 1190 1528 Gratulantibus
1219 1463 1283 1528 d_e
1307 1471 1550 1527 suscepto
1582 1465 1892 1527 pontiﬁcatu
1924 1461 2084 1528 quam

451 1523 724 1574 humiliter
763 1524 1112 1588 rescripserit.
1143 1553 1205 1562 —
1240 1526 1287 1575 6.
1320 1523 1666 1588 Alim'praa'ter
1696 1529 1855 1576 animi
1888 1523 2085 1577 demis-

455 1588 677 1652 sionem,
701 1588 1026 1652 detrectandi
1057 1590 1394 1651 episcopatus
1425 1603 1616 1648 cause,
1649 1590 1961 1652 gravissima
1987 1591 2086 1639 Ec-

453 1650 629 1722 clesiae
654 1650 811 1699 mala.
836 1677 893 1686 —
915 1650 1054 1722 7._Ea
1072 1650 1349 1722 magna_ex
1372 1650 1773 1722 ρδιῑειμειιιειὶιιὶσ2
1796 1652 1925 1722 -;8;
1960 1652 2085 1722 Ejus

453 1710 554 1776 hoc
602 1714 653 1760 in
679 1727 861 1776 repere
913 1710 1206 1776 adjutores.
1254 1710 1487 1763 Joannes
1520 1716 1615 1764 (ΣΡ.
1652 1740 1713 1751 -
1743 1714 1792 1762 9.
1834 1710 2087 1776 Eulogius

450 1774 865 1823 Alexandrinus.
914 1774 990 1811 —’
1024 1774 1098 1823 10.
1144 1776 1458 1825 Anastasius
1501 1778 1883 1826 Antiochenus.
1914 1774 2083 1826 —‘11.

449 1838 601 1886 Joan.
623 1837 1117 1899 Jerosolymitanus.
1149 1863 1208 1875 —-
1240 1839 1313 1887 12.
1354 1840 1700 1893 Domitianus,
1733 1841 1941 1889 Arabiae
1982 1854 2088 1889 me-

453 1899 642 1963 tropol.
664 1927 739 1963 7-
772 1900 846 1949 13.
881 1902 1187 1950 Dominicus
1209 1902 1453 1963 Carthag.
1486 1903 1645 1950 -14.
1679 1903 1729 1951 S.
1766 1904 2003 1951 Leander
2033 1904 2087 1951 in

450 1962 731 2029 hispania.
779 1963 957 2029 —_rnl_5.
1016 1964 1265 2029 ergilius
1310 1962 1526 2021 Arelat.,
1573 1966 1844 2029 Syagrius,
1881 1971 2002 2026 etc.,
2034 1968 2086 2013 in

450 2023 649 2073 Galliis.
683 2026 805 2084 (An.
840 2025 933 2074 590
962 2030 1014 2075 et
1045 2026 1183 2087 591.)

463 2105 511 2159 1.
534 2106 606 2176 (ιι)
632 2105 1070 2162 Consecrandus
1100 2108 1171 2163 de
1205 2122 1356 2164 more
1386 2108 1717 2179 Gregorius,
1750 2108 1825 2163 ad
1854 2108 2083 2165 Confes-

2196 1190 2386 1248 solum
2445 1210 2654 1250 nomen
2716 1198 3056 1268 patriarchas
3105 1201 3174 1256 ad
3228 1215 3397 1272 quem
3444 1204 3879 1275 unumquodque

2196 1280 2535 1338 mittebatur
2564 1292 2689 1341 erat
2733 1286 3103 1359 inscriptum.
3146 1289 3343 1361 Neque
3385 1290 3539 1345 enim
3571 1292 3875 1363 exemplum

2195 1372 2349 1441 quod
2391 1374 2460 1427 ad
2493 1374 2775 1432 Joannem
2827 1378 3083 1434 delatum
3115 1385 3224 1445 est,
3264 1380 3421 1436 aliud
3454 1398 3625 1451 quam
3655 1382 3876 1437 Joannis

2195 1461 2381 1531 ipsius
2415 1480 2623 1521 nomen
2659 1468 3018 1538 praeferebat.
3043 1469 3114 1540 (c)
3147 1469 3291 1525 Hinc
3323 1470 3537 1540 legitur
3566 1471 3745 1525 Frater
3768 1471 3882 1526 cha-

2196 1552 2433 1615 rissima,
2464 1570 2577 1609 non
2611 1555 2825 1612 Fratres
2872 1558 3209 1613 charissimi.
3242 1558 3516 1614 Nostram
3556 1559 3877 1615 sententiam

2196 1640 2527 1708 conﬁrmat,
2562 1644 2713 1712 quod
2772 1645 3154 1715 subjunctum
3199 1646 3395 1715 fuerit,
3428 1663 3461 1701 a
3490 1646 3731 1717 paribus,
3764 1652 3879 1718 post

2197 1729 2661 1797 patriarcharum
2724 1736 2984 1802 nomina,
3018 1740 3082 1791 ut
3136 1737 3194 1791 in
3246 1737 3403 1792 notis
3454 1736 3878 1792 observavimus.

2196 1814 2388 1873 Nihilo
2412 1823 2601 1876 tamen
2624 1822 2818 1878 minus
2834 1824 2957 1893 jam
2983 1824 3494 1881 consentientibus
3515 1824 3639 1880 aliis
3660 1826 3877 1896 patriar-

2198 1905 2344 1965 chis,
2379 1908 3058 1983 ConstantinOpolitanus
3118 1915 3373 1984 primum
3421 1912 3606 1969 locum
3642 1917 3759 1983 post
3786 1913 3881 1969 Ro-

2201 2009 2435 2051 manum
2469 1999 2804 2069 pontiﬁcem
2836 2003 3158 2059 obtinebat.

2271 2084 2559 2143 Tuncduo
2575 2092 3091 2147 erantAutiocheni
3114 2093 3488 2164 patriarchas;
3516 2094 3878 2163 nam(d)Ana-

386 2173 609 2249 sionem
641 2197 695 2247 S.
749 2193 900 2249 Petri
956 2194 1350 2265 apostolorum
1394 2173 1675 2267 principis
1735 2197 1947 2251 ductus
2001 2199 2076 2251 est

2199 2173 2402 2245 stasio,
2435 2193 2503 2231 ex
2537 2176 2644 2234 hac
2674 2181 2808 2235 sede
2840 2180 3027 2252 pulso,
3062 2182 3372 2254 Gregorius
3404 2182 3742 2254 subrogatus
3771 2184 3876 2237 iue-

384 2282 519 2351 (hoe
549 2284 1148 2357 nomineintelligitur
1178 2286 1328 2356 apud
1361 2291 1582 2341 veteres
1614 2287 1741 2357 ejus
1772 2288 2087 2357 sepulturae

385 2371 596 2446 locus),
630 2374 730 2430 ubi
761 2376 934 2431 ﬁdem
970 2375 1355 2431 orthodoxam
1387 2377 1675 2447 exposuit,
1708 2392 1883 2447 quam
1932 2376 2087 2432 intra

386 2478 602 2534 paucos
624 2463 891 2520 articulos
910 2464 1250 2537 complexus
1282 2469 1388 2521 est.
1426 2464 1577 2519 Illud
1627 2469 1820 2519 autem
1853 2464 2084 2536 symbo-

386 2553 509 2608 lum
569 2552 845 2609 exhibent
910 2554 1162 2627 Registri
1221 2554 1607 2623 Epistolarum
1667 2554 1895 2609 codices
1968 2554 2085 2608 fere

387 2657 591 2698 omnes
649 2659 825 2699 manu
875 2643 1113 2714 exarati,
1146 2643 1233 2699 vel
1274 2644 1333 2698 in
1394 2644 1576 2715 capite
1619 2641 1705 2697 vel
1738 2644 1808 2698 ad
1840 2642 2081 2709 calcem,

383 2731 706 2805 legiturque
736 2733 888 2804 apud
924 2732 1208 2790 Joannem
1240 2734 1558 2789 Diaconum
1600 2732 1697 2788 lib.
1730 2749 1792 2799 ιι,
1825 2748 1873 2786 c.
1908 2736 1971 2787 2:
2000 2732 2083 2787 id-

370 2820 521 2877 circo
560 2822 755 2894 ipsum
807 2828 1091 2893 tanquam
1145 2822 1457 2894 genuinum
1509 2823 1567 2877 S.
1594 2821 1850 2892 Gregorii
1894 2822 2075 2877 fetum

366 2912 627 2981 epistolis
658 2913 1089 2983 subjiciendum
1119 2912 1416 2968 duximus.

431 3002 487 3053 2.
524 3000 593 3056 Ut
622 3002 817 3068 etiam,
871 3006 1112 3073 recepta:
1157 3002 1511 3073 jamdudum
1547 3001 1626 3073 (b)
1658 3000 2073 3057 consuetudini

362 3104 583 3145 morem
616 3094 857 3162 gereret,
878 3092 1214 3163 synodicam
1237 3092 1547 3162 epistolam
1569 3091 1804 3163 scripsit
1836 3092 1905 3147 ad
1949 3108 2071 3147 om-

365 3194 468 3234 nes
500 3179 883 3250 patriarchas,
918 3180 977 3235 in
1028 3196 1141 3252 qua
1172 3180 1469 3252 suscipere
1499 3197 1564 3236 ac
1597 3180 1854 3237 venerari
1893 3181 2071 3252 proﬁ-

364 3272 520 3323 tetur
547 3273 798 3339 quatuor
828 3269 1097 3335 concilia,
1126 3268 1451 3335 Nicanum,
1485 3269 2069 3340 Constantinopolita-

363 3374 508 3412 num
542 3360 820 3428 primum,
869 3358 1248 3430 Ephesinum,
1298 3364 1355 3414 et
1402 3357 1889 3425 Chalcedonense,
1924 3362 2068 3414 sicut

2200 2268 2317 2330 rat;
2352 2281 2467 2335 quo
2507 2284 2639 2322 cum
2674 2269 2884 2340 injuria
2924 2272 3111 2343 magis
3141 2288 3313 2342 quam
3343 2272 3478 2341 jure
3508 2272 3718 2328 factum
3748 2271 3876 2326 fuis-

2198 2358 2310 2419 set,
2343 2354 2695 2428 aliundaque
2745 2361 3089 2417 Anastasius
3140 2362 3436 2433 praecipua
3465 2361 3632 2417 laude
3671 2362 3877 2431 pietatis

2196 2448 2253 2497 et
2286 2446 2557 2501 doctrinas
2591 2448 2739 2504 inter
2770 2450 3073 2506 Orientalis
3106 2450 3373 2508 Ecclesiae
3410 2451 3690 2507 antistites
3718 2451 3879 2521 fulge-

2195 2538 2312 2600 ret;
2350 2535 2534 2590 noluit
2592 2546 2827 2594 sanctus
2885 2540 3142 2611 pontifex
3202 2556 3305 2611 pro
3346 2545 3713 2596 exauctorato
3757 2555 3877 2595 eum

2195 2620 2428 2691 habere,
2463 2626 2560 2681 sed
2583 2628 2651 2681 ad
2713 2629 2902 2698 ipsum
2953 2629 3101 2685 sicut
3149 2631 3221 2685 ad
3276 2638 3517 2687 caeteros
3549 2628 3876 2701 patriarchas

2193 2713 2533 2782 synodicam
2562 2718 2908 2775 transmisit.
2933 2719 3182 2790 Jamque
3203 2720 3273 2774 ad
3298 2720 3569 2790 ejusdem
3592 2719 3797 2775 litteras
3816 2717 3875 2771 de

2191 2808 2463 2873 suscepto
2494 2822 2727 2864 summo
2760 2808 3099 2879 pontiﬁcatu
3140 2809 3555 2879 gratulatorias
3592 2806 3874 2880 responde-

2189 2895 2295 2946 rat.
2332 2894 2441 2948 Sed
2475 2896 2614 2966 quia
2644 2896 2958 2968 Gregorius
2992 2898 3041 2953 ei
3074 2914 3373 2953 successor
3407 2901 3599 2966 datus,
3631 2914 3722 2969 pro
3751 2895 3870 2965 legi-

2187 2980 2329 3036 timo
2362 2994 2591 3052 pastore
2639 2986 2699 3041 in
2748 2986 3021 3043 universa
3067 2986 3318 3044 Orientis
3350 2988 3627 3053 Ecclesia,
3658 2985 3869 3043 nemine

2184 3070 2507 3128 reluctante
2528 3076 2968 3146 agnoscebatur,
2992 3077 3079 3131 vir
3103 3076 3364 3148 alioquin
3396 3078 3470 3133 ob
3493 3074 3867 3133 sanctissimos

2184 3177 2395 3222 mores,
2419 3163 2754 3235 episcopatu
2780 3166 3021 3236 dignus,
3041 3182 3171 3221 eum
3196 3168 3494 3237 praeterire
3515 3165 3865 3222 insalutatam

2181 3266 2296 3306 non
2326 3252 2528 3307 debuit
2559 3270 2742 3310 novus
2776 3272 2942 3325 papa,
2975 3270 3048 3310 ne
3080 3271 3281 3326 pacem
3318 3257 3604 3311 turbaret.

2250 3342 2302 3395 4.
2338 3342 2622 3413 Synodica
2678 3342 2766 3400 vel
2826 3344 3123 3416 synodalia
3176 3346 3333 3401 dicta
3386 3351 3479 3401 est
3536 3343 3866 3417 praelaudata

363 3425 558 3502 sancti
576 3447 873 3520 Evangelii
894 3425 1137 3519 quatuor
1183 3448 1355 3504 libros
1383 3448 1532 3518 (Lib.
1563 3465 1601 3515 ι,
1635 3464 1721 3519 ep.
1760 3448 1837 3518 4).
1870 3450 1931 3503 In
1964 3464 2065 3503 ea-

2184 3430 2439 3503 epistola.
2471 3432 2657 3488 Simul
2703 3450 2769 3490 ac
2808 3434 2961 3489 enim
2997 3435 3129 3505 quis
3159 3443 3392 3490 creatus
3447 3442 3571 3490 erat
3596 3434 3865 3490 Romanus

357 3536 493 3591 dem
535 3535 780 3608 epistola
803 3536 1102 3606 synodica,
1136 3554 1203 3593 ea
1233 3553 1349 3608 qua
1396 3553 1500 3609 par
1529 3541 1650 3592 erat
1677 3537 2062 3606 veneratione,

356 3623 668 3695 Gregorius
717 3624 1089 3696 amplectitur
1145 3625 1418 3696 quintum
1479 3624 1808 3692 concilium,
1859 3626 1919 3679 in
1964 3640 2065 3695 quo

359 3714 586 3783 epistola
635 3730 754 3785 quae
812 3715 926 3772 Iba:
971 3714 1191 3782 dicitur,
1236 3718 1439 3771 erroris
1477 3716 1639 3785 plena
1688 3714 2067 3785 reprobatur;

360 3802 663 3859 Theodorus
714 3819 1009 3877 personam
1055 3803 1379 3860 Mediatoris
1424 3805 1519 3859 Dei
1570 3806 1621 3859 et
1670 3803 2063 3869 hominum,in

354 3892 567 3948 duabus
599 3891 779 3948 2I9
823 3894 1152 3949 substantiis
1189 3909 1470 3965 separans,
1510 3892 1581 3949 ad
1612 3894 1910 3965 impietatis
1930 3908 2065 3964 per-

351 3983 549 4052 ﬁdiam
570 3982 825 4039 cecidisse
851 3983 1235 4051 convincitur,-
1263 3985 1465 4055 scripta
1494 3998 1703 4054 quoque
1736 3982 2062 4052 Theodoriti,

350 4088 450 4145 per
480 4088 598 4143 qua
617 4074 760 4129 beati
790 4072 990 4145 Cyrilli
1009 4074 1139 4144 ﬁdes
1161 4073 1596 4144 reprehenditur,
1620 4089 1757 4127 ausu
1778 4072 2062 4128 dementia

353 4162 571 4231 prolata
601 4165 937 4232 refutantur.
968 4162 1215 4217 Subdit:
1251 4164 1485 4217 Cunctas
1514 4177 1641 4217 vero
1672 4178 1806 4231 quas
1826 4164 2064 4231 prae/aia

356 4251 668 4306 veneranda
715 4253 953 4307 concilia
998 4267 1259 4323 personas
1310 4255 1594 4323 respuunt,
1653 4266 1851 4321 respuo
1897 4250 2057 4319 (Ibid.

359 4355 446 4410 ep.
477 4340 589 4410 25).
622 4339 881 4396 Tandem
913 4340 1207 4411 quoslibet
1264 4341 1431 4397 aliter
1471 4340 1790 4396 sentientes
1820 4339 2060 4395 anathe-

360 4434 511 4483 mate
542 4427 693 4483 ierit.
741 4428 803 4483 ln
858 4429 973 4485 alia
1020 4447 1223 4486 rursus
1270 4430 1512 4501 epistola
1540 4430 1680 4501 (Lib.
1714 4446 1798 4497 ιιι,
1832 4446 1913 4501 ep.
1952 4430 2059 4501 l0),

358 4519 611 4588 quatuor
670 4517 1011 4574 universalis
1060 4517 1321 4575 Ecclesiae
1371 4518 1604 4592 synodis
1653 4535 1787 4575 cum
1821 4520 2057 4575 totidem

352 4606 522 4663 libris
552 4605 997 4677 Evangeliorum
1031 4607 1257 4664 collatis
1281 4626 1576 4665 summam
1608 4625 2059 4681 supremamque

350 4693 557 4751 tribuit
585 4694 1012 4751 auctoritatem.

2175 3522 2451 3593 pontifex,
2485 3521 2739 3578 collectis
2785 3524 2994 3580 vicinis
3043 3525 3351 3596 episcopis,
3389 3526 3676 3598 synodum
3707 3523 3866 3577 habe-

2174 3611 2293 3679 bat,
2328 3612 2384 3666 in
2408 3628 2520 3682 qua
2541 3628 2599 3668 se
2632 3613 2761 3669 ﬁdei
2787 3614 3083 3670 catholicas
3108 3623 3461 3671 assertorem
3488 3614 3863 3687 proﬁtebatur;

2174 3716 2241 3757 ex
2263 3718 2444 3773 eaque
2468 3705 2685 3772 synodo
2709 3705 2956 3775 epistola
2996 3706 3276 3775 synodica
3318 3704 3637 3762 transmitti
3663 3701 3868 3759 solebat

2173 3792 2243 3845 ad
2270 3794 2539 3849 absentes
2561 3793 2814 3849 universi
2838 3794 2996 3849 orbis
3019 3795 3341 3866 episcopos,
3364 3796 3730 3866 potissimum
3748 3804 3864 3845 vero

2171 3883 2239 3936 ad
2267 3883 2687 3954 principuarum
2711 3884 3085 3955 ecclesiarum
3129 3886 3513 3954 patriarchas.
3536 3885 3718 3957 Hujus
3740 3894 3864 3937 sane

2172 3972 2611 4028 consuetudinis
2668 3974 2934 4047 exempla
2979 3974 3039 4030 in
3081 3974 3336 4047 antiquis
3370 3976 3639 4031 Ecclesiae
3674 3985 3861 4027 monu-

2171 4061 2389 4117 mentis
2414 4064 2637 4133 passim
2678 4070 2817 4119 sunt
2837 4066 3023 4121 obvia.
3065 4065 3239 4120 Porro
3264 4066 3400 4120 ﬁdei
3424 4083 3541 4120 suae
3565 4060 3863 4120 confessio-

2172 4168 2300 4208 nem
2327 4170 2530 4210 recens
2554 4160 2890 4226 assumptus
2919 4156 2988 4211 ad
3014 4156 3427 4228 pontiﬁcatum
3454 4153 3734 4216 mittebat,
3759 4164 3863 4205 non

2170 4241 2361 4297 solum
2400 4249 2464 4300 ut
2494 4261 2555 4301 se
2586 4246 2975 4301 orthodoxum
3009 4245 3302 4317 probaret,
3326 4245 3430 4300 sed
3480 4245 3652 4300 etiam
3693 4244 3751 4295 ut
3777 4236 3863 4293 sub

2170 4347 2295 4403 qua
2325 4332 2431 4402 ﬁde
2463 4335 2751 4391 vivendum
2780 4340 2913 4391 esset
2943 4334 3241 4390 secundum
3264 4338 3473 4391 statuta
3503 4339 3740 4405 patrum,
3767 4326 3865 4383 sibi

2168 4422 2432 4479 subditos
2461 4425 2709 4481 doceret.
2770 4429 2890 4480 Hac
2939 4425 3115 4479 etiam
3165 4424 3224 4478 in
3276 4422 3545 4495 epistola,
3588 4414 3864 4493 primariis

2168 4513 2480 4570 Orientalis
2536 4514 2798 4571 Ecclesiae
2857 4513 3165 4585 episcopis,
3227 4514 3353 4583 ipse
3401 4513 3634 4584 primus
3682 4510 3865 4579 pastor

2168 4603 2499 4675 Gregorius,
2558 4604 2739 4660 voluit
2793 4603 3293 4659 absolutissimam
3346 4606 3503 4658 recte
3556 4595 3785 4671 regendi
3813 4597 3861 4648 et

2164 4692 2441 4765 pascendi
2500 4692 2707 4748 Christi
2766 4692 2957 4764 gregis
3010 4692 3253 4747 formam
3289 4692 3599 4763 praebere:
3647 4688 3713 4741 ad
3748 4683 3861 4738 illos

420 4785 473 4842 3.
509 4787 571 4840 In
606 4784 783 4855 hujus
833 4784 1092 4856 epistolas
1140 4788 1425 4858 synodicae
1469 4789 1539 4843 ad
1585 4787 1941 4859 patriarchas
1973 4789 2056 4844 in-
2087 4804 2132 4869 Ι)
2166 4786 2323 4840 enim
2356 4784 2649 4841 fusissime
2682 4801 2745 4840 ac
2777 4783 3116 4840 doctissime
3146 4782 3348 4837 scribit
3400 4781 3473 4835 de
3505 4792 3743 4869 munere
3774 4789 3858 4845 pa-

348 4876 664 4948 scriptione
706 4875 957 4945 primum
981 4876 1245 4933 omnium
1264 4878 1512 4933 occurrit
1532 4878 1771 4935 Joannis
1788 4880 2057 4935 Constan-

350 4965 718 5037 tinopolitani
750 4981 983 5036 nomen,
1015 4966 1168 5037 quod
1202 4983 1235 5021 a
1266 4966 1750 5039 Grcgorianarum
1784 4967 2053 5038 epistola-

351 5072 483 5111 rum
511 5056 920 5115 collectoribus
954 5058 1189 5123 factum,
1223 5074 1337 5113 non
1365 5058 1437 5112 ah
1469 5058 1594 5128 ipso
1626 5058 2055 5129 Gregoriojure

350 5151 547 5201 censet
576 5147 862 5204 Baronius
894 5146 998 5219 (Ad
1024 5164 1121 5203 an.
1152 5148 1304 5219 591).
1337 5148 1596 5220 Singulis
1626 5150 1782 5205 enim
1816 5150 2056 5220 patriar-

352 5232 479 5290 chis
496 5235 727 5306 singula
748 5236 909 5293 misit
925 5237 1083 5295 illius
1101 5238 1355 5309 epistola
1370 5238 1744 5311 exemplaria,
1760 5239 1817 5294 in
1841 5238 2053 5309 quibus

425 5415 499 5484 (a)
532 5413 718 5483 Hujus
748 5414 1131 5472 ordinationis
1160 5418 1285 5472 dies
1316 5417 1375 5471 in
1409 5417 1619 5473 tabulis
1645 5418 2053 5477 ecclesiasticis

353 5486 767 5558 consignatur;
799 5489 1005 5555 estque
1034 5490 1203 5543 tertia
1234 5489 1609 5558 Septembris.

419 5556 713 5632 (b)_Hujus
738 5560 1177 5632 consuetudinis
1210 5556 1473 5615 meminit
1498 5561 1808 5632 Gregorius
1837 5562 1936 5619 lib.
1972 5580 2047 5631 Ix,

344 5627 434 5713 ep.
467 5628 577 5712 b2:
611 5628 749 5711 Hinc
797 5634 894 5696 est,
917 5627 1129 5710 inquit,
1180 5636 1243 5683 ut
1258 5633 1519 5754 juotiens
1550 5627 1879 5703 in'quatuor
1909 5627 2051 5716 pra;

344 5716 512 5754 cumis
566 5698 809 5754 sedibus.
865 5701 1143 5754 antistites
1195 5715 1258 5754 or
1298 5711 1550 5754 tuantur-
1607 5704 1899 5754 sunadales
1942 5706 2050 5754 ςιὺὶ

337 5698 512 5777 cipuis
566 5698 809 5771 sedibus,
865 5699 1143 5757 antistites
1195 5698 1550 5773 ordinantur,
1607 5698 2050 5775 synodales'sibi

2166 4876 2393 4942 storali;
2428 4876 2571 4931 adeo
2604 4880 2666 4930 ut
2696 4877 2754 4930 in
2789 4890 2854 4930 ea
2884 4873 3131 4946 epistola
3180 4889 3280 4928 suo
3312 4873 3382 4928 de
3416 4871 3639 4943 Regula
3668 4868 3860 4923 Pasto-

2166 4966 2269 5021 rali
2304 4982 2477 5022 aureo
2510 4966 2681 5038 plane
2738 4964 2883 5021 libro
2941 4963 3277 5035 prtelusisse
3334 4962 3624 5016 videatur.
3659 4955 3855 5011 Verum

2165 5057 2310 5113 nihil
2341 5057 2527 5129 magis
2544 5058 2733 5113 elucet
2754 5057 2812 5111 in
2854 5072 2941 5126 ea,
2974 5072 3153 5126 quam
3177 5053 3467 5125 stupenda
3489 5051 3596 5107 viri
3630 5045 3856 5103 sanctis-

2164 5148 2298 5203 simi
2322 5147 2635 5213 humilitas,
2662 5146 2947 5218 imparem
2980 5162 3041 5201 se
3062 5143 3372 5217 episcopali
3402 5158 3562 5198 curae
3591 5156 3659 5195 ex
3688 5136 3859 5193 anirno

2164 5237 2514 5307 proﬁtentis.
2550 5236 2661 5309 (Cf.
2694 5251 2779 5307 ep.
2805 5239 2837 5290 2
2861 5235 3064 5291 Gelasii
3093 5235 3137 5299 1,
3180 5238 3311 5289 tom.
3344 5238 3532 5287 nostro
3563 5228 3707 5297 LIX.)

2162 5420 2395 5474 invicem
2422 5416 2680 5488 epistolas
2708 5415 2951 5483 mittant,
2972 5416 3033 5488 in
3064 5413 3263 5485 quibus
3290 5416 3621 5488 se‘sanctam
3653 5402 3855 5488 Qhalee-

2160 5478 2460 5546 donensem'
2476 5488 2745 5561 synodum
2780 5505 2902 5544 cum
2930 5478 3087 5542 aliis'
3113 5484 3467 5555 generalibus
3516 5478 3735 5551 synodi:
3762 5489 3846 5528 cu-

2158 5562 2271 5618 stod
2278 5564 2361 5617 ire
2390 5565 2689 5628 fateantur.

2231 5634 2305 5701 (c)
2340 5633 2473 5688 Vide
2500 5641 2693 5688 notam
2728 5649 2758 5685 u
2791 5632 2860 5686 ad
2895 5632 3041 5685 hanc
3074 5629 3400 5701 epistolam.

2230 5696 2310 5775 (tt)
2336 5702 2415 5760 De
2445 5704 2543 5763 illo
2570 5702 2809 5762 consule
2840 5707 3004 5758 notas
3034 5696 3227 5773 ad'ep.
3260 5700 3294 5756 7
3314 5696 3413 5755 lib.
3446 5712 3488 5753 1.
