4106 6174
280 234 405 291 285

732 234 792 293 S.
842 229 1225 292 GREGORII
1272 229 1525 291 MAGNI
1570 228 1781 294 VlTA,
1833 225 1927 286 EX
1977 226 2162 288 EJUS
2205 220 2556 285 SCRIPTIS
2600 217 3044 281 ADOBNATA.
3091 216 3240 277 LIB.
3288 215 3364 275 Il.

3694 209 3814 271 286

360 368 413 423 5.
447 367 723 423 Eamdem
770 366 951 422 animi
1000 365 1415 421 demissionem
1450 367 1725 419 testatum
1760 361 1998 433 reliquit
2026 362 2081 429 Α
2112 353 2945 429 QuippeLangorbardiaut(a)
2969 346 3559 415 idololatrizsaddicti,
3582 352 3682 401 aut
3705 344 3813 399 im-

282 456 348 509 in
381 455 651 525 plurimis
682 474 828 529 quas
859 456 1033 527 paulo
1066 461 1198 527 post
1227 458 1559 524 susceptum
1593 452 1996 525 pontiﬁcatum

280 546 586 618 rescripsit
619 546 903 618 epistolis.
938 545 1161 617 Quippe
1185 545 1380 601 statim
1405 560 1471 600 ac
1508 545 1666 598 fama
1688 543 1757 599 de
1778 542 1905 611 ejus
1927 543 1995 596 ad

277 653 588 692 summum
622 638 1027 709 pontiﬁcatum
1056 636 1460 708 assumptione
1489 634 1837 706 percrebuit,
1869 632 2001 687 illu-

274 731 438 782 stres
454 727 564 782 viri
587 726 1030 798 quamplurimi,
1054 726 1309 781 maxime
1330 726 1429 796 qui
1454 725 1510 779 in
1535 726 1675 779 urbe
1700 722 1857 795 regia
1878 723 2001 792 ejus

278 815 611 884 modestiae,
645 815 969 887 sapientiae,
1004 815 1254 887 pietatis,
1304 819 1763 883 ceterarumque
1811 811 2001 865 virtu—

275 912 416 961 tum
448 911 627 962 testes
654 911 711 963 et
741 906 959 963 conscii
994 907 1242 975 fuerant,
1274 921 1406 961 eum
1437 903 1640 959 amicis
1662 908 1718 958 et
1744 900 1999 975 gratula-

276 994 452 1050 toriis
487 994 702 1051 litteris
735 995 1177 1066 compellavere,
1229 993 1443 1065 quibus
1485 993 1675 1064 potius
1713 990 2002 1062 lacrymas

274 1092 336 1142 et
357 1088 622 1158 gemitus
645 1104 818 1159 quam
841 1088 1035 1155 verba,
1061 1087 1428 1142 rescribendo
1452 1085 1706 1141 reddidit
1720 1087 1777 1139 et
1800 1099 1999 1154 repen-

274 1178 395 1231 dit.
436 1178 713 1247 Legenda:
745 1182 881 1233 sunt
911 1194 1026 1249 prae
1083 1177 1305 1233 creteris
1363 1175 1533 1231 tertia
1589 1191 1721 1229 cum
1754 1178 2003 1244 quatuor

272 1268 701 1339 sequentibus,
724 1268 1007 1340 vigesima
1038 1269 1244 1338 prima,
1270 1273 1325 1322 et
1349 1266 1800 1337 quadragesima
1829 1264 2004 1318 tertia

268 1358 385 1413 lib.
427 1375 464 1427 ι,
498 1358 555 1412 in
590 1359 804 1428 quibus
853 1358 1363 1413 vehementissime
1392 1356 1546 1411 dolet
1590 1355 1862 1425 imposita
1893 1352 2004 1408 sibi

260 1448 585 1503 immerito
620 1454 676 1504 et
706 1449 917 1520 impari
948 1450 1323 1520 episcopatus
1357 1448 1641 1517 pondera:
1678 1446 1868 1511 Tanto,
1909 1444 1999 1498 in-

261 1541 422 1609 quit
475 1539 777 1594 Narsetem
836 1540 1144 1609 patricium
1207 1538 1534 1608 alloquens,
1576 1552 1662 1591 me
1690 1551 2003 1605 percussum

259 1644 523 1683 maerore
560 1628 856 1698 agnoscite,
890 1632 949 1682 ut
980 1627 1073 1681 via:
1113 1628 1265 1698 loqui
1291 1627 1564 1697 sufﬁciam
1588 1642 1609 1687 ;
1645 1625 1826 1679 oculos
1857 1626 2003 1678 enim

2108 448 2341 520 pietatis
2366 447 2587 501 Arianae
2603 448 2937 511 sectatores,
2957 441 3150 496 Romae
3168 438 3343 495 totius
3366 435 3709 492 Christianae
3733 450 3815 490 re-

2107 536 2342 605 ligionis
2365 534 2482 589 arci
2506 532 2922 599 imminebant;
2951 544 3273 600 parumque
3312 525 3499 582 abfuit
3533 524 3674 595 quin
3716 539 3812 577 ex-

2108 630 2455 698 pugnarent.
2489 625 2685 695 Nuper
2723 620 3021 689 Autharis,
3055 620 3321 690 ipsorum
3381 632 3477 673 rex
3534 613 3813 681 Arianus,

2108 716 2321 771 liberos
2352 730 2553 771 eorum
2576 714 2635 768 in
2660 713 2769 767 fide
2789 708 3075 766 catholica
3116 707 3395 777 baptizari
3421 703 3819 776 prohibuerat,

2110 805 2559 874 orthodoxisque
2582 818 2709 858 sese
2735 799 3203 856 infensissimum
3228 794 3569 852 ostendebat
3600 792 3744 863 (Lib.
3779 808 3812 858 ι,

2109 916 2194 969 ep.
2232 899 2339 969 1'7).
2374 896 2649 952 Fervebat
2697 894 3039 964 furebatque
3069 892 3129 946 in
3166 890 3329 945 lstria
3358 892 3414 943 et
3456 887 3516 941 in
3550 883 3817 940 finitimis

2111 988 2423 1059 provinciis
2455 986 2849 1055 schismapro
2881 982 3065 1038 tribus
3096 978 3370 1051 capitulis
3391 975 3726 1032 excitatum.
3752 973 3816 1028 In

2112 1078 2389 1148 Hispania
2447 1084 2500 1132 et
2558 1076 2738 1131 Gallia
2795 1070 3156 1129 Narbonensi
3186 1067 3498 1140 Wisigothi
3538 1065 3819 1121 Arianam

2114 1168 2376 1223 haeresim
2410 1167 2479 1221 ad
2506 1167 2626 1220 haec
2649 1181 2832 1236 usque
2864 1168 3128 1234 tempora
3162 1159 3617 1215 disseminarant
3648 1151 3821 1209 2‘20

2113 1263 2168 1312 et
2191 1263 2595 1328 propagarant.
2619 1255 2727 1317 Qui
2749 1252 3111 1309 Britanniam
3133 1250 3468 1304 invaserant
3490 1243 3687 1315 Angli,
3716 1243 3819 1297 ad-

2112 1347 2223 1401 huc
2254 1346 2541 1401 idolorum
2566 1344 2746 1400 cultui
2789 1342 3124 1411 mancipati,
3165 1337 3376 1394 Christi
3410 1349 3619 1391 nomen
3666 1334 3822 1401 igno-

2113 1438 2341 1491 rabant.
2391 1436 2712 1507 Pergebant
2771 1432 3078 1488 Donatista:
3133 1430 3459 1485 Africanam
3504 1422 3820 1479 Ecclesiam

2112 1529 2374 1583 scindere
2395 1526 2855 1597 vexarequejam
2882 1538 3025 1595 pene
3051 1520 3239 1576 tribus
3289 1536 3321 1575 a
3352 1516 3604 1573 saeculis.
3649 1512 3822 1568 Foeda

2112 1616 2567 1672 eratOrientalis
2622 1613 2887 1670 Ecclesiae
2950 1612 3148 1675 facies,
3201 1615 3435 1680 propter
3487 1606 3827 1676 grassantes

256 1721 489 1772 mentis
518 1690 659 1773 mea!
688 1690 887 1773 doloris
934 1690 1473 1773 tenebrwlobsident.
1523 1717 1688 1769 Triste
1717 1720 1796 1769 est
1846 1711 2004 1784 quid-
2039 1736 2084 1802 Β
2114 1708 2330 1779 ubique
2353 1706 2596 1761 Nestorii
2621 1708 2721 1759 aut
2759 1701 3096 1774 Eutychetis
3137 1714 3385 1766 errores,
3412 1708 3660 1767 quorum
3694 1690 3823 1763 plu-

262 1808 426 1879 quid
456 1808 748 1876 aspicitur,
795 1815 903 1864 etc.
962 1808 1108 1871 Quia
1161 1824 1297 1863 vero
1346 1823 1479 1863 suas
1530 1806 1841 1877 lacrymas,
1898 1807 2004 1857 etsi

2117 1798 2251 1853 rimi
2277 1797 2497 1852 surculi
2522 1794 2897 1866 pullularunt.
2931 1792 3031 1848 His
3054 1789 3511 1845 accensebautur
3540 1781 3824 1854 Agnoitte,

258 1869 484 1969 iuges,
519 1869 594 1953 ad
646 1869 1065 1970 deplorandam
1126 1902 1405 1952 mutatam
1464 1869 1704 1962 sortem,
1774 1869 2009 1948 minime
2119 1887 2455 1958 quinonita
2481 1886 2702 1956 pridem
2726 1884 2881 1956 apud
2922 1879 3329 1937 Alexandriam
3360 1878 3590 1932 fuerant
3616 1869 3821 1970 exorti.

262 1988 568 2044 sufﬁcere
600 1990 863 2060 putabat,
898 1988 1281 2043 familiaribus
1314 1986 1436 2042 suis
1468 2003 1569 2057 pro
1601 1985 1869 2041 amicitiae
1901 1987 2012 2038 tes-

281 2095 468 2148 sera,
502 2079 673 2133 ﬂetus
698 2094 762 2133 ea
793 2080 861 2132 de
895 2094 953 2132 re
974 2077 1343 2149 suspiriaque
1374 2076 1717 2147 imperabat.

370 2173 640 2224 Joannes
670 2167 941 2223 exconsul
1000 2183 1115 2223 non
1177 2184 1380 2238 parum
1441 2165 1766 2222 contulerat
1790 2169 1914 2220 tum
1944 2162 2015 2219 ad

276 2260 577 2325 Gregorii
608 2258 968 2324 electionem,
995 2258 1193 2328 utjam
1224 2258 1581 2322 monuimus,
1604 2262 1725 2311 tum
1749 2256 1817 2310 ad
1846 2255 2020 2325 hujus

328 2348 618 2405 lectionis
639 2347 1136 2403 confirmationem
1156 2365 1170 2415 ;
1194 2347 1405 2402 idcirco
1442 2346 1499 2401 in
1524 2345 1689 2402 illum
1726 2346 1910 2401 amice
1930 2361 2022 2399 ex-

281 2439 669 2495 candescere
690 2439 938 2493 videtur.
964 2436 1075 2493 Sed
1103 2435 1306 2492 nullibi
1329 2438 1513 2507 magis
1550 2437 1743 2507 prodit
1761 2436 2018 2490 dolorem

282 2531 377 2586 de
417 2530 636 2585 amissa
663 2529 789 2584 vitae
822 2527 1155 2585 monasticae
1188 2526 1639 2597 tranquillitate,
1668 2531 1726 2581 et
1749 2530 2024 2595 suscepta

281 2620 597 2693 pastorali
638 2635 793 2686 cura,
856 2634 1033 2690 quam
1065 2617 1220 2671 hom.
1258 2617 1317 2670 11
1354 2616 1412 2670 in
1446 2614 1817 2671 Ezechielem.
1862 2613 2025 2669 Unde

278 2708 742 2767 nonimmerito
763 2708 1019 2764 Joannes
1041 2708 1331 2764 Diaconus
1354 2704 1771 2762 nonnullorum
1796 2721 1864 2759 ex
1886 2706 2026 2760 Lan-

282 2799 592 2873 gobardis
620 2798 914 2854 vesaniam
942 2798 1216 2868 exagitat,
1246 2812 1387 2867 quos
1419 2812 1534 2851 non
1571 2794 1830 2862 pudebat
1861 2793 2029 2849 affir-

286 2906 474 2948 mare
508 2888 849 2959 Gregorium
875 2887 1195 2959 appetiisse
1224 2886 1406 2957 magis
1432 2885 1827 2956 pontiﬁcatum
1852 2900 2026 2956 quam

285 2981 543 3052 fugisse
566 2977 728 3048 (Vide
760 2977 874 3032 Lib.
908 2994 951 3045 ι,
976 2992 1062 3047 ep.
1085 2977 1198 3045 31).

380 3071 441 3124 6.
470 3069 619 3134 Quid
651 3084 839 3123 causas
890 3075 1041 3123 esset
1072 3082 1173 3123 cur
1205 3083 1236 3121 a
1285 3066 1621 3135 pontificatu
1657 3069 1881 3121 tantum
1915 3065 2026 3120 ab-

290 3163 589 3217 horreret
608 3162 846 3213 sanctus
866 3156 973 3225 vir,
1000 3160 1205 3229 praeter
1224 3155 1583 3226 singularem
1609 3154 1790 3211 animi
1814 3154 2029 3210 demis-

293 3251 555 3307 sionem
588 3252 643 3302 et
698 3247 826 3301 vita:
874 3244 1146 3302 solitaria
1207 3260 1485 3313 amorem,
1540 3244 1629 3300 hic
1682 3244 2031 3315 investigare

294 3356 513 3411 operae
546 3336 791 3407 pretium
850 3335 1097 3390 videtur.
1129 3338 1289 3389 Tunc
1349 3334 1552 3400 Roma,
1584 3338 1821 3404 totaque
1862 3332 2030 3388 Italia

295 3427 735 3487 cruentissimo
765 3424 1283 3495 Langobardorum
1334 3422 1481 3480 bello
1510 3424 1900 3492 premebatur,
1935 3420 2029 3476 cui

298 3523 693 3577 accesserunt
724 3515 835 3569 fide
865 3514 1106 3569 comites
1131 3514 1313 3568 fames
1345 3517 1402 3568 et
1432 3512 1775 3583 pestilentia.
1816 3514 2028 3567 Verum

298 3608 689 3685 gravioribus
721 3606 909 3662 adhuc
957 3605 1129 3660 malis
1178 3604 1434 3661 Ecclesia
1477 3604 1798 3662 laborabat.
1833 3609 1907 3660 De
1941 3602 2030 3659 bis

296 3700 529 3757 dolens
558 3698 637 3752 ita
659 3695 863 3751 scribit
893 3696 964 3750 ad
996 3693 1245 3750 amicum
1279 3693 1626 3749 Leandrum.

392 3788 734 3860 Respondere
784 3785 1030 3857 epistolis
1073 3786 1273 3841 vestris
1322 3788 1431 3840 tota
1482 3785 1788 3839 intentione
1816 3784 2031 3840 voluis-

295 3899 453 3949 sem,
486 3880 606 3935 nisi
629 3877 921 3950 pastoralis
951 3891 1101 3933 cura?
1132 3876 1208 3931 ita
1240 3892 1326 3931 me
1356 3876 1513 3932 labor
1541 3877 1813 3939 atlereret,
1839 3878 1896 3929 ut
1926 3876 2030 3929 mi-

299 3974 378 4027 hi
407 3972 584 4041 magis
615 3970 749 4039 [lere
780 3968 945 4023 libeat
976 3983 1138 4039 quam
1169 3965 1383 4037 aliquid
1420 3964 1619 4021 dicere.
1655 3963 1804 4032 Quod
1852 3966 2029 4019 vestra

297 4076 535 4138 quoque
582 4057 891 4115 reverentia
922 4059 980 4113 in
1028 4059 1148 4127 ipso
1199 4057 1511 4111 litterarum
1571 4069 1817 4109 mearum
1875 4057 2027 4110 textu

300 4151 621 4221 vigilanter
676 4147 964 4216 intelligit,
1023 4144 1241 4217 quando
1296 4147 1348 4199 ei
1400 4144 1758 4215 negligenter
1806 4144 2027 4214 loquor,

308 4256 489 4314 quem
542 4237 886 4293 vehementer
928 4235 1120 4305 diligo.
1182 4235 1367 4290 Tantis
1414 4236 1612 4306 quippe
1660 4234 1717 4289 in
1766 4233 1863 4289 hoc
1912 4233 2028 4289 loco

308 4331 487 4401 hujus
517 4327 710 4383 mundi
754 4327 1008 4397 ﬂuctibus
1065 4326 1302 4397 quatior,
1336 4328 1397 4380 ut
1436 4327 1698 4380 vetustam
1746 4338 1811 4378 ac
1838 4330 2030 4395 putre-

311 4424 561 4477 scentem
620 4433 835 4487 navem,
895 4433 1057 4487 quam
1115 4413 1407 4486 regendam
1452 4414 1661 4469 occulta
1685 4414 1780 4468 Dei
1808 4412 2033 4483 dispen-

2058 3111 2109 3177 G

2122 1980 2185 2035 In
2207 1976 2432 2042 Galliis,
2458 1992 2581 2047 quis
2606 1974 2895 2030 catholicas
2938 1971 3070 2027 ﬁdei
3097 1968 3275 2026 semel
3300 1968 3536 2036 receptae
3559 1959 3823 2018 tenacius

2124 2068 2495 2135 inhaeserant,
2548 2065 2717 2120 varias
2778 2079 3005 2119 morum
3065 2061 3417 2130 irrepserant
3461 2051 3822 2123 corruptelae,

2124 2160 2430 2229 ipsamque
2471 2154 2840 2225 disciplinam
2898 2149 3344 2208 ecclesiasticam
3394 2144 3831 2209 labefactarant,

2130 2252 2382 2307 maxime
2412 2246 2735 2304 simoniaca
2767 2243 3006 2299 haeresis
3063 2241 3173 2313 (sic
3230 2235 3479 2309 appellat
3508 2238 3564 2287 8.
3610 2232 3826 2297 Grego-

2131 2342 2275 2413 rius)
2306 2343 2362 2395 et
2392 2337 2847 2409 NeOpbytorum,
2891 2333 2999 2388 hoc
3030 2335 3118 2387 est
3146 2329 3217 2385 ad
3249 2326 3507 2398 ejusdem
3542 2325 3826 2413 mentem,

2132 2409 2412 2487 laicorum
2445 2428 2768 2482 immatura:
2827 2420 3265 2494 praecipitesque
3323 2416 3393 2471 ad
3441 2409 3833 2470 sacerdotium

2133 2519 2542 2594 promotiones.

2202 2612 2257 2667 7.
2278 2610 2387 2664 Tot
2408 2607 2579 2663 malis
2604 2606 2819 2662 mederi
2846 2602 3119 2675 Gregorio
3144 2596 3541 2656 incumbebat,
3577 2592 3666 2648 cui
3700 2605 3833 2646 cum

2134 2717 2361 2759 summo
2420 2697 2759 2770 pontificatu
2818 2693 3205 2751 Ecclesiarum
3280 2686 3541 2745 omnium
3618 2678 3837 2738 sollici-

2134 2791 2274 2849 tudo
2306 2790 2493 2846 fuerat
2521 2786 2893 2843 demandata.
2954 2783 3065 2838 Sed
3124 2780 3196 2837 ad
3252 2782 3427 2834 tanta:
3488 2772 3658 2830 molis
3690 2784 3836 2841 opus

2136 2883 2421 2952 imparem
2454 2894 2515 2934 se
2567 2892 2679 2948 prie
2738 2872 3073 2930 humilitate
3118 2870 3412 2941 judicans,
3471 2862 3724 2920 maxime
3752 2859 3843 2914 in-

2139 2948 2307 3028 ﬁrma
2336 2983 2566 3039 semper
2622 2966 2936 3035 attritaque
2992 2959 3349 3025 valetudine,
3400 2969 3615 3027 magna
3661 2948 3841 3006 animi

2140 3063 2429 3120 anxietate
2458 3056 2776 3113 laborabat.
2808 3054 3021 3109 Verum
3080 3050 3404 3120 adjutorem
3455 3045 3724 3115 expertus
3754 3041 3843 3095 est

2138 3154 2342 3213 Deum,
2377 3150 2468 3205 cui
2524 3145 2750 3203 vocanti
2807 3143 3117 3200 obsecutus
3176 3136 3676 3206 fuerat;ejusque
3734 3143 3842 3200 Ope

2140 3243 2237 3317 qui
2269 3258 2331 3298 se
2362 3253 2591 3296 servum
2647 3234 2912 3291 inutilem
2978 3228 3347 3287 existimabat
3403 3230 3459 3282 et
3516 3221 3839 3285 dictitabat,

2139 3311 2544 3393 schismaticos
2576 3327 2799 3383 Italiam
2834 3324 3142 3380 turbantes
3193 3318 3469 3384 coercuit,
3502 3311 3840 3383 Langobar-

2140 3429 2244 3483 dos
2286 3425 2353 3480 ad
2410 3422 2583 3476 fidem
2637 3415 2975 3474 catholicam
3010 3410 3296 3485 perduxit,
3330 3406 3543 3464 Gothos
3574 3400 3837 3459 Ecclesiae

2140 3511 2551 3577 reconciliavit,
2588 3507 2803 3579 Anglos
2844 3502 3189 3559 Christianis
3221 3496 3523 3571 praeceptis
3552 3492 3764 3548 imbuit
3787 3494 3842 3546 et

2140 3622 2304 3663 sacro
2335 3603 2560 3658 lavacro
2586 3598 2777 3665 tinxit,
2832 3592 3100 3665 repressit
3155 3586 3487 3646 Donatistas
3540 3583 3601 3637 iu
3650 3580 3842 3636 Africa

2139 3693 2589 3755 tumultuantes,
2616 3684 2890 3758 Aguoitas
2913 3681 3174 3751 aliosque
3196 3678 3255 3735 in
3290 3675 3521 3732 Oriente
3542 3668 3841 3726 haereticos

2140 3781 2469 3847 debellavit,
2502 3777 2691 3834 varios
2733 3773 2949 3843 ubique
2984 3770 3412 3827 succrescentes
3435 3765 3637 3819 contra
3667 3759 3842 3814 ﬁdem

2139 3878 2239 3931 aut
2269 3871 2392 3941 pios
2422 3883 2611 3923 mores
2651 3860 2989 3932 exstirpavit
3037 3872 3283 3925 errores,
3319 3856 3404 3909 tot
3434 3850 3685 3920 denique
3716 3850 3839 3902 tan-

2138 3934 2315 4035 taque
2344 3960 2497 4014 intra
2527 3968 2843 4027 paucorum
2902 3963 3191 4005 annorum
3253 3942 3507 4015 spatium
3566 3934 3837 4009 praestitit

2139 4029 2356 4123 utjure
2388 4047 2649 4105 omnium
2681 4040 2945 4115 gentium
2979 4050 3266 4094 consensu
3296 4029 3484 4101 Magni
3514 4039 3837 4099 cognomen

2139 4116 2611 4202 sitvconsecutus.
2637 4133 2958 4204 Prmeipuos
2987 4132 3181 4186 autem
3216 4138 3363 4197 quos
3392 4117 3598 4177 habuit
3622 4116 3838 4172 laboris

2140 4233 2325 4292 socios
2384 4236 2439 4287 et
2493 4228 2806 4298 adjutores,
2873 4222 2971 4294 qui
3038 4219 3262 4277 scilicet
3322 4210 3645 4285 majoribus
3701 4211 3840 4264 tunc

2140 4325 2423 4397 praeerant
2452 4317 2749 4381 Ecclesiis,
2780 4325 3207 4370 recenseamus.

2210 4414 2264 4467 8.
2297 4412 2573 4474 Joannes,
2600 4410 2834 4479 propter
2864 4402 3071 4457 miram
3097 4395 3515 4455 abstinentiam
3538 4390 3729 4449 dictus
3750 4390 3845 4447 Je-

314 4512 535 4567 satione
566 4510 797 4579 suscepi,
818 4482 917 4562 ’ad—
938 4515 1156 4577 portum
1175 4482 1436 4575 vdirigere
1462 4504 1779 4560 nullatenus
1804 4482 2031 4575 possim.
2062 4482 2110 4546 D
2136 4506 2393 4577 junator,
2427 4502 2499 4557 ob
2530 4498 2793 4570 insignes
2823 4494 3066 4551 virtutes
3123 4491 3195 4547 ad
3252 4482 3844 4556 Constantinopolita—

313 4602 483 4658 Nu-nc
510 4616 581 4654 ex
607 4598 844 4653 adverso
870 4597 1069 4667 ﬂuctus
1099 4595 1346 4660 irruunt,
1377 4610 1525 4648 nunc
1552 4609 1620 4648 ex
1652 4594 1823 4647 latere
1848 4609 2033 4647 cumu-

323 4692 371 4746 li
396 4688 644 4762 spumosi
674 4689 847 4741 maris
876 4689 1266 4753 intumescunt,
1301 4699 1447 4739 nunc
1501 4701 1535 4738 a
1564 4688 1710 4753 tergo
1744 4688 2033 4753 tempestas

318 4780 660 4849 insequitur.
697 4781 956 4846 Interque
987 4775 1106 4831 haec
1162 4774 1350 4831 omnia
1382 4775 1633 4828 turbatus
1690 4788 1848 4843 cogor
1875 4772 2031 4827 modo

315 4872 383 4927 in
420 4870 600 4939 ipsam
629 4869 845 4922 clavum
902 4866 1280 4921 adversitalem
1313 4864 1579 4931 dirigere,
1617 4862 1776 4917 modo
1806 4870 2031 4917 curvato

313 4963 481 5015 navis
538 4959 729 5025 latere,
787 4960 969 5010 minas
1025 4958 1289 5023 ﬂuctuum
1339 4969 1411 5009 ea:
1466 4952 1683 5023 obliquo
1730 4952 2029 5007 declinare.

315 5049 650 5119 Ingemisco,
710 5045 841 5117 quia
896 5047 1072 5100 sentio
1132 5044 1269 5115 quod
1321 5040 1643 5113 negtigente
1692 5056 1778 5095 me
1837 5041 2032 5095 crescit

318 5138 546 5194 sentina
578 5137 863 5202 vitiorum,
894 5139 944 5189 et
992 5137 1301 5205 tempestate
1329 5132 1559 5205 fortiter
1588 5130 1861 5199 obviante,
1890 5131 2034 5199 jam-

304 5233 544 5301 jamque
588 5226 839 5298 putrida:
894 5224 1256 5295 naufragium
1315 5222 1516 5277 tabulae
1566 5228 1779 5277 sonant.
1816 5219 1954 5291 (Lib.
1988 5236 2032 5290 ι,

318 5337 402 5392 ep.
440 5320 555 5390 43.)

391 5411 563 5463 Certe
594 5408 639 5462 si
701 5405 976 5462 ﬂuctibus
1027 5405 1191 5459 obrui
1243 5403 1530 5476 potuisset
1559 5404 1709 5459 Petri
1743 5403 1927 5469 navis,
1963 5419 2031 5459 ex

316 5496 704 5556 saevientibus
761 5500 898 5553 tunc
955 5494 1226 5567 procellis
1302 5509 1604 5565 nunquam
1678 5492 2028 5549 emersisset.

2148 4575 2281 4652 nam
2308 4594 2526 4657 sedem,
2559 4606 2684 4661 qua
2744 4586 3070 4643 secundum
3132 4584 3261 4654 post
3300 4579 3625 4634 Romanam
3652 4575 3845 4631 locum

2135 4689 2262 4759 jam
2294 4682 2404 4741 sibi
2462 4679 2825 4750 vendicabal,
2885 4679 3116 4733 mortuo
3174 4669 3455 4743 Eutychio
3501 4669 3846 4759 assumptus

2143 4753 2351 4844 iuerat,
2386 4776 2448 4829 ut
2478 4787 2655 4842 supra
2684 4769 2957 4825 diximus.
2994 4768 3067 4821 At
3089 4767 3369 4834 usurpato
3400 4759 3460 4815 in
3492 4755 3713 4829 synodo
3738 4753 3841 4807 ΟΡ.

2142 4863 2481 4924 ωαιιωθῑιίοἱ
2516 4857 2850 4932 patriarcha;
2877 4855 3070 4920 titulo,
3130 4868 3301 4925 quem
3348 4851 3637 4920 deponere
3694 4859 3848 4932 nun-

2143 4972 2317 5029 quam
2350 4930 2667 5016 consensit,
2700 4947 2999 5019 Pelagium
3039 4957 3246 5029 papam
3284 4943 3352 5029 et
3383 4940 3585 5029 postea
3614 4933 3672 4987 8.
3707 4930 3846 5029 Grc-

2142 5021 2373 5115 gorium
2406 5042 2465 5095 in
2497 5055 2555 5095 se
2586 5035 2915 5094 concitavit.
2948 5033 3029 5088 De
3059 5030 3160 5084 illo
3206 5026 3482 5094 deinceps
3513 5021 3846 5091 frequenter

2142 5109 2329 5192 acturi
2360 5146 2585 5188 sumus.
2619 5128 2767 5183 Eum
2799 5121 3050 5181 summis
3080 5115 3351 5173 laudibus
3392 5112 3637 5169 efferunt
3668 5109 3845 5180 scrip—

2140 5328 2381 5383 remque
2411 5310 2467 5364 in
2498 5321 2802 5379 pauperes,
2834 5318 2965 5358 cum
2995 5298 3229 5355 sibimet
3259 5296 3403 5352 foret
3444 5291 3845 5367 parcissimus,

2140 5400 2544 5458 liberalitatem
2594 5401 2650 5452 et
2700 5390 3180 5449 muniﬁcentiam.
3218 5386 3376 5442 Diem
3405 5383 3616 5442 clausit
3662 5389 3847 5438 extre-

2142 5506 2304 5546 mum
2363 5506 2455 5544 an.
2514 5486 2641 5557 596,
2674 5487 2731 5540 et
2787 5501 2821 5538 a
2875 5479 3182 5537 Graecisin
3238 5478 3588 5534 Sanctorum
3637 5471 3851 5529 catalo-

389 5732 476 5807 (a)
506 5725 591 5783 De
621 5724 832 5783 stolida
860 5725 1095 5784 illorum
1126 5724 1471 5797 idololatria,
1504 5726 1563 5783 in
1596 5742 1811 5797 capreae
1843 5724 2050 5797 capitis
2080 5723 2416 5783 adoratione
2444 5722 2572 5783 vide
2601 5722 2701 5782 lib.
2736 5737 2801 5779 ιιι
2830 5721 3056 5794 Dialog.
3089 5738 3138 5781 c.
3166 5721 3258 5779 28.
