4106 6174
0 3583 30 3640 ῃ

392 269 510 342 287

836 269 901 328 S.
948 265 1312 328 GREGORII
1360 263 1604 325 MAGNI
1647 265 1859 336 VITA,
1909 264 2012 325 EX
2060 264 2251 326 EJUS
2298 262 2644 324 SCRIPTIS
2688 266 3134 328 ADORNATA.
3185 267 3335 328 LIB.
3381 269 3459 331 II.

3791 274 3905 332 288

390 415 526 470 gum
559 404 647 455 est
676 400 915 456 relatus.
951 401 1115 458 Hunc
1168 401 1392 473 excepit
1449 400 1724 470 Cyriacus
1784 399 1843 454 in
1892 401 2090 456 eadem
2122 409 2180 474 Α
2209 416 2345 471 ergo
2402 399 2618 458 amicos
2664 401 2970 471 Gregorius
3027 403 3377 474 ostenderet,
3423 404 3671 476 quisque
3727 407 3909 477 possit

390 491 526 545 sede
559 490 663 545 ΟΡ.

459 581 514 634 9.
547 579 830 651 Eulogius
861 597 927 636 ex
960 582 1265 647 monacho,
1299 581 1348 635 si
1383 581 1604 637 auctori
1639 579 1790 634 Prati
1822 580 2094 652 spiritua-

391 667 464 724 lis
495 669 637 724 ﬁdes
669 670 769 736 sit,
802 670 989 726 factus
1024 670 1368 739 patriarcha,
1402 670 1720 725 Ecclesiam
1752 669 2094 724 Alexandri-

394 776 530 814 nam
565 759 708 814 rexit
739 761 810 814 ab
843 775 993 815 anno
1024 761 1124 813 581
1172 761 1242 815 ad
1285 777 1378 814 an.
1412 760 1537 824 608,
1571 759 2093 830 haereticorumque

393 847 619 903 hostem
679 849 1024 904 acerrimum
1079 853 1135 904 et
1184 848 1658 905 strenuissimum
1704 849 1834 904 fidei
1889 848 2093 903 ortho-

392 939 548 992 doxae
599 938 883 994 vindicem
943 955 1005 993 se
1048 955 1277 1010 semper
1308 939 1587 1010 probavit.
1621 939 1883 1009 Quinque
1915 939 2094 994 libros

392 1029 624 1100 scripsit
681 1029 957 1084 adversus
1005 1030 1355 1085 Novatianos
1412 1046 1511 1084 seu
1547 1035 1749 1085 contra
1782 1029 2090 1097 Novatum,

393 1117 871 1189 impugnavitque
922 1119 1110 1173 varios
1143 1124 1470 1190 temporum
1506 1117 1732 1174 illorum
1768 1119 2092 1185 haereticos,

392 1213 589 1261 contra
619 1207 931 1262 concilium
990 1209 1458 1264 Chalcedonensc
1513 1211 1572 1263 et
1613 1209 1668 1263 S.
1708 1212 1952 1263 Leonem
1987 1225 2094 1278 pa—

392 1312 524 1366 pam
560 1297 929 1351 rebellantes.
962 1297 1040 1352 De
1073 1299 1202 1368 ipso
1262 1298 1640 1368 ejusdemque
1674 1297 2093 1354 lucubrationi-

390 1386 497 1439 bus
522 1386 635 1455 agit
669 1385 904 1440 Photius
932 1388 1134 1443 multis
1167 1388 1223 1442 iu
1258 1387 1421 1442 locis.
1448 1389 1506 1442 S.
1541 1388 1816 1457 Gregorio
1865 1394 2094 1459 propter

389 1477 631 1532 eximias
663 1478 878 1549 quibus
902 1480 1178 1550 praeditus
1211 1484 1330 1534 erat
1349 1479 1586 1534 virtutes
1607 1484 1663 1533 et
1700 1479 1878 1533 animi
1910 1480 2091 1550 dotes,

387 1567 494 1622 fuit
525 1585 754 1640 semper
786 1570 1247 1641 acceptissimus,
1285 1574 1347 1624 ut
1376 1587 1444 1625 ex
1466 1570 1728 1640 epistolis
1761 1571 1911 1625 infra
1941 1587 2094 1625 com-

388 1659 785 1713 memorandis
820 1659 1014 1731 palam
1074 1660 1191 1715 fiet.
1253 1663 1386 1715 Post
1443 1660 1684 1726 obitum,
1748 1661 2091 1717 Sanctorum

387 1745 518 1801 albo
553 1747 661 1802 fuit
692 1748 946 1804 additus.
981 1749 1086 1819 (0/.
1139 1750 1301 1804 Phot.
1334 1749 1449 1805 cod.
1493 1750 1614 1816 182,
1648 1750 1772 1819 208,
1805 1750 1930 1818 225,
1963 1750 2068 1803 226

383 1835 534 1907 227.)

455 1929 540 1982 10.
571 1931 933 1998 Anastasius,
969 1948 1139 2003 quem
1165 1932 1444 1987 Sinaitam
1468 1948 1595 1987 esse
1629 1933 1824 1988 multis
1856 1933 2089 2004 scriptis

385 2017 668 2074 celebrem
704 2021 942 2091 plurimi
973 2025 1269 2092 putarunt,
1304 2022 1376 2076 ad
1436 2021 1633 2076 sedem
1663 2021 2083 2077 Antiochenam

379 2113 745 2179 assumptus,
771 2111 1034 2166 eamdem
1059 2112 1355 2182 Gregorio,
1377 2111 1717 2166 monasterii
1738 2112 1888 2180 apud
1915 2127 2080 2166 mon-

383 2201 502 2252 tem
535 2197 694 2263 Siua,
743 2204 804 2254 ut
833 2198 1016 2269 aiunt,
1070 2202 1350 2270 praefecto,
1406 2206 1657 2256 cesserat
1691 2217 1842 2256 anno
1888 2201 2014 2268 572,
2047 2217 2081 2254 a

383 2285 606 2342 Justino
641 2287 992 2358 imperatore
1019 2290 1221 2360 pulsus
1263 2300 1315 2345 et
1348 2293 1622 2362 dejectus.
1662 2292 1857 2360 Ipsum
1892 2294 2083 2344 tamen

387 2392 487 2448 pro
509 2376 769 2448 legitimo
794 2380 1126 2449 patriarcha
1145 2381 1300 2436 sedis
1343 2382 1517 2452 hujus
1541 2381 1743 2436 habuit
1765 2396 1997 2450 semper
2027 2381 2085 2435 S.

387 2467 726 2539 Gregorius;
762 2471 916 2525 unde
974 2470 1047 2526 ad
1105 2487 1235 2526 eum
1297 2473 1530 2543 scripsit
1583 2472 1723 2541 (Lib.
1767 2489 1805 2526 1.
1839 2487 1922 2541 ep.
1954 2471 2084 2540 20):

383 2557 545 2627 Apud
573 2574 660 2613 me
705 2574 917 2629 semper
968 2561 1064 2615 hoc
1119 2563 1266 2627 estis,
1298 2563 1440 2632 quod
1473 2577 1543 2616 ex
1578 2562 1963 2631 omnipotentis
1995 2557 2092 2612 Dei

383 2663 613 2702 munere
631 2648 916 2719 accepistis
951 2666 1080 2716 esse,
1113 2666 1219 2705 non
1245 2651 1383 2721 quod
1413 2666 1480 2705 ex
1496 2652 1772 2706 voluntate
1803 2650 2089 2704 hominum

380 2737 668 2808 putamini
696 2755 805 2794 non
831 2756 963 2795 esse.
994 2743 1215 2796 Mortuo
1261 2741 1533 2812 Gregorio
1573 2741 1949 2808 Antiocheno,
1985 2757 2084 2794 cu-

377 2828 478 2896 jus
495 2828 697 2884 laudes
723 2830 847 2885 l'use
867 2831 1232 2901 persequitur
1251 2831 1650 2902 Evagriuslib.
1675 2837 1902 2902 quarto,
1923 2847 2091 2902 prop-

383 2919 472 2970 ter
494 2917 732 2972 virtules
769 2918 1123 2988 multiplices
1160 2925 1214 2975 et
1256 2921 1796 2989 praestantissimus,
1820 2924 2089 2991 recteque

385 3004 849 3061 administratam
873 3008 1210 3074 Ecclesium,
1234 3011 1584 3066 Anastasius
1606 3026 1722 3065 suae
1764 3011 1885 3066 sedi
1922 3010 2088 3065 resti-

384 3099 539 3147 tutus
571 3097 658 3149 est
688 3111 782 3148 an.
815 3095 940 3149 594.
974 3096 1085 3163 vel,
1121 3103 1184 3151 ut
1214 3098 1344 3154 aliis
1386 3100 1591 3170 placet,
1623 3099 1748 3166 592,
1782 3115 1957 3170 quam
1991 3115 2088 3153 us-

2208 489 2549 560 intelligere.

2282 581 2362 634 11.
2399 579 2468 634 Ut
2500 580 2571 635 ab
2629 580 2989 636 Antiochena
3046 582 3182 636 sede
3240 583 3310 636 ad
3363 584 3901 656 Jerosolymitanam

2205 673 2594 735 transeamus,
2628 686 2753 725 eam
2807 671 3057 726 obtinuit
3086 671 3343 728 Joannes
3392 673 3462 726 IV
3495 674 3564 728 ab
3597 691 3750 729 anno
3782 676 3908 741 561,

2205 777 2319 829 quo
2351 761 2660 816 Eustochio
2693 762 2994 818 demortuo
3049 763 3404 835 subrogatus
3464 771 3573 830 est,
3623 783 3809 837 usque
3841 767 3912 822 ad

2207 866 2422 905 annum
2450 850 2576 920 595,
2623 867 3132 923 successoremque
3166 853 3364 908 habuit
3393 855 3589 921 Amos,
3625 857 3718 910 cui
3746 857 3914 912 Nice-

2205 940 2420 1009 phorus
2451 945 2580 995 octo
2611 941 2983 1011 episcopatus
3014 959 3200 997 annos
3227 943 3453 998 tribuit.
3486 944 3696 1000 Verum
3729 951 3920 1002 exstat

2202 1033 2257 1083 S.
2292 1030 2555 1100 Gregorii
2586 1030 2830 1100 epistola
2860 1033 2929 1087 ad
2950 1032 3238 1087 Isachium
3271 1033 3414 1102 (Lib.
3439 1050 3518 1102 x1,
3549 1051 3638 1104 ep.
3672 1035 3785 1108 46),
3817 1037 3920 1107 qui

2203 1119 2253 1174 ei
2306 1120 2580 1175 suffectus
2639 1125 2745 1185 est,
2779 1122 2993 1192 scripta
3038 1121 3354 1177 indictione
3401 1124 3452 1188 4,
3511 1124 3615 1178 hoc
3646 1129 3730 1179 est
3761 1142 3918 1180 anno

2201 1208 2301 1262 601
2363 1208 2449 1264 vel
2507 1210 2632 1263 600.
2717 1210 2876 1265 Unde
2949 1212 3156 1267 erroris
3219 1213 3480 1284 arguitur
3534 1213 3920 1284 Nicephorus,

2205 1298 2600 1369 probaturque
2623 1299 2747 1368 jam
2782 1300 2852 1354 ab
2882 1316 3034 1355 anno
3065 1300 3190 1353 600.
3218 1301 3510 1356 Isachium
3545 1302 3926 1375 Jerosolymi-

2202 1391 2407 1442 tanum
2470 1389 2856 1458 patriarcham
2917 1394 3174 1445 creatum
3237 1405 3382 1455 esse,
3451 1407 3515 1446 ac
3578 1394 3923 1463 synodicam

2203 1475 2503 1546 epistolam
2564 1477 2631 1531 ad
2692 1477 2749 1532 S.
2782 1477 3120 1546 Gregorium
3181 1479 3432 1539 misisse,
3480 1479 3572 1533 cui
3615 1481 3927 1550 respondit

2203 1564 2309 1620 hac
2340 1565 2581 1636 epistola
2609 1566 2944 1622 indictionis
2967 1571 3210 1638 quartae.
3245 1567 3350 1637 (Cf.
3384 1570 3547 1640 Evag.
3581 1569 3615 1624 ι.
3655 1587 3703 1638 v,
3741 1588 3781 1626 c.
3815 1572 3924 1640 16;

2202 1654 2419 1724 Niceph.
2455 1655 2492 1708 ι.
2518 1671 2651 1723 xvn,
2683 1671 2729 1709 c.
2760 1655 2874 1725 36.)

2277 1745 2360 1798 12.
2391 1744 2777 1812 Domitianus,
2802 1745 3059 1801 Mauricii
3083 1747 3394 1818 Augustini
3419 1749 3924 1820 consanguineus,

2280 1792 2360 1798 η,
2391 1792 2777 1812 _-__.-._.._-,
2802 1792 3059 1801 -.-.._.----
3083 1792 3394 1818 .-_O_-.....
3420 1792 3924 1820 --..-....D.....V...,,

2073 1792 2088 1821 ’
2123 1795 2170 1860 Β
2206 1833 2474 1890 Melitinas
2505 1836 2816 1908 episcopus
2855 1842 2912 1891 et
2941 1837 3224 1892 Armeniae
3261 1837 3736 1908 metropolitanus
3767 1846 3925 1908 erat,

2200 1925 2431 1994 quando
2480 1941 2781 1981 summum
2845 1926 3245 1996 pontiﬁcatum
3302 1928 3638 1999 auspicatus
3678 1934 3764 1984 est
3829 1931 3930 1985 vir

2203 2015 2637 2071 sanctissimus.
2675 2018 2816 2072 Eum
2842 2019 2910 2072 ad
2948 2033 3038 2072 res
3063 2017 3346 2073 maximas
3368 2019 3649 2088 gerendas
3682 2019 3928 2090 aptissi-

2204 2120 2387 2173 mum,
2420 2113 2475 2160 et
2505 2105 2564 2160 in
2588 2107 2846 2162 consiliis
2878 2107 3406 2179 prudentissimum
3440 2114 3712 2180 expertus
3735 2111 3806 2165 im
3822 2127 3928 2181 pe-

2202 2201 2376 2263 rator,
2417 2198 2616 2252 multis
2667 2197 2722 2252 in
2771 2199 3017 2268 negotiis
3068 2199 3390 2268 adjutorem
3443 2200 3715 2255 adhibere
3765 2218 3927 2256 con—

2201 2290 2486 2352 sueverat,
2525 2285 2689 2341 221
2755 2305 2820 2341 ac
2878 2287 3075 2342 liberis
3107 2288 3229 2343 suis
3269 2293 3518 2344 tutorem
3553 2289 3921 2361 designaret.

2201 2375 2332 2430 Fuit
2354 2393 2581 2447 quoque
2613 2377 2888 2448 Gregorio
2949 2377 3159 2449 Magno
3210 2378 3616 2448 charissimus,
3669 2380 3740 2434 ob
3790 2381 3923 2435 exi-

2203 2467 2372 2519 miam
2410 2468 2534 2521 vitae
2570 2469 2958 2532 sanctitatem,
2993 2472 3054 2522 ut
3079 2483 3146 2522 ex
3170 2467 3380 2523 litteris
3405 2470 3474 2523 ad
3508 2485 3639 2524 eum
3673 2469 3924 2540 scriptis

2201 2555 2399 2626 liquet.
2434 2561 2696 2612 Mortuus
2729 2559 2881 2627 apud
2913 2558 3321 2629 Theophanem
3354 2557 3411 2612 in
3445 2558 3926 2630 chronographia

2202 2645 2410 2717 legitur
2436 2647 2751 2702 indictione
2775 2651 2825 2711 5,
2857 2665 2980 2718 quae
3021 2664 3174 2702 anno
3205 2649 3331 2714 601,
3365 2665 3434 2703 ex
3467 2649 3692 2703 modica
3726 2655 3924 2719 parte,

2201 2739 2257 2790 et
2285 2736 2390 2789 602
2413 2738 2742 2807 respondet.
2772 2736 3076 2808 Peragrato
3101 2740 3349 2805 Oriente,
3385 2755 3538 2793 nunc
3569 2738 3925 2794 Occidenta-

2198 2823 2311 2878 lem
2346 2826 2544 2880 orbem
2579 2826 3013 2896 perlustremus.
3050 2826 3161 2896 (Cf.
3196 2830 3371 2895 Evag.
3408 2827 3445 2880 ι.
3481 2844 3555 2892 νι,
3588 2843 3633 2881 ε.
3672 2826 3781 2898 18.)

2271 2914 2358 2968 13.
2397 2915 2662 2970 Ecclesiae
2707 2915 3148 2984 Carthaginensi
3195 2918 3418 2987 totique
3451 2918 3646 2972 Africa
3679 2935 3710 2972 a
3741 2918 3926 2972 Wan-

2198 3002 2464 3058 dalorum
2495 3005 2839 3059 Arianorum
2893 3007 3034 3076 jugo
3069 3023 3183 3061 non
3234 3006 3314 3061 ita
3343 3006 3569 3077 pridem
3603 3006 3924 3061 vindicatae

2203 3097 2443 3161 praeerat
2500 3092 2853 3158 Dominicus,
2891 3095 2962 3149 ob
3024 3096 3374 3165 pastoralem
3431 3094 3925 3162 sollicitudinem,

384 3197 496 3251 que
527 3183 598 3236 ad
630 3201 726 3238 an.
759 3184 884 3254 599,
918 3203 1032 3256 quo
1063 3187 1293 3254 devixit,
1324 3189 1695 3244 sanctissime
1721 3187 2090 3260 gubernavit.
2124 3173 2165 3239 C
2198 3183 2692 3253 strenuamquein
2716 3185 3049 3239 coercendis
3075 3183 3361 3240 haereticis
3388 3191 3652 3239 navatam
3677 3199 3925 3255 operam

385 3272 518 3336 Quae
550 3273 850 3344 scripserit
880 3283 976 3329 aut
1005 3275 1306 3347 scripsisse
1337 3276 1508 3348 vulgo
1541 3277 1618 3334 sit
1647 3279 1924 3345 creditus,
1964 3278 2087 3349 lege

382 3362 536 3431 apud
615 3378 908 3417 sacrarum
977 3363 1469 3422 Bibliothecarum
1539 3376 1821 3423 auctores.
1898 3367 2086 3422 Pluria

386 3464 515 3504 mos
547 3455 740 3506 autem
771 3457 1041 3522 spectatae
1074 3454 1394 3511 sanctitatis
1423 3473 1541 3511 suae
1565 3457 1894 3512 laudatores
1918 3460 1974 3511 et
1994 3456 2091 3510 ad-

386 3539 694 3595 miratores
753 3550 955 3598 nactus
1012 3548 1116 3614 est,
1151 3545 1302 3600 inter
1333 3563 1479 3617 quos
1540 3547 1846 3618 Gregrorio
1881 3546 2089 3617 Magno

387 3628 613 3700 primus
635 3635 795 3687 extra
817 3634 1266 3690 controversiam
1317 3636 1484 3691 lucus
1515 3637 1778 3692 debetur.
1813 3636 1936 3692 Non
1970 3652 2090 3690 me-

388 3718 578 3774 diocre
613 3726 900 3790 conceptas
946 3723 1017 3778 de
1054 3725 1362 3780 Anastasio
1407 3725 1853 3782 existimationis
1889 3729 1946 3780 et
1967 3725 2092 3779 sin—

389 3806 608 3876 gularis
631 3809 688 3863 in
716 3825 850 3865 eum
888 3813 1102 3868 amoris
1132 3814 1525 3870 testimonium
1557 3815 1818 3872 exhibuit
1860 3815 1916 3871 S.
1961 3815 2094 3870 Gre-

391 3896 609 3964 gorius,
635 3898 868 3966 quando
899 3901 1098 3957 statim
1153 3906 1281 3973 post
1327 3908 1628 3975 sumptum
1671 3904 2094 3975 pontificatum,

389 3989 784 4056 suggestionem
859 3993 1090 4046 summis
1171 3993 1424 4063 precibus
1473 3994 1698 4064 plenam
1758 3995 1890 4066 fecit
1949 3994 2097 4063 apud

389 4076 661 4146 piissimus
718 4078 987 4147 dominos,
1046 4081 1172 4153 ipso
1231 4087 1377 4138 teste
1433 4084 1573 4154 (Lib.
1636 4101 1674 4154 ι,
1733 4100 1816 4154 ep.
1875 4084 1986 4154 28),
2035 4091 2096 4138 ut

392 4165 574 4220 virum
606 4167 974 4224 beatissimum
1022 4171 1287 4227 damnum
1316 4175 1673 4228 Anastasium
1701 4173 2097 4244 patriarcham,

395 4272 640 4312 concesso
669 4275 771 4313 usu
801 4260 986 4329 pallii,
1014 4261 1084 4316 ad
1119 4261 1258 4316 beati
1312 4264 1464 4317 Petri
1513 4264 1882 4333 apostolorum
1940 4263 2102 4333 prin-

397 4346 531 4414 cipis
560 4347 757 4402 limina
787 4364 964 4403 secum
1020 4351 1427 4406 celebraturum
1481 4353 1749 4407 solemnia
1807 4351 2100 4407 missarum

397 4437 770 4491 transmittere
797 4439 1113 4494 debuissent
1139 4457 1157 4494 :
1188 4447 1451 4512 quatenus
1478 4444 1529 4497 si
1557 4445 1611 4497 ei
1628 4442 1698 4497 ad
1735 4442 1914 4499 sedem
1942 4460 2101 4499 suam

2199 3271 2470 3343 plurimis
2500 3277 2554 3328 S.
2591 3274 2846 3344 Gregorii
2895 3273 3158 3345 epistolis
3191 3274 3533 3329 celebratus.
3591 3272 3810 3329 Ultima
3848 3275 3925 3329 ad

2199 3377 2331 3416 eum
2401 3363 2640 3433 scripta,
2699 3363 2904 3435 quinta
2961 3363 3281 3419 indictione
3341 3365 3596 3432 ineunte,
3657 3363 3766 3418 hoc
3829 3371 3924 3419 est

2201 3467 2399 3506 mense
2447 3453 2773 3524 Septembri
2825 3453 2964 3508 anni
3021 3454 3147 3522 601,
3179 3452 3383 3524 prohat
3438 3469 3570 3509 eum
3602 3453 3806 3508 saltem
3849 3454 3925 3509 ad

2200 3541 2309 3597 hoc
2343 3559 2526 3614 usque
2557 3546 2790 3614 tempus
2823 3543 3200 3615 superstitem
3236 3544 3435 3598 fuisse.

2276 3633 2359 3685 14.
2387 3633 2661 3695 Quamvis
2692 3631 3002 3702 episcopus
3051 3633 3386 3700 Toletanus,
3421 3632 3516 3702 qui
3549 3649 3701 3687 nunc
3730 3631 3924 3687 totius

2206 3721 2490 3792 Hispaniae
2516 3722 2736 3793 primas
2759 3723 3084 3792 audit,jam
3113 3729 3230 3776 tum
3259 3723 3547 3793 primatus
3571 3721 3763 3790 titulo,
3793 3720 3929 3793 plu-

2205 3811 2367 3865 rimis
2400 3811 2663 3881 ejusdem
2699 3811 2981 3881 Hispaniae
3041 3820 3309 3882 praeesset.
3367 3809 3665 3880 Ecclesiis,
3699 3810 3757 3864 in
3793 3810 3932 3864 uni-

2203 3915 2366 3955 versa
2399 3904 2593 3955 tamen
2617 3901 3074 3972 Wisigothorum
3099 3900 3425 3956 monarchia
3448 3917 3572 3970 quae
3603 3900 3927 3970 Hispanias

2205 3992 2263 4044 et
2295 3988 2538 4045 Galliam
2569 3990 3001 4046 Narbonensem
3035 3990 3547 4062 complectebatur,
3571 3990 3628 4044 S.
3659 3990 3932 4045 Leander

2206 4077 2569 4148 Hispalensis
2600 4079 2931 4150 episcopus,
2965 4079 3230 4135 omnium
3264 4083 3387 4134 erat
3417 4078 3740 4133 antistitum
3774 4077 3932 4134 cele-

2208 4167 2524 4237 berrimus,
2567 4169 2721 4239 quod
2756 4169 3175 4234 Recharedum,
3229 4184 3420 4240 regem
3469 4168 3930 4238 universamque

2208 4256 2671 4329 Wisigothorum
2705 4264 2958 4330 gentem,
3017 4257 3248 4314 Arianis
3282 4259 3443 4329 prius
3475 4259 3767 4314 erroribus
3803 4257 3929 4312 im-

2210 4347 2639 4418 pietatibusque
2670 4350 3064 4419 mancipatam
3101 4349 3170 4404 ad
3205 4348 3550 4404 catholicam
3576 4345 3749 4401 ﬁdem
3796 4363 3930 4417 pcr-

2210 4436 2488 4491 duxisset.
2523 4438 2801 4493 Arianam
2837 4438 3098 4492 haeresim
3131 4455 3164 4492 a
3215 4436 3565 4502 Recharedo,
3618 4435 3928 4491 annitente

398 4521 630 4578 minime
660 4529 863 4582 reverti
892 4529 1098 4598 liceret,
1130 4532 1323 4587 saltem
1363 4549 1544 4588 secum
1569 4535 1628 4588 in
1657 4535 1862 4590 honore
1890 4549 1982 4588 suo
2014 4550 2099 4590 vi-
2130 4550 2176 4614 D
2210 4528 2267 4583 S.
2304 4528 2563 4584 Leandre
2621 4529 2679 4584 in
2739 4528 2983 4584 concilio
3038 4528 3306 4584 Toletano
3365 4545 3457 4582 an.
3519 4528 3624 4582 589
3665 4533 3758 4582 aut
3785 4526 3924 4596 590,

400 4619 565 4670 veret.
601 4614 801 4672 Utrum
836 4623 1031 4675 tamen
1064 4623 1496 4692 suggestionem
1532 4624 1681 4680 hanc
1712 4625 1800 4680 vel
1832 4624 2096 4680 libellum

402 4703 728 4775 supplicem
761 4707 1238 4778 miserit,dubios
1297 4729 1401 4768 nos
1459 4714 1615 4784 facit,
1676 4715 1828 4786 quod
1882 4713 2097 4769 ibidem

402 4792 657 4850 additur.
692 4795 874 4859 Quam
908 4803 1104 4854 tenera
1133 4818 1266 4858 vero
1319 4803 1602 4860 charitate
1657 4805 1910 4859 amicum
1953 4803 2106 4859 hunc

403 4884 905 4957 complecteretur,
959 4904 1084 4960 quas
1143 4891 1214 4946 ad
1255 4893 1446 4964 ipsum
1500 4894 1736 4965 scripsit
1783 4895 1970 4966 palam
2005 4896 2107 4950 de-

405 4981 752 5032 monstrant.
804 4979 899 5034 Sic
956 4981 1230 5051 praefatur
1276 4983 1333 5037 in
1392 4983 1636 5052 epistola
1692 4984 1762 5037 26
1819 4983 1953 5040 libri
2010 5002 2028 5040 ι
2091 5001 2104 5040 :

402 5069 482 5137 (a)
506 5067 719 5139 Scripta
737 5077 934 5126 vestrae
960 5069 1339 5140 beatitudinis,
1365 5075 1446 5126 uti
1464 5076 1640 5140 fessus
1663 5077 1934 5144 requiem,
1959 5076 2110 5130 salu-

407 5164 515 5210 tem
560 5171 733 5228 aeger,
788 5161 998 5230 fontem
1045 5162 1264 5229 sitiens,
1294 5164 1548 5217 umbram
1602 5167 1841 5219 wstuans
1900 5165 2106 5219 inveni.

408 5246 589 5313 Neque
617 5247 764 5301 enim
792 5249 892 5304 illa
919 5251 1082 5305 verba
1104 5266 1204 5322 per
1257 5251 1514 5323 linguam
1559 5255 1752 5307 carnis
1783 5252 2111 5308 videbantur

407 5347 705 5401 expressa:
736 5339 863 5405 quia
892 5338 973 5392 sic
998 5340 1312 5410 spiritalem
1342 5357 1581 5397 amorem
1613 5357 1772 5396 suum
1801 5358 1962 5412 quem
1989 5359 2108 5412 ges-

409 5423 576 5489 tabat,
609 5427 845 5494 aperuit,
877 5445 940 5484 ac
981 5431 1035 5484 si
1069 5447 1222 5486 meus
1260 5448 1360 5503 per
1387 5434 1743 5503 semetipsum
1773 5433 2104 5506 loqueretur.

410 5513 543 5578 Quae
574 5513 680 5570 hoc
713 5514 834 5571 loco
866 5518 1192 5576 describere
1217 5522 1527 5591 voluimus,
1552 5523 1627 5594 (b)
1669 5529 1735 5579 ut
1775 5525 2006 5596 qualem
2048 5541 2110 5581 se

505 5670 558 5736 α)
589 5667 746 5723 Idem

480 5668 564 5814 ib)
590 5739 746 5798 Idem

2210 4620 2590 4690 proscriptam
2615 4621 2792 4675 fuisse
2824 4624 3028 4676 auctor
3057 4625 3144 4674 est
3176 4618 3445 4675 Nicolaus
3475 4619 3785 4674 Antonius.

2284 4711 2368 4764 15.
2404 4711 2520 4765 Sub
2563 4710 2897 4779 pontificatu
2934 4710 3217 4782 Gregorii,
3245 4708 3522 4779 Virgilius
3555 4707 3925 4764 Arelatensis

2210 4799 2701 4871 archiepiscopus,
2761 4801 2913 4856 inter
2949 4804 3181 4856 caeteros
3239 4798 3570 4856 Gallicanos
3615 4797 3925 4870 prazsulcs,

2211 4905 2324 4947 non
2358 4890 2548 4946 solum
2609 4892 2885 4962 dignitate
2941 4891 3091 4946 sedis
3149 4889 3462 4956 eminebat,
3526 4890 3619 4944 sed
3679 4903 3924 4943 morum

2211 4983 2386 5039 etiam
2418 4982 2748 5052 integritate
2793 4981 3185 5051 omnibusque
3248 4979 3557 5036 virtutibus
3602 4994 3728 5048 quis
3786 4994 3931 5047 pas-

2216 5079 2398 5129 torem
2442 5072 2668 5127 decent.
2718 5072 2800 5126 Ex
2859 5072 3143 5127 monacho
3191 5070 3474 5125 Lirinensi
3507 5068 3686 5124 abbas
3723 5083 3928 5122 mona-

2214 5164 2372 5219 sterii
2404 5163 2953 5234 Augustodunensis
2987 5162 3243 5232 primum
3298 5162 3482 5215 factus
3513 5159 3734 5223 fuerat;
3785 5156 3929 5211 dein

2213 5258 2437 5309 mortuo
2463 5253 2679 5308 Licerio
2709 5252 3030 5307 Arelatensi
3055 5251 3326 5322 episcopo
3349 5267 3443 5305 an.
3474 5249 3600 5312 588,
3625 5248 3927 5316 Syagrius.

2217 5344 2409 5399 multas
2442 5344 2588 5413 apud
2634 5342 2828 5398 Galliae
2887 5342 3174 5413 principes
3234 5338 3598 5396 auctoritatis
3638 5345 3690 5392 et
3720 5335 3927 5407 gratia:

2216 5433 2543 5505 episcopus,
2622 5432 2714 5487 cui
2792 5431 3268 5503 perspectissimas
3341 5433 3506 5486 erant
3561 5427 3747 5484 sancti
3808 5424 3926 5479 viri

2219 5524 2383 5580 dotes
2423 5523 2661 5589 eximiae,
2697 5522 2927 5578 vacanti
2984 5520 3250 5577 Ecclesiae
3303 5518 3736 5591 praeﬁciendum
3775 5527 3921 5570 eum

780 5683 923 5739 pene
951 5673 1045 5744 est
1065 5673 1335 5744 Epistolas
1364 5676 1398 5726 7
1429 5675 1692 5744 ejusdem
1724 5676 1858 5732 libri
1890 5677 2215 5733 exordium.

510 5740 564 5812 b)
590 5739 752 5798 Idem
780 5755 852 5797 ex
878 5740 1082 5798 multis
1113 5739 1241 5800 aliis
1270 5739 1642 5814 Gregorianis
1674 5748 1942 5818 Epistolis
1973 5749 2212 5808 eruitur.
2249 5744 2389 5803 Vide
2422 5747 2736 5818 presertim
2770 5746 2873 5801 lib.
2907 5762 2995 5815 iu,
3027 5759 3117 5817 ep.
3145 5745 3234 5800 51.
