4106 6174
309 309 445 367 289

777 308 839 371 S.
885 308 1258 372 GREGORII
1303 311 1549 373 MAGNI
1596 312 1804 386 VITA,
1856 312 1954 375 EX
1996 311 2181 375 EJUS
2226 312 2582 377 SCRIPTIS
2626 318 3070 382 ADORNATA.
3124 324 3272 385 LIB.
3320 328 3398 389 II.

3728 336 3847 398 290

312 442 572 509 curavit,
606 459 781 513 quam
814 445 983 500 annis
1015 446 1083 500 49
1122 446 1492 502 sanctissime
1525 448 1687 505 rexit.
1730 448 2036 504 Florebant
2068 450 2123 517 Α
2153 448 3373 531 infausto,bellumredintegraruntFranci,
3400 469 3846 542 quorumimpe-

314 536 467 587 tunc
498 533 560 589 in
591 535 796 589 eadem
829 534 1084 591 Ecclesia
1140 536 1437 591 Gallicana
1490 538 1757 593 Etherius
1791 539 2037 611 Lugdu-

316 620 553 689 nensis,
584 623 918 679 Desiderius
937 624 1304 694 Viennensis,
1328 626 1640 699 Gregorius
1663 628 2037 698 Turonensis,

315 711 573 782 Aregius
608 712 1012 784 Vapincensis,
1036 715 1426 787 inprimisque
1461 718 1587 787 jam
1615 716 1884 773 laudatus
1906 718 2039 789 Sya-

315 800 511 869 grius,
546 805 604 856 et
634 802 730 856 alii
764 819 833 858 ex
864 803 1232 873 Gregorianis
1262 805 1525 875 epistolis
1557 807 1699 862 satis
1731 807 1874 863 noti.

394 888 478 943 De
513 891 873 948 Britannicis
900 893 1114 949 insulis
1144 894 1203 949 in
1228 894 1441 964 quibus
1472 913 1626 951 nunc
1654 896 1887 967 Angliaa,
1908 896 2037 951 Sco-

315 978 438 1046 tiae,
472 985 529 1034 et
593 980 876 1036 Hiberniae
935 999 1112 1053 regna
1142 989 1547 1053 numerantur,
1609 985 1679 1041 de
1732 986 2039 1041 Germania

314 1067 389 1122 ad
440 1068 682 1125 Boream
724 1076 1020 1142 vergente,
1053 1073 1123 1128 de
1152 1072 1389 1129 Polonia
1423 1091 1524 1130 seu
1558 1075 1849 1131 Sarmatis
1879 1074 2037 1130 aliis-

318 1174 438 1227 que
486 1159 1076 1231 Septemtrionalihus
1125 1163 1460 1234 regionibus
1512 1164 1658 1220 nihil
1707 1164 1801 1220 hic
1832 1167 2039 1221 attinet

323 1248 556 1303 dicere:
594 1250 806 1321 quippe
836 1267 964 1321 quae
1017 1251 1227 1308 Christi
1285 1268 1458 1308 suave
1498 1254 1731 1324 jugum,
1774 1256 2035 1310 nondum

312 1353 571 1393 excussa
609 1338 898 1394 idolorum
949 1341 1246 1408 servitute,
1281 1342 1351 1396 ad
1382 1342 1501 1397 haec
1535 1359 1718 1414 usque
1773 1348 2038 1415 tempora

313 1427 738 1483 detrectarent.

310 1605 692 1673 Attenuatum
724 1633 786 1642 ——
836 1607 880 1657 1.
931 1608 1083 1657 Orbis
1130 1609 1414 1673 Christiani
1446 1613 1615 1660 status
1654 1609 1905 1673 politicus
1936 1612 2035 1660 sub

377 1666 645 1716 Mauricio
677 1669 1019 1730 imperatore.
1050 1696 1112 1708 —
1157 1671 1204 1722 2.
1242 1672 1422 1721 Status
1458 1666 1730 1722 Italize.'—
1756 1673 1801 1721 3.
1846 1674 2035 1722 Gallia-

378 1744 508 1798 1_'um_
535 1730 635 1779 sub
651 1733 835 1798 _tribus
861 1734 1183 1798 Francorum
1216 1736 1446 1796 regibus.
1476 1763 1529 1771 -—
1552 1739 1597 1785 4.
1631 1736 1902 1798 Hispaniae
1936 1738 2034 1786 sub

380 1793 827 1859 Recharedo.i—_
857 1796 904 1843 5.
968 1796 1185 1859 Majoris
1238 1793 1546 1847 Britannias.
1611 1825 1674 1835 —
1706 1793 1753 1847 6'.
1794 1799 1932 1857 Quae
1967 1799 2033 1847 ad

381 1856 685 1927 regendam
717 1857 1001 1931 Ecclesium
1050 1856 1199 1908 dotes
1248 1862 1487 1910 attulerit
1528 1856 1839 1933 Gregorius.
1877 1889 1949 1933 —.
1980 1861 2031 1932 7:

376 1918 605 1966 Summa
639 1932 755 1981 ejus
791 1920 1076 1970 humilitas.
1110 1949 1171 1958 —
1217 1921 1269 1974 8.
1305 1922 1367 1971 Et
1397 1924 1644 1972 charitas.
1676 1951 1738 1961 —
1771 1923 1818 1971 9.
1852 1926 2027 1974 Animi

423 1932 605 1966 υωωει
639 1932 755 1974 Olus
791 1932 1076 1970 humilitas.
1110 1949 1171 1958 —
1217 1932 1269 1974 δ.
1305 1932 1367 1971 Et
1397 1932 1644 1972 Charitas.
1676 1951 1738 1961 —
1771 1932 1818 1971 υ.
1852 1932 2027 1974 Animi

381 1982 712 2031 constantia.
751 1984 870 2041 (An.
894 1983 987 2032 590
1022 1990 1073 2034 et
1100 1984 1237 2045 591.)

394 2063 451 2116 1.
517 2061 805 2117 Delineato
865 2064 1131 2131 breviter,
1194 2071 1481 2136 quantum
1542 2068 1613 2122 ad
1672 2067 2030 2124 ecclesiasti-

316 2167 461 2206 cum
522 2156 768 2219 statum,
829 2154 986 2209 orbis
1044 2154 1354 2211 Christiani
1411 2158 1839 2227 quodammodo
1894 2159 2030 2227 situ,

313 2241 482 2297 idem
518 2258 671 2297 nunc
692 2244 893 2297 eadem
939 2244 1232 2315 brevitate,
1258 2252 1542 2317 quantum
1580 2248 1650 2302 ad
1684 2254 1894 2303 statum
1927 2265 2031 2317 po-

309 2330 576 2397 liticum,
628 2338 893 2402 praestare
935 2350 1118 2405 operai
1168 2334 1419 2406 pretium
1471 2344 1576 2391 est.
1612 2336 1926 2393 Mauricius
1959 2338 2029 2392 ab

310 2438 475 2475 anno
507 2422 614 2475 582
639 2423 1003 2479 renuntiatus
1048 2424 1385 2496 imperator,
1436 2426 1639 2481 iisdem
1696 2426 2027 2494 virtutibus,

311 2510 642 2583 prudentia
676 2511 918 2568 maxime
977 2514 1316 2569 fortitudine
1346 2532 1411 2570 ac
1462 2515 1742 2583 religione
1782 2532 2027 2586 rempu-

309 2601 539 2655 blicam
600 2599 1069 2669 administrabat,
1130 2604 1340 2675 quibus
1398 2606 1467 2660 ad
1521 2605 1825 2677 imperium
1873 2605 2025 2660 viam

307 2693 435 2750 sibi
462 2693 773 2748 munierat.
806 2698 938 2749 Post
961 2695 1173 2750 multas
1211 2696 1282 2750 de
1303 2696 1515 2760 Persis,
1537 2696 1794 2751 assiduis
1819 2696 2026 2752 Roma-

304 2796 535 2838 norum
563 2781 843 2851 hostibus,
868 2782 1073 2837 relatas
1094 2782 1387 2847 victorias,
1410 2800 1609 2839 eorum
1635 2800 1827 2855 regem
1850 2785 2026 2840 Ches-

302 2887 476 2928 roem
517 2872 827 2941 profugum
866 2872 1112 2942 benigne
1160 2873 1438 2944 suscepit,
1488 2877 1545 2929 et
1584 2875 1716 2929 dato
1746 2875 2023 2942 exercitu,

300 2962 364 3017 in
430 2976 680 3031 regnum
736 2960 1158 3033 pristinamque
1199 2964 1540 3036 dignitatem
1575 2966 1843 3021 restituit.
1879 2966 2022 3021 Cum

300 3058 435 3107 zelo
469 3050 769 3106 catholica)
804 3051 935 3106 lidei
989 3052 1283 3123 ﬂagraret,
1326 3070 1391 3107 eo
1426 3060 1721 3124 regnante,
1754 3060 1818 3110 ut
1847 3056 2021 3111 etiam

300 3141 484 3196 testis
518 3148 606 3194 est
634 3144 689 3194 8.
721 3139 1032 3212 Gregorius
1063 3141 1207 3212 (Lib.
1240 3159 1315 3208 χι,
1349 3159 1440 3211 ep.
1474 3143 1584 3214 46),
1620 3144 2019 3200 hereticorum

300 3248 407 3287 ora
441 3230 874 3295 conticuerunt,
909 3240 963 3285 et
1020 3247 1197 3300 prava
1255 3247 1381 3302 quae
1431 3231 1781 3301 sentiebant,
1832 3234 2025 3305 eloqui

300 3334 426 3374 non
462 3322 993 3388 praesumpserunt.

372 3408 430 3459 2.
468 3405 556 3460 De
586 3404 759 3460 Italiae
792 3407 1102 3478 Romaeque
1135 3409 1459 3479 praesertim
1493 3409 1682 3466 salute
1712 3410 2021 3481 sollicitus,

294 3495 1284 3567 Smaragdum,praestantissimurn
1305 3499 1534 3566 ducem,
1556 3502 1867 3555 exarchum
1884 3520 2024 3558 con-

296 3590 605 3653 stituerat,
636 3590 692 3641 et
722 3578 877 3642 bello
911 3588 1187 3642 adversus
1220 3589 1626 3661 Langobardos
1667 3593 2018 3661 prefecerat.

296 3682 563 3733 Francos
593 3676 765 3730 etiam
798 3677 871 3730 ab
903 3676 1046 3747 ipsis
1064 3677 1184 3747 jam
1210 3677 1533 3747 lacessitos,
1570 3682 1767 3737 missis
1794 3682 2019 3753 legatis,

299 3765 623 3834 oblataque
654 3765 918 3834 pecunia,
952 3767 1025 3821 ad
1088 3765 1366 3823 ultionem
1432 3767 1862 3826 sollicitaverat.
1899 3774 2021 3836 Qua

302 3872 367 3910 re
403 3853 607 3908 audita
641 3853 1149 3925 Langobardorum
1184 3860 1383 3923 duces,
1407 3858 1477 3912 de
1507 3872 1639 3928 rege
1669 3859 1778 3913 sibi
1809 3862 2023 3915 consti-

303 3943 533 3999 tuendo
551 3943 700 3998 serio
723 3943 1077 4015 cogitarunt,
1102 3949 1159 4000 et
1180 3946 1481 4000 Autharim
1515 3947 1633 4018 [seu
1662 3949 2015 4021 Aulharith],

304 4033 491 4090 Clebi,
510 4033 609 4103 qui
635 4032 871 4089 ultimus
891 4035 1043 4105 apud
1066 4049 1165 4090 eos
1188 4035 1413 4105 regium
1438 4052 1647 4091 nomen
1670 4038 2016 4103 obtinuerat,

306 4124 526 4191 ﬁlium,
550 4122 786 4177 virtutis
829 4125 984 4178 fama
1022 4123 1167 4178 nulli
1201 4127 1542 4191 secundum,
1567 4125 1883 4198 elegerunt.
1918 4129 2019 4185 Hic

304 4212 385 4283 (α)
415 4212 595 4267 Flavii
630 4227 950 4282 praenomen
973 4214 1126 4284 apud
1154 4214 1440 4269 Romanos
1466 4214 1708 4281 illustre,
1735 4233 1882 4288 quos
1904 4219 2017 4274 sibi

303 4302 443 4375 plus
473 4302 779 4373 dignitatis
807 4307 862 4358 et
888 4303 1081 4373 gratias
1126 4305 1280 4374 apud
1314 4303 1486 4359 Italos
1536 4307 1887 4375 conciliaret,
1922 4325 2015 4364 as-

300 4392 587 4463 sumpsit.
622 4392 869 4463 Moxque
903 4393 1211 4449 Brixellum
1240 4394 1563 4450 defectione
1596 4397 1867 4451 Droctulﬁ
1903 4415 2017 4452 nu—

301 4498 412 4553 per
455 4482 741 4537 amissum
790 4483 1144 4553 oppugnavit
1199 4499 1263 4537 ac
1318 4486 1693 4555 recuperavit.
1756 4486 2016 4558 Cumque

293 4571 767 4637 Childebertum,
805 4572 1136 4628 {raucorum
1192 4573 1423 4644 Regem,
1467 4573 1636 4643 Alpes
1680 4591 1812 4630 cum
1845 4594 2013 4632 exer-
2047 4580 2098 4643 D

295 4664 423 4719 citu
456 4680 768 4736 superasse
801 4666 1140 4735 accepisset,
1176 4662 1310 4719 belli
1341 4664 1736 4735 Langobardis
1768 4667 2019 4723 inferen-

291 4755 359 4808 di
411 4755 627 4826 gratia,
687 4771 851 4826 isquo
910 4772 1039 4809 vero
1098 4764 1277 4810 marte
1335 4772 1465 4809 cum
1528 4755 1662 4824 ipsis
1706 4755 2014 4823 conﬂigere

284 4845 807 4916 possedil'lideret,
828 4844 1075 4900 ducibus
1093 4846 1213 4899 suis
1238 4844 1510 4915 praacepit
1532 4851 1594 4898 ut
1612 4846 1767 4901 intra
1786 4847 2013 4903 urbium

286 4934 664 4988 munitarum
696 4939 752 4987 et
781 4934 1003 4987 arcium
1040 4949 1236 4987 muros
1284 4950 1404 4988 sese
1436 4934 1816 4989 continerent.
1862 4937 2012 4993 Inte-

284 5023 409 5076 rim
435 5022 659 5089 legatos
682 5022 752 5075 ad
776 5021 1211 5077 Childebertum
1233 5023 1303 5077 de
1328 5037 1467 5093 pace
1490 5022 1669 5091 misit,
1694 5040 1894 5094 quam,
1922 5027 2014 5079 de-

275 5112 498 5166 missis
525 5112 792 5182 precibus
815 5110 1314 5183 amplissimisque
1336 5112 1694 5177 muneribus,
1733 5129 2005 5169 consecu-

273 5204 393 5253 tus
416 5208 522 5255 est.
550 5202 629 5255 Ex
649 5201 756 5255 hac
782 5202 1149 5272 expeditione
1179 5200 1615 5256 Childebertum
1650 5218 1792 5272 pene
1826 5202 2013 5260 adhuc

276 5288 670 5359 impuberem
701 5290 1017 5361 plurimum
1043 5290 1239 5362 gloria:
1271 5295 1597 5360 reportasse
1644 5292 1845 5346 scribit
1873 5292 2014 5349 Gre-

274 5380 505 5450 gorius
535 5379 894 5433 Turonensis
929 5378 1032 5436 lib.
1066 5395 1141 5448 γι,
1176 5395 1225 5433 c.
1260 5379 1347 5434 42.
1382 5380 1543 5450 Saepe
1584 5384 1781 5449 postea
1810 5386 2013 5438 contra

277 5468 537 5524 eosdem
572 5465 773 5522 hostes
806 5466 1044 5537 ancipiti
1076 5466 1423 5539 plerumque
1454 5472 1680 5536 eventu,
1712 5474 1812 5524 aut
1836 5469 2010 5527 etiam

370 5650 453 5718 (a)
488 5645 778 5718 Observat,
814 5646 1193 5702 doctissimus
1241 5645 1646 5702 Tillemontius
1677 5647 1735 5702 in
1768 5646 2013 5704 historia

282 5717 707 5791 Augustorum
766 5717 825 5771 in
885 5718 1224 5791 Constantio
1282 5722 1389 5791 art.
1438 5718 1528 5784 36,
1560 5735 1711 5791 gpag.
1746 5720 1869 5781 408.
1897 5721 2011 5791 hoc

286 5788 493 5847 Flavii
540 5805 873 5861 praenomen
894 5808 927 5846 a
973 5789 1205 5847 Silvano
1236 5791 1337 5864 qui
1368 5788 1679 5863 imperium
1719 5790 1779 5846 in
1810 5789 2011 5851 Galliis

2147 543 2269 593 tum
2306 539 2691 613 bellicumque
2723 544 3019 613 virtutem,
3059 549 3284 605 artibus
3322 539 3845 630 cunctabundaque

2147 628 2457 698 prudentia
2498 630 2759 701 frangere
2799 632 3005 689 solitus
3046 642 3168 692 erat
3205 640 3502 698 Autharis.
3526 646 3694 701 Anno
3719 628 3843 704 tan-

2146 717 2279 771 dem
2306 718 2431 784 590,
2466 736 2580 789 quo
2611 720 2669 774 S.
2696 721 3007 791 Gregorius
3057 728 3459 794 pontificatum
3509 736 3846 807 auspicatus

2147 808 2253 869 est,
2286 821 2385 859 rex
2436 807 2947 878 Langobardorum
3010 829 3210 883 pacem
3262 819 3505 889 supplex
3560 827 3765 894 oravit,
3790 830 3850 882 et

2148 910 2357 963 magno
2393 895 2569 951 Italiae
2602 897 2971 967 detrimento,
3004 918 3038 957 a
3070 903 3304 961 Francis
3335 908 3682 979 impetravit.

2214 1006 2515 1075 Superiora
2547 1024 2699 1063 anno
2722 1009 2904 1066 foedus
2927 1027 3057 1066 cum
3098 1012 3374 1083 Bajoariis
3413 1019 3639 1089 inierat,
3673 1026 3849 1084 ducta

2146 1095 2203 1147 in
2238 1096 2669 1151 matrimonium
2696 1098 3115 1167 Theodelinda,
3138 1104 3431 1161 Garibaldi
3466 1126 3667 1167 eorum
3694 1116 3846 1186 regis

2148 1183 2284 1248 ﬁlia,
2318 1200 2441 1253 qua;
2491 1201 2621 1239 cum
2683 1186 2982 1243 catholica:
3040 1190 3168 1245 ﬁdei
3217 1196 3420 1252 ardore
3452 1183 3845 1271 flagraretIad

2145 1289 2270 1328 eam
2306 1278 2503 1343 postea
2532 1279 2708 1330 totam
2744 1276 2860 1331 fere
2883 1277 3392 1351 Langobardorum
3427 1294 3646 1357 gentem
3675 1292 3848 1361 pelle-

2145 1362 2247 1415 xit.
2282 1361 2516 1417 Interim
2551 1363 2902 1420 Francorum
2936 1376 3091 1423 metu
3127 1370 3302 1426 soluti
3336 1373 3719 1447 Langobardi,
3753 1384 3843 1436 to-

2148 1456 2205 1506 ta
2263 1452 2377 1507 fere
2438 1453 2613 1522 Italia,
2664 1454 2941 1511 nimirum
3001 1459 3073 1513 ab
3123 1459 3346 1518 ultimis
3398 1466 3577 1522 Istriae
3609 1468 3846 1536 ﬁnibus,

2147 1541 2428 1611 Rhegium
2463 1558 2649 1613 usque
2706 1543 2762 1598 in
2825 1550 3079 1602 extrema
3125 1550 3409 1619 Calabris,
3467 1556 3647 1613 libere
3681 1562 3845 1631 potiti

2146 1638 2315 1699 sunt;
2350 1633 2562 1703 vixque
2592 1642 2763 1702 caput
2792 1636 2949 1691 orbis
2982 1638 3165 1695 Roma
3197 1642 3439 1699 furorem
3464 1646 3846 1705 barbarorum

2144 1722 2345 1777 evasit.
2382 1723 2487 1792 (Cf.
2523 1724 2679 1777 Paul.
2716 1724 2866 1779 Diae.
2902 1726 3000 1781 tib.
3030 1743 3091 1782 IlI
3122 1728 3186 1785 de
3207 1729 3343 1788 ϐεδε.
3379 1734 3553 1806 Lang.
3587 1752 3745 1809 capp.
3776 1740 3846 1793 32

2064 1834 2109 1899 Β
2141 1816 2194 1865 et
2222 1811 2336 1883 33.)

2216 1916 2392 1973 πρ
2423 1918 2473 1972 3.
2528 1920 2663 1986 Quis
2693 1921 2764 1975 de
2796 1920 2966 1977 bellis
2998 1939 3030 1978 a
3059 1925 3425 1984 Childeberto
3458 1930 3633 1987 Italiae
3665 1934 3846 1991 illatis

2143 2007 2441 2078 attigimus
2474 2024 2586 2063 non
2618 2009 2939 2078 sufﬁciunt,
2968 2017 3029 2067 ut
3060 2030 3173 2085 quo
3204 2020 3355 2072 statu
3388 2022 3526 2075 tunc
3556 2038 3647 2079 res
3678 2027 3848 2080 Fran-

2143 2113 2344 2151 corum
2377 2102 2592 2164 essent,
2640 2100 3017 2173 intelligatur.
3072 2103 3314 2162 Francia
3372 2111 3566 2167 omnis
3621 2121 3757 2171 tunc
3789 2119 3845 2173 in

2142 2184 2248 2239 tria
2280 2202 2457 2257 regna
2488 2188 2699 2254 divisa,
2732 2190 2976 2245 totidem
3009 2194 3248 2263 parebat
3278 2199 3535 2267 regibus.
3558 2201 3846 2263 Clotarius

2143 2280 2213 2347 Il,
2245 2278 2552 2350 Chilperici
2587 2298 2739 2336 anno
2768 2282 2873 2336 584
2906 2284 3077 2339 occisi
3111 2285 3268 2342 filius
3318 2304 3385 2345 ex
3443 2292 3843 2367 Fredegunde,

2141 2367 2421 2423 Neustrize
2446 2384 2546 2424 seu
2585 2369 2833 2427 Francia
2884 2370 3238 2431 Occidentali
3269 2377 3459 2435 adhuc
3501 2383 3706 2453 junior
3731 2386 3844 2443 im-

2141 2458 2399 2527 perabat.
2452 2457 2857 2515 Childebertus
2915 2461 3199 2533 Sigeberti
3250 2470 3307 2521 et
3354 2467 3747 2530 Brunichildis
3778 2491 3845 2531 ex

2139 2546 2298 2617 regia
2337 2546 2790 2617 Wisigotharum
2847 2551 3026 2621 stirpe
3084 2553 3265 2623 filius,
3333 2559 3683 2617 Austrasiam
3744 2582 3843 2622 seu

2136 2635 2442 2690 Franciam
2501 2635 2876 2703 Orientalem,
2930 2641 3021 2695 cui
3071 2644 3207 2696 tunc
3261 2661 3473 2716 magna
3523 2649 3842 2709 Germania:

2137 2741 2270 2796 pars
2308 2724 2741 2791 accensebatur,
2766 2726 3081 2784 obtinebat.
3117 2731 3519 2792 Guntramnus
3544 2740 3842 2813 utriusque

2136 2812 2288 2883 regis
2331 2815 2596 2883 patruus,
2660 2813 3073 2884 Burgundiam,
3133 2819 3302 2889 cujus
3351 2826 3493 2880 tunc
3552 2812 3843 2896 provincia

2138 2901 2323 2972 portio
2354 2904 2493 2967 erat,
2518 2900 2696 2956 orbus
2726 2901 2920 2959 liberis
2963 2907 3235 2976 regebat;
3270 2911 3369 2965 sed
3402 2910 3838 2973 Childebertum

2139 2990 2425 3045 haeredem
2456 2989 2729 3046 instituit.
2790 2990 2917 3047 Haec
2967 2993 3218 3051 Francia:
3251 2998 3476 3071 divisio,
3509 3010 3565 3056 et
3590 3004 3838 3061 duarum

2138 3080 2458 3152 presertim
2518 3080 2846 3151 reginarum
2906 3082 3295 3153 Fredegundis
3354 3093 3409 3143 et
3450 3090 3838 3151 Brunichildis

2138 3170 2288 3237 odia,
2324 3169 2638 3225 multorum
2670 3170 2955 3226 bellorum
2991 3173 3373 3232 seminarium
3408 3178 3586 3239 fuere.

2206 3279 2257 3335 4.
2289 3278 2563 3348 Hispania
2600 3276 2771 3348 longe
2828 3279 3081 3350 pacatior
3137 3289 3278 3351 erat,
3330 3300 3398 3339 ex
3454 3303 3565 3357 quo
3614 3290 3838 3360 ejurata

2134 3367 2350 3422 Ariana
2406 3366 2631 3431 hzeresi,
2708 3367 2779 3421 ad
2857 3368 3027 3424 ﬁdem
3092 3370 3473 3429 orthodoxam
3532 3376 3838 3451 Wisigothi

2134 3458 2507 3513 transierant.
2539 3456 2722 3511 Antea
2774 3457 2925 3511 enim
2961 3458 3147 3514 fuerat
3202 3475 3335 3516 cum
3366 3463 3602 3522 Francis
3634 3466 3836 3526 decer-
3922 3538 3937 3543 Ἴ

2132 3547 2397 3602 tandum.
2431 3546 2835 3602 Guutramnus
2867 3548 3082 3603 etenim
3129 3549 3365 3622 indigne
3399 3553 3589 3611 ferens
3621 3557 3834 3630 Ingun-

2130 3636 2282 3702 dem,
2319 3635 2514 3690 fratris
2546 3634 2746 3700 ﬁliam,
2800 3634 3226 3709 Hermenegildi
3286 3642 3437 3711 regis
3470 3661 3728 3715 uxorem,
3762 3650 3833 3704 ab

2134 3725 2471 3795 Leuvigildo
2502 3730 2559 3780 et
2587 3741 2619 3779 a
2647 3726 2966 3781 Gosuvitha
2997 3727 3428 3803 Hermenegildi
3477 3751 3739 3807 noverca,
3776 3740 3832 3797 in

2131 3816 2331 3870 odium
2366 3814 2498 3869 fidei
2556 3814 2878 3881 catholicae,
2932 3817 3003 3870 ad
3069 3823 3310 3873 mortem
3354 3838 3539 3893 usque
3572 3832 3830 3885 vexatam

2129 3906 2332 3967 fuisse,
2364 3904 2588 3958 duobus
2612 3904 2811 3959 missis
2844 3905 3190 3961 exercitibus
3242 3908 3457 3965 bellum
3491 3916 3832 3987 Wisigothis

2130 3996 2405 4049 moverat.
2439 3993 2549 4048 Sed
2581 3993 2865 4047 exstincto
2917 3994 3269 4065 Leuvigildo,
3303 4013 3430 4053 cum
3464 4000 3831 4061 Recharedus

2128 4084 2249 4152 ejus
2274 4081 2427 4135 filius
2451 4096 2515 4135 ac
2533 4096 2852 4149 successor,
2878 4081 3242 4153 amplexatus
3264 4085 3436 4141 ﬁdem
3462 4089 3827 4163 catholicam,

2127 4172 2399 4228 Ecclesiae
2448 4170 2855 4227 reconciliatus
2906 4172 3131 4241 fuisset,
3164 4190 3364 4244 pacem
3389 4193 3421 4231 a
3452 4181 3687 4236 Francis
3718 4183 3828 4239 im-

2127 4262 2390 4335 petravit,
2420 4280 2485 4317 ac
2518 4279 2618 4332 pro
2652 4261 2809 4332 pacis
2840 4266 2896 4317 et
2928 4262 3156 4319 traderis
3204 4265 3443 4335 pignore
3474 4267 3829 4329 Clotsindem

2128 4353 2187 4407 in
2222 4368 2473 4409 uxorem.
2509 4352 2588 4406 Ea
2617 4355 2738 4405 erat
2773 4349 3129 4406 Childeberti
3161 4369 3344 4423 soror,
3382 4373 3559 4427 quam
3589 4359 3827 4419 Authari

2128 4444 2635 4514 Langobardorum
2669 4442 2789 4512 regi
2849 4441 3015 4497 enixe
3062 4444 3279 4513 petenti
3313 4446 3592 4505 collocare
3625 4452 3829 4508 nolue-

2131 4538 2239 4589 rat.
2271 4530 2588 4589 Recharedi
2614 4529 2816 4585 laudes
2847 4528 3077 4585 abunde
3108 4533 3478 4605 persequitur
3526 4538 3584 4593 S.
3614 4542 3830 4613 Grego-

2131 4624 2251 4679 rius
2282 4622 2384 4678 lib.
2409 4638 2484 4690 lx,
2517 4637 2610 4693 ep.
2646 4621 2765 4684 122,
2798 4624 2856 4676 et
2879 4620 3024 4675 libro
3046 4638 3109 4677 ιιι
3143 4622 3366 4697 Dialog.
3399 4643 3449 4683 c.
3498 4629 3587 4699 31,
3622 4630 3718 4687 ubi
3752 4635 3832 4688 ait

2129 4719 2447 4768 eumtanto
2504 4712 2637 4767 ﬁdei
2679 4710 2978 4767 catholicae
3028 4714 3228 4770 ardore
3288 4714 3588 4788 ﬂagrasse,
3614 4724 3830 4776 utnul—

2126 4806 2241 4859 tum
2274 4806 2327 4857 in
2362 4818 2457 4857 suo
2489 4818 2649 4873 regno
2684 4801 2933 4857 militare
2981 4805 3343 4873 permitteret,
3378 4810 3475 4877 qui
3526 4810 3689 4876 regni
3722 4815 3824 4865 Dez'

2125 4894 2291 4949 hostis
2322 4894 2556 4948 existere
2576 4909 2678 4964 per
2710 4891 3027 4948 hmrelz'cam
3063 4896 3391 4964 pravitatem
3421 4912 3528 4950 non
3562 4899 3777 4954 timeret
3805 4919 3821 4953 .-

2123 4986 2274 5057 quod
2335 4982 2405 5037 ad
2456 4982 2891 5039 conversionem
2950 4981 3407 5039 bellicosissima
3464 4987 3650 5055 gentis
3709 5006 3823 5046 non

2123 5091 2332 5147 parum
2364 5072 2628 5128 contulit.

2192 5193 2246 5247 5.
2294 5191 2592 5247 Britannia
2647 5191 2820 5260 vulgo
2852 5190 3003 5243 dicta
3037 5188 3221 5255 major
3277 5189 3348 5243 ab
3406 5190 3613 5263 Anglis
3642 5193 3823 5253 idolo—

2123 5299 2250 5339 rum
2284 5281 2605 5338 cultoribus
2636 5288 2933 5346 occupata,
2968 5277 3161 5347 plures
3203 5277 3263 5332 in
3296 5278 3592 5347 dynastias
3638 5282 3824 5342 divisa

2122 5375 2261 5428 erat.
2296 5370 2400 5433 Qui
2434 5371 2777 5439 supererant
2809 5382 2877 5420 ex
2916 5365 3180 5435 pristinis
3226 5365 3434 5424 incolis
3467 5369 3729 5428 Britones
3761 5376 3822 5432 in

2123 5460 2345 5516 Wallim
2378 5461 2498 5515 loca
2526 5459 2844 5523 inaccessa,
2876 5455 3075 5527 iugum
3121 5473 3397 5513 novorum
3444 5461 3815 5521 dominorum

2119 5644 2449 5711 usurparat,
2482 5638 2659 5694 fuisse
2688 5639 3051 5723 assumptum
3075 5652 3090 5704 ;
3115 5636 3364 5693 maxime
3393 5637 3818 5713 veroalienigs-

2120 5730 2227 5771 nas
2257 5708 2384 5785 ipso
2406 5728 2467 5769 se
2499 5725 2775 5768 exornare
2804 5708 3027 5768 solitos.
