4106 6174
362 304 475 365 291

804 300 869 360 S.
912 297 1289 361 GREGORII
1334 297 1583 359 MAGNI
1634 300 1837 375 VlTA,
1890 302 1989 363 EX
2033 301 2219 366 EJUS
2256 303 2605 367 SCRIPTIS
2654 300 3104 365 ADORNATA.
3152 302 3307 363 LIB.
3354 301 3430 361 Il.

3759 298 3883 361 292

362 442 649 513 fugientes
679 453 805 495 sese
838 441 1203 510 receperunt,
1228 444 1327 491 aut
1362 438 1416 489 in
1451 436 1840 491 Aremoricam
1872 435 2065 491 Gallia:
2098 454 2145 513 Α
2179 441 2461 497 charitate
2494 440 2859 502 melliﬂuam,
2894 439 2950 493 in
3004 455 3113 509 qua
3148 437 3298 491 inter
3328 440 3531 491 catcra
3562 435 3883 504 rescripsit,

363 530 737 604 provinciam.
773 529 1042 584 Hibernia
1074 529 1197 583 suis
1228 526 1459 597 regibus
1490 525 1943 595 obtemperabat.

431 626 485 679 6.
520 624 599 677 En
632 623 967 694 aperuimus
1025 618 1281 674 stadium
1338 618 1397 672 in
1456 633 1571 688 quo
1613 616 1927 689 Gregorius
1960 618 2069 673 de-

364 730 626 778 currens,
658 716 714 767 et
762 712 1084 774 decertans,
1110 709 1235 778 jam
1276 707 1673 778 spectaculum
1719 708 1950 762 futurus
1982 715 2069 763 est

366 804 608 868 mundo,
640 802 754 855 imo
785 808 837 855 et
870 797 1089 870 angelis
1110 801 1166 851 et
1195 796 1564 862 hominibus;
1600 795 1733 852 licet
1754 796 1799 851 si
1821 797 1928 866 ipsi
1952 813 2070 852 cre-

365 894 592 960 damus,
622 891 753 945 vilis
784 889 1098 953 homuncio,
1149 886 1382 959 ignavia
1438 890 1677 958 torpens.
1733 888 1967 954 Verum,
2000 891 2067 943 ut

363 1001 456 1041 res
482 988 589 1051 est,
622 983 784 1054 gigas
817 978 1191 1039 fortissimus,
1224 982 1281 1033 et
1338 976 1529 1033 mollis
1560 977 1659 1032 otii
1702 994 1816 1049 pra
1848 977 2065 1033 caleris

362 1072 690 1146 pastoribus
741 1067 1307 1141 impatientissimus.
1367 1067 1518 1131 Quae
1578 1074 1767 1123 autem
1809 1068 1972 1123 dotes
1999 1083 2064 1122 ac

359 1164 607 1219 virtutes
629 1162 698 1216 ad
726 1159 1129 1232 pontiﬁcatum
1162 1157 1422 1212 attulerit
1452 1162 1515 1211 ut
1546 1172 1611 1213 eo
1646 1158 1751 1212 rite
1785 1158 2062 1227 fungere—

358 1256 472 1320 tur,
506 1268 575 1308 ex
600 1250 723 1319 jam
753 1248 925 1305 dictis
950 1246 1114 1303 facile
1140 1246 1354 1318 poterit
1378 1246 1648 1317 intelligi,
1681 1251 1738 1301 et
1774 1262 1841 1301 ex
1871 1246 2068 1301 dicen-

358 1342 449 1397 dis
479 1341 691 1398 clarius
722 1339 993 1396 elucebit.
1035 1336 1302 1392 Sufﬁciat
1340 1336 1447 1391 hoc
1477 1338 1782 1391 observare
1824 1336 1970 1402 loco,
2004 1338 2062 1390 in

358 1430 733 1487 sanctissimo
756 1426 1046 1499 pontiﬁce,
1079 1425 1149 1481 ad
1174 1424 1521 1480 miraculum
1556 1429 1613 1480 et
1640 1430 1935 1495 stuporem
1970 1441 2067 1479 us-

358 1538 472 1593 que
502 1519 793 1575 eﬂ‘ulsisse
821 1516 1213 1572 humilitatem
1244 1519 1303 1570 et
1335 1514 1696 1570 charitatem.
1730 1515 1837 1570 Per
1866 1514 2059 1569 humi-

358 1611 581 1666 litatem
614 1606 898 1664 sollicitus
921 1604 1137 1676 ubique
1167 1611 1219 1659 et
1258 1619 1485 1672 semper
1524 1606 1595 1659 de
1627 1603 2062 1659 circumstanti-

359 1700 467 1755 bus
500 1698 792 1771 periculis,
826 1696 1067 1753 cavebat
1096 1711 1164 1750 ne
1197 1695 1266 1749 de
1296 1694 1502 1749 collato
1527 1698 1686 1749 tanto
1706 1694 1925 1749 honore
1952 1691 2060 1748 sibi

360 1789 726 1845 blandiretur
756 1790 812 1841 et
841 1788 1255 1841 assentaretur.
1290 1784 1396 1839 Per
1416 1784 1759 1839 charitatem
1793 1783 2061 1853 cumjam

358 1879 469 1935 sibi
500 1876 784 1945 viluisset,
818 1876 874 1929 in
907 1875 1092 1929 Deum
1148 1889 1378 1945 semper
1427 1878 1676 1942 erectus,
1708 1889 1740 1928 θ
1787 1888 2062 1945 supremo

356 1969 455 2025 illo
488 1968 714 2039 fastigio
745 1965 964 2022 subditi
995 1965 1189 2037 gregis
1240 1964 1685 2020 necessitatibus
1716 1968 1771 2019 et
1805 1980 2062 2019 commo-

358 2060 449 2115 dis
479 2056 924 2129 vigilantissime
948 2055 1353 2127 prospiciebat.
1378 2054 1535 2124 (Vide
1570 2056 1795 2125 Prae/at.
1830 2055 1890 2109 in
1913 2054 2060 2111 Dial.

356 2159 406 2205 et
427 2150 527 2206 lib.
551 2166 628 2215 ιιι,
650 2164 731 2219 ep.
770 2146 914 2217 121.)

424 2238 480 2289 7.
515 2235 872 2291 Humilitatis
904 2235 1175 2303 abyssum
1201 2234 1449 2304 produnt
1474 2232 1657 2288 multa
1690 2234 1806 2303 jam
1838 2249 1906 2289 ex
1936 2234 2060 2303 ejus

351 2326 617 2398 epistolis
641 2324 882 2396 prolata,
908 2324 1124 2395 quibus
1147 2323 1313 2394 longe
1355 2322 1518 2394 plura
1539 2324 1749 2378 addere
1773 2322 2055 2379 licuisset.

346 2420 472 2485 Quo
506 2418 682 2471 fuisse
714 2414 910 2470 animo
942 2431 1079 2485 erga
1109 2430 1467 2485 supremam,
1515 2414 1605 2468 cui
1638 2413 1911 2485 alligatus
1939 2430 2052 2469 non

348 2513 555 2580 sponte
580 2508 786 2573 fuerat,
822 2505 1087 2561 Ecclesia
1110 2505 1456 2576 dignitatem
1480 2504 1819 2575 Gregorium
1854 2505 2052 2559 existi-

348 2614 597 2664 mamus,
622 2596 854 2669 quando
892 2596 1076 2651 amico
1120 2595 1375 2649 Leandro
1412 2593 1702 2649 scribebat
1723 2598 1849 2649 octo
1884 2594 2053 2650 annis

344 2706 377 2743 a
416 2705 523 2744 sua
581 2687 1024 2759 inauguratione
1077 2686 1197 2754 jam
1248 2684 1499 2756 elapsis:
1533 2686 1883 2754 Summopere
1940 2700 2052 2740 esse

336 2778 683 2832 decreveram
730 2775 1083 2844 opprobrium
1114 2773 1421 2836 hominum,
1457 2783 1508 2828 et
1563 2774 1795 2844 abjectio
1851 2774 2046 2843 plebis,

338 2870 503 2937 atque
532 2866 589 2919 in
624 2865 742 2935 ejus
772 2867 915 2919 sorte
934 2878 1176 2928 currere,
1207 2862 1271 2917 de
1319 2879 1418 2933 quo
1468 2878 1657 2917 rursus
1686 2879 1783 2933 per
1812 2862 2048 2916 Psalmi-

337 2962 482 3009 stam
512 2954 724 3008 dicitur
741 2968 762 3013 ,ο
793 2953 1051 3007 Ascensus
1082 2955 1138 3005 in
1182 2951 1339 3007 corde
1381 2953 1500 3019 eius
1529 2951 1798 3022 disposuit
1829 2954 1884 3006 in
1920 2969 2044 3006 con-

335 3044 481 3098 valle
512 3044 905 3113 lacrymarum,
938 3047 1000 3094 ut
1060 3040 1307 3095 virlelicet
1358 3044 1508 3095 tanto
1554 3042 1737 3094 verius
1768 3043 1917 3095 intus
1950 3059 2043 3097 as-

334 3131 622 3187 cenderem
653 3136 854 3199 quanto
871 3144 973 3198 per
995 3128 1295 3182 convallem
1319 3130 1687 3198 lacrymarum
1708 3131 1845 3196 foris
1867 3129 2045 3183 humi-

2179 530 2409 586 Meliora
2462 530 2569 586 sibi
2625 545 2735 584 esse
2796 529 3024 583 vulnera
3074 528 3374 597 diligentis,
3431 542 3599 597 quam
3655 522 3883 580 inimici

2180 622 2509 678 blandientis
2539 622 2723 677 oscula
2748 620 2893 690 (Lib.
2924 636 3023 687 νιι,
3056 636 3141 690 ep.
3172 619 3289 689 27).
3318 620 3504 688 Atque
3533 624 3596 672 ut
3627 618 3881 670 Anasta-

2177 712 2263 767 sio
2290 711 2549 768 monenti
2575 727 2797 767 morem
2821 714 3060 783 gereret.
3091 708 3330 779 Cyriaci,
3372 724 3557 777 nuper
3584 707 3655 761 ad
3683 706 3881 761 sedem

2176 801 2281 856 CP.
2336 803 2539 869 evecti,
2569 800 2876 873 epistolam
2909 799 3241 872 synodicam
3273 799 3333 852 in
3369 812 3487 867 qua
3532 794 3880 851 acumenici

2175 892 2513 964 patriarcha
2546 892 2781 947 titulum
2805 890 2915 945 sibi
2937 889 3295 956 vendicabat,
3329 886 3453 943 sine
3484 901 3646 941 mora
3678 900 3879 941 susce-

2175 983 2278 1053 pil,
2311 999 2382 1039 ne
2423 984 2704 1038 unitatem
2737 981 3005 1037 Ecclesia
3038 979 3314 1035 turbaret.

2241 1073 2501 1144 Denique
2517 1072 2876 1144 singularem
2904 1070 3177 1127 omnibus
3198 1070 3257 1123 in
3280 1067 3543 1139 epistolis
3565 1066 3743 1122 animi
3770 1067 3880 1121 de-

2171 1162 2517 1218 missionem
2573 1166 2862 1228 testatum,
2925 1164 2981 1215 et
3037 1158 3465 1230 quodammodo
3515 1156 3878 1228 insculptam

2172 1253 2421 1324 reliquit,
2442 1268 2572 1308 cum
2596 1251 2819 1322 primus
2834 1249 3095 1306 omnium
3114 1249 3508 1304 Romanorum
3533 1246 3878 1318 pontificum

2172 1342 2233 1396 in
2264 1342 2407 1411 ipsis
2431 1342 2505 1411 (a)
2535 1355 2757 1395 servum
2807 1355 2869 1393 se
2917 1354 3212 1393 servorum
3248 1336 3346 1391 Dei
3392 1334 3618 1405 prafari
3648 1334 3831 1389 voluit
3860 1351 3876 1404 ;

2175 1430 2323 1485 hanc
2354 1430 2649 1485 modestia
2680 1434 2962 1484 tesseram
2996 1443 3141 1481 vano
3174 1430 3231 1481 et
3256 1425 3507 1496 superbo
3528 1423 3879 1479 acumeniei

2172 1519 2339 1575 titulo
2362 1536 2476 1591 quo
2498 1519 2859 1591 gloriabatur
2879 1517 2984 1572 ΟΡ.
3010 1518 3315 1587 episcopus
3338 1513 3640 1583 objiciens,
3666 1511 3878 1568 simul-

2172 1625 2285 1680 que
2314 1625 2431 1665 non
2461 1609 2705 1665 obscure
2736 1606 3077 1678 signiﬁcans
3102 1605 3507 1677 pontiﬁcatum
3534 1605 3739 1659 duram
3764 1602 3878 1657 sibi

2171 1698 2349 1754 videri
2384 1698 2738 1763 servitutem,
2772 1696 2864 1753 cui
2924 1695 3049 1751 sola
3078 1711 3146 1750 ex
3192 1694 3473 1750 charitate
3529 1692 3744 1748 collum
3774 1692 3881 1762 ju-

2172 1788 2341 1844 bente
2377 1789 2497 1843 Deo
2530 1788 2872 1843 subdiderit.
2906 1787 3012 1855 (Cf.
3046 1787 3203 1842 Joan.
3236 1786 3386 1840 Diae.
3422 1785 3460 1841 ι.
3497 1800 3555 1849 ιι,
3587 1802 3644 1838 η.
3680 1787 3752 1853 l.)

2240 1879 2293 1932 8.
2325 1878 2401 1933 Ad
2434 1877 2775 1933 charitatem
2810 1877 2964 1948 quod
3014 1880 3252 1946 spectat,
3277 1878 3490 1945 quanto
3521 1890 3654 1945 erga
3685 1873 3874 1929 Deum

2170 1985 2365 2025 amore
2397 1969 2684 2049 flagraret,
2727 1969 2868 2023 satis
2900 1967 3147 2038 probant
3176 1966 3462 2021 continua
3492 1981 3635 2036 quas
3666 1964 3878 2036 singu-

2169 2060 2240 2114 lis
2263 2060 2377 2114 fere
2408 2058 2662 2130 epistolis
2696 2058 2975 2129 inspergit
3006 2055 3252 2128 querela
3284 2057 3352 2111 de
3382 2055 3600 2111 amisso
3622 2054 3721 2110 illo
3755 2072 3877 2125 pra

2168 2149 2561 2206 sollicitudine
2583 2150 2881 2221 pastorali,
2906 2149 2992 2203 vel
3016 2148 3259 2203 remisso
3291 2166 3303 2203 :
3329 2149 3425 2217 qui
3453 2149 3607 2203 enim
3630 2148 3699 2201 de
3720 2147 3878 2202 sacri

2168 2238 2341 2310 hujus
2371 2240 2521 2311 ignis
2546 2240 2778 2310 jactura
2800 2238 2880 2293 ita
2910 2242 2999 2293 est
3028 2237 3255 2307 anxius,
3281 2236 3456 2302 dolet,
3489 2236 3875 2307 lacrymatur,

2165 2334 2383 2403 quanto
2404 2331 2607 2385 ardore
2628 2344 2688 2383 se
2716 2328 2899 2383 Deum
2940 2327 3179 2399 diligere
3213 2327 3301 2382 vel
3339 2327 3447 2382 hoc
3476 2327 3601 2399 ipso
3627 2328 3876 2383 demon-

2163 2424 2326 2476 strat.
2376 2420 2456 2475 De
2488 2420 2767 2474 charitate
2807 2432 2942 2488 erga
2986 2418 3309 2487 proximum
3360 2418 3551 2472 dicere
3585 2417 3693 2472 hoc
3743 2418 3874 2474 loco

2161 2510 2308 2565 nihil
2340 2510 2563 2575 attinet,
2600 2513 2730 2579 post
2775 2512 2857 2563 tot
2886 2508 3079 2563 effusa
3113 2507 3270 2563 illius
3302 2507 3361 2561 in
3410 2523 3691 2577 pauperes
3722 2507 3869 2562 libe-

2159 2600 2409 2656 ralitatis
2441 2603 2804 2669 argumenta,
2856 2614 2980 2668 qua
3030 2598 3404 2669 suppeditant
3452 2598 3708 2668 ejusdem
3743 2598 3868 2670 epi-

2158 2695 2341 2760 stola,
2403 2698 2775 2761 recensetque
2837 2694 3088 2747 Joannes
3164 2689 3472 2754 Diaconus,
3541 2690 3867 2760 praesrtim

2158 2783 2256 2837 lib.
2294 2782 2362 2847 Il,
2396 2780 2683 2851 capitibus
2717 2795 2945 2847 novem,
2979 2778 3252 2833 sciliceta
3280 2780 3351 2831 22
3381 2780 3451 2831 ad
3484 2778 3570 2833 30.

2224 2872 2277 2923 9.
2315 2870 2391 2923 Ex
2424 2874 2669 2939 utraque
2713 2867 2813 2921 illa
2845 2884 3078 2921 summa
3108 2865 3319 2921 virtute
3373 2866 3589 2937 prodiit
3618 2866 3878 2921 infracta

2156 2960 2418 3032 quadam
2442 2957 2621 3012 animi
2654 2957 3004 3023 constantia,
3030 2955 3238 3027 quain
3266 2956 3484 3021 arduis,
3520 2957 3649 3011 etin
3683 2954 3871 3011 223

2152 3050 2513 3123 gravioribus
2556 3049 2828 3119 periculis
2864 3049 3114 3103 maxime
3145 3048 3444 3103 elucebat:
3481 3046 3714 3119 quippe,
3748 3064 3877 3117 quo

2160 3141 2345 3207 magis
2376 3139 2487 3193 sibi
2519 3138 2818 3192 difﬁdebat
2867 3137 3176 3207 Gregorius
3210 3153 3308 3207 per
3358 3136 3773 3201 humilitatem,
3808 3154 3882 3192 eo

335 3220 446 3275 lius
474 3220 707 3287 iacerem
754 3218 982 3284 (Psalm.
1019 3233 1247 3286 Lsxxm,
1280 3218 1358 3289 7).
1415 3219 1478 3271 At
1508 3234 1594 3271 me
1630 3220 1869 3272 multum
1899 3236 2045 3274 nunc
2077 3204 2119 3269 C
2161 3229 2364 3300 majori
2402 3230 2459 3283 in
2507 3230 2681 3282 Deum
2718 3229 2932 3283 ﬁducia
2963 3204 3355 3282 άῖοεδεηρυω
3400 3226 3713 3295 Αροειοιοε
3746 3228 3893 3281 om-

331 3310 590 3381 deprimit
622 3310 794 3364 honor
825 3323 1107 3374 onerosus,
1145 3322 1294 3363 cura?
1324 3307 1633 3363 innumera.
1662 3314 2037 3379 perstrepunt,
2148 3322 2245 3373 nia
2300 3334 2518 3389 possum
2572 3317 2632 3371 in
2689 3333 2746 3372 eo
2796 3319 2895 3389 qui
2941 3332 3027 3370 me
3073 3319 3342 3387 con/artat
3376 3316 3605 3383 (Philip,
3644 3332 3717 3373 ιν,
3760 3318 3885 3387 13),

330 3408 381 3455 et
409 3416 531 3455 cum
552 3414 668 3454 sese
700 3397 768 3451 ad
797 3400 969 3452 Deum
1012 3400 1231 3451 animus
1255 3399 1487 3466 colligit,
1522 3399 1665 3453 hunc
1689 3401 1805 3453 suis
1836 3401 2035 3467 impul-

2210 3427 2235 3464 a
2266 3409 2334 3463 de
2367 3424 2425 3462 se
2465 3407 2721 3476 loquitur
2768 3422 2859 3477 ep.
2893 3407 2958 3459 47
3009 3406 3141 3460 libri
3188 3422 3265 3475 ιν,
3314 3406 3384 3460 ad
3430 3405 3817 3459 Sabinianum
3863 3424 3880 3461 :

328 3488 483 3545 sibus
511 3489 675 3559 quasi
722 3486 1047 3557 quibusdam
1086 3486 1291 3554 glailiis
1339 3487 1613 3543 scindunt.
1656 3488 1823 3542 Nulla
1860 3490 2037 3543 cordis
2148 3498 2314 3552 Μονεε
2360 3512 2507 3552 meas
2558 3496 2691 3549 bene
2738 3498 2981 3564 cognitos
3032 3496 3215 3561 habes,
3248 3495 3379 3564 quia
3411 3494 3508 3548 diu
3546 3503 3719 3563 porto.
3765 3494 3879 3549 Sed

332 3579 479 3652 quies
510 3582 606 3633 est.
640 3577 987 3632 Prostratum
1032 3578 1088 3631 in
1121 3578 1331 3645 inﬁmis
1352 3578 1501 3648 jacet
1531 3593 1649 3634 suae
1692 3580 2040 3648 cogitationis
2145 3588 2195 3641 δέ
2224 3588 2388 3641 “me;
2427 3586 2794 3640 άειίρεναυενο
2842 3600 2952 3637 non
3006 3593 3257 3654 ρονεανε,
3288 3588 3473 3638 contra
3506 3583 3696 3638 omnia
3722 3586 3882 3653 peri-

329 3668 564 3741 pondere
591 3667 917 3737 depressum.
977 3667 1091 3719 Aut
1137 3683 1263 3720 rara
1324 3667 1479 3722 valde
1536 3677 1632 3723 aut
1665 3669 1821 3723 nulla
1855 3669 1951 3723 hoc
1976 3672 2033 3724 in
2147 3676 2269 3731 cuia
2305 3674 2463 3729 (avius
2492 3675 2644 3728 vallo.

331 3758 601 3814 sublimia
630 3773 811 3827 penna
865 3757 1338 3827 contemplationis
1394 3758 1550 3813 levat.
1613 3760 1798 3830 Torpet
1844 3761 2038 3829 ignava
2220 3765 2431 3820 Verum
2464 3766 2511 3819 si
2545 3764 2791 3818 velimus
2817 3779 2982 3818 nosse
3014 3762 3203 3833 qualis
3236 3763 3305 3816 ad
3340 3777 3634 3816 summum
3668 3762 3870 3832 ponti-

2149 3856 2385 3911 ﬁcetum
2447 3857 2750 3910 accesserit
2806 3855 2863 3908 S.
2925 3854 3254 3925 Gregorius,
3306 3858 3361 3908 et
3401 3851 3648 3923 qualiter
3695 3853 3753 3907 in
3791 3868 3863 3909 eo

2145 3947 2373 4009 vixerit,
2427 3946 2687 4014 legamus
2738 3944 2951 3998 librum
2990 3944 3217 4013 [tegula
3262 3942 3594 4008 Pastoralis,
3638 3944 3706 3996 de
3737 3960 3862 4013 quo

2148 4036 2395 4093 strictim
2423 4037 2547 4107 jam
2598 4036 2993 4105 loquendum;
3031 4041 3091 4089 ut
3140 4035 3291 4089 enim
3333 4034 3401 4088 de
3447 4039 3505 4089 S.
3541 4034 3862 4088 Benedicto

2149 4125 2227 4179 ait
2256 4125 2390 4192 (Lib.
2426 4142 2465 4177 ιι
2516 4124 2683 4186 Diab,
2724 4141 2770 4177 c.
2809 4126 2916 4194 36),
2970 4140 3099 4177 eum
3134 4140 3242 4177 non
3288 4126 3528 4193 potuisse
3556 4122 3721 4175 aliter
3752 4122 3862 4176 do-

2145 4230 2265 4269 cere
2296 4214 2351 4267 in
2387 4214 2604 4285 Regula
2636 4214 3046 4269 Monachorum
3084 4231 3114 4267 a
3161 4230 3222 4267 se
3263 4213 3649 4284 promulgata,
3685 4228 3861 4282 quam

2146 4306 2309 4369 vixit,
2370 4303 2520 4359 idem
2570 4319 2802 4375 quoque
2854 4308 2922 4358 de
2968 4304 3337 4358 sanctissimo
3390 4320 3558 4374 papa,
3621 4303 3866 4373 Regulae

330 3866 503 3913 mens,
527 3852 576 3903 et
596 3847 1144 3903 circumlatrantibus
1165 3850 1313 3903 curis
1337 3850 1746 3921 temporalibus,
1767 3853 1884 3921 jam
1905 3867 2040 3921 pene

329 3940 398 3994 ad
417 3944 692 4009 stuporem
710 3939 968 4002 deducta,
991 3941 1203 4010 cogitur
1230 3940 1387 3994 modo
1418 3946 1635 3995 terrena
1666 3958 1845 4010 agere,
1880 3942 2036 3997 modo

327 4031 495 4086 etiam
517 4045 634 4099 qua
655 4034 783 4083 sunt
803 4030 1055 4084 carnalia
1076 4028 1396 4100 dispensare
1418 4031 1554 4093 (Lib.
1582 4048 1660 4097 ιιι,
1685 4047 1770 4100 ep.
1810 4032 1947 4101 l2l).

400 4120 544 4174 Cum
575 4117 816 4185 Natalis,
840 4118 1213 4172 Salonitanus
1251 4119 1561 4189 episcOpus
1606 4120 1848 4174 moleste
1880 4120 2039 4175 tulis-

333 4210 422 4262 set
452 4222 513 4262 se
543 4224 574 4261 a
603 4206 880 4277 Gregorio
913 4212 1243 4277 correptum
1292 4207 1488 4273 fuisse,
1522 4208 1646 4277 ipse
1679 4209 1747 4261 ad
1782 4224 1913 4263 eum
1949 4226 2037 4264 re-

330 4297 603 4366 scripsit:
636 4298 710 4351 Ab
769 4297 1021 4351 omnibus
1076 4296 1301 4367 corripi,
1361 4297 1427 4351 ab
1477 4299 1727 4352 omnibus
1760 4300 2041 4354 emendari

328 4392 554 4454 paratus
580 4399 739 4445 sum;
768 4394 817 4441 et
848 4385 993 4441 hunc
1041 4385 1216 4441 solum
1246 4386 1384 4440 mihi
1430 4392 1671 4441 amicum
1704 4390 1914 4444 astimo
1941 4406 2039 4460 per
2146 4399 2446 4449 Pastorum
2481 4402 2733 4461 auctore,
2766 4393 3059 4447 affirmare
3091 4410 3203 4448 non
3237 4408 3520 4447 veremur.

326 4473 482 4538 cuius
511 4473 780 4542 linguam,
840 4480 968 4529 ante
1026 4476 1445 4544 apparitionem
1510 4477 1756 4533 districti
1806 4479 2033 4543 Iudicis,
2814 4501 3043 4557 CAPUT
3091 4502 3179 4555 [1L

326 4576 468 4616 meae
488 4561 739 4615 maculas
766 4566 965 4617 mentis
1005 4568 1151 4634 tergo
1182 4565 1323 4635 (Lib.
1378 4583 1439 4633 ιι,
1498 4582 1583 4637 ep.
1616 4568 1729 4637 52).
1789 4568 1945 4631 Quod
1981 4574 2036 4623 et

2210 4606 2508 4661 leniturum.
2541 4620 2602 4627 —
2794 4591 3079 4661 Gregorius
3102 4591 3295 4638 librum
3320 4589 3533 4661 llegula
3566 4589 3861 4661 Pastoralis

329 4652 479 4707 facto
513 4651 949 4720 comprobavit:
982 4667 1119 4707 cum
1158 4655 1311 4709 enim
1338 4657 1699 4723 Anastasius,
1733 4658 2037 4714 Antioche-

2210 4656 2499 4727 e|_ucubr_at.
2532 4654 2669 4727 —__2.
2717 4654 2779 4701 Et
2810 4651 3005 4727 librum
3041 4655 3505 4727 Sacramentorum
3543 4652 3860 4727 cpmhAnti-

327 4757 441 4798 nus
474 4738 823 4812 patriarcha,
858 4748 1075 4796 motam
1131 4744 1199 4798 de
1248 4746 1526 4816 usurpato
1582 4747 1926 4802 mcumenici
1960 4749 2035 4803 ti-

2210 4717 2468 4778 phonario
2503 4719 2775 4765 meliorem
2828 4718 2878 4763 iu
2917 4716 3136 4763 formam
3191 4716 3436 4764 restituit.
3472 4739 3534 4751 —
3562 4714 3608 4762 3.
3648 4716 3717 4763 De
3754 4729 3858 4763 sua

2210 4780 2363 4828 domo
2396 4780 2768 4828 constituenda
2800 4781 2851 4827 et
2894 4777 3194 4826 ordinanda
3242 4778 3415 4826 statim
3453 4778 3665 4836 cogitat.
3703 4800 3769 4812 —
3804 4779 3856 4825 «ί.

328 4830 452 4887 tulo
483 4830 929 4886 controversiam
984 4834 1429 4903 parvipendens,
1491 4838 1562 4892 ad
1598 4836 1655 4891 S.
1690 4837 2032 4909 Gregorium
2204 4814 3707 4909 v‘t‘ié‘ié'ilis‘ii,“c‘iériio“i‘é‘i”&.§q;233§giéiii‘é'gc
3732 4814 3856 4909 erit:

2204 4844 2339 4891 Laici
2372 4843 2545 4891 valere
2567 4842 2749 4903 jussis,
2780 4841 3001 4890 clericos
3031 4846 3082 4889 et
3115 4840 3405 4888 monachos
3429 4841 3624 4903 pietate
3648 4853 3707 4886 ac
3732 4852 3865 4888 eru-

327 4938 561 4977 summa
582 4918 842 4975 libertate
864 4902 1216 4993 scripsisset.
1248 4940 1347 4995 pro
1378 4926 1535 4979 nulla
1565 4942 1730 4981 causa
1760 4902 1883 4982 eum
1905 4927 2034 4985 dare
2204 4902 3244 4995 23€03,228}???22,329,?3E22335E‘33,
3259 4902 3860 4995 85°“2“:;&-,an%2§2

2204 4966 2251 5016 ei
2286 4963 2580 5030 pauperum
2613 4972 2665 5015 et
2698 4967 3267 5030 peregrinorumjcura.
3298 4966 3432 5030 +6.
3468 4966 3645 5030 Nullos
3683 4963 3860 5030 laicos

327 5013 504 5066 locum
534 5010 812 5067 δοαηάαιὶδ
840 5027 946 5067 n0"
979 5011 1193 5080 debere,
1250 5023 1300 5069 et
1343 5015 1593 5086 τηαιίθηο
1622 5018 1845 5087 spiritui
1883 5034 2030 5088 qua-
2202 5010 3431 5141 ἐὶοτοῖιῙ-ἵιξίειῖἔιῑὲὁιὲἐῖίὲἶίείίὲίᾱοῐιἴθ’ῥῖέεθοιίζ
3454 5010 3697 5075 nise:
3723 5010 3860 5075 ver;

327 5098 469 5141 γρηΗ
511 5098 729 5141 animm
757 5100 1012 5141 ηνίιινιινρ
1063 5101 1277 5141 ηιιίιπια
1314 5118 1424 5141 nnn
1461 5103 1702 5141 ηινιριηιρ
1734 5106 1918 5141 ιπηίηη
1951 5106 2030 5141 εί-
2241 5108 2270 5141 o
2292 5107 2445 5141 suum
2472 5094 2636 5141 pascit
2658 5105 2892 5141 arenam.
2926 5118 2988 5126 —
3024 5090 3071 5138 8.
3094 5090 3218 5141 Eius
3249 5091 3575 5141 eradicandi
3604 5090 3759 5137 ratio.
3792 5116 3860 5126 —

323 5098 469 5152 renti
511 5098 729 5153 animas
757 5100 1030 5168 cribrare,
1063 5101 1277 5171 quibus
1314 5118 1426 5156 non
1461 5103 1703 5158 obscure
1732 5106 1918 5159 amico
1951 5106 2030 5159 si-

324 5185 640 5256 gniﬁcabat
665 5188 847 5245 levem
880 5189 993 5245 sibi
1024 5190 1207 5246 videri
1235 5194 1613 5262 quastionem
1645 5193 1702 5248 in
1736 5210 1849 5264 qua
1869 5195 2030 5251 zelus

321 5274 445 5342 ejus
475 5274 554 5329 ita
586 5276 953 5346 eﬂerbuerat,
978 5280 1391 5335 sanctissimus
1427 5286 1606 5351 pater,
1646 5283 1715 5337 ad
1739 5284 2027 5339 cathedra

322 5378 438 5418 sua
461 5364 775 5433 primatum
800 5384 914 5421 non
958 5372 1274 5439 attendens,
1302 5372 1570 5428 aculeum
1594 5374 1721 5444 apis
1742 5374 1845 5445 (ita
1877 5378 2027 5431 Ana-

321 5453 572 5510 stasium
596 5455 1035 5526 vocat)intixum
1062 5462 1494 5518 modestissime
1517 5480 1582 5519 ac
1598 5464 2027 5535 patientissime

2241 5108 2270 5141 ο
2292 5107 2445 5141 suum
2472 5094 2636 5156 pascit
2658 5105 2892 5156 gregem.
2926 5118 2988 5156 -_—
3016 5090 3071 5156 78.
3094 5090 3218 5156 Ejus
3249 5091 3575 5156 praedicandi
3604 5090 3759 5156 ratio.
3792 5116 3863 5126 —

2200 5155 2247 5205 9.
2283 5152 2524 5204 Barbarie
2556 5152 2792 5203 nondum
2829 5152 3147 5202 Christianis
3179 5153 3552 5216 pradicatores
3582 5152 3760 5202 mittit.
3794 5179 3865 5188 —

2203 5218 2277 5265 10.
2315 5218 2697 5275 Episcoporum
2741 5216 2941 5279 rigidus
2973 5215 3188 5271 censor,
3232 5216 3323 5265 sed
3355 5217 3435 5263 sui
3469 5215 3699 5263 maxime
3732 5215 3859 5263 fuit.

2201 5283 2317 5341 (An.
2353 5280 2446 5329 590
2481 5289 2531 5330 et
2559 5280 2694 5341 591,)

2211 5380 2259 5432 1.
2305 5378 2482 5433 Paulo
2516 5384 2647 5451 post
2678 5383 3049 5449 assumptum
3089 5376 3490 5448 pontificatum
3519 5382 3577 5433 S.
3633 5375 3868 5448 Grego-

2137 5470 2249 5524 rius
2273 5468 2488 5524 librum
2523 5469 2755 5540 Regula
2788 5466 3513 5535 Pastoraliselucubravit,
3548 5471 3673 5521 tum
3706 5472 3773 5520 ut
3794 5468 3866 5523 in

317 5543 447 5614 ulit,
503 5546 563 5599 et
614 5559 721 5614 pro
783 5544 983 5601 aculeo
1043 5548 1153 5603 mel
1189 5549 1485 5621 reddidit;
1546 5554 1855 5625 epistolam
1897 5556 2026 5613 dico
2131 5558 2404 5615 Ecclesia
2428 5560 2846 5630 gubernatione
2886 5557 3168 5630 quidquid
3206 5557 3277 5614 ad
3315 5556 3567 5628 pastoris
3598 5556 3870 5613 ofﬁcium

396 5751 476 5825 (a)
508 5752 657 5825 Lege
684 5750 1088 5811 Pratationem
1122 5758 1381 5813 nostram
1414 5761 1485 5815 ad
1518 5760 1846 5831 Registrum
1876 5764 2067 5838 Epist.
2094 5767 2123 5842 ἕ
2154 5768 2246 5827 11.
