4106 6174
266 274 400 340 293

729 277 792 337 8.
843 269 1216 337 GREGORII
1261 267 1513 331 MAGNI
1556 265 1758 340 Vl'l‘A,
1806 266 1907 327 EX
1952 266 2139 327 EJUS
2185 266 2539 330 SCRIPTIS
2583 270 3039 335 ADORNATA.
3087 275 3233 338 LIB.
3278 278 3355 341 II.

3693 288 3809 353 294

271 413 508 481 spectat
537 410 610 465 ob
631 408 830 465 oculos
854 406 1095 497 haberet
1127 418 1377 497 semper,
1402 406 1530 497 tum
1564 400 1997 497 ut-amicoru-m,
2028 402 2079 470 Α
2111 400 2322 497 caelite
2342 417 2618 497 consona.
2640 402 2883 497 _Sciebat
2913 407 3065 463 enim
3095 410 3257 479 juxta
3279 422 3631 488 praeceptum
3661 426 3811 497 Apo-

268 499 608 571 praesertim
665 497 928 565 Joannis,
990 492 1342 551 Ravennatis
1400 492 1657 564 episcOpi
1715 492 1992 562 querelis,

269 591 507 661 quibus
540 589 776 643 assidue
817 585 1180 658 pulsabatur,
1230 587 1465 654 propter
1512 582 1610 637 diu
1660 591 1992 637 recusatum

262 679 706 750 episcopatum,
740 675 1134 746 responderet.
1164 674 1228 728 In
1279 672 1387 728 hoc
1418 670 1574 727 enim
1612 687 1785 743 opere
1826 670 1993 744 plane

262 784 480 834 aureo,
513 772 601 823 tot
630 771 908 837 tantaque
936 779 1062 820 esse
1093 764 1460 833 episcOpatus
1501 778 1696 829 onera,
1727 760 1815 815 vel
1849 761 1993 816 vali-

260 857 544 914 dissimis
579 856 839 913 humeris
869 853 1187 925 plurimum
1228 851 1593 907 formidanda
1647 851 1893 922 probat;
1931 859 1993 906 ut

262 948 486 1004 nullus
515 946 630 1002 nisi
654 947 867 1002 mentis
912 945 1128 1016 impos,
1178 944 1249 998 ad
1299 942 1403 998 illa
1454 942 1759 997 attendens
1810 943 1994 1011 possit

254 1037 669 1111 episcopalem
699 1036 1042 1107 dignitatem
1072 1033 1313 1103 ambire,
1362 1037 1462 1088 aut
1509 1031 1684 1087 etiam
1736 1032 1990 1087 oblatam

256 1130 431 1185 ultro
466 1127 783 1199 suscipere.
847 1130 1062 1182 Verum
1122 1140 1255 1180 cum
1315 1140 1382 1180 ea
1412 1139 1542 1195 quas
1569 1124 1639 1179 de
1682 1123 1791 1179 hoc
1841 1123 1990 1178 libro

254 1220 509 1293 praefati
537 1234 741 1273 sumus
774 1217 921 1273 adiri
954 1215 1121 1271 facile
1154 1214 1403 1286 possint,
1430 1213 1648 1269 caeteris
1692 1212 1797 1268 hac
1829 1212 1899 1269 de
1931 1229 1989 1268 re

254 1309 544 1365 dicendis
576 1324 728 1363 nunc
778 1306 1249 1377 supersedemus.
1303 1303 1601 1375 Optimum
1656 1318 1789 1358 vero
1846 1304 1993 1357 foret

250 1401 476 1471 ipsum
510 1397 853 1468 opusculum
892 1396 1105 1465 saepius
1138 1394 1345 1463 legere,
1394 1401 1447 1448 et
1493 1392 1725 1449 assidue
1776 1398 1987 1460 terere,

251 1490 341 1545 ad
382 1504 627 1560 quasque
666 1487 795 1541 vita:
848 1483 1186 1540 Christiana:
1246 1490 1549 1555 praecepta,
1611 1498 1861 1553 quorum
1896 1497 1989 1536 re-

249 1578 663 1634 fertissimum
707 1580 795 1631 est
842 1573 1333 1647 promptuarium,
1381 1572 1576 1628 animo
1624 1571 1984 1627 imbibeuda.

244 1668 445 1724 Nunc
476 1666 766 1738 quomodo
796 1679 860 1721 ex
893 1661 1328 1736 perfectissimae
1363 1661 1538 1730 hujus
1586 1661 1801 1731 regula:
1837 1679 1981 1732 prte-

246 1757 493 1827 scripto
540 1756 597 1811 S.
644 1754 957 1825 Gregorius
992 1757 1119 1807 tum
1157 1750 1352 1807 vixerit
1382 1754 1504 1805 tum
1539 1751 1750 1806 rexerit
1786 1751 1990 1807 Eccle-
2023 1783 2067 1849 Β

246 1848 427 1903 siam
461 1844 907 1918 perspiciamus.

339 1938 408 1993 2.
450 1934 643 1991 Omnis
696 1935 948 2005 pontifex
1005 1950 1075 1988 ex
1129 1931 1443 1988 hminibus
1498 1936 1835 2003 assumptus,
1894 1949 1991 2002 pro

252 2025 600 2082 hominibus
629 2022 991 2080 constituitur
1019 2022 1077 2078 in
1118 2023 1204 2077 his
1233 2037 1359 2093 quae
1398 2022 1471 2076 ad
1518 2022 1686 2077 Deum
1732 2030 1879 2088 sunt,
1932 2030 1993 2077 ut

256 2118 480 2188 oﬁerat
522 2114 665 2170 dona
709 2120 763 2169 et
790 2113 1066 2182 sacriﬁcia
1115 2113 1295 2184 (Hebr.
1328 2129 1381 2181 v,
1436 2113 1508 2183 1).
1561 2113 1723 2177 Quod
1774 2111 1993 2166 intelli-

257 2222 434 2280 gens
464 2208 521 2259 S.
578 2204 882 2275 Gregorius
915 2219 1046 2257 mox
1078 2207 1140 2257 ut
1172 2202 1579 2273 pontificatum
1612 2200 1764 2269 iniit,
1796 2202 1865 2255 de
1901 2200 1993 2255 Li—

254 2292 477 2365 turgia
534 2292 822 2364 rebusque
879 2292 1062 2347 sacris
1104 2292 1212 2345 rite
1260 2290 1640 2361 disponendis
1698 2289 1988 2360 cogitavit.

254 2385 563 2441 Ordinem
596 2384 790 2455 itaque
823 2384 1144 2439 Romanum
1170 2400 1201 2439 a
1224 2382 1488 2439 Gelasiol
1513 2381 1865 2453 quibusdam
1891 2388 1993 2439 aut

253 2475 580 2538 detractis,
612 2479 715 2527 aut
746 2473 980 2537 additis,
1012 2481 1109 2528 aut
1140 2472 1492 2539 immutatis,
1539 2470 1757 2526 meliori
1808 2472 1991 2525 forma

246 2562 533 2619 donavit.
567 2562 783 2617 Canoni
817 2562 1008 2617 missae
1039 2563 1281 2617 attexuit
1314 2579 1326 2615 :
1382 2563 1613 2631 Diesque
1654 2567 1870 2615 nostros
1924 2561 1984 2615 in

249 2660 369 2711 tua
403 2668 543 2723 pace
570 2651 845 2723 disponas,
894 2660 1056 2722 atque
1106 2652 1177 2706 ab
1224 2660 1427 2706 aeterna
1480 2650 1839 2705 damnatione
1896 2666 1989 2705 nos

246 2743 426 2813 eripi
454 2750 507 2795 et
545 2744 601 2795 in
642 2741 933 2796 electorum
970 2745 1189 2795 tuorum
1236 2740 1422 2807 iubeas
1463 2755 1622 2809 grege
1671 2743 1989 2795 numerari.

248 2833 343 2889 De
382 2830 738 2886 stationibus
769 2834 825 2886 et
858 2829 1327 2902 processionibus
1357 2829 1429 2884 ad
1476 2832 1806 2885 sanctorum
1842 2845 1992 2884 mar-

251 2930 475 2995 tyrum
508 2919 766 2975 basilicas
798 2924 851 2975 et
882 2919 1213 2975 cmmeteria
1244 2919 1314 2975 ab
1349 2918 1475 2989 ipso
1507 2918 1814 2985 institutis,
1852 2934 1993 2973 nec-

250 3028 394 3068 non
425 3011 501 3066 de
536 3011 846 3065 missarum
880 3010 1183 3066 solemniis
1214 3025 1390 3079 super
1420 3008 1721 3064 beatorum
1753 3014 1987 3079 aposto-

250 3105 461 3159 lorum
523 3101 669 3156 Petri
702 3110 753 3155 et
792 3100 951 3156 Pauli
1012 3116 1255 3170 corpora
1314 3098 1591 3154 celebrari
1643 3100 1848 3170 jussis,
1914 3100 1984 3154 de

250 3190 548 3265 plurimis
578 3190 798 3246 olivetis
828 3191 900 3244 ad
936 3188 1308 3245 basilicarum
1333 3188 1645 3243 luminaria
1668 3189 1980 3257 concessis,
2016 3161 2066 3227 Ο

254 3284 335 3338 de
372 3286 549 3335 aucto
578 3296 874 3335 sacrorum
908 3280 1305 3334 ministrorum
1339 3277 1439 3349 qui
1482 3278 1539 3332 in
1591 3277 1681 3332 his
1728 3278 1980 3333 basilicis

256 3370 704 3428 famularentur
736 3385 999 3435 numero,
1034 3368 1427 3424 consulendus
1458 3376 1548 3424 est
1573 3372 1819 3425 Joannes
1856 3370 1980 3423 Dia-

256 3478 483 3518 conus.
515 3459 901 3515 Psalmodiam
934 3467 988 3514 et
1027 3463 1263 3514 cantum
1306 3458 1791 3527 ecclesiasticum,
1826 3458 1981 3529 quod

258 3549 691 3621 amplificando
722 3550 914 3604 divino
946 3548 1123 3603 cultui
1169 3552 1226 3603 et
1256 3549 1510 3603 fovendae
1556 3549 1615 3603 in
1657 3548 1985 3603 Christiana

262 3640 447 3714 plebe
480 3639 675 3709 pietati
706 3638 1020 3710 plurimum
1056 3637 1332 3705 conferat,
1358 3654 1425 3692 ex
1447 3638 1725 3709 gravioris
1748 3638 1983 3694 musicae

264 3726 504 3801 regulis
528 3728 594 3781 ad
620 3727 1037 3783 accuratiorem
1059 3726 1420 3780 harmoniam
1445 3731 1502 3780 et
1527 3725 1983 3781 modulationem

265 3818 594 3883 revocavit,
636 3816 904 3871 instituta
962 3820 1266 3872 cantorum
1327 3814 1548 3882 schola,
1608 3818 1665 3870 et
1717 3816 1985 3871 ordinato

267 3906 708 3978 antiphonario.
743 3906 953 3961 Verum
985 3906 1056 3961 de
1087 3906 1157 3959 iis
1197 3905 1434 3961 uberius
1466 3906 1523 3959 in
1552 3904 1987 3975 praefationibus

268 3998 346 4052 ad
372 3996 590 4051 librum
618 3995 1150 4059 Sacramentorum,
1183 3994 1693 4065 Antiphonarium,
1726 3999 1839 4051 etc.
1878 3996 1985 4067 (Cf.

268 4091 441 4142 Joan.
477 4085 627 4142 Diae.
662 4086 757 4140 lib.
796 4102 856 4152 ιι,
883 4102 940 4139 n.
974 4086 1009 4139 6
1037 4096 1087 4139 et
1120 4086 1221 4151 17;
1268 4084 1413 4140 Beda
1453 4084 1546 4141 lib.
1581 4100 1619 4140 ιι
1648 4086 1806 4154 Hist,
1839 4101 1884 4140 c.
1924 4087 1987 4154 1;

274 4175 420 4233 Ibid.
453 4192 505 4233 c.
528 4177 562 4229 9
589 4186 639 4231 et
666 4176 779 4246 20).

345 4265 401 4320 3.
435 4265 582 4321 Cum
626 4265 933 4335 Apostolus
977 4264 1138 4335 gravi
1185 4266 1343 4319 notet
1391 4280 1636 4321 censura
1681 4265 1989 4335 episcopos

276 4356 380 4429 qui
412 4355 610 4410 domui
641 4372 759 4410 suis
788 4370 1025 4426 praeesse
1053 4353 1341 4421 nesciunt,
1376 4354 1714 4425 inﬁdelique
1744 4354 1989 4410 deterio-

274 4463 401 4502 rem
425 4446 650 4517 judicet
679 4461 811 4500 eum
832 4444 930 4516 qui
953 4460 1153 4499 curam
1185 4460 1420 4500 suorum
1460 4460 1572 4499 non
1596 4444 1791 4512 habet,
1816 4445 1993 4499 maxi-

279 4553 371 4593 me
401 4536 853 4590 domesticorum
906 4534 950 4603 (Ι
980 4534 1111 4589 Tim.
1164 4535 1273 4603 ιιι),
1316 4533 1627 4605 Gregorius
1669 4532 1728 4588 in
1780 4550 1986 4604 regcn-
2020 4536 2063 4599 ι)

281 4629 357 4681 da
404 4628 573 4681 domo
614 4624 950 4696 familiaque
995 4641 1101 4679 sua
1148 4624 1496 4695 praecipuam
1548 4623 1742 4679 statim
1789 4641 1984 4678 curam

276 4715 565 4781 adhibuit,
599 4722 655 4770 et
702 4715 878 4769 vitam
912 4714 1000 4779 ita
1042 4730 1206 4768 suam
1248 4712 1579 4784 composuit
1618 4717 1677 4766 ut
1715 4716 1989 4768 omnibus

278 4805 611 4875 exemplum
638 4820 701 4860 se
730 4805 1010 4875 praeberet
1041 4804 1324 4859 bonorum
1356 4819 1595 4873 operum
1618 4808 1675 4858 et
1704 4819 1985 4874 quarum-

278 4897 420 4951 libet
448 4896 753 4949 virtutum.
789 4892 933 4949 Vilis
965 4896 1086 4948 erat
1125 4892 1254 4962 ejus
1306 4892 1589 4963 supellex,
1641 4893 1989 4949 vestimenta

275 4987 439 5056 juxta
473 4984 558 5055 (τι)
591 4982 973 5038 monasticam
1006 4998 1273 5036 normam
1304 4980 1600 5052 simplicia
1638 4987 1696 5037 et
1726 4982 1985 5053 inculta;

284 5074 641 5146 pontificalia
673 5088 927 5145 quoque,
952 5071 1166 5143 quibus
1192 5087 1310 5127 rem
1333 5087 1560 5128 sacram
1586 5072 1841 5131 facturus
1874 5077 1991 5128 ute-

286 5166 476 5230 batur,
512 5164 875 5230 indumenta,
913 5160 1204 5217 modestius
1252 5161 1440 5232 potius
1488 5177 1664 5232 quam
1719 5162 1986 5233 magniﬁ-

358 5400 433 5468 (a)
464 5396 606 5452 Vide
635 5394 854 5468 Mabill.
890 5395 1117 5468 Praefat.
1153 5393 1226 5449 ad
1257 5392 1534 5468 saeculum
1568 5410 1625 5447 ιν
1671 5395 1990 5464 Benedict.,

286 5466 450 5543 parte
483 5485 542 5532 ιι,
569 5483 730 5543 page.
755 5467 845 5535 93,
868 5467 967 5521 ubi
995 5467 1199 5543 probat
1215 5466 1541 5543 episcopos,
1566 5472 1620 5520 et
1648 5468 1804 5534 ipsos
1832 5484 1990 5543 sum-

281 5538 389 5598 nos
421 5540 728 5611 pontifices
768 5554 835 5593 ex
876 5538 1177 5611 monachis
1222 5539 1428 5606 factos,
1476 5546 1661 5593 vestes
1712 5540 1992 5594 monasti-

281 5632 379 5671 cas
409 5609 553 5667 olim
597 5626 899 5680 nunquam
931 5609 1245 5664 dimisisse.

354 5686 428 5755 (ὁ)
464 5683 679 5755 Contra
708 5698 932 5755 morem
964 5681 1120 5737 hunc
1151 5680 1390 5755 pulchre
1430 5680 1757 5755 Bernardus
1796 5681 1898 5736 lib.
1934 5698 1989 5739 Iv

281 5752 367 5815 de
400 5752 724 5823 Consider.,
765 5768 814 5809 c.
860 5754 915 5822 6,
963 5755 1031 5810 ad
1085 5752 1396 5826 Eugenium
1444 5769 1458 5807 :
1508 5754 1726 5809 Discant
1754 5769 1787 5807 α
1817 5761 1865 5810 te
1906 5768 1994 5810 co-

2103 490 2235 545 stoli
2269 493 2322 560 (I
2351 493 2601 584 Thmui,
2634 494 2709 584 2),
2739 502 3010 552 ornatum
3044 499 3281 570 quidem
3305 519 3432 560 esse
3453 508 3659 567 debere
3680 490 3809 584 epi-

2104 596 2368 676 scopum,
2402 583 2499 637 sed
2544 583 2847 653 pudicitia,
2898 590 3149 645 candore
3201 607 3450 663 morum,
3500 583 3813 676 charitate,

2104 669 2404 724 doctrina:
2440 688 2711 742 pompam
2744 679 2960 743 autem,
2994 676 3213 747 luxum,
3251 685 3536 752 pretiosas
3556 669 3814 747 autmol;

2103 756 2186 813 les
2220 763 2428 825 vestes,
2462 762 2697 829 superbi
2730 763 2926 830 aulici,
2961 774 3054 820 aut
3087 768 3262 824 etiam
3293 770 3652 835 lascivientis
3676 798 3807 838 mu-

2102 847 2351 905 lierculas
2386 850 2639 922 insignia
2674 854 2862 924 potius
2892 871 3020 911 esse
3052 874 3223 927 quam
3259 863 3521 937 episcopi
3568 874 3624 924 et
3669 888 3812 943 apo-

2104 938 2387 995 stolorum
2420 942 2793 998 successoris.
2833 944 2997 1000 Dedit
3022 962 3257 1018 operam
3298 951 3359 1007 in
3402 954 3531 1026 ipso
3575 938 3814 1029 pontifi-

2100 1033 2269 1084 catus
2293 1031 2545 1097 exordio,
2574 1035 2636 1086 ut
2660 1048 2847 1103 pravas
2870 1038 3323 1096 consuetudines
3342 1042 3812 1119 eliminarentur,

2103 1119 2350 1173 maxime
2380 1134 2510 1175 vero
2534 1137 2663 1191 qua»
2689 1122 2769 1177 vel
2795 1125 3079 1195 tantisper
3099 1127 3406 1187 simoniam
3442 1136 3806 1196 redolebant.

2100 1207 2203 1303 (Cf:
2234 1210 2390 1303 Joan.
2426 1211 2574 1303 Diac.
2610 1212 2707 1267 lib.
2741 1230 2803 1281 ιι,
2835 1231 2891 1268 n.
2938 1215 3023 1283 11,
3057 1222 3108 1272 et
3154 1234 3262 1291 seq.
3290 1238 3310 1283 ,'
3352 1223 3448 1278 lib.
3485 1242 3558 1292 ιν,
3592 1245 3638 1284 c.
3688 1231 3805 1303 80.)

2172 1298 2222 1352 4.
2260 1299 2385 1354 Mos
2416 1302 2485 1355 ad
2520 1302 2837 1372 superioris
2877 1306 3058 1363 aetatis
3107 1310 3410 1379 pontifices
3459 1298 3811 1389 invaluerat',

2102 1392 2166 1441 ut
2198 1388 2265 1442 ad
2294 1390 2685 1445 ministerium
2711 1392 2963 1449 cubiculi
2988 1397 3075 1450 sui
3101 1398 3176 1468 (ὁ)
3203 1397 3381 1457 laicos
3405 1420 3616 1474 pueros
3640 1410 3805 1466 adhi-

2101 1476 2303 1568 berent
2331 1495 2343 1544 ;
2373 1495 2540 1550 quem
2571 1480 2882 1552 Gregorius
2904 1486 3166 1556 exemplo
3190 1505 3296 1544 suo
3318 1492 3481 1562 prius
3508 1494 3805 1568 improba-

2098 1567 2195 1633 vit,
2231 1573 2431 1637 postea
2460 1586 2591 1625 vero
2622 1570 2681 1626 in
2724 1575 2944 1644 synodo
2994 1576 3246 1633 Romana
3296 1582 3522 1652 publico
3574 1567 3803 1646 decreto

2100 1658 2434 1726 damnavit;
2463 1661 2755 1733 jussitque
2790 1668 2851 1717 ut
2881 1665 3080 1722 selecti
3119 1683 3185 1722 ex
3229 1670 3451 1729 clericis
3497 1682 3552 1729 et
3602 1694 3808 1735 mona-

2100 1748 2227 1803 chis
2258 1750 2326 1804 ad
2370 1751 2623 1807 cubiculi
2678 1754 2869 1810 officia
2918 1772 3153 1813 summo
3204 1764 3461 1830 pontiﬁci
3512 1768 3807 1826 ministra-

2105 1844 2271 1895 rent:
2305 1840 2589 1898 Nimirum
2624 1848 2681 1899 ut
2711 1846 2776 1910 is,
2822 1846 3011 1918 inquit
3059 1850 3117 1906 S.
3168 1850 3502 1924 Gregorius,
3553 1860 3652 1928 qui
3700 1862 3810 1918 loco

2101 1938 2175 1985 est
2205 1932 2513 2004 regiminis,
2557 1933 2755 1991 habeat
2804 1942 2960 1993 testes
3009 1940 3168 2010 tales,
3217 1944 3312 2011 qui
3359 1946 3531 2003 vitam
3578 1952 3700 2021 ejus
3747 1953 3809 2008 in

2102 2029 2305 2077 secreta
2362 2027 2770 2081 conversatione
2825 2028 3065 2097 videant,
3116 2036 3170 2087 et
3225 2049 3298 2089 ea:
3350 2038 3563 2094 visione
3617 2042 3808 2098 sedula

2100 2113 2414 2201 exemplum
2442 2116 2712 2184 profectus
2740 2121 2981 2173 sumant.
3019 2120 3236 2178 Decreti
3264 2123 3445 2194 hujus
3485 2128 3542 2182 in
3585 2134 3810 2201 synodo

2102 2198 2235 2255 facti
2273 2201 2538 2257 meminit
2564 2203 2822 2261 Joannes
2852 2206 3139 2264 Diaconus
3170 2210 3269 2268 lib.
3307 2228 3369 2280 ιι,
3412 2230 3577 2287 capp.
3620 2198 3688 2288 '5,
3744 2222 3804 2275 11

2102 2293 2159 2343 et
2191 2289 2274 2343 15.
2319 2292 2527 2362 Aitque
2575 2294 3013 2351 sanctissimum
3074 2315 3310 2370 papam,
3368 2306 3607 2361 remotis
3640 2324 3671 2363 a
3702 2325 3808 2364 suo

2102 2378 2371 2433 cubiculo
2403 2380 2803 2450 saecularibus,
2848 2384 2959 2439 sibi
3004 2387 3495 2456 prudentissimos
3534 2397 3807 2452 consiliar

2103 2466 2222 2522 rios
2276 2468 2707 2542 familiaresque
2756 2471 3042 2545 delegisse
3089 2493 3102 2530 :
3154 2492 3220 2532 ex
3267 2479 3493 2537 clericis
3543 2485 3801 2555 quidem,

2102 2559 2337 2612 Petrum
2372 2558 2711 2627 Diaconum,
2740 2562 3118 2620 [Emilianum
3142 2566 3464 2637 Notarium,
3493 2572 3804 2647 Paterium,

2099 2646 2382 2701 Joannem
2416 2648 2819 2719 defensorem;
2854 2668 2918 2706 ex
2953 2655 3252 2710 monachis
3298 2673 3453 2727 vero,
3501 2646 3805 2721 Maximis?

2100 2753 2266 2806 num,
2300 2739 2711 2809 Augustinum,
2745 2742 3046 2813 Mellitum,
3082 2744 3493 2818 Marinianum,
3528 2755 3807 2821 Probum,

2101 2826 2422 2882 Claudium.
2456 2828 2629 2884 Porro
2663 2831 2816 2887 224
2867 2832 3071 2905 quales
3104 2836 3321 2892 fuerint
3368 2838 3421 2893 hi
3456 2856 3616 2911 papae
3669 2860 3812 2900 con—

2100 2915 2368 2983 victores,
2403 2922 2458 2973 et
2482 2919 2697 2988 quibus
2728 2922 3062 2993 virtutibus,
3096 2924 3312 2995 quibus
3336 2929 3566 2999 studiis,
3591 2932 3803 3003 quibus

2103 3005 2336 3075 scriptis
2381 3007 2632 3075 gestisve
2682 3008 2939 3082 insignes
2988 3015 3298 3081 evaserint,
3346 3018 3537 3074 disces
3588 3026 3707 3077 tum
3740 3040 3810 3079 ex

2099 3096 2324 3151 Joanne
2358 3096 2621 3168 Diacono,
2658 3097 2759 3155 lib.
2795 3118 2857 3168 Il,
2909 3116 2959 3158 c.
2998 3104 3082 3169 11,
3119 3114 3235 3159 lum
3288 3122 3357 3161 ex
3407 3109 3554 3165 infra
3605 3111 3810 3168 dicen~

2095 3186 2208 3241 dis.
2236 3186 2318 3241 Ita
2340 3187 2653 3259 Gregorius
2679 3190 2967 3261 quidquid
2994 3195 3312 3263 statuebat,
3334 3198 3597 3270 exemplo
3618 3204 3808 3274 magis

2092 3292 2267 3346 quam
2305 3278 2648 3333 auctoritate
2681 3282 3080 3338 conﬁrmabat.

2162 3368 2307 3421 Cum
2339 3366 2431 3422 bis
2461 3369 2632 3424 sociis
2662 3375 2719 3425 et
2748 3372 3246 3430 commilitonibus
3278 3376 3588 3449 Gregorius
3617 3382 3794 3441 vitam

2092 3471 2462 3512 communem
2496 3459 2733 3514 retinuit
2766 3477 3013 3533 semper,
3049 3464 3193 3519 nihil
3226 3465 3295 3520 de
3322 3470 3646 3527 monastica
3668 3490 3794 3542 per-

2093 3544 2336 3601 fectione
2359 3546 2600 3611 remisit,
2627 3548 2767 3602 nihil
2793 3553 2987 3605 tamen
3012 3553 3207 3609 omisit
3231 3558 3383 3625 quod
3410 3559 3478 3612 ad
3506 3561 3796 3629 pontificis

2094 3632 2353 3688 ofﬁcium
2387 3650 2705 3706 curamque
2748 3639 3083 3706 pertineret.
3133 3642 3340 3715 Magna
3380 3646 3796 3708 sollicitudinis

2094 3722 2223 3791 eius
2257 3739 2386 3792 pars
2419 3723 2527 3778 fuit
2565 3725 2624 3779 in
2659 3731 3065 3796 promovendis
3096 3732 3417 3791 litterarum
3452 3742 3509 3794 et
3547 3739 3797 3809 optima-

2096 3826 2227 3865 rum
2254 3814 2463 3868 artium
2492 3815 2725 3883 studiis,
2751 3834 2875 3888 quas
2895 3818 3091 3875 Romae
3111 3827 3449 3892 praesertim,
3475 3837 3527 3884 et
3552 3832 3798 3887 maxime

2096 3901 2155 3956 in
2189 3918 2348 3972 papae
2382 3902 2617 3971 palatio,
2652 3905 2917 3962 reﬂorere
2939 3908 3058 3963 visa
3077 3916 3234 3981 sunt,
3260 3930 3393 3969 cum
3422 3918 3709 3972 neminem
3736 3920 3794 3973 in

2097 3990 2453 4046 famulitium
2485 3993 2762 4063 reciperet
2783 4001 2882 4049 aut
2905 3996 2961 4050 in
2986 3998 3323 4055 sodalitium
3350 4003 3461 4058 nisi
3487 4020 3659 4074 quem
3685 4007 3801 4060 sin-

2098 4078 2315 4143 gularis
2347 4082 2473 4135 vitae
2505 4083 2892 4139 sanctimonia
2910 4086 2997 4141 vel
3021 4086 3269 4159 alicujus
3292 4092 3433 4147 artis
3454 4110 3521 4148 ex
3544 4092 3796 4149 liberali-

2100 4172 2211 4226 bus
2242 4188 2353 4226 non
2390 4174 2695 4229 mediocris
2738 4178 2940 4244 peritia
2979 4183 3434 4239 commendaret.
3482 4187 3588 4256 (Cf.
3639 4188 3795 4243 Joan.

2102 4262 2250 4317 Diac.
2287 4261 2323 4315 l.
2361 4280 2420 4329 ιι,
2452 4281 2509 4318 η.
2547 4266 2654 4329 1'2.)

2170 4353 2597 4445 5._Pere_grinos
2632 4360 2823 4411 tamen
2855 4361 2911 4412 et
2942 4374 3220 4431 pauperes
3261 4363 3512 4434 hospitio
3550 4374 3801 4445 excipie-

2101 4440 2200 4495 bat
2230 4441 2405 4532 (quod
2439 4441 2610 4496 etiam
2647 4449 2710 4498 ut
2738 4446 2926 4499 caeteri
2952 4453 3375 4523 praestarent(c)
3409 4440 3804 4532 episcopi'ma.

2095 4545 2208 4600 gno
2240 4531 2430 4584 studio
2460 4533 2707 4603 curavit)
2738 4537 2794 4587 et
2827 4535 2896 4589 ad
2934 4552 3193 4594 mensam
3227 4557 3338 4597 non
3377 4548 3544 4604 modo
3588 4531 3801 4610 invita-

2104 4620 2219 4685 bat,
2278 4619 2381 4674 sed
2438 4622 2698 4693 cogebat.
2752 4624 3003 4680 Effusam
3054 4627 3110 4683 in
3142 4645 3353 4699 egenos
3394 4633 3801 4698 liberalitatem

2106 4708 2405 4764 condiebat
2439 4711 2585 4766 mira
2628 4714 2895 4783 quendam
2946 4717 3251 4775 affabilitas
3299 4738 3409 4790 qua
3436 4725 3597 4795 ipos
3648 4746 3803 4786 com-

2099 4798 2367 4868 pellabat,
2402 4803 2652 4856 maxime
2674 4812 2860 4867 senes,
2893 4804 3129 4861 honoris
3162 4824 3338 4865 causa
3367 4812 3444 4881 (ά)
3480 4820 3673 4885 patres
3705 4835 3802 4875 eos

2095 4903 2310 4943 vocans
2350 4903 2363 4943 :
2423 4894 2598 4960 utque
2646 4890 2842 4962 inopia
2886 4892 3213 4953 laborantes
3244 4900 3403 4955 omni
3457 4908 3799 4963 verecundia

2099 4976 2217 5031 sive
2247 4977 2306 5031 in
2340 4979 2584 5047 petendo
2616 4979 2735 5036 sive
2768 4982 2825 5037 in
2880 4984 3215 5055 accipiendo
3270 4988 3563 5058 liberaret,
3610 4994 3801 5052 dicere

2099 5066 2321 5123 solebat
2350 5086 2464 5124 non
2500 5087 2531 5125 a
2560 5086 2621 5126 se
2653 5072 2755 5127 sed
2787 5090 2819 5127 a
2857 5081 3053 5130 sancto
3101 5075 3263 5131 Petro
3312 5079 3455 5145 dari,
3506 5099 3631 5152 quae
3681 5091 3801 5145 tam

2100 5155 2324 5214 liberali
2357 5175 2531 5216 manu
2568 5163 2987 5232 profundebat;
3030 5166 3182 5236 quod
3233 5182 3300 5221 ex
3351 5170 3623 5238 plurimis
3672 5180 3799 5249 ejus

2099 5393 2336 5463 episcopi
2365 5392 2447 5467 tui
2467 5393 2767 5467 icomatulos
2795 5408 2991 5459 pueros
3023 5400 3075 5449 et
3104 5400 3301 5453 comtos
3321 5398 3689 5464 adolescentes
3715 5428 3800 5467 se-

2100 5481 2225 5521 cum
2246 5480 2353 5519 non
2383 5465 2603 5538 habere.
2630 5465 2778 5520 Certe
2805 5467 2952 5520 inter
2972 5468 3220 5525 mitratos
3239 5470 3549 5532 discurrere
3574 5465 3801 5538 calami-

2098 5540 2294 5594 stratos
2322 5551 2433 5589 non
2462 5537 2629 5590 decet.

2171 5606 2253 5753 (eg
2275 5606 2415 5663 Vide
2446 5606 2544 5663 lib.
2578 5623 2655 5671 ιιι,
2688 5622 2776 5677 ep.
2808 5607 2897 5665 33.

2172 5679 2228 5751 (d
2276 5680 2485 5753 ‘ngaiso
2515 5686 2591 5753 te,
2623 5678 2811 5753 Pater,
2842 5696 2897 5737 nl

2238 5683 2253 5762 ξ
2271 5680 2485 5767 Quaeso
2515 5678 2811 5767 teLPater,
2842 5696 2997 5767 num
3029 5683 3409 5747 Fortunatam
3457 5691 3798 5767 epiIoOpum

2102 5750 2301 5809 noeti?
2327 5751 2466 5826 (Lib.
2498 5769 2538 5826 1,
2570 5751 2777 5825 Dialog.
2805 5767 2853 5812 ο.
2889 5753 3002 5830 10.)
