4106 6174
376 254 494 317 295

818 254 883 313 S.
929 248 1302 311 GREGORII
1346 251 1593 312 MAGNI
1638 253 1846 325 VITA,
1895 254 1996 314 EX
2042 254 2229 319 EJUS
2273 256 2623 319 SCRIPTIS
2669 253 3123 316 ADOBNATA.
3173 257 3320 317 LIB.
3370 256 3445 318 II.

3774 259 3890 320 296

378 390 458 462 (a)
480 387 740 461 epistolis
763 386 914 441 infra
937 384 1307 439 recensendis
1332 385 1567 454 patebit.
1598 386 1669 441 Ea
1692 386 1962 444 comitate
1984 403 2081 460 po-
2111 396 2165 462 Α
2196 391 2427 446 sissime
2459 390 2579 461 agit
2610 392 2727 444 tota
2753 388 2918 444 tertia
2960 394 3121 459 parte
3142 388 3271 444 libri
3294 391 3523 462 Regulae
3558 396 3893 463 Pastoralis,

378 480 673 536 tissimum
708 476 979 531 utebatur
1008 490 1145 545 erga
1174 473 1398 529 nobiles
1431 473 1583 529 viros
1630 480 1731 530 aut
1786 482 2082 533 matronas

380 587 525 642 quos
583 568 653 623 ad
686 566 943 637 inopiam
1004 565 1269 620 redactos
1300 569 1556 634 noverat,
1595 580 1663 619 ne
1695 566 1835 621 dum
1878 583 2079 622 eorum

379 660 707 716 sublevaret
761 663 1077 727 egestatem
1109 654 1344 709 eosdem
1416 654 1639 724 pudore
1696 656 2079 715 suﬂ'underet.

377 750 759 806 Monasticam
806 746 979 800 vitam
1030 744 1391 800 sectantibus
1439 746 1634 801 omnia
1690 748 1757 802 ad
1808 756 2081 818 sumptus

376 839 703 897 necessaria
750 838 808 891 in
862 834 1067 907 primis
1124 834 1346 903 erogari
1405 834 1664 902 curabat,
1717 842 1778 891 ut
1826 836 2079 892 liberiori

374 940 565 987 mente
596 931 709 984 Deo
741 928 1032 995 rebusque
1059 924 1273 979 divinis
1312 931 1596 981 vacarent.
1633 928 1694 982 In
1737 928 2079 998 perquiren-

372 1022 461 1075 dis
492 1024 550 1075 et
589 1016 1023 1089 quodammodo
1060 1014 1343 1069 venandis
1382 1016 1740 1086 pauperibus
1782 1017 2076 1083 assiduus,

370 1110 625 1165 latebras
656 1122 855 1163 omnes
884 1104 1255 1173 explorabat;
1290 1103 1629 1160 obscuriora
1660 1121 1900 1176 quasque
1930 1110 2079 1161 tecta

368 1200 428 1255 in
460 1198 671 1270 quibus
703 1201 1010 1266 tamquam
1043 1193 1257 1265 sepulti
1280 1194 1554 1264 jacebant
1584 1195 1987 1262 scrutabatur;
2020 1200 2077 1251 et

367 1289 416 1345 si
449 1304 595 1360 quos
627 1285 958 1347 offenderet,
1000 1298 1250 1354 quorum
1300 1300 1365 1338 os
1416 1288 1605 1338 metus
1652 1284 1961 1354 pressisset
2010 1300 2075 1339 ac

370 1376 736 1444 verecundia,
768 1391 863 1431 eos
903 1372 1053 1429 serio
1102 1372 1439 1443 increpabat
1488 1374 1643 1445 quod
1693 1374 1802 1429 sibi
1854 1374 2072 1430 beneﬁ-

367 1466 566 1524 centiae
598 1464 957 1521 occasionem
987 1460 1350 1516 invidissent.
1400 1461 1812 1532 Amplissimos
1858 1478 2071 1533 egeno-

367 1571 495 1611 rum
553 1553 861 1623 catalogos,
912 1551 1095 1607 dictos
1135 1548 1272 1605 olim
1305 1551 1377 1619 (b)
1428 1551 1779 1611 malriculas.
1828 1552 1979 1622 apud
2012 1566 2073 1605 se

366 1644 634 1712 habebat,
666 1641 880 1712 quibus
910 1639 1142 1695 abunde
1172 1639 1371 1694 omnia
1412 1639 1824 1711 suppeditabat
1872 1654 2072 1695 neces-

365 1734 541 1789 saria.

431 1823 484 1876 6.
519 1821 641 1885 Quo
672 1819 878 1891 majori
910 1818 1303 1875 sollicitudine
1335 1834 1655 1889 pauperum
1704 1818 2069 1874 necessitati-

363 1914 477 1968 bus
507 1915 609 1966 aut
652 1910 972 1965 commodis
1016 1908 1386 1980 prospiceret,
1433 1908 1625 1963 omnis
1670 1908 1935 1963 Ecclesia:
1970 1925 2067 1979 pa-

360 2003 658 2069 trimonia,
692 2017 820 2073 quas
852 1998 911 2055 in
946 2002 1064 2054 toto
1096 1999 1235 2054 orbe
1254 1998 1584 2055 Christiano
1611 1998 1863 2068 plurima
1884 2008 2066 2067 erant,

362 2090 507 2148 solis
539 2090 764 2147 clericis
794 2087 1163 2159 procuranda
1193 2090 1251 2141 et
1282 2087 1745 2142 administranda
1775 2103 2068 2142 commen-

358 2182 533 2238 davit.
569 2181 713 2236 Cum
746 2180 903 2235 enim
937 2178 1059 2233 sine
1091 2176 1290 2233 liberis
1320 2183 1539 2243 essent,
1573 2179 1833 2233 futurum
1866 2193 2062 2248 spera-

357 2272 456 2327 bat
486 2274 549 2326 ut
577 2284 859 2341 pauperes
907 2268 968 2321 in
1012 2266 1162 2322 filios
1202 2267 1547 2338 adoptarent
1590 2272 1647 2322 et
1676 2267 2061 2337 susciperent.

358 2362 417 2417 Si
450 2361 545 2432 qui
594 2364 790 2417 autem
850 2356 1082 2429 parcius
1138 2356 1541 2428 eleemosynas
1591 2365 1915 2427 erogarent,
1965 2373 2063 2413 eos

358 2449 566 2506 acriori
600 2464 850 2505 censura
880 2450 935 2502 et
964 2445 1217 2501 vindicta
1236 2461 1409 2514 quam
1433 2447 1481 2501 si
1504 2444 1876 2501 ecclesiastici
1898 2445 2060 2500 fundi

354 2540 779 2611 depraedatores
847 2536 1114 2604 fuissent,
1190 2535 1421 2591 afﬁcere
1490 2538 1888 2591 consueverat.
1949 2535 2056 2605 (Cf.

355 2630 513 2685 Joan.
548 2629 698 2683 Diac.
732 2627 771 2681 l.
806 2642 869 2693 ιι,
899 2641 945 2680 c.
984 2624 1097 2694 15.)

418 2719 560 2773 Cum
580 2717 778 2788 itaque
812 2713 941 2769 laici
959 2728 1191 2769 omnem
1214 2711 1325 2769 sibi
1350 2713 1574 2768 aditum
1601 2714 1669 2769 ad
1707 2712 2057 2783 patrimonia

343 2813 403 2863 et
432 2806 625 2862 officia
655 2803 1053 2861 ecclesiastica
1096 2801 1371 2872 praecludi
1421 2801 1875 2873 sapientissimis
1919 2802 2055 2856 Gre-

342 2897 490 2967 gorii
523 2894 771 2951 decretis
804 2892 1045 2948 moleste
1067 2892 1303 2959 ferrent,
1330 2892 1389 2945 in
1414 2891 1814 2947 hazreditatem
1839 2892 2051 2948 Christi

342 2983 587 3040 subdole
615 2984 869 3052 irrepere
909 2984 1231 3047 tentarunt,
1263 2990 1319 3034 et
1348 2996 1414 3034 ex
1460 2980 1840 3050 optimatibus
1870 2980 2043 3035 etiam

2191 481 2451 535 omnium
2484 478 2863 549 amplissima.
2900 477 3042 532 Huic
3076 479 3270 549 itaque
3304 496 3372 535 ne
3403 483 3651 546 deesset,
3694 500 3895 555 quatu-

2190 569 2287 624 diu
2338 586 2439 641 per
2480 570 2632 623 vires
2675 568 2933 637 corporis
2976 566 3162 634 licuit,
3213 569 3522 641 Evangelia
3568 572 3890 628 etselectos

2190 661 2476 731 quosdam
2518 675 2694 714 sacris
2753 657 3057 727 Scripturaa
3116 658 3295 714 libros
3338 660 3397 716 in
3448 661 3679 733 publico
3736 669 3889 718 coetu

2188 749 2455 822 exposuit
2475 765 2489 818 ;
2508 754 2901 803 antecessores
2916 764 3053 803 suos
3071 748 3400 818 amulatus,
3423 752 3493 823 (c)
3512 754 3727 822 quibus
3744 754 3891 808 nihil

2188 838 2487 910 antiquius
2543 843 2667 893 erat
2713 853 2887 907 quam
2941 838 3023 891 uti
3071 838 3355 909 exemplo,
3389 840 3469 896 ita
3501 842 3672 897 verbo
3730 844 3888 914 gregi

2186 944 2294 983 suo
2328 930 2617 997 prodesse.
2652 926 2730 980 Ex
2760 927 2888 995 ejus
2931 931 3125 981 autem
3158 927 3417 984 homiliis
3464 930 3651 985 adhuc
3682 947 3891 1002 super-

2187 1023 2325 1073 sunt
2355 1032 2502 1088 quas
2534 1017 2593 1071 in
2623 1016 2816 1071 varias
2846 1016 3143 1088 Evangelii
3189 1018 3364 1073 certis
3409 1020 3545 1074 anni
3571 1020 3889 1077 Dominicis

2185 1108 2393 1166 diebus
2424 1113 2525 1163 aut
2556 1107 3025 1163 solemnitatibus
3056 1108 3378 1179 assignatas
3409 1110 3689 1167 lectiones
3727 1128 3892 1183 pero-

2183 1199 2351 1265 ravit,
2401 1202 2457 1253 et
2504 1213 2630 1269 qua:
2674 1197 2732 1251 in
2781 1196 3133 1253 Ezechielem
3195 1199 3533 1270 prophetam
3586 1205 3725 1255 sunt
3783 1201 3889 1257 ha-

2183 1288 2335 1344 bitas.

2252 1380 2306 1435 8.
2332 1378 2408 1450 (ά)
2441 1382 2502 1435 In
2526 1378 2619 1434 his
2651 1377 2796 1433 nihil
2820 1377 3078 1448 mollius,
3104 1379 3248 1435 nihil
3280 1381 3574 1453 comptius
3596 1383 3886 1451 occurrit;

2182 1470 2281 1526 sed
2312 1486 2455 1542 pura
2483 1474 2541 1526 et
2571 1473 2747 1535 casta,
2780 1468 2907 1524 sine
2938 1469 3086 1536 luco,
3117 1470 3242 1526 sine
3268 1469 3574 1539 lenocinio,
3610 1473 3741 1528 lluit
3765 1473 3885 1529 elo-

2182 1560 2438 1631 quentia.
2473 1560 2803 1615 Ponderosa
2832 1558 3022 1626 verba,
3052 1560 3343 1631 graviores
3379 1564 3704 1633 sententiae,
3736 1580 3887 1634 qua-

2180 1649 2265 1705 les
2295 1654 2351 1704 et
2380 1650 2681 1720 Scriptum
2711 1655 2923 1704 sanctae
2952 1650 3261 1720 maiestati,
3294 1655 3350 1707 et
3380 1650 3528 1707 tanti
3560 1655 3884 1710 sacerdotis

2103 1772 2148 1836 Β
2179 1739 2454 1836 dignitati.
2496 1738 2906 1836 convenirent;
2958 1754 3169 1836 magno
3209 1757 3341 1795 cum
3390 1741 3615 1798 delectu
3667 1743 3887 1799 inserta

2180 1845 2248 1885 ex
2278 1828 2491 1883 divinis
2522 1827 2686 1883 libris
2717 1826 3066 1896 testimonia,
3101 1844 3216 1883 non
3258 1846 3359 1900 per
3390 1832 3505 1885 vim
3548 1836 3747 1899 tracta,
3779 1832 3887 1887 sed

2178 1920 2343 1988 quasi
2374 1922 2583 1989 sponte
2613 1918 2881 1971 adducta.
2918 1916 3047 1971 Haec
3078 1923 3213 1973 sunt
3246 1936 3371 1991 quae
3406 1921 3669 1976 laudatas
3702 1920 3887 1976 homi-

2179 2007 2286 2064 lias
2318 2008 2563 2062 maxime
2596 2007 3030 2062 commendant.
3065 2007 3142 2061 Ex
3176 2010 3350 2079 priori
3377 2015 3573 2065 autem
3606 2011 3663 2065 in
3696 2014 3889 2067 Evan-

2177 2096 2346 2169 gelia,
2422 2112 2633 2166 paucas
2714 2098 2993 2151 duntaxat
3073 2100 3391 2154 sententias
3460 2100 3882 2170 decerpsimus,

2176 2188 2402 2257 hocque
2470 2186 2593 2241 loco
2643 2185 3036 2255 subjiciendas
3084 2190 3141 2242 in
3204 2192 3537 2244 casterarum
3589 2190 3887 2261 specimen

2175 2278 2473 2332 duximus.
2510 2277 2808 2345 Exponens
2840 2275 3031 2348 itaque
3063 2282 3299 2334 sanctus
3333 2280 3533 2334 doctor
3578 2278 3676 2334 illa
3706 2280 3883 2335 verba

2170 2369 2308 2421 Luc.
2342 2382 2475 2420 xxx:
2519 2366 2615 2421 His
2662 2372 2845 2419 autem
2899 2367 3023 2433 ﬁeri
3080 2367 3488 2437 incipientibus,
3548 2368 3802 2438 respicite
3829 2376 3888 2423 et

2171 2454 2344 2509 levate
2399 2455 2581 2525 capita
2640 2461 2833 2519 vestra,
2884 2455 2954 2508 ad
3014 2456 3376 2526 diligendum
3436 2456 3885 2527 optandumque

2169 2542 2383 2599 Christi
2411 2543 2748 2610 adventum,
2779 2561 2843 2600 ac
2890 2549 3134 2600 mortem
3167 2561 3281 2600 non
3330 2544 3761 2601 formidandam
3794 2547 3885 2602 ita

2168 2651 2275 2689 nos
2306 2634 2681 2690 adhortatur:
2737 2636 2841 2703 Qui
2891 2636 3059 2691 Deum
3104 2636 3375 2707 diligunt,
3424 2650 3493 2690 ea:
3538 2634 3733 2690 mundi
3761 2639 3875 2704 ﬁne

2164 2723 2402 2792 gaudere
2430 2732 2590 2794 atque
2619 2724 2947 2780 hilarescere
2977 2725 3235 2793 iubentur
3254 2742 3274 2779 :
3296 2728 3425 2795 quia
3447 2723 3717 2781 videlicet
3740 2741 3872 2780 eum

2162 2830 2323 2885 quem
2350 2821 2541 2868 amant
2572 2829 2699 2868 mox
2730 2814 3045 2883 inveniunt,
3076 2813 3208 2868 dum
3241 2816 3443 2869 transit
3477 2816 3527 2868 is
3558 2830 3714 2885 quem
3755 2831 3869 2869 non

2162 2907 2505 2959 amaverunt.
2540 2903 2694 2958 Absit
2722 2904 2870 2958 enim
2896 2911 2956 2958 ut
2985 2903 3157 2973 ﬁdelis
3206 2905 3435 2973 quisque
3463 2904 3558 2973 qui
3588 2904 3758 2959 Deum
3790 2907 3870 2957 vi-

2160 2993 2286 3048 dere
2317 2992 2605 3059 desiderat,
2637 2993 2703 3048 (le
2744 2994 2938 3047 mundi
2980 2992 3423 3065 percussionibus
3465 2995 3666 3061 lugeat,
3698 3009 3867 3063 quem

340 3072 607 3128 nonnulli
636 3068 891 3127 clericali
913 3069 1133 3126 militias
1160 3086 1257 3140 per
1280 3078 1577 3124 tonsuram
1603 3070 1857 3125 adscribi
1882 3087 2039 3125 cura-

2187 3084 2308 3135 Lniri
2336 3081 2538 3137 eisdem
2566 3082 2682 3137 suis
2709 3082 3149 3153 percussionibus
3179 3098 3289 3136 non
3320 3082 3558 3150 ignorat.
3582 3080 3867 3151 Scriptum

339 3166 511 3229 runt;
556 3166 615 3217 at
658 3176 856 3217 eorum
908 3160 1053 3213 lictis
1095 3159 1456 3213 conversioni
1508 3160 1741 3229 sapiens
1786 3159 2042 3229 pontifex

334 3268 486 3307 nova
515 3251 789 3324 opposuit
817 3249 1070 3313 decreta,
1102 3247 1313 3317 quibus
1338 3254 1573 3303 cautum
1604 3256 1723 3303 erat
1757 3252 1818 3302 ut
1854 3250 1949 3318 qui
1978 3246 2045 3301 ad

327 3342 619 3397 servitium
651 3338 747 3395 Dei
776 3336 1023 3394 converti
1053 3336 1446 3405 desiderarent,
1488 3337 1852 3409 probarentur
1878 3336 2043 3407 prius

329 3430 389 3485 in
421 3430 561 3485 laico
591 3430 809 3496 habitu,
841 3426 1035 3484 deinde
1074 3429 1278 3483 servire
1314 3428 1423 3482 Deo
1452 3430 1513 3483 in
1552 3428 1884 3483 monasterio
1910 3442 2045 3497 per-

326 3522 707 3575 mitterentur.
767 3520 1084 3590 Postquam
1146 3532 1276 3572 vero
1336 3517 1393 3570 in
1455 3516 1780 3572 monastico
1841 3515 2038 3570 habitu

322 3610 581 3667 fuissent
611 3608 927 3675 exercitati,
972 3610 1030 3662 et
1073 3615 1189 3679 post
1237 3608 1472 3678 pra/ima
1517 3609 1689 3662 sacris
1735 3605 2041 3661 canonibus

320 3700 595 3769 tempora,
628 3698 697 3755 ad
732 3695 1037 3769 quodlibet
1066 3694 1525 3751 ecclesiasticum
1570 3694 1831 3752 ofﬁcium
1882 3693 2037 3749 licite

318 3788 785 3859 proveherentur.
819 3786 1101 3842 Caeterum
1155 3784 1343 3841 aiebat
1385 3801 1520 3840 eum
1552 3786 1651 3856 qui
1695 3785 2034 3841 saecularem

316 3878 583 3935 habitum
615 3878 890 3933 deserens
923 3878 992 3931 ad
1026 3875 1422 3932 ecclesiastica
1442 3875 1637 3931 ofﬁcia
1657 3876 1852 3931 venire
1876 3876 2033 3930 festi~

316 3972 501 4035 naret,
544 3983 659 4022 non
719 3966 1050 4037 relinquere
1108 3967 1386 4020 saeculum
1446 3966 1547 4021 sed
1606 3970 1854 4021 mutare.
1918 3964 2027 4034 (Cf.

312 4058 471 4114 Joan.
508 4056 546 4110 ι.
581 4073 645 4121 ιι,
677 4071 726 4111 c.
762 4055 875 4124 16.)

380 4148 437 4200 7.
474 4146 552 4200 De
584 4142 875 4215 spirituali
906 4142 1035 4197 cibo
1069 4159 1182 4197 non
1218 4142 1414 4196 minus
1446 4158 1621 4213 quam
1651 4142 1721 4197 de
1743 4142 2027 4212 corporali

314 4234 449 4290 ﬁliis
478 4234 602 4288 suis
634 4232 1022 4287 ministrando
1064 4246 1291 4300 semper
1317 4230 1603 4285 sollicitus
1636 4230 1747 4284 fuit
1767 4231 2023 4300 Optimus

309 4326 528 4393 pastor.
567 4321 714 4376 Sane
743 4322 893 4376 inter
922 4321 1205 4391 praecipua
1238 4319 1495 4390 episcopi
1538 4335 1781 4374 munera
1812 4319 2021 4375 merito

2157 3187 2395 3241 namque
2425 3180 2543 3225 est:
2593 3172 2930 3242 Quicumque
2972 3170 3211 3226 voluerit
3260 3174 3470 3225 amicus
3518 3186 3631 3225 esse
3674 3171 3870 3225 saeculi

2156 3261 2342 3330 hujus,
2393 3261 2655 3316 inimicus
2703 3261 2801 3316 Dei
2847 3263 3205 3317 constituitur
3250 3261 3452 3331 (Jacob,
3503 3277 3578 3326 ιν,
3632 3261 3706 3330 4).
3755 3261 3870 3328 Qui

2152 3366 2277 3421 ergo
2308 3350 2792 3421 appropinquante
2821 3350 3027 3405 mundi
3052 3352 3162 3421 ﬁne
3190 3366 3296 3405 non
3338 3350 3565 3421 gaudet,
3614 3350 3863 3404 amicum

2150 3456 2205 3496 se
2235 3440 2387 3495 illius
2416 3454 2526 3495 esse
2559 3444 2817 3508 testatur,
2848 3448 3013 3511 atque
3038 3456 3135 3511 per
3165 3439 3266 3495 hoc
3308 3438 3566 3493 inimicus
3616 3438 3715 3492 Dei
3744 3454 3867 3495 esse

2148 3531 2512 3587 convincitur.
2546 3531 2647 3586 Sed
2685 3531 2831 3585 absit
2878 3531 2975 3585 hoc
3003 3547 3037 3585 a
3087 3530 3335 3599 ﬁdelium
3382 3528 3657 3595 cordibus,
3706 3528 3865 3583 absit

2146 3624 2213 3676 ab
2245 3620 2330 3676 his
2361 3622 2456 3691 qui
2485 3629 2534 3676 et
2564 3636 2676 3676 esse
2717 3618 2896 3674 aliam
2945 3620 3116 3673 vitam
3168 3634 3265 3689 per
3310 3618 3478 3689 fidem
3523 3617 3772 3683 credunt,
3806 3626 3864 3674 et

2144 3726 2270 3766 eam
2290 3726 2390 3782 per
2417 3713 2786 3782 operationem
2816 3708 3076 3779 diligunt.
3113 3711 3193 3763 Ea:
3223 3708 3418 3763 mundi
3447 3707 3598 3762 enim
3625 3710 3862 3763 destru-

2144 3806 2325 3857 ctione
2355 3802 2562 3869 lugere,
2622 3817 2814 3856 eorum
2845 3805 2925 3855 est
2984 3802 3077 3871 qui
3134 3799 3353 3855 radices
3410 3798 3585 3854 cordis
3617 3800 3673 3852 in
3732 3800 3861 3863 eius

2142 3906 2330 3946 amore
2356 3892 2774 3961 plantaverunt,
2807 3889 2903 3961 qui
2923 3893 3236 3959 sequentem
3259 3891 3423 3943 vitam
3444 3902 3553 3941 non
3569 3891 3860 3958 quaerunt,

2140 3981 2236 4051 qui
2280 3982 2439 4035 illam
2486 3996 2657 4051 neque
2713 3996 2822 4036 esse
2877 3981 3253 4049 suspicantur.
3315 3979 3463 4034 225
3499 3981 3606 4033 Nos
3659 3984 3861 4033 autem

2138 4074 2233 4142 qui
2266 4071 2495 4126 caelestis
2534 4071 2733 4141 patriae
2778 4069 2981 4138 gaudia
3024 4076 3237 4125 eterna
3285 4070 3653 4139 cognovimus,
3683 4068 3863 4135 festi-

2136 4177 2272 4215 nare
2296 4161 2365 4214 ad
2406 4176 2469 4215 ea
2519 4162 2846 4230 quantocius
2894 4159 3169 4213 debemus.
3223 4158 3529 4229 Optandum
3577 4158 3732 4212 nobis
3767 4164 3859 4212 est

2132 4254 2294 4307 citius
2322 4266 2575 4322 pergere,
2608 4256 2770 4321 atque
2800 4252 2873 4305 ad
2892 4251 3051 4304 illam
3100 4250 3343 4305 breviore
3393 4249 3484 4303 via
3532 4248 3856 4319 pervenire.

2131 4342 2340 4410 Quibus
2378 4344 2524 4397 enim
2572 4342 2738 4395 malis
2786 4341 3024 4395 mundus
3071 4356 3177 4395 non
3242 4340 3514 4409 urgetur?
3557 4342 3696 4407 Quae
3749 4355 3861 4393 nos

308 4415 573 4466 recenset
603 4408 957 4481 praedicandi
988 4416 1042 4463 et
1071 4408 1315 4463 docendi
1354 4408 1635 4470 ofﬁcium,
1670 4409 1741 4464 de
1771 4424 1887 4479 quo
1917 4408 2015 4463 l‘u-
2048 4455 2049 4460 η

2188 4430 2378 4499 istitia,
2411 4446 2532 4502 quz
2560 4428 2867 4485 adversitas
2914 4445 3025 4483 non
3075 4408 3376 4499 angustat?
3406 4427 3550 4495 Quid
3594 4434 3675 4482 est
3727 4428 3856 4482 vita

376 4661 459 4730 (α)
488 4656 633 4711 Vide
665 4654 984 4730 prmsertim
1015 4655 1117 4711 lib.
1149 4672 1205 4719 ι,
1236 4657 1421 4730 ep.731
1458 4660 1518 4730 et
1544 4658 1649 4725 45;
1680 4657 1784 4714 lib.
1815 4674 1893 4725 ιιι,
1918 4673 2009 4730 ep.

301 4728 505 4801 2;‘lib.
539 4746 664 4796 xm,
696 4745 788 4801 ep.
821 4728 911 4782 19.
950 4728 1250 4799 Legendus
1280 4729 1457 4784 etiam
1498 4729 1667 4785 Joan.
1716 4730 1872 4786 Diac.
1908 4728 2009 4785 lib.

301 4824 366 4875 ιι,
400 4818 568 4875 capp.
596 4802 668 4856 22
698 4810 754 4857 et
785 4815 951 4870 seqq.

374 4875 451 4946 (b)
473 4869 628 4929 Hinc
661 4869 940 4946 pauperes
960 4869 1241 4946 Ecclesiae
1262 4873 1592 4946 sumptibus
1618 4873 1843 4939 nutriti,
1869 4874 2011 4927 dicti

301 4942 441 5003 olim
489 4942 891 5000 matriCularii.
951 4942 1120 5014 Greg.
1178 4943 1526 5000 Turon.lib.
1584 4961 1682 5009 νιι,
1743 4961 1869 5015 cap.
1900 4946 2007 5000 29:

298 5018 571 5076 Nonnulli
620 5016 784 5073 etiam
830 5016 1337 5070 matriculariorum
1367 5020 1419 5069 et
1450 5017 1779 5087 reliquorum
1808 5031 2012 5087 paupe-

299 5107 446 5155 rum,
476 5094 587 5144 etc.

372 5162 440 5230 (c)
460 5161 599 5213 Inde
619 5157 907 5214 mendacii
929 5162 1030 5212 aut
1052 5156 1519 5213 hallucinationis
1541 5158 1873 5227 arguendus
1905 5157 2011 5212 So-

298 5246 598 5298 zomenus,
658 5230 756 5299 qui
801 5231 900 5284 lib.
938 5246 1039 5293 νιι,
1092 5245 1221 5301 cap.
1278 5230 1365 5291 19.
1405 5230 1612 5301 asserit
1660 5231 1714 5283 in
1760 5230 2013 5283 Ecclesia

298 5302 560 5358 Romana
607 5315 793 5372 neque
849 5300 1183 5370 episcopum
1231 5318 1418 5372 neque
1474 5300 1642 5355 alium
1703 5302 2011 5371 praedicare

298 5378 401 5431 aut
428 5377 649 5427 docere.
684 5372 835 5425 Sane
870 5372 978 5444 Leo
1010 5373 1253 5444 Magnus
1284 5373 1595 5444 praadicare
1627 5373 1833 5444 solitus
1867 5377 2011 5441 erat,

299 5449 365 5503 ut
393 5459 463 5499 ex
492 5444 619 5515 ejus
649 5456 890 5512 cperum
921 5442 1510 5515 inspectione—statim
1544 5443 1747 5515 liquet.
1781 5443 1894 5499 Nec
1926 5444 2010 5498 le-

298 5519 488 5591 gimus
520 5514 935 5591 primumcum
966 5514 1257 5591 fuisses:
1294 5516 1571 5591 Romanis
1588 5514 2010 5591 gpontiticibus,

302 5583 404 5663 Qui
436 5583 826 5663 concinnandi
854 5586 1181 5663 partessibi
1203 5588 1545 5663 sumpserit.
1578 5583 1739 5643 certe
1769 5588 2012 5663 Ambro-

304 5653 431 5733 e'ius
459 5655 767 5733 lib._ter_tio
796 5654 867 5709 de
905 5653 1129 5733 Virgin.
1182 5653 1381 5733 multa
1415 5660 1590 5733 refert
1632 5660 2013 5733 ex_concione

303 5726 481 5808 quam
516 5726 778 5785 Liberius
815 5741 963 5797 papa
991 5728 1051 5782 in
1082 5727 1323 5791 basilica
1353 5729 1410 5783 S.
1445 5729 1593 5785 Petri
1633 5729 1914 5787 habuerat
1939 5731 2011 5786 ad

2124 4658 2429 4730 populum,
2464 4674 2597 4712 cum
2632 4656 3045 4730 Marcellinum
3078 4656 3342 4726 aliasque
3390 4654 3641 4725 virgines
3674 4670 3859 4730 sacro

2122 4728 2409 4787 velamine
2442 4732 2779 4783 donaverat.
2813 4728 3197 4783 Cassiodorus
3225 4741 3396 4797 quem
3425 4743 3525 4797 pro
3548 4729 3862 4781 sententia

2122 4802 2425 4858 Sozomeni
2468 4800 2869 4857 conﬁrmanda
2910 4798 3179 4853 Valesius
3211 4800 3469 4865 adducit,
3505 4799 3562 4851 in
3592 4797 3859 4867 Tripar-

2121 4876 2229 4929 tita
2260 4872 2502 4927 historia
2559 4889 2673 4926 non
2733 4888 2871 4926 suos
2929 4887 3139 4926 sensus
3198 4872 3435 4939 profert,
3485 4872 3576 4922 sed
3638 4883 3859 4926 eorum

2122 4946 2471 5014 scriptorum
2504 4960 2649 5013 quos
2682 4942 2738 4996 in
2772 4943 3183 5011 compendium
3216 4941 3458 5065 redegit,
3491 4940 3709 4995 scilicet
3745 4945 3861 4997 So-

2122 5016 2366 5065 znmeni-
2426 5017 2707 5065 Socratis.
2767 5021 2820 5065 et
2880 5013 3238 5065 Theodoriti.
3310 5021 3349 5065 Δ
3389 5014 3562 5065 tunde
3618 5011 3751 5065 auis
3785 5016 3853 5065 in

2121 5011 2368 5084 zom'eni,
2426 5011 2707 5079 Socratis,
2767 5021 2820 5069 et
2880 5013 3238 5068 Theodoriti.
3310 5011 3562 5067 Aliunde
3585 5011 3853 5084 iquisin

2123 5083 2374 5144 mentem
2408 5088 2680 5142 inducere
2713 5086 2897 5155 possit
2929 5086 3165 5139 verbum
3201 5084 3458 5138 divinum
3495 5084 3552 5137 in
3583 5083 3860 5155 Ecclesia

2123 5162 2385 5215 Romana
2420 5177 2515 5229 per
2572 5163 2657 5212 tot
2688 5154 2900 5211 saecula
2931 5174 3045 5211 non
3073 5157 3253 5211 fuisse
3279 5156 3653 5224 praedicatum
3676 5154 3863 5229 ?_Tot

2121 5226 2523 5287 sanctissimos
2548 5237 2809 5300 pastores
2842 5230 3018 5283 fuisse
3057 5244 3227 5283 canes
3260 5232 3543 5300 mutos_et
3573 5226 3859 5283 maximas

2122 5304 2212 5357 sui
2244 5302 2420 5356 ofﬁcii
2470 5298 2615 5372 parti
2646 5300 2947 5356 defuisse?
2977 5316 3110 5353 nam
3148 5309 3206 5353 ut
3239 5298 3318 5351 ait
3345 5299 3404 5372 S.
3439 5298 3738 5372 Greg._ep.
3776 5302 3860 5355 25

2120 5375 2221 5429 lib.
2255 5390 2308 5428 ιε
2359 5369 2628 5429 Ρνεέοοηίε
2676 5374 2918 5443 ofﬁcium
2966 5373 3214 5443 suscipit,
3258 5369 3510 5443 quisquis
3559 5369 3629 5422 ad
3658 5384 3859 5424 sacer-

2119 5446 2332 5501 dotium
2367 5446 2599 5501 accedit.
2624 5444 2767 5498 Vide
2788 5442 3259 5498 dissertationem
3296 5442 3404 5495 ide
3433 5442 3547 5495 vita
3572 5445 3629 5494 et
3661 5443 3857 5498 rebus

2120 5517 2301 5589 gestis
2331 5518 2389 5572 S.
2452 5515 2659 5571 Leonis
2718 5516 2866 5585 Mag.
2926 5515 2996 5569 ad
3051 5531 3144 5569 an.
3205 5514 3329 5579 440,
3364 5514 3427 5581 §§
3469 5514 3523 5581 8,
3558 5512 3614 5577 9,
3652 5514 3738 5580 10,
3779 5516 3851 5570 11

2120 5589 2573 5730 et(ictz).Legendaa
2607 5656 2972 5713 Praefationes
3003 5673 3148 5727 quas
3177 5654 3296 5711 illis
3327 5654 3583 5712 homiliis
3611 5672 3795 5726 prmm

2124 5731 2312 5789 simus
2342 5739 2502 5789 tomo
2530 5732 2551 5787 Ι
2582 5730 2719 5799 (l’id.
2754 5745 2861 5800 seq.
2895 5730 3148 5802 tomum).
