4106 6174
223 254 340 315 297

662 250 722 310 S.
771 243 1143 310 GltEGORII
1191 243 1435 304 MAGNI
1483 240 1684 311 VITA,
1739 238 1833 297 EX
1880 236 2067 297 EJUS
2118 236 2466 301 SCRIPTIS
2513 240 2964 302 ADORNATA.
3016 245 3159 305 LIB.
3207 245 3281 306 Il.

3617 252 3735 314 298

217 392 485 461 mortalis,
516 391 626 444 nisi
671 386 894 443 via?Et
938 381 1105 455 quale
1150 385 1239 447 sit,
1288 382 1485 450 fratres
1524 378 1649 440 mei,
1691 390 1919 446 perpen-
1949 374 1999 440 Α
2032 380 2124 428 tur
2167 374 2431 445 linguam.
2463 378 2573 445 Qui
2613 380 2797 433 otiosis
2854 378 3029 434 verbis
3068 396 3216 454 saepe
3253 384 3524 458 implicor,
3572 395 3623 443 et
3667 388 3737 443 ab

214 481 343 545 dite,
376 483 437 534 in
471 479 654 534 labore
682 480 791 533 υἱέε
830 476 1137 537 lassescere,
1166 478 1217 527 et
1262 475 1449 523 tamen
1488 468 1739 524 eamdem
1774 466 1921 521 viam

212 569 362 626 nolle
390 571 569 639 ﬁniri.
606 568 667 622 Et
700 570 832 638 post
864 561 1164 629 nonnulla,
1210 561 1491 615 mundum
1524 560 1920 612 senescentem

211 659 552 715 describens
584 675 596 713 :
646 657 821 721 Sicut,
852 652 1055 723 inquit,
1090 654 1151 706 in
1193 651 1357 705 armis
1399 649 1667 703 senilibus
1706 651 1923 699 statura

208 755 501 814 curvatur,
534 748 725 801 cervix
753 746 1030 798 exsiccata
1061 740 1375 811 deponitur,
1415 736 1794 809 frequentibus
1824 750 1923 788 su-

205 837 405 912 spiriis
456 843 644 907 pectus
681 842 931 902 urgetur,
974 832 1152 885 virtus
1190 828 1390 898 deﬁcit,
1438 827 1711 898 loquentis
1759 825 1924 879 verba

206 928 492 984 anhelitus
512 923 797 980 intercidit
820 923 971 993 (nam
989 924 1039 975 et
1067 919 1118 974 si
1154 919 1396 990 languor
1422 916 1580 983 desit,
1602 915 1925 986 plerumque

203 1021 436 1075 senibus
477 1019 599 1087 ipsa
644 1030 745 1069 sua
773 1013 921 1068 salus
962 1009 1239 1081 aegritudo
1277 1008 1418 1079 est):
1470 1006 1551 1062 ita
1582 1005 1817 1061 mundus
1866 1005 1923 1059 in

203 1109 387 1165 annis
412 1106 693 1179 prioribus
721 1104 866 1159 velut
896 1105 955 1156 in
967 1102 1259 1173 juventute
1288 1098 1487 1169 viguit,
1518 1098 1587 1153 ad
1616 1111 1923 1167 prapagan-

202 1199 345 1254 dum
390 1197 624 1253 humani
660 1193 877 1263 generis
913 1192 1122 1263 prolem
1163 1190 1412 1245 robustas
1438 1191 1571 1259 fuit,
1604 1187 1782 1242 salute
1812 1203 1926 1242 cor-

198 1305 411 1362 porum
440 1286 656 1349 viridis,
702 1284 978 1355 opulentia
1019 1297 1206 1336 rerum
1250 1279 1477 1350 pinguis
1497 1295 1517 1339 ;
1550 1283 1605 1331 at
1634 1294 1781 1331 nunc
1810 1279 1928 1348 ipsa

196 1396 311 1435 sua
346 1378 623 1433 senectute
654 1372 1007 1441 deprimitur,
1038 1374 1089 1425 et
1133 1372 1289 1439 quasi
1316 1369 1385 1423 ad
1426 1368 1666 1423 vicinam
1696 1372 1927 1422 mortem

196 1470 487 1527 molestiis
536 1465 899 1522 crescentibus
958 1471 1205 1534 urgetur.
1266 1463 1448 1517 Nolite
1518 1476 1663 1530 ergo,
1722 1460 1928 1530 fratres

197 1563 349 1628 mei,
380 1558 611 1629 diligere
646 1570 810 1627 quem
838 1552 1033 1609 videtis
1063 1553 1161 1606 diu
1185 1556 1329 1606 stare
1358 1566 1463 1606 non
1487 1566 1661 1621 posse.
1710 1552 1929 1606 Cretera

193 1647 586 1707 commodius
615 1662 684 1701 ex
712 1645 841 1715 ipso
874 1644 1028 1698 fonte
1060 1649 1308 1713 possunt
1344 1639 1587 1695 hauriri.
1632 1640 1926 1696 Attentius

194 1744 416 1798 autem
458 1738 559 1793 has
607 1734 879 1791 homilias
927 1732 1142 1803 legenti
1192 1735 1554 1802 perspectum
1604 1730 1713 1787 erit
1755 1747 1925 1802 quam
1963 1753 2004 1816 Β

192 1827 473 1903 sapienti
517 1826 759 1883 consilio
811 1822 1064 1879 Ecclesia
1108 1838 1206 1875 eas
1247 1837 1471 1891 omnes,
1517 1821 1563 1876 si
1612 1837 1788 1876 unam
1831 1825 1930 1875 aut

190 1921 464 1977 alteram
511 1916 753 1979 eximes,
809 1912 1005 1969 cursui
1055 1928 1158 1968 seu
1205 1911 1397 1967 ofﬁcio
1446 1927 1553 1965 suo
1605 1911 1929 1966 inseruerit.

271 2007 538 2075 Quando
594 2006 655 2061 in
732 2008 1069 2059 sanctorum
1132 1999 1411 2056 natalitiis
1450 2001 1933 2071 concionabatur,

191 2116 333 2156 non
369 2098 592 2153 solebat
622 2095 683 2150 in
716 2092 943 2149 steriles
972 2106 1175 2147 eorum
1217 2090 1418 2145 laudes
1450 2105 1787 2157 excurrere;
1832 2091 1931 2145 sed

190 2206 351 2263 quae
385 2188 458 2241 ad
494 2199 680 2240 mores
710 2186 861 2239 recte
892 2180 1323 2252 componendos
1354 2180 1612 2235 conferre
1644 2181 1934 2249 poterant,

192 2282 339 2336 hac
388 2290 594 2349 urgere
633 2273 900 2336 curabat,
940 2275 1004 2325 ut
1047 2268 1265 2341 patebit
1308 2269 1517 2339 legenti
1564 2268 1834 2324 homilias
1875 2269 1935 2325 in

191 2365 696 2427 solemnitatibus
727 2364 784 2419 S.
817 2361 1059 2417 Andreae
1100 2360 1368 2429 apostoli,
1403 2362 1735 2414 sanctorum
1779 2375 1935 2413 mar-

192 2467 419 2533 tyrum
453 2457 617 2512 Nerei
643 2458 700 2511 et
731 2452 991 2522 Achillei,
1025 2455 1236 2507 sancta;
1270 2448 1606 2514 Felicitatis,
1640 2454 1746 2505 etc.
1782 2451 1939 2522 (Vide

191 2552 369 2606 hom.
404 2549 441 2602 5
472 2554 518 2601 et
544 2545 660 2616 28.)

276 2640 348 2693 9.
397 2637 536 2692 Cum
580 2650 680 2706 per
720 2647 782 2689 se
823 2648 939 2687 nou
998 2634 1216 2703 posset,
1265 2644 1367 2701 per
1414 2628 1733 2698 discipulos
1778 2644 1940 2693 suos,

196 2728 481 2787 maxime
528 2742 627 2797 per
674 2724 763 2779 sui
810 2721 1152 2778 monasterii
1215 2721 1506 2789 alumnos,
1562 2719 1939 2790 Evangelium

198 2816 387 2892 apud
420 2815 694 2871 barbaras
725 2816 929 2885 gentes
952 2812 1097 2881 jugo
1126 2808 1337 2864 Christi
1372 2809 1631 2863 nondum
1674 2808 1941 2864 subditas

200 2904 626 2963 disseminsvit
656 2906 713 2958 et
744 2902 1103 2974 propagavit.
1140 2899 1208 2953 Et
1229 2897 1465 2968 quidem
1499 2897 1815 2967 superioris
1837 2897 1941 2952 aevi

204 2994 536 3069 pontiﬁces
566 2993 714 3047 idem
760 2995 1001 3046 strenue
1042 2987 1451 3059 praestiterant,
1500 2986 1715 3058 quippe
1746 2988 1846 3058 qui
1878 3000 1941 3042 se

204 3087 323 3142 toti
367 3082 700 3153 reipublicae
729 3079 1073 3136 Christianae
1112 3078 1410 3151 praefectos
1444 3077 1621 3133 fuisse
1651 3076 1938 3147 intellige-

204 3182 405 3232 rent:
462 3172 711 3242 hincque
759 3186 827 3225 ex
866 3169 1124 3224 Romana
1172 3169 1307 3223 sede
1352 3183 1453 3238 per
1510 3171 1692 3221 totum
1742 3166 1936 3221 orbem

211 3268 374 3323 fides
408 3260 745 3318 dimanavit.
778 3262 847 3315 At
887 3274 1188 3328 nunquam
1222 3261 1385 3312 tanta
1427 3256 1722 3321 felicitate,
1752 3255 1943 3310 facili-

210 3360 345 3412 tate
393 3356 576 3417 tanta,
625 3354 847 3421 quanta
890 3347 1159 3419 Gregorio
1204 3348 1272 3401 ad
1321 3346 1733 3401 Ecclesiasticse
1776 3346 1939 3401 navis

212 3446 461 3501 clavum
495 3441 751 3497 sedente.
786 3438 984 3494 Audeo
1023 3436 1213 3492 dicere
1242 3436 1470 3491 Petrum
1498 3437 1733 3507 jussum
1764 3452 1795 3490 a
1826 3436 1939 3491 Do-

213 3537 388 3591 mino
421 3534 631 3588 ducere
660 3531 721 3585 in
754 3528 939 3585 altum
990 3535 1042 3582 el
1074 3527 1267 3582 laxare
1321 3527 1466 3582 retia
1506 3526 1563 3581 in
1612 3530 1938 3598 capturum,

213 3628 312 3682 vix
353 3638 610 3694 unquam
654 3623 959 3691 majorem,
986 3633 1161 3690 quam
1204 3621 1345 3671 tunc
1379 3616 1624 3687 piscium
1671 3616 1937 3671 multitu-

212 3719 449 3783 dinem,
492 3714 645 3768 intra
684 3726 957 3781 sagenam
1001 3708 1398 3773 conclusisse;
1444 3709 1658 3778 quippe
1709 3706 1934 3761 Britan-

213 3810 384 3864 niam
411 3806 527 3859 fere
548 3803 862 3873 integram,
885 3797 1145 3855 omnium
1163 3798 1301 3851 olim
1320 3804 1591 3852 notarum
1614 3794 1934 3851 insularum

212 3895 565 3959 maximam,
609 3890 810 3946 missis
858 3889 1036 3945 semel
1069 3892 1170 3943 aut
1219 3887 1425 3941 iterum
1471 3886 1717 3953 retibus,
1760 3887 1932 3956 cepit,

212 3990 268 4041 et
301 3984 379 4039 ad
414 3982 596 4049 littus,
633 3980 739 4035 hoc
782 3985 868 4035 est
894 3979 962 4033 ad
1005 3993 1149 4033 veras
1186 3976 1319 4031 ﬁdei
1370 3976 1675 4031 stationem
1723 3982 1930 4043 tutam,

211 4073 417 4131 traxit.

290 4167 380 4219 10.
414 4162 471 4217 Si
507 4162 666 4218 novis
697 4160 758 4216 in
794 4159 1064 4215 Ecclesiis
1092 4156 1323 4213 Christo
1357 4157 1778 4227 congregandis
1808 4162 1927 4213 tam

222 4254 491 4311 sedulam
536 4252 767 4309 navavit
809 4265 1045 4322 operam
1084 4254 1139 4303 S.
1191 4247 1521 4319 Gregorius,
1564 4250 1633 4302 de
1670 4248 1929 4318 antiquis

223 4350 376 4402 recte
424 4344 771 4401 ordinandis
821 4342 1004 4398 multo
1044 4339 1346 4396 sollicitior
1396 4340 1541 4407 fuit;
1585 4348 1639 4395 et
1677 4344 1740 4394 ut
1784 4340 1928 4410 ipsis

223 4435 373 4507 digni
402 4434 838 4506 praeﬁcerentur
868 4435 1156 4503 pastores,
1190 4429 1482 4501 imprimis
1506 4431 1745 4484 curavit.
1772 4432 1928 4495 Quos

222 4526 267 4581 si
298 4525 665 4595 contingeret
701 4521 1021 4592 aliquando
1061 4537 1168 4575 suo
1209 4520 1410 4574 deesse
1440 4520 1649 4587 ofﬁcio,
1694 4524 1931 4590 paterna

224 4614 500 4669 charitate
530 4611 916 4677 admonebat;
969 4613 1342 4665 contumares
1386 4612 1580 4663 autem
1617 4608 1812 4665 accius
1844 4609 1931 4664 in-

228 4703 599 4774 sequebatur.
624 4701 842 4756 Verum
874 4716 1010 4772 erga
1042 4697 1268 4753 nullum
1303 4698 1640 4769 episcopum
1676 4700 1934 4754 severio-

227 4808 345 4847 rem
378 4807 685 4847 censuram
729 4806 906 4862 quam
942 4789 998 4843 in
1045 4786 1425 4858 semetipsum
1468 4787 1743 4842 exercuit.
1793 4788 1933 4850 Quis

230 4898 339 4937 non
373 4881 700 4936 admiretur
741 4876 1285 4951 prmstantissimum
1336 4877 1493 4932 hunc
1538 4876 1726 4932 virum
1761 4893 1933 4947 quem

228 4971 582 5043 suspiciebat
622 4970 781 5026 orbis
823 4970 1152 5036 universus,
1198 4965 1432 5038 publica
1472 4967 1838 5023 confessione
1879 4971 1936 5022 et

227 5063 460 5131 quidem
495 5076 565 5116 ex
594 5064 879 5131 suggestu
926 5059 1095 5124 facta,
1148 5056 1362 5113 leviora
1394 5056 1452 5111 in
1479 5072 1539 5111 se
1571 5055 1819 5126 piacula,
1874 5059 1938 5111 ut

224 5150 487 5220 putabat,
544 5149 990 5217 redarguentem
1050 5144 1142 5201 his
1191 5145 1422 5201 verbis:
1477 5146 1515 5199 0
1572 5160 1736 5215 quam
1797 5146 1936 5200 dura

223 5241 359 5295 mihi
382 5243 513 5296 sunt
545 5240 651 5294 ista
672 5253 795 5308 quae
818 5239 1013 5307 loquor
1044 5253 1063 5292 :
1091 5237 1226 5307 quia
1254 5238 1632 5307 memetipsum
1677 5236 1937 5308 loquendo

221 5329 383 5400 ferio,
427 5330 586 5400 cujus
623 5344 797 5399 neque
838 5328 1053 5395 lingua,
1088 5334 1143 5380 ut
1185 5327 1417 5393 dignum
1446 5328 1543 5392 est,
1582 5325 1939 5396 praedicatio-

221 5437 344 5475 nem
386 5429 557 5489 tenet,
585 5434 759 5490 neque
787 5418 849 5473 in
870 5422 1138 5489 quantum
1162 5425 1348 5472 tenere
1368 5418 1595 5487 sufﬁcit,
1627 5419 1739 5471 vita
1758 5418 1937 5486 sequi-

289 5665 374 5735 (a)
411 5662 492 5718 De
542 5660 856 5735 provinciis
904 5659 1324 5735 suburbicariis
1365 5671 1728 5735 eevounostro
1771 5664 1937 5735 motae

219 5731 797 5795 sunt'controversiaa
843 5731 1310 5804 quamplurimas,
1345 5749 1379 5788 α
1418 5732 1633 5803 quibus
1673 5732 1934 5790 abstine-

547 5834 812 5897 ΡΑτιοι..
858 5832 1092 5895 LXXV.

2030 467 2408 523 exhortatione
2445 474 2605 540 atque
2662 470 3025 540 aediﬁcatione
3081 474 3469 544 proximorum
3517 486 3736 551 torpens

2030 554 2099 612 ef
2114 558 2396 629 negligens
2441 575 2603 614 cesso.
2656 561 2762 628 Qui
2806 561 2861 615 in
2909 570 3191 633 conspectu
3245 567 3344 621 Dei
3392 570 3575 638 factas
3616 588 3739 628 sum

2034 652 2222 703 mutus
2260 653 2310 703 et
2340 650 2596 704 verbosus
2624 666 2643 710 ,·
2682 656 2864 706 mutus
2903 655 2959 707 in
2990 659 3333 725 necessariis,
3387 661 3636 718 verbosus
3680 665 3741 719 in

2032 738 2241 793 otiosis.
2274 738 2375 794 Sed
2417 755 2538 794 ecce
2572 756 2749 795 sermo
2796 742 2891 796 Dei
2928 743 2993 798 de
3035 749 3403 815 speculatoris
3435 751 3548 806 vita
3596 769 3742 808 com-

2031 828 2186 899 pellit
2218 834 2276 880 at
2307 828 2518 898 loquar.
2555 830 2748 883 Tacere
2776 846 2883 884 non
2914 848 3150 903 possum,
3183 843 3235 890 et
3255 841 3445 893 tamen
3478 840 3744 912 loquendo

2036 933 2119 972 me
2148 920 2315 986 [erire
2352 920 2688 989 pertimesco.
2742 921 2951 987 Dicam,
2983 923 3183 994 dicam,
3217 936 3276 981 ut
3312 930 3465 984 verbi
3504 932 3602 985 Dei
3628 934 3746 1004 gla-

2034 1008 2155 1061 dius
2186 1011 2355 1063 etiam
2392 1024 2494 1079 per
2535 1013 2912 1077 memetipsum
2954 1014 3028 1067 ad
3065 1016 3453 1085 conﬁgendum
3485 1037 3576 1077 cor
3611 1039 3743 1091 pro-

2032 1102 2172 1153 ximi
2214 1104 2474 1154 transeat.
2518 1102 2727 1168 Dicam,
2778 1102 2977 1168 dicam,
3011 1112 3071 1159 ut
3103 1107 3271 1163 etiam
3300 1116 3489 1166 contra
3522 1130 3606 1168 me
3633 1131 3749 1168 ser-

2035 1205 2122 1243 mo
2156 1191 2249 1244 Dei
2285 1194 2430 1245 sonet
2472 1208 2572 1259 per
2598 1208 2703 1247 me.
2744 1194 2852 1262 Ego
2892 1208 3049 1249 reum
3089 1213 3174 1251 me
3212 1215 3325 1255 esse
3354 1216 3460 1257 non
3511 1204 3746 1275 abnego,

2036 1279 2305 1347 torporem
2334 1294 2513 1331 meum
2543 1284 2702 1352 atque
2731 1281 3129 1353 negligentiam
3156 1287 3325 1343 video.
3361 1290 3478 1344 Erit
3515 1293 3749 1360 fortasse

2036 1369 2180 1439 apud
2225 1371 2381 1439 pium
2417 1371 2661 1425 Iudicem
2722 1370 3035 1442 impetratio
3076 1379 3273 1448 veniae,
3327 1380 3453 1449 ipsa
3506 1384 3748 1452 cognitio

2036 1459 2206 1527 culpae
2253 1460 2428 1527 (Hom.
2470 1460 2529 1513 11
2574 1460 2631 1513 in
2674 1461 2891 1528 Ezech.,
2930 1467 3094 1518 'num.
3138 1467 3171 1520 5
3217 1476 3266 1521 et
3307 1470 3467 1539 seq.).
3515 1478 3561 1526 Δ
3608 1471 3748 1528 reli-

2039 1547 2169 1617 quis
2203 1547 2467 1603 abstineo
2502 1566 2514 1615 ;
2550 1565 2683 1604 nam
2717 1566 2902 1620 pauca
2935 1551 3051 1607 haec
3082 1555 3225 1611 satis
3257 1560 3568 1613 ostendunt
3608 1562 3750 1615 Gre-

2038 1636 2266 1708 gorium
2292 1637 2650 1694 severitatem
2679 1640 2988 1711 plusquam
3015 1645 3408 1701 censoriamin
3434 1650 3747 1720 semetipso

2039 1726 2338 1797 arguendo
2372 1726 2726 1784 adhibuisse.

2113 1819 2227 1870 Ista
2247 1816 2973 1889 Gregorianipontiﬁcatus
3004 1822 3189 1892 prima
3224 1824 3397 1881 veluti
3429 1825 3753 1885 lineamen-

2041 1908 2097 1959 ta
2127 1905 2297 1959 modo
2330 1906 2647 1962 sufﬁciant.
2679 1907 2947 1980 Singulas
2979 1915 3173 1967 autem
3202 1928 3293 1969 res
3334 1915 3405 1970 ab
3437 1931 3503 1973 eo
3536 1923 3750 1989 gestas,

2042 1998 2268 2049 servato
2299 2010 2587 2050 annorum
2621 2001 2676 2051 et
2709 2000 3030 2068 temporum
3067 2002 3269 2058 ordine
3304 2010 3590 2075 quantum
3617 2007 3752 2064 lice-

2043 2082 2151 2148 bit,
2185 2083 2301 2154 jam
2333 2084 2686 2141 evolvamus.

2716 2176 2944 2233 CAPUT
2978 2178 3067 2234 IV.

2044 2264 2411 2339 AﬁGUMItNTUtt.
2433 2290 2506 2339 ‘—
2535 2267 2579 2339 l_.
2606 2267 2656 2337 S_.
2684 2270 2977 2339 Gregorius
3007 2270 3063 2339 in
3096 2270 3274 2339 Sicilia
3316 2275 3584 2339 synodum
3623 2291 3758 2339 quo-

2106 2328 2287 2397 tannis
2318 2328 2576 2397 celebrari
2616 2330 2855 2397 j_ubet.—-
2884 2332 2931 2382 2.
2956 2334 3087 2397 Inde
3119 2328 3389 2385 frumenta
3418 2328 3760 2389 Romammd-

2109 2389 2231 2459 vehi
2262 2394 2427 2463 cprat.
2460 2418 2522 2425 ——
2549 2391 2596 2439 3.
2618 2389 2939 2463 luctuosus
2962 2396 3140 2463 Romen
3172 2401 3358 2463 status.
3403 2400 3568 2463 Cujus
3607 2416 3759 2451 occs-

2109 2453 2261 2526 siope
2277 2453 2631 2526 ﬁomanoslad
2653 2455 3030 2526 paenitentiam
3052 2459 3295 2526 hortatur
3311 2462 3361 2526 S.
3382 2453 3681 2526 Gregorius.
3696 2492 3759 2501 —-

2108 2516 2155 2562 4.
2188 2514 2433 2583 Ecclesiis
2455 2514 2745 2566 destructis
2778 2533 2884 2588 qua
2902 2522 3447 2588 ratione_providerit,
3481 2514 3534 2576 ἔι
3565 2541 3760 2588 egeno-

2110 2590 2225 2624 rum
2251 2591 2626 2638 episcoporum
2659 2583 3085 2631 necessitatibus.
3107 2584 3508 2636 Translationes
3548 2583 3760 2651 episco—

2111 2652 2321 2699 porum.
2364 2666 2419 2675 -
2450 2640 2496 2687 5.
2540 2642 2779 2699 Gregorii
2826 2658 2951 2699 erga
2998 2647 3322 2696 monasteria
3366 2649 3669 2699 sollicitudo
3708 2654 3762 2699 et

2310 2676 2321 2688 .
2364 2666 2419 2675 -
2450 2661 2496 2687 υ.
2540 2661 2779 2699 uregoru
2826 2661 2951 2699 erga
2998 2661 3322 2696 monasteria
3366 2661 3669 2699 somcnuao

2111 2653 2321 2749 porum.
2364 2666 2419 2675 -
2450 2653 2496 2687 ξ).
2540 2653 2779 2701 Gregorii
2826 2658 2951 2705 erga
2998 2653 3322 2720 mpnasteria
3366 2653 3669 2699 sollicitudo
3708 2654 3762 2700 et

2129 2702 2415 2767 lberalrtas.
2446 2729 2507 2737 —
2536 2705 2581 2751 6.
2606 2704 2784 2767 Vagus
2810 2710 2863 2753 et
2903 2708 3193 2767 flagitiosos
3214 2712 3509 2760 monachos
3534 2717 3762 2762 coercet.

2110 2789 2173 2801 —
2199 2764 2245 2812 7.
2278 2764 2421 2814 Nova
2450 2764 3239 2834 monasteria_jtibet_fconstrui.
3280 2798 3344 2811 —
3375 2774 3423 2823 8.
3470 2774 3762 2826 Viduarum

2115 2840 2295 2875 curam
2329 2828 2572 2891 suscipit.
2604 2830 2727 2889 (An.
2754 2828 2846 2879 590
2878 2838 2928 2881 et
2952 2832 3088 2895 591.)

2128 2927 2177 2978 1.
2232 2923 2437 2978 Parum
2494 2924 2699 2981 fuisset
2762 2928 3032 3001 Gregorio
3098 2931 3355 3000 selpsum
3404 2934 3765 3006 domumque

2053 3028 2216 3068 suam
2272 3017 2424 3068 recte
2485 3029 2705 3085 regere,
2755 3021 2856 3071 aut
2922 3017 3095 3074 etiam
3166 3023 3444 3076 Romanas
3496 3022 3764 3079 Ecclesiae

1968 3126 2011 3188 ρ
2053 3102 2426 3174 singulariter
2457 3110 2729 3173 spectata:
2763 3107 3083 3177 invigilare,
3120 3110 3234 3165 nisi
3268 3111 3367 3167 toti
3397 3111 3574 3167 simul
3599 3113 3764 3168 Chri-

2053 3193 2121 3246 sti
2183 3193 2364 3264 gregi,
2423 3194 2513 3248 cui
2575 3198 2915 3251 auctoritate
2974 3208 3233 3269 praeerat,
3299 3206 3538 3271 paterna
3617 3202 3761 3257 carl-

2052 3287 2167 3337 tate
2198 3300 2263 3337 ac
2295 3282 2691 3341 sollicitudine
2724 3286 3087 3356 providisset.
3124 3289 3314 3345 Prima
3356 3293 3480 3363 ejus
3512 3291 3759 3362 epistola

2050 3373 2116 3426 ad
2151 3374 2452 3444 episcopos
2483 3374 2692 3429 Siciliae
2723 3376 2937 3447 scripta
2982 3379 3380 3449 constituitur,
3415 3388 3474 3436 ut
3506 3381 3758 3454 singulis

2049 3462 2217 3517 annis
2250 3462 2322 3517 ad
2364 3463 2653 3531 synodum
2699 3465 3070 3535 conveniant,
3123 3469 3288 3538 cujus
3334 3471 3757 3527 moderatorem

2048 3573 2170 3613 esse
2194 3558 2363 3626 jubet
2395 3558 2629 3614 Petrum
2661 3560 3113 3633 subdiaconum,
3148 3562 3484 3635 patrimonii
3513 3565 3572 3620 Β.
3606 3568 3758 3623 Petri

2048 3654 2484 3719 procuratorem
2526 3648 2630 3704 hac
2662 3651 2719 3706 in
2753 3650 2985 3719 insula;
3027 3658 3083 3708 et
3114 3653 3240 3710 ideo
3280 3670 3413 3710 suas
3459 3655 3574 3727 ipsi
3601 3657 3756 3713 vices

2047 3740 2198 3794 intra
2230 3739 2582 3809 provinciam
2619 3741 2765 3796 hanc
2796 3758 2858 3796 se
2881 3744 3247 3799 commisisse
3286 3745 3600 3816 signiﬁcat.
3627 3747 3755 3803 Erat

2046 3826 2201 3881 enim
2252 3827 2450 3882 Sicilia
2501 3844 2616 3883 una
2658 3845 2724 3883 ex
2775 3831 3195 3887 suburbicariis
3246 3834 3579 3902 provinciis,
3628 3852 3755 3905 quas

2046 3917 2307 3972 Romano
2339 3918 2611 3989 episcopo
2644 3918 2977 3977 immediate
3017 3922 3498 3990 subjiciebantur,
3534 3924 3602 3978 de
3632 3924 3757 3995 qui-

2046 4008 2153 4062 bus
2184 4006 2463 4079 legendus
2496 4012 2697 4063 sextus
2729 4026 2913 4064 canon
2948 4010 3203 4066 Nicenus
3234 4027 3301 4065 ex
3342 4010 3535 4067 Ruﬁni
3565 4018 3753 4067 trans-

2044 4095 2274 4151 latione.
2324 4097 2727 4153 Consulendus
2785 4100 2961 4154 etiam
3012 4103 3177 4155 vetus
3235 4100 3409 4155 codex
3460 4117 3751 4157 canonum

2045 4203 2077 4240 a
2104 4185 2346 4242 Justello
2396 4188 2607 4256 editus,
2642 4188 2697 4242 in
2750 4205 2864 4258 quo
2897 4194 3095 4243 sextus
3143 4204 3329 4245 canon
3361 4207 3430 4245 ex
3479 4190 3750 4261 Nicaenis,

2041 4277 2420 4332 ecclesiarum
2480 4280 2552 4346 (α)
2612 4277 3149 4335 suburbicariarum
3207 4280 3494 4334 meminit.
3554 4281 3755 4337 Utrum

2040 4370 2175 4421 tunc
2210 4368 2396 4421 forent
2426 4368 2483 4421 in
2526 4367 2725 4422 Sicilia
2769 4369 3202 4440 metr0politani
3252 4370 3614 4440 disceptatur
3648 4387 3658 4425 :
3696 4371 3755 4425 in

1963 4491 2007 4555 Β
2041 4461 2261 4526 partem
2299 4460 2634 4527 negantem,
2668 4473 2840 4526 quam
2888 4459 3155 4529 sequitur
3194 4464 3251 4513 et
3279 4463 3477 4513 tuetur
3526 4460 3757 4516 Roohus

2041 4546 2261 4611 Pirrus,
2296 4546 2353 4599 in
2390 4546 2595 4600 notitia
2627 4548 2878 4601 secunda
2912 4548 3177 4603 Ecclesiae
3203 4548 3601 4604 Messenensis
3625 4566 3757 4619 pro-

2046 4636 2405 4707 pendemus;
2451 4651 2695 4705 eamque
2736 4637 3087 4691 sententiam
3142 4637 3345 4692 multis
3394 4636 3754 4708 gravissimis

2045 4727 2369 4781 rationibus
2410 4727 2886 4782 conﬁrmavimus
2919 4729 2975 4783 in
3011 4728 3165 4783 notis
3198 4730 3267 4784 ad
3304 4729 3596 4784 laudatam
3631 4729 3757 4797 epi-

2052 4814 2287 4871 stolam.
2339 4814 2481 4869 Cum
2520 4817 2764 4872 fortasse
2806 4818 2958 4873 226
3013 4818 3325 4872 molestum
3359 4817 3500 4873 foret
3548 4814 3757 4871 Siculis

2047 4904 2335 4975 episcopis
2387 4904 2743 4961 subdiacono
2791 4907 3119 4976 apostolicis
3174 4906 3330 4960 sedis
3384 4905 3536 4959 vices
3568 4903 3758 4973 agenti

2048 4996 2491 5065 obtemperare;
2545 4995 2603 5050 S.
2649 4995 2963 5067 Gregorius
3024 5012 3121 5050 eas
3179 5010 3330 5050 anno
3381 4993 3650 5064 sequenti
3697 4994 3753 5049 S.

2047 5084 2424 5152 Maximiano,
2472 5085 2828 5156 Syracusano
2865 5086 3157 5155 episcopo,
3197 5083 3491 5139 commisit
3521 5082 3659 5153 (Lib.
3694 5099 3756 5156 II,

2049 5189 2132 5239 ep.
2166 5175 2244 5243 7),
2283 5178 2344 5227 ut
2392 5174 2539 5227 intra
2572 5176 2857 5229 dicemus.
2914 5173 3118 5228 Iisdem
3162 5179 3360 5243 postea
3407 5171 3671 5242 indulsit,
3699 5176 3761 5229 ut

2051 5279 2165 5316 uno
2219 5278 2444 5333 quoque
2488 5262 2893 5334 quinquennio
2934 5264 3163 5316 tantum
3212 5263 3445 5316 Romam
3479 5262 3547 5317 ad
3581 5276 3762 5333 syno—

2048 5352 2184 5405 dum
2220 5352 2619 5418 convenirent,
2665 5367 2795 5407 cum
2836 5351 2997 5421 prius
3039 5351 3189 5408 intra
3218 5350 3527 5407 triennium
3577 5349 3761 5408 semel

2049 5456 2109 5496 se
2142 5441 2342 5495 sistere
2372 5444 2725 5495 tenerentur.

2049 5674 2201 5734 mus.
2238 5658 2383 5734 Lege
2418 5659 3017 5734 qum‘observavimus
3050 5658 3332 5734 inHindice
3364 5658 3756 5734 Geographico

2047 5729 2423 5802 epistolarum
2456 5733 2511 5787 S.
2548 5731 2808 5804 Gregorii
2845 5734 2969 5805 ipso
3004 5732 3061 5787 in
3106 5731 3328 5787 limine.

3356 5832 3431 5890 10
