4106 6174
42 68 114 128 ΐἿ

103 449 108 490 l

53 639 104 696 ξιτ

53 709 104 832 ii

57 1071 98 1152 ..'

91 1185 96 1234 Ι

79 1407 96 1446 ¹Ι

45 1651 96 2036 l

49 1651 98 2412 llI

49 2415 100 2760 ᾖ

457 220 576 279 299
908 219 970 279 S.
1021 217 1396 280 GREGOBII
1442 215 1699 276 MAGNI
1745 213 1946 284 VITA,
1995 213 2099 272 EX
2149 211 2329 273 EJUS
2375 209 2727 270 SCRIPTIS
2771 209 3214 270 ADORNATA.
3261 211 3412 274 LIB.
3455 212 3532 276 ll.
3829 225 3934 285 300

529 355 586 409 2.
637 353 826 411 Romae
871 355 1168 428 totiusque
1211 355 1388 412 Italia
1451 353 1722 409 horreum
1786 355 1911 408 erat
1957 348 2172 418 Sicilia,
2205 350 2258 416 Α
2288 349 2590 420 episcopos
2633 348 2763 404 illos
2813 353 2878 404 ut
2921 349 3124 406 fratres
3173 359 3226 406 et
3263 351 3640 426 coepiscopos
3685 375 3813 416 suos
3850 361 3952 418 sibi

460 443 713 517 indeque
744 445 1035 504 frumenta
1067 445 1312 502 Romam
1335 444 1729 500 transmittere
1761 456 1938 511 penes
1970 437 2178 494 insula:

465 539 771 604 praetorem
803 541 944 594 erat.
979 537 1388 608 Magistratum
1419 535 1578 589 hunc
1617 531 1854 602 gerebat
1903 529 2178 586 Justinus

456 625 714 696 Gregorii
731 624 1051 690 familiaris,
1068 641 1246 696 quem
1263 623 1461 680 statim
1479 639 1542 678 ac
1563 621 1961 693 pontiﬁcatum
1982 619 2176 688 auspi-

465 718 630 771 catus
653 722 756 784 est,
781 717 1001 788 rogavit
1024 721 1087 770 ut
1108 716 1364 771 debitam
1387 717 1444 769 et
1474 713 1754 768 indictum
1781 709 2060 766 frumenti
2081 726 2176 766 co-

441 804 616 874 .piam
649 807 710 861 in
745 805 957 860 Urbem
992 804 1286 860 transvebi
1327 807 1580 871 curaret,
1604 817 1675 858 ne
1698 801 1971 858 interitus
1993 801 2176 855 totius

459 893 660 966 populi
677 894 920 950 Romani
937 911 1071 950 reus
1091 895 1271 962 ﬁeret,
1297 893 1354 948 id
1374 894 1818 948 minusstrenue
1835 889 2174 960 implendo;

458 982 754 1054 simulque
785 983 960 1038 ofﬁcii
1003 983 1095 1038 sui
1119 999 1252 1038 eum
1293 981 1631 1037 admonuit:
1671 982 1842 1036 Nulla
1871 995 1961 1035 vos
1995 981 2178 1044 lucra,

455 1072 666 1143 inquit,
711 1072 781 1127 ad
823 1075 1160 1145 injustitiam
1209 1075 1555 1144 pertrahunt.
1616 1072 1832 1126 Nullius
1873 1071 1957 1125 vel
2013 1073 2178 1124 minae

455 1163 538 1216 vel
568 1165 836 1220 amicitiae
877 1164 944 1218 ab
993 1167 1196 1218 itinere
1244 1163 1590 1218 rectitudinis
1632 1163 1945 1232 deﬂectunt.
2003 1162 2180 1229 Quam

454 1251 528 1306 sit
553 1254 664 1306 vita
695 1253 871 1306 brevis
901 1251 1151 1323 aspicite.
1183 1252 1261 1306 Ad
1317 1267 1476 1323 quem
1505 1251 1833 1322 quandoque
1875 1252 2014 1304 ituri
2047 1251 2182 1305 estis

461 1335 731 1405 Iudicem,
771 1341 870 1410 qui
906 1339 1275 1410 judiciariam
1327 1343 1646 1409 potestatem
1685 1337 1903 1406 geritis,
1943 1337 2181 1408 cogitate

465 1425 611 1497 (Lib.
646 1443 709 1493 ιι,
739 1438 821 1497 ep.
855 1427 930 1498 2).
977 1425 1176 1498 Neque
1223 1427 1380 1481 enim
1425 1425 1613 1479 verbis
1659 1423 2001 1480 adulatoriis
2032 1424 2178 1480 ami-

470 1531 566 1570 cos
619 1516 853 1586 palpare
901 1522 1292 1571 consueverat.
1345 1515 1630 1570 Eumdem
1675 1514 1941 1569 hortatus
1989 1517 2078 1569 est
2119 1517 2184 1568 ut

470 1605 542 1660 ab
574 1606 730 1660 omni
762 1607 1045 1662 adversus
1074 1605 1461 1660 ecclesiasticos
1495 1605 1645 1660 viros
1675 1604 1972 1659 simultate
2003 1604 2183 1658 absti-

2287 441 2648 496 convicturos
2698 442 3002 512 sociarent,
3043 457 3361 514 eorumque
3400 443 3655 516 inepiam
3705 451 3948 508 subleva-

2287 538 2432 586 rent.
2465 531 2703 601 Aliquos
2725 531 2898 586 etiam
2921 531 3226 604 episcopos
3257 533 3381 588 suis
3407 535 3659 592 ecclesiis
3679 538 3951 610 depulsos,

2289 619 2430 676 alios
2461 622 2528 676 ad
2562 621 2932 692 episcopatus
2971 622 3292 690 transtulit,
3326 627 3388 678 ut
3437 631 3592 694 patet
3619 643 3684 683 ex
3713 628 3954 699 pluribus

2288 713 2415 781 ejus
2447 710 2730 780 epistolis.
2764 710 3176 768 Observatione
3205 713 3451 785 dignum
3483 720 3568 770 est
3595 717 3744 786 quod
3764 719 3954 790 legitur

2288 802 2357 856 de
2387 801 2462 871 (α)
2487 801 2688 866 Paulo,
2711 800 2996 872 Nepesino
3019 804 3309 874 episcopo,
3333 820 3506 875 quem
3523 808 3958 876 sapientissimus

2289 907 2439 963 papa
2477 889 2831 946 visitatorem
2871 895 2926 946 et
2964 892 3502 950 administratorem
3540 895 3789 951 Ecclesiae
3827 897 3958 954 Nea-

2289 981 2576 1050 politana,
2629 982 2761 1036 sede
2815 986 3076 1052 vacante,
3119 985 3518 1052 constituerat,
3579 989 3960 1044 commendata

2289 1070 2550 1125 Ecclesiae
2599 1070 2892 1142 Nepesina:
2935 1072 3261 1129 visitatione
3301 1081 3354 1128 et
3391 1091 3530 1130 cura
3576 1075 3782 1131 Joanni
3827 1078 3960 1148 epis-

2290 1177 2454 1231 copo,
2479 1161 2728 1215 maxime
2746 1165 2810 1214 ut
2853 1161 2910 1214 in
2937 1161 3297 1220 solemnibus
3319 1165 3551 1220 Pascha
3582 1165 3779 1220 diebus
3813 1181 3962 1221 sacra

2293 1253 2524 1306 faceret.
2559 1249 2772 1304 Paulus
2803 1250 2944 1306 dum
2985 1251 3252 1308 traditam
3293 1254 3404 1308 sibi
3436 1255 3784 1325 provinciam
3813 1270 3962 1310 exse-

2291 1346 2587 1412 queretur,
2619 1341 3022 1412 gravissimam
3056 1343 3333 1412 injuriam
3359 1361 3570 1414 passus
3591 1350 3678 1400 est
3709 1346 3762 1399 in
3781 1349 3964 1401 Castro

2295 1429 2608 1486 Lucullano
2649 1447 2824 1502 prope
2871 1430 3191 1502 Neapolim.
3237 1435 3375 1488 Eum
3421 1434 3732 1506 Gregorius
3769 1434 3963 1490 litteris

2293 1521 2628 1577 consolatus
2655 1525 2784 1588 est;
2820 1529 2874 1576 et
2911 1537 2984 1577 ne
3013 1527 3241 1578 tantum
3281 1523 3472 1579 scelus
3513 1524 3760 1579 inultum
3799 1541 3968 1580 rema-

2293 1621 2472 1676 nerei,
2509 1611 2668 1666 misit
2697 1611 2771 1680 (b)
2821 1612 3206 1683 Epiphanium
3239 1613 3692 1680 subdiaconum,
3723 1617 3781 1669 ut
3815 1613 3970 1670 simul

469 1697 665 1762 neret;
700 1695 945 1766 cupiens
993 1693 1240 1749 maxime
1272 1695 1642 1749 concordiam
1688 1694 1875 1748 fovere
1907 1694 2058 1748 inter
2088 1711 2178 1748 sa-
2211 1712 2265 1777 B
2298 1717 2430 1758 cum
2463 1702 2792 1774 Campaniae
2814 1703 3012 1773 judice
3044 1703 3114 1758 de
3145 1708 3477 1774 perpetrato
3519 1703 3768 1758 facinore
3797 1702 3971 1773 inqui-

463 1783 788 1840 cerdotium
819 1789 875 1842 et
907 1784 1246 1856 imperium,
1279 1801 1346 1839 ac
1381 1785 1686 1855 utriusque
1719 1783 2044 1839 ministros.

533 1892 588 1946 3.
621 1891 760 1955 Quis
792 1897 914 1947 tum
957 1897 1110 1948 esset
1161 1893 1357 1949 Romae
1407 1895 1600 1948 status
1651 1893 1922 1946 describit
1955 1896 2010 1945 8.
2045 1891 2183 1946 Gre-

464 1981 663 2050 gorius
681 1980 840 2037 hom.
870 1981 972 2036 lin
1001 1981 1331 2052 Evangelia,
1357 1987 1619 2051 tempore
1643 1981 1929 2035 adventus
1965 1981 2184 2049 habita,

466 2069 656 2124 tribus
687 2075 819 2140 post
847 2069 1058 2124 initum
1093 2072 1492 2140 episcopatum
1526 2069 1758 2125 circiter
1781 2069 2102 2132 mensibus,
2134 2075 2189 2123 et

471 2158 574 2212 lib.
607 2175 646 2212 ιι
671 2157 896 2228 Dialog.
922 2174 970 2212 c.
999 2160 1081 2212 15.
1109 2158 1446 2214 Pestilentia
1486 2159 1855 2222 rlesawiebat,
1887 2163 1946 2213 et
1969 2157 2188 2213 multos

477 2247 779 2317 repentina
811 2253 992 2302 morte
1023 2250 1429 2319 opprimebat;
1462 2251 1659 2303 subito
1692 2249 1927 2302 turbine
1955 2265 2188 2303 annosae

477 2338 716 2392 arbores
747 2343 920 2392 erutze
951 2340 1289 2408 nuperrime
1331 2339 1574 2406 fuerant,
1612 2343 1914 2393 destructas
1955 2339 2186 2403 domus,

373 2433 378 2438 '
481 2439 690 2478 eversae
721 2441 754 2478 a
787 2425 1181 2480 fundamentis
1228 2424 1506 2480 ecclesias.
1559 2425 1652 2480 Sic
1691 2425 2044 2495 implebatur
2083 2425 2192 2480 hoc

481 2517 536 2566 S.
573 2513 866 2568 Benedicti
897 2515 1258 2580 vaticinium,
1295 2523 1358 2568 ut
1392 2517 1513 2585 ipse
1535 2516 1845 2586 Gregorius
1877 2517 2143 2570 observat
2175 2530 2189 2570 :

487 2603 654 2658 Roma
683 2619 718 2658 a
745 2603 996 2674 gmzlibus
1043 2621 1152 2657 n-m
1196 2605 1680 2672 rxtenninubitur,
1721 2605 1812 2660 sed
1854 2608 2195 2674 tempestati-

489 2693 604 2756 bus,
653 2695 914 2759 coruscis,
965 2695 1276 2748 turbinibus
1319 2711 1384 2749 ac
1433 2705 1597 2751 terra:
1642 2700 1794 2750 motu
1833 2699 2089 2765 fatigata,
2134 2694 2196 2749 in

477 2785 772 2852 semetipsa
803 2792 1091 2837 maror-sca
1137 2784 1269 2848 (Lib.
1307 2801 1367 2846 ιι,
1400 2801 1484 2852 ep.
1521 2787 1594 2852 ζ).
1629 2786 1706 2838 Ne
1747 2785 1816 2838 ad
1851 2792 1932 2839 tot
1973 2783 2196 2854 ﬂagella

484 2875 746 2926 omnium
793 2871 982 2924 forsan
1035 2873 1288 2939 gravius,
1324 2875 1506 2927 fames
1553 2873 1834 2938 videlicet,
1879 2875 2195 2938 accederet,

485 2959 693 3014 merito
743 2959 1096 3013 t’ormidatiat
1149 2961 1452 3030 piissimus
1507 2961 1704 3030 patriae
1737 2967 1933 3030 pater;
1968 2979 2094 3032 quae
2126 2963 2196 3017 ad

479 3049 778 3104 Iustinum
817 3053 1114 3117 przetorem
1151 3051 1442 3104 scribendi
1481 3051 1586 3104 fuit
1617 3051 1903 3120 praecipua
1936 3053 2104 3107 ratio.

555 3139 661 3192 Tot
693 3137 939 3208 ﬂagellis
967 3141 1306 3208 castigatos,
1335 3143 1418 3192 tot
1467 3139 1894 3194 calamitatibus
1948 3141 2193 3208 attritos,

488 3225 636 3283 ﬁlios
665 3227 733 3280 ad
771 3227 1169 3292 poenitentiam
1223 3225 1454 3282 flectere
1485 3229 1744 3282 tentabat
1783 3227 2113 3298 Gregorius,
2143 3234 2200 3284 et

491 3315 732 3373 salutari
767 3319 922 3368 metu
956 3321 1260 3370 concutere
1293 3315 1390 3370 :Si
1428 3332 1598 3378 enim,
1631 3316 1837 3385 inquit,
1867 3333 1966 3387 per
1990 3321 2200 3373 tenuis-

491 3406 626 3461 simi
657 3403 806 3458 venti
834 3403 1095 3474 spiritum
1138 3405 1496 3460 Deustcrram
1536 3408 1703 3460 movit
1731 3407 2202 3478 wdi/icioz'urnque

487 3496 850 3564 fundamenta
883 3491 1126 3562 subruit,
1161 3495 1210 3546 si
1238 3509 1332 3562 per
1366 3493 1699 3548 levissimam
1723 3495 1922 3550 nubem
1947 3498 2020 3549 ita
2043 3497 2198 3565 ferit,

493 3584 623 3656 quid
652 3587 907 3652 [acturus
938 3591 1017 3638 est
1047 3599 1170 3638 cum
1194 3586 1307 3654 ipse
1345 3587 1628 3639 advenerit
1673 3585 1853 3641 Judrx
1892 3602 1955 3640 ac
1994 3587 2202 3643 vindex

491 3687 726 3744 cumque
781 3675 842 3727 in
881 3672 1154 3728 ultionem
1198 3681 1544 3744 peccatorum
1583 3677 1668 3729 ira
1715 3676 1832 3746 ejus
1883 3678 2203 3732 exarserit?

493 3765 682 3835 (Hom.
707 3761 732 3816 1
767 3761 829 3816 in
861 3763 980 3832 Ev.)

566 3873 615 3926 4.
650 3871 1018 3926 Prasdicandi
1060 3873 1346 3939 studium,
1391 3873 1707 3944 quominus
1749 3875 2063 3946 Gregorius
2096 3891 2204 3945 pu-

493 3961 662 4018 blicis
695 3959 966 4016 Ecclesia:
1019 3961 1371 4017 utilitatibus
1421 3963 1716 4018 assiduam
1752 3981 1984 4035 operam
2020 3965 2203 4030 daret,

500 4050 739 4106 minime
769 4052 1058 4107 obstabat.
1108 4053 1419 4106 Destructas
1458 4054 1734 4122 jacebant
1765 4054 2205 4126 quamplurima

503 4141 561 4195 in
595 4139 765 4195 Italia
795 4139 1072 4208 ecclesiae,
1105 4142 1177 4195 ob
1209 4141 1488 4196 continua
1525 4143 1865 4212 Gothorum,
1893 4148 2208 4214 posteaque

505 4229 1022 4300 Langobardorum
1074 4229 1246 4297 bella,
1305 4229 1510 4284 occisis
1564 4235 1666 4284 aut
1698 4233 1907 4302 fugatis
1965 4231 2208 4299 clericis,

507 4317 843 4388 casterisque
876 4319 990 4374 fere
1019 4318 1079 4373 in
1121 4321 1452 4374 servitutem
1487 4320 1772 4376 abductis.
1815 4321 2029 4377 Graves
2069 4338 2209 4391 prm~

505 4404 708 4459 sertim
745 4406 1111 4462 calamitates
1143 4423 1330 4476 passas
1371 4415 1534 4464 erant
1579 4411 1995 4466 Minturnensis
2027 4415 2208 4468 etPo-

501 4491 886 4565 puloniensis,
912 4495 967 4549 in
1000 4495 1216 4566 quibus
1269 4496 1465 4553 nullus
1514 4509 1814 4572 supererat
1854 4502 2140 4568 sacerdos,
2175 4520 2208 4558 a

504 4599 616 4652 quo
644 4581 729 4637 vel
770 4583 1107 4654 paenitentia
1153 4583 1532 4642 decedentibus
1585 4587 1669 4642 vel
1722 4590 1990 4659 baptisma
2037 4597 2209 4661 posset

501 4669 816 4740 infantibus
862 4672 1007 4728 dari.
1060 4673 1340 4738 Quocirca
1389 4675 1652 4731 viduatas
1693 4681 1748 4731 et
1788 4679 2045 4735 desertas
2081 4680 2207 4736 illas

501 4757 798 4830 ecclesias,
831 4759 1203 4832 reliquasque
1235 4779 1428 4830 parem
1463 4764 1850 4822 calamitatem
1879 4785 2080 4837 passas
2113 4775 2210 4826 aut

505 4849 790 4924 proximis
822 4849 1081 4906 ecclesiis
1123 4851 1313 4906 adhuc
1357 4853 1597 4925 integris
1629 4857 1832 4922 univit,
1875 4863 1976 4912 aut
2007 4859 2210 4914 vicinis

507 4935 798 5009 episcopis
823 4937 1144 4995 visitandas
1177 4943 1232 4995 et
1265 4942 1548 5012 regendas
1580 4946 2022 5001 commendavit.
2059 4947 2214 5002 Mau-

507 5025 690 5082 ricius
718 5025 1033 5098 imperator
1055 5031 1316 5099 jusecrat
1346 5037 1410 5086 ut
1449 5034 1702 5104 episcopi
1734 5051 1880 5106 quos
1912 5053 1944 5090 a
1969 5037 2215 5107 propriis

507 5113 652 5169 locis
682 5114 1016 5174 hostilitatis
1049 5119 1203 5175 furor
1242 5119 1559 5192 expulerat,
1591 5123 1660 5178 ad
1693 5139 1786 5178 eos
1825 5126 2126 5196 episc0pos
2153 5143 2216 5182 se

515 5203 862 5274 conferrent,
898 5208 994 5279 qui
1029 5209 1151 5265 suis
1181 5211 1252 5266 ab
1291 5211 1550 5267 ecclesiis
1592 5213 1772 5268 avulsi
1807 5231 1918 5269 non
1963 5215 2213 5284 fuerant,

516 5297 571 5346 et
615 5291 686 5346 ab
737 5293 820 5349 eis
867 5297 1154 5366 stipendia
1199 5302 1447 5373 vitasque
1497 5305 1824 5360 necessaria
1874 5305 2213 5376 acciperent.

519 5377 636 5435 Hoc
685 5380 978 5441 decretum
1028 5387 1335 5460 Gregorius
1381 5392 1664 5462 laudavit,
1716 5393 2088 5467 hortatusque
2133 5399 2221 5452 est

585 5547 664 5625 (ᾳ)
696 5547 835 5625 Yirle
869 5547 966 5604 lib.
995 5567 1087 5625 ιιι,
1122 5569 1252 5625 epp.
1289 5558 1340 5622 1,
1363 5560 1396 5611 2
1427 5561 1482 5612 et
1506 5559 1594 5616 35.

585 5619 663 5705 (ρ)
696 5617 1464 5705 iudicemEcclesiasticum
1489 5639 1540 5705 et
1565 5631 1779 5687 luicum
1801 5633 1869 5688 de
1895 5635 2096 5690 eodem
2121 5650 2223 5692 ne-

515 5696 672 5764 gotio
713 5696 1074 5760 conjunctim
1117 5696 1430 5767 inquirere,
1462 5704 1518 5756 et
1559 5705 1906 5761 sententiam
1947 5705 2100 5763 ferre
2130 5706 2222 5762 vi-

2298 1799 2470 1862 reret,
2503 1811 2567 1850 ae
2599 1794 2946 1850 sententiam
2981 1795 3176 1850 ferret.
3201 1793 3278 1849 Ex
3310 1794 3483 1850 dictis
3503 1799 3696 1850 autem
3729 1794 3976 1864 probatur

2295 1903 2360 1940 eo
2393 1893 2650 1954 tempore
2680 1883 2856 1938 Italia:
2887 1881 3186 1954 episc0pos
3209 1883 3550 1939 immediate
3572 1882 3820 1938 Romano
3849 1897 3976 1952 pon-

2297 1975 2434 2029 tiﬁci
2479 1978 2778 2043 tamquam
2812 1989 2918 2028 suo
2964 1973 3410 2044 metrOpolitano
3441 1972 3726 2036 subditos,
3757 1971 3822 2026 ad
3862 1970 3974 2040 ejus

2298 2069 2504 2115 nutum
2537 2079 2570 2116 a
2603 2061 2848 2133 prepriis
2885 2061 3147 2120 ecclesiis
3179 2064 3245 2117 ad
3275 2061 3500 2117 alienas
3523 2060 3859 2132 quandoque
3882 2057 3978 2113 mi-

2297 2166 2516 2221 grasse.
2566 2165 2887 2221 eorumque
2935 2149 3210 2204 ecclesias
3260 2147 3394 2204 aliis
3457 2148 3749 2219 episcopis
3794 2147 3974 2201 eadem

2299 2243 2644 2296 auctoritate
2693 2242 2867 2295 fuisse
2905 2239 3364 2294 commendatae.
3407 2236 3568 2304 (Vide
3609 2237 3796 2307 Regist.
3827 2235 3912 2288 lib.
3939 2251 3971 2302 ι,

2298 2348 2385 2402 ep.
2417 2333 2473 2396 8,
2509 2333 2591 2397 l5,
2626 2331 2714 2395 45,
2745 2331 2854 2397 79;
2890 2329 2983 2383 lib.
3026 2345 3088 2390 ιι,
3121 2344 3203 2400 ep.
3237 2327 3303 2382 37
3333 2330 3389 2381 ct
3425 2327 3546 2397 45.)

2368 2423 2576 2480 5.Post
2607 2422 2820 2491 primas
2852 2419 2922 2474 iis
2953 2420 3214 2474 ecclesiis
3245 2423 3411 2474 curat
3439 2418 3761 2488 impensas,
3791 2414 3978 2470 alteras

2303 2516 2492 2570 charis
2525 2513 2637 2568 sibi
2690 2510 3061 2564 monasteriis
3091 2513 3359 2563 servavit.
3401 2507 3606 2578 Itaque
3637 2511 3877 2578 egestate
3905 2503 3980 2557 la-

2307 2605 2647 2659 borantibus
2680 2599 3223 2654 muniﬁcentissime
3261 2597 3558 2652 subvenit.
3607 2597 3689 2650 Ab
3719 2592 3979 2664 episcopis

2305 2695 2528 2770 gravari
2553 2709 2612 2748 sc
2643 2691 2948 2760 vexarique
2971 2697 3386 2758 conquerentes
3413 2687 3731 2742 monachos
3757 2685 3810 2738 in
3833 2697 3981 2738 suam

2308 2769 2548 2840 tutelam
2579 2779 2858 2850 suscepit,
2891 2777 3256 2830 inluunanum
3287 2789 3538 2829 ccnscns
3568 2773 3654 2828 eis
3675 2769 3983 2826 interdicere

2309 2877 2430 2932 suis
2464 2874 2518 2926 in
2554 2867 2923 2925 monasteriis
2947 2868 3262 2922 missarum
3293 2863 3744 2919 celebrationem
3770 2867 3822 2914 et
3849 2874 3983 2914 mor-

2311 2973 2542 3019 tuorum
2575 2961 2964 3032 sepulturam.
2999 2958 3126 3026 Ipse
3157 2953 3548 3026 spectandum
3582 2948 3916 3007 humilitatis
3939 2951 3990 3001 et

2311 3054 2598 3127 aequitatis
2645 3051 2968 3120 exemplum
3017 3047 3290 3102 omnibus
3342 3045 3702 3116 praesulibus
3752 3039 3990 3111 praebuit.

2311 3163 2442 3216 erga
2483 3141 2799 3199 monachos
2837 3139 2894 3194 S.
2948 3137 3234 3192 Theodori
3283 3137 3342 3191 in
3389 3134 3688 3190 territorio
3727 3129 3994 3187 Panormi-

2310 3242 2466 3292 tano.
2501 3231 2812 3303 Gregorius
2856 3245 3054 3284 servus
3091 3227 3186 3281 Dei
3223 3227 3534 3297 presbyter-
3561 3231 3620 3280 et
3648 3223 3819 3279 abbas
3841 3219 3993 3288 hujus

2311 3323 2646 3381 monasterii
2685 3319 2879 3376 oblato
2918 3316 3114 3372 libello
3146 3315 3393 3388 supplici
3425 3319 3792 3386 conquestus
3831 3310 3996 3363 fuerat

2313 3415 2456 3470 lines
2506 3409 2940 3483 possessionum
2984 3421 3228 3462 suarum
3277 3404 3348 3460 ab
3399 3405 3706 3460 actoribus
3754 3396 3996 3454 Ecclesire

2311 3506 2583 3562 Romanae
2615 3501 2794 3555 fuisse
2834 3513 3126 3569 pervasos.
3169 3497 3538 3566 Quapropter
3587 3493 3750 3549 Petro
3783 3487 3997 3544 subdia-

2311 3611 2476 3654 cono,
2525 3590 2627 3662 qui
2684 3588 2834 3644 sedis
2897 3583 3226 3656 apostolicae
3277 3581 3514 3654 negotia
3567 3587 3625 3638 et
3677 3575 3995 3650 patrimonia

2313 3689 2453 3738 tunc
2483 3683 2539 3737 in
2573 3679 2690 3734 illis
2723 3678 2840 3732 oris
2882 3675 3146 3734 curabat.
3199 3673 3464 3742 praecepit
3505 3673 3570 3728 S.
3616 3667 3918 3742 Gregorius
3943 3666 3996 3716 ut

2313 3789 2404 3830 res
2437 3787 2584 3842 quas
2609 3769 2902 3838 repetebat
2932 3765 3133 3822 abbas,
3167 3763 3473 3818 restituere
3499 3763 3824 3824 festinaret,
3849 3755 3893 3810 si
3915 3767 3998 3806 eas

2315 3861 2594 3920 coutinuis
2627 3857 2796 3913 annis
2820 3854 3206 3926 quadraginta
3237 3851 3428 3923 quiete
3459 3850 3799 3906 coenobium
3829 3857 4000 3918 posse-

2316 3955 2472 4008 disse
2497 3949 2850 4022 probaretur.
2878 3944 2982 4000 Ubi
3007 3945 3078 4016 (ε)
3102 3941 3394 4013 privilegio
3428 3940 3706 3997 Ecclesiae
3731 3939 4000 3992 Romanae.

2317 4057 2586 4098 concesso
2617 4057 2648 4093 a
2676 4038 3024 4102 Justiniano,
3053 4034 3136 4088 uti
3163 4031 3350 4087 noluit
3374 4047 3386 4085 :
3413 4048 3532 4102 quo
3561 4029 3826 4085 videlicet
3847 4025 4008 4080 abba-

2317 4143 2432 4190 tem
2466 4134 2536 4186 ad
2569 4127 2961 4186 centenarium
2983 4123 3414 4196 possessionem
3438 4121 3806 4194 probandam
3827 4126 4008 4186 cogere

2320 4225 2620 4296 potuisset.
2675 4219 2826 4290 (l'ide
2875 4217 2973 4272 lib.
3012 4234 3052 4285 ι,
3087 4233 3174 4286 cp.
3204 4215 3239 4268 9
3281 4220 3332 4268 et
3368 4213 3457 4266 12.
3513 4211 3600 4282 Cf.
3655 4209 3780 4267 Cod.
3825 4205 3888 4262 de
3927 4199 4008 4256 SS.

2323 4316 2484 4383 Eccl.,
2521 4315 2632 4384 tege
2665 4313 2728 4368 Ut
2761 4311 2952 4380 inter.)

2391 4406 2443 4459 6.
2476 4404 2645 4459 Aliud
2677 4407 2800 4458 erat
2826 4403 2880 4456 S.
2916 4396 3198 4454 Theodori
3243 4394 3662 4450 monasterium
3703 4387 3856 4462 apud
3883 4386 4009 4440 Mes-

2318 4511 2543 4560 sanam,
2595 4493 2651 4546 in
2699 4489 2852 4562 quod
2915 4487 3134 4542 recludi
3182 4485 3370 4539 voluit
3411 4485 3740 4540 monachos
3787 4471 4013 4533 civitatis

2320 4583 2498 4640 Tauri
2529 4584 2681 4655 apud
2722 4580 2952 4636 Brutios
2983 4596 3016 4633 a
3049 4576 3305 4632 barbaris
3337 4576 3590 4646 fugatos,
3624 4579 3684 4630 et
3722 4589 3822 4645 per
3849 4573 4008 4626 totam

2321 4675 2580 4732 Siciliam
2606 4674 2734 4728 sine
2755 4675 2973 4726 rectore
3001 4673 3300 4738 vagantes.
3327 4667 3448 4730 Qua
3471 4667 3544 4721 de
3569 4683 3630 4722 re
3654 4661 4009 4733 scripsittum

2322 4767 2388 4818 ad
2415 4763 2682 4828 Felicem,
2703 4760 3043 4831 episcopum
3067 4758 3523 4819 Messancnsem,
3553 4761 3680 4810 tum
3705 4753 3774 4808 ad
3801 4751 4010 4806 Petrum

2323 4855 2752 4912 subdiaconum
2785 4853 2909 4922 jam
2963 4848 3264 4904 laudatum
3317 4845 3454 4917 (Lib.
3499 4863 3539 4914 ι,
3572 4861 3698 4917 epp.
3743 4843 3812 4898 -iO
3837 4847 3886 4897 et
3913 4839 4010 4902 lii).

2323 4946 2448 4999 Alia
2505 4941 2864 4998 salictissimi
2923 4955 3083 5010 papae
3142 4936 3386 5009 epistola
3458 4933 3737 4992 monachi
3793 4929 4012 5003 quidam

2327 5032 2680 5091 Surrentinae
2713 5031 2977 5086 dimcesis
3015 5029 3217 5083 eadem
3249 5025 3500 5098 vagandi
3529 5024 3776 5080 licentia
3813 5011 4018 5088 abrepti

2329 5131 2382 5182 et
2411 5122 2635 5196 peculio
2668 5122 2911 5190 insuper
2937 5119 3262 5182 studentes,
3287 5117 3358 5172 ad
3381 5115 3642 5171 ofﬁcium
3667 5113 4018 5170 revocantur.

2328 5211 2606 5270 Nonnulli
2639 5226 2867 5281 quoque
2897 5226 2966 5264 ex
2995 5207 3122 5263 istis
3159 5205 3478 5269 erronibus,
3521 5219 3696 5274 usque
3727 5201 3798 5256 ad
3827 5198 4022 5255 tantum

2328 5307 2487 5373 nefas
2529 5301 2902 5373 prosilierunt,
2955 5301 3018 5353 ut
3069 5312 3278 5352 uxores
3325 5295 3558 5368 publice
3607 5291 3930 5354 duxissent,
3959 5285 4021 5373 de

2329 5372 2545 5466 quibus
2591 5390 2792 5448 scribit
2837 5389 2906 5445 ad
2955 5385 3334 5444 Anthemium
3389 5383 3818 5442 subdiaconum
3855 5372 4016 5446 (Ibid,

2333 5563 2584 5646 deobic,
2617 5561 2768 5633 quod
2803 5575 3015 5615 novum
3047 5575 3162 5615 non
3193 5573 3321 5614 esse
3351 5557 3514 5615 docet
3541 5562 3686 5612 nota
3715 5569 3744 5611 c
3777 5551 3846 5608 ad
3879 5563 3944 5620 ep
3971 5545 4016 5600 .l

2331 5636 2466 5692 libri
2499 5652 2579 5691 III.

2401 5706 2473 5780 (ε)
2503 5705 2648 5763 Vide
2677 5708 2871 5762 notam
2901 5719 2931 5762 ο
2951 5703 3021 5760 ad
3049 5718 3140 5774 ep.
3171 5703 3206 5758 9
3235 5701 3341 5758 lib.
3367 5717 3408 5760 ι.
