4106 6174
230 272 354 330 301

688 272 749 331 S.
804 265 1173 330 GREGORII
1220 263 1477 324 MAGNI
1522 263 1729 333 VlTA,
1778 262 1875 321 EX
1928 260 2107 321 EJUS
2154 260 2500 323 SClllPTIS
2546 265 2992 326 ADORNATA.
3040 268 3186 327 LIB.
3236 269 3314 328 lI.

3641 271 3757 333 302

227 426 322 482 ep.
364 410 476 481 42),
502 411 566 463 ut
613 404 764 462 omni
815 402 1110 474 vigilantia
1147 404 1569 474 perquirantur,
1592 404 1650 454 et
1698 398 1758 453 in
1808 413 1935 452 mo-
1968 402 2020 466 Α
2052 399 2480 454 conversationis
2526 403 2619 455 via
2658 402 2948 457 meliorari
2984 400 3171 456 debeat
3234 402 3373 473 (Lib.
3423 420 3462 474 ι,
3513 420 3597 476 ep.
3642 406 3758 474 52).

226 499 515 556 nasteriis
548 498 725 569 digna
761 494 1105 552 coercitione
1151 492 1294 547 tanti
1327 490 1523 561 ﬂagitii
1556 505 1751 561 pmnas
1788 486 1948 541 luere

226 594 544 661 cogantur.
580 588 773 658 Usque
806 586 947 641 adeo
974 583 1305 639 monasticae
1330 578 1664 636 stabilitatis
1695 581 1948 633 assertor

227 680 372 745 fuit,
406 685 466 733 ut
495 677 718 735 clericis
770 676 829 729 in
880 672 1233 729 monasterio
1264 670 1558 726 conversis
1608 667 1827 723 nullam
1878 665 1948 720 ad

228 770 390 825 227
430 766 716 823 Ecclesias
747 766 801 820 in
829 764 1039 835 quibus
1064 762 1224 833 prius
1248 761 1629 816 militaverant
1655 756 1947 812 remeandi

224 857 537 913 licentiam
579 855 1027 927 relinquendam
1070 849 1382 910 censuerit,
1418 854 1473 904 et
1514 847 1697 902 multo
1752 845 1948 899 minus

226 948 309 1001 ad
348 946 494 1000 alias
526 942 889 1011 transeundi,
916 942 1024 995 nisi
1058 957 1155 995 eos
1188 939 1258 994 ad
1291 936 1607 994 sacerdotia
1639 949 1946 990 assumen«

224 1037 347 1092 dos
374 1034 717 1106 judicavcrit
747 1033 1077 1104 episcopus.

309 1146 547 1209 Quanta
574 1143 746 1198 fuerit
772 1139 1127 1198 sanctissimi
1162 1136 1454 1208 pontificis
1487 1134 1556 1189 de
1588 1132 1787 1189 ordine
1828 1146 1947 1185 mo-

220 1237 465 1291 nastico
498 1231 831 1288 sollicitudo
862 1236 918 1285 et
965 1228 1263 1299 vigilantia
1298 1226 1501 1297 probat
1531 1224 1644 1279 alia
1676 1221 1748 1276 ad
1787 1235 1950 1275 eum—

217 1325 371 1379 dem
411 1320 789 1377 Anthemium
858 1316 1133 1389 Epistola,
1186 1331 1302 1385 qua
1366 1314 1479 1367 duo
1532 1310 1790 1382 prazcipit
1840 1324 1951 1362 non

222 1414 443 1469 leviter
472 1410 894 1483 praetereunda.
922 1407 1114 1462 Unum
1146 1409 1233 1460 est
1266 1407 1328 1459 ut
1359 1401 1631 1457 mulieres
1665 1416 1791 1469 quae
1828 1398 1953 1451 hos-

218 1506 392 1559 tium
422 1507 574 1556 metu
608 1501 677 1553 ad
722 1496 1215 1568 Eumorpbianam
1261 1492 1518 1548 insulam
1579 1489 1958 1560 confugerant

216 1595 379 1649 inde
410 1594 841 1655 amoverentur,
875 1602 943 1641 ne
977 1582 1279 1639 monachis
1310 1582 1460 1636 hanc
1492 1579 1747 1634 insulam
1795 1578 1956 1632 inco-

221 1684 501 1742 lentibus
533 1680 899 1737 occasionem
945 1678 1143 1747 lapsus
1179 1674 1516 1746 praeberent.
1550 1671 1816 1724 Alterum
1868 1673 1959 1722 est

2058 488 2172 543 Sed
2204 489 2259 543 iu
2281 491 2454 546 rebus
2478 490 2809 547 monasticis
2826 491 3045 546 diutius
3064 508 3173 546 non
3198 499 3283 549 est
3304 494 3759 552 immorandum.

2128 598 2180 652 8.
2212 598 2282 652 Ut
2341 601 2593 669 episcopi
2666 600 2862 655 viduas
2914 601 3182 656 honorent
3241 602 3408 672 jubet
3452 604 3765 674 Apostolus

2060 684 2215 754 (Tim.
2250 702 2302 753 v,
2336 688 2410 755 3),
2452 688 2602 757 quod
2644 687 2818 741 etiam
2861 688 2932 742 de
2980 690 3402 758 suppeditando
3452 691 3604 747 victu
3657 708 3765 746 ca:-

2062 773 2312 844 terisque
2344 776 2469 829 vitm
2504 777 2845 831 necessariis
2904 782 2992 831 est
3029 777 3497 847 intelligendum.
3543 780 3764 836 Idcirco

2062 864 2370 935 Gregorius
2404 883 2517 921 non
2551 865 2739 921 solum
2769 883 2864 922 eas
2896 868 3182 938 episcopis
3214 868 3288 940 (b)
3315 870 3769 937 commendavit,

2062 955 2162 1008 sed
2216 956 2361 1009 tueri
2414 973 2646 1027 quoque
2686 973 2749 1011 ac
2780 956 2838 1010 in
2890 962 3143 1027 egestate
3185 958 3490 1013 sublevare
3541 976 3773 1030 semper

2062 1043 2186 1113 ipse
2220 1046 2461 1101 curavit.
2498 1048 2677 1115 llujus
2711 1049 2901 1100 autem
2936 1051 3188 1117 paternae
3220 1063 3357 1117 erga
3389 1064 3486 1103 eas
3511 1050 3772 1105 caritatis

2065 1140 2469 1205 argumentum
2519 1140 2607 1190 est
2668 1135 2953 1206 imprimis
3004 1135 3247 1206 epistola
3294 1138 3362 1191 39
3404 1137 3540 1192 libri
3572 1156 3610 1205 ι,
3655 1156 3772 1209 qua

2063 1225 2311 1296 imperat
2366 1227 2674 1280 Anthemio
2735 1226 3108 1295 subdiacono,
3164 1227 3539 1283 ecclesiastici
3593 1232 3772 1300 patri-

2068 1316 2242 1371 monii
2275 1318 2529 1370 curatori
2566 1317 2623 1371 in
2656 1316 2993 1386 Campania,
3021 1321 3083 1371 ut
3115 1317 3275 1373 mille
3325 1318 3553 1374 modios
3598 1321 3775 1376 tritici

2067 1409 2117 1457 et
2154 1405 2448 1473 octoginta
2480 1404 2697 1458 solidos
2733 1404 2918 1458 tribus
2943 1410 3135 1476 eroget
3156 1405 3347 1460 viduis
3371 1407 3774 1463 necessitatem

2069 1495 2443 1566 patientibus.
2500 1501 2770 1549 Annuam
2830 1495 3003 1549 fuisse
3072 1495 3445 1566 largitionem
3499 1498 3650 1553 hanc
3708 1515 3777 1555 ex

2068 1601 2158 1656 ep.
2191 1586 2259 1637 50
2291 1585 2552 1653 ejusdem
2612 1585 2744 1639 libri
2796 1584 3158 1653 conjicimus.
3204 1588 3514 1641 Exordium
3567 1588 3774 1658 prioris

2069 1673 2325 1745 epistolae
2358 1690 2459 1728 nos
2492 1674 2675 1740 docet,
2710 1673 2853 1728 nihil
2887 1678 3085 1729 sancto
3118 1682 3170 1729 et
3203 1676 3295 1745 pio
3347 1674 3564 1746 pastori
3614 1676 3778 1731 cordi

217 1779 297 1830 ut
333 1777 468 1827 ante
496 1786 713 1827 annum
746 1768 928 1822 aetatis
956 1770 1224 1821 octavum
1278 1762 1571 1851 decimum
1627 1758 1793 1851 nulli
1819 1757 1955 1851 ado-
1989 1786 2034 1851 Β
2072 1764 2256 1835 magis
2288 1764 2467 1819 fuisse
2499 1780 2671 1834 quam
2700 1780 3012 1832 pauperum
3048 1780 3271 1829 curam,
3308 1764 3778 1836 praecipuamque

220 1865 527 1919 lescentes
559 1858 630 1913 ad
664 1856 1051 1912 monasticurn
1096 1852 1359 1907 habitum
1396 1851 1497 1904 hac
1537 1848 1596 1901 in
1640 1846 1857 1905 insula,
1890 1844 1949 1898 in

216 1950 550 2016 Palmaria,
582 1953 637 2003 et
668 1948 724 2002 in
756 1947 884 2002 aliis
924 1943 1134 1999 insulis
1183 1941 1637 2012 susciperentur.
1666 1936 1824 2005 Quia,
1857 1936 1955 1990 iu—

218 2044 373 2114 quit
405 2039 680 2111 providus
713 2036 991 2106 pontifex,
1013 2034 1155 2087 clara
1177 2034 1256 2087 est
1288 2030 1347 2085 in
1381 2028 1576 2083 insulis
1608 2027 1953 2098 congregatio

218 2113 661 2187 monachorum;
710 2125 819 2180 hoc
860 2128 966 2189 est,
1012 2123 1149 2193 quia
1197 2118 1570 2174 durissimam
1629 2117 1803 2169 vitam
1862 2113 1953 2167 hic

218 2220 492 2291 agebant
523 2215 809 2276 monachi,
837 2218 1072 2285 propter
1103 2211 1249 2266 aeris
1292 2207 1726 2262 inclementiam
1777 2209 1830 2258 et
1863 2220 1951 2258 re-

215 2326 374 2368 rum
408 2309 482 2364 ad
506 2308 681 2361 vitam
713 2304 1121 2375 requisitarum
1156 2299 1484 2370 penuriam.
1518 2298 1822 2366 Perperam
1854 2310 1952 2347 au-

216 2420 357 2469 tem
395 2425 465 2464 ex
494 2407 600 2462 hoc
633 2406 755 2461 loco
790 2403 1029 2475 quidam
1060 2403 1315 2471 arguunt
1345 2397 1441 2451 hic
1462 2396 1758 2451 definitum
1786 2394 1953 2449 abso-

219 2490 363 2554 lnte
395 2519 427 2553 a
459 2499 517 2552 S.
569 2495 844 2565 Gregorio
892 2497 1123 2562 tempus
1164 2487 1542 2561 professionis
1593 2482 1951 2545 monasticae,

220 2606 379 2647 cum
403 2588 621 2642 ibidem
650 2585 851 2654 jubeat
882 2597 1087 2654 pueros
1112 2579 1201 2633 his
1221 2579 1278 2633 in
1306 2574 1675 2631 monasteriis
1695 2578 1951 2643 repertos

221 2681 400 2736 infra
430 2692 646 2731 annum
682 2673 868 2728 aetatis
904 2673 968 2724 18
1003 2671 1243 2725 Romam
1267 2665 1607 2731 transmitti,
1645 2661 1955 2732 proculdu-

224 2773 334 2827 bio
374 2774 434 2826 ut
467 2769 524 2823 in
560 2762 928 2821 monasteriis
960 2762 1056 2816 ubi
1090 2761 1284 2815 mitior
1316 2760 1465 2811 esset
1491 2752 1803 2823 disciplina
1827 2768 1955 2822 pos-

227 2865 377 2915 sent
411 2856 659 2914 institui.
684 2854 896 2908 Verum
932 2851 1000 2906 de
1032 2850 1261 2917 hisjam
1296 2844 1550 2901 diximus
1589 2842 1736 2896 libro
1770 2842 1953 2910 primo

234 2952 402 3021 (Cap.
428 2951 483 3012 3,
516 2948 541 3013 ἓ
574 2944 657 3015 11)
682 2948 738 2998 et
770 2944 826 2997 in
860 2946 997 2995 nota
1019 2940 1087 2992 ad
1114 2938 1261 2991 hanc
1294 2933 1599 3005 epistolam
1632 2931 1719 2984 50.

309 3056 399 3111 Ad
436 3050 817 3108 restauranda
849 3055 903 3103 et
935 3044 1325 3102 construenda
1348 3042 1523 3097 etiam
1560 3055 1705 3093 nova
1758 3053 1955 3090 mona-

234 3146 449 3209 steria,
485 3145 582 3196 aut
626 3140 717 3195 his
749 3136 1044 3192 ininsulis
1088 3138 1187 3187 aut
1234 3132 1294 3186 in
1346 3128 1769 3199 adiacentibus,
1813 3142 1955 3179 usus

236 3242 333 3292 est
360 3230 677 3302 Gregorius
709 3224 933 3281 Horosii
968 3222 1196 3278 abbatis
1228 3236 1423 3291 opera,
1457 3223 1520 3272 ut
1551 3234 1617 3271 ex
1647 3214 1822 3269 variis
1854 3214 1960 3268 hoc

235 3340 397 3380 anno
448 3320 680 3389 scriptis
732 3314 997 3386 epistolis
1028 3309 1420 3378 intelligimus
1472 3305 1613 3376 (Lib.
1659 3320 1843 3374 1,epp.
1891 3304 1954 3355 51

237 3422 295 3470 et
327 3414 445 3482 5‘3).
476 3407 744 3464 Monachi
776 3405 833 3459 in
869 3402 1063 3457 insula
1096 3400 1307 3454 montis
1354 3396 1593 3451 Cbristis
1626 3395 1899 3464 degentes
1926 3408 1958 3446 a

236 3502 461 3574 regula:
515 3497 847 3554 monasticae
889 3490 1192 3564 praeceptis
1249 3488 1475 3559 penitus
1528 3484 1955 3540 exorbitarant:

236 3571 353 3649 nec
405 3590 502 3661 qui
546 3586 893 3642 habitabant
936 3584 992 3637 in
1042 3577 1236 3634 insula
1294 3575 1579 3645 Gorgonis.
1630 3571 1956 3643 religiosius

238 3685 402 3753 leges
434 3694 569 3735 suas
601 3677 908 3732 observare
942 3670 1296 3725 ferebantur.
1330 3665 1456 3719 Haec
1490 3670 1612 3717 erat
1651 3662 1953 3733 perturba-

236 3748 437 3827 tcrum
488 3776 536 3821 et
586 3766 920 3835 iniquorum
991 3758 1222 3812 illorum
1286 3758 1613 3823 temporum
1673 3748 1951 3817 conditio,

238 3854 869 3927 circumstrepentibus
906 3849 1164 3917 undique
1197 3844 1398 3911 armis,
1450 3842 1598 3896 inter
1637 3858 1762 3910 quae
1796 3839 1951 3907 leges

240 3952 417 4007 etiam
472 3946 786 4001 sanctiores
847 3944 944 3994 aut
988 3937 1159 3993 silent
1207 3939 1269 3987 ut
1307 3934 1398 3987 vix
1474 3930 1812 3985 audiuntur.
1878 3928 1955 3981 De

242 4042 497 4095 fratrum
530 4041 724 4091 tamen
749 4031 985 4086 illorum
1033 4023 1438 4082 emendatione
1480 4038 1596 4076 non
1640 4021 1953 4089 desperans

243 4136 578 4207 Gregorius,
623 4128 862 4187 Horosio
906 4124 1246 4193 abbatijam
1292 4121 1522 4174 laudato
1555 4120 1613 4172 in
1660 4115 1953 4171 mandatis

244 4204 403 4282 dedit
456 4230 520 4279 ut
576 4224 693 4277 haec
755 4214 1108 4273 monasteria
1161 4210 1414 4264 visitsiret
1456 4214 1736 4278 tanquam
1798 4204 1951 4259 sedis

245 4315 574 4389 apostolicae
607 4312 683 4383 (ιλ)
706 4311 951 4381 legatus,
981 4309 1037 4359 et
1067 4317 1191 4373 quae
1225 4298 1574 4353 correctione
1597 4297 1769 4364 digna
1792 4294 1951 4347 inve-

248 4382 393 4462 niret
445 4420 515 4459 ea
568 4382 855 4471 satageret
909 4393 1248 4462 exstirpare,
1300 4392 1470 4458 atque
1516 4385 1830 4441 monachos
1880 4382 1952 4436 ad

248 4498 543 4551 meliorem
570 4492 791 4561 frugem
827 4493 1133 4542 revocaret.

317 4604 371 4660 7.
409 4602 609 4672 Neque
639 4612 773 4653 vero
807 4598 1039 4666 propter
1070 4590 1486 4648 nonnullorum
1531 4581 1951 4638 monachorum

250 4699 546 4764 corruptos
580 4704 769 4744 mores
792 4702 823 4740 a
854 4684 1016 4739 novis
1041 4678 1413 4737 monasteriis
1434 4672 1754 4731 excitandis
1779 4668 1957 4724 absti-

253 4761 504 4841 nendum
533 4778 817 4850 judicavit
846 4791 1047 4845 aequus
1076 4773 1173 4827 ille
1200 4785 1391 4826 rerum
1416 4765 1752 4821 aestimator.
1780 4761 1960 4825 Quin-

256 4876 429 4929 immo
461 4871 647 4927 eidem
695 4865 936 4922 Horosio
979 4868 1034 4917 et
1077 4859 1428 4933 Symmacho
1485 4850 1772 4911 defensori
1816 4868 1961 4921 pras-

257 4963 418 5035 cepit,
485 4964 546 5015 ut
605 4961 814 5029 praeter
865 4951 1288 5008 monasterium
1336 4966 1367 5002 a
1418 4946 1634 5002 Labina
1691 4944 1960 5016 religiosa

262 5052 465 5107 temina
495 5064 682 5119 nuper
712 5044 1060 5099 aediﬁcatum
1096 5041 1157 5095 in
1190 5039 1425 5093 Corsica
1453 5035 1666 5100 insula,
1694 5037 1762 5089 ad
1806 5035 1957 5106 quod

258 5139 678 5195 instituendum
762 5131 1079 5189 monachos
1158 5147 1189 5183 a
1247 5126 1521 5198 Gregorio
1566 5123 1959 5195 postulaverat

267 5223 844 5301 Symmachus,aliud
879 5222 937 5277 in
986 5221 1110 5274 loco
1159 5218 1418 5287 ejusdem
1476 5213 1680 5269 insulae
1734 5212 1957 5268 munito

266 5318 517 5373 aediﬁcari
550 5317 854 5373 curarent:
891 5314 1193 5379 Quatenus,
1230 5307 1439 5377 inquit,
1468 5305 1656 5360 insula
1680 5307 1796 5375 ipsa
1838 5320 1956 5375 qua:

269 5409 648 5465 monasterium
678 5418 827 5460 nunc
853 5417 1020 5471 usque
1069 5415 1178 5454 non
1217 5397 1430 5463 habuit,
1467 5395 1639 5451 etiam
1688 5393 1747 5448 in
1796 5394 1958 5463 hujus

335 5607 405 5675 (a)
436 5605 673 5676 Scripsit
706 5603 764 5676 S.
795 5600 1209 5676 Gregoriusad
1244 5598 1371 5676 illos
1404 5597 1753 5676 monachos:
1789 5597 1957 5665 Quid-

274 5668 397 5745 quid
443 5668 772 5743 disposuerit
821 5668 1143 5744 (Hdrosius)
1191 5671 1335 5745 velut
1368 5687 1426 5745 ⁸α
1485 5686 1570 5745 eno
1612 5668 1955 5745 dispositam,

274 5740 383 5803 tum
434 5740 610 5807 debita
667 5740 971 5803 reverentia
1031 5742 1311 5800 custodite.
1359 5742 1519 5806 Quod
1588 5740 1797 5811 probat
1844 5740 1954 5811 ipsi

2065 1859 2329 1909 actorum
2373 1858 2428 1908 et
2468 1858 2909 1923 procuratorum
2961 1853 3148 1923 ipsius
3196 1853 3555 1925 provinciam
3598 1855 3778 1911 fuisse

2065 1943 2469 2014 indigentibus
2503 1943 2835 1998 subsidium
2868 1942 3036 2010 ferre,
3068 1943 3136 1996 ad
3191 1944 3341 2013 quod
3394 1951 3446 1998 el
3496 1961 3690 1999 coram
3724 1949 3780 2001 et

2063 2034 2297 2104 scriptis
2329 2049 2423 2088 eos
2450 2034 2805 2089 hortabatur.
2840 2037 2909 2087 At
2952 2034 2999 2087 si
3023 2034 3211 2088 officio
3250 2050 3357 2089 suo
3392 2035 3780 2105 negligentius

2063 2124 2488 2187 incumberent,
2537 2126 2592 2175 et
2642 2122 3001 2193 pauperibus
3052 2128 3263 2192 praesto
3315 2140 3427 2177 non
3486 2125 3778 2191 adessent,

2063 2212 2385 2266 acrioribus
2411 2212 2664 2281 Gregorii
2699 2210 3194 2279 increpationibus
3224 2209 3515 2266 stimulati
3547 2228 3663 2266 suae
3694 2228 3778 2269 so-

2063 2300 2271 2354 cordiae
2294 2299 2489 2353 statim
2524 2316 2719 2367 pmnas
2751 2299 2984 2352 dabant.

2132 2411 2213 2463 Ex
2244 2408 2428 2463 tribus
2452 2409 2640 2462 viduis
2672 2408 2844 2463 modo
2876 2408 3343 2463 commemoratis
3366 2412 3488 2463 erat
3518 2410 3766 2475 Pateria,

2063 2500 2181 2555 (hia
2207 2517 2306 2555 seu
2340 2500 2515 2553 amita
2548 2505 2649 2554 aut
2683 2504 2994 2554 matertera
3024 2500 3082 2555 S.
3117 2500 3376 2570 Gregorii
3412 2518 3423 2555 :
3454 2518 3628 2572 quam
3660 2502 3769 2558 etsi

2062 2591 2293 2645 viduam
2328 2606 2592 2660 expresse
2624 2606 2739 2644 non
2767 2589 2941 2655 dicat,
2974 2589 3169 2643 innuit
3211 2595 3430 2655 tamen,
3455 2592 3596 2646 dum
3639 2609 3765 2648 eam

2064 2679 2193 2733 aliis
2223 2680 2414 2732 viduis
2445 2687 2814 2746 annumerat,
2838 2681 2894 2732 et
2924 2678 2993 2732 de
3024 2677 3207 2748 ipsius
3240 2678 3377 2733 ﬁliis
3410 2680 3765 2751 loquens,de

2062 2771 2181 2825 viro
2211 2774 2376 2823 tacet.
2411 2767 2575 2822 Tanti
2610 2768 2902 2839 pontificis
2952 2766 3211 2838 exemplo
3254 2768 3475 2824 discere
3515 2775 3766 2840 possunt

2062 2858 2314 2931 episcopi
2339 2857 2792 2927 consanguineis
2839 2861 2895 2911 et
2937 2857 3213 2927 proximis
3256 2857 3379 2912 suis
3411 2857 3542 2927 (etsi
3590 2859 3763 2914 ditari

2063 2950 2233 3005 bonis
2296 2947 2564 3002 Ecclesiae
2623 2964 2740 3001 non
2788 2946 3058 3016 debeant)
3109 2946 3519 3002 misericordia:
3568 2951 3768 3004 tamen

2063 3039 2285 3094 viscera
2319 3053 2433 3092 non
2476 3036 2769 3101 claudere,
2804 3036 2903 3090 sed
2954 3036 3104 3089 inter
3135 3034 3280 3090 alios
3328 3051 3605 3106 pauperes
3652 3036 3771 3091 illis

2077 3127 2268 3182 locum
2301 3127 2457 3181 dare.
2493 3126 2551 3180 Si
2585 3126 2683 3196 qui
2713 3132 2904 3179 autem
2939 3124 3367 3194 propinquitate
3390 3125 3501 3179 sibi
3531 3126 3775 3195 conjun-

2076 3228 2196 3275 clos
2233 3234 2510 3289 pauperes
2544 3235 2576 3271 a
2607 3234 2669 3272 se
2711 3216 3013 3287 repellant,
3048 3215 3279 3270 videant
3310 3232 3381 3271 ne
3422 3218 3673 3288 superbo
3720 3217 3778 3271 id

2070 3310 2275 3381 pudori
2310 3307 2560 3363 adscribi
2592 3306 2799 3377 possit.

2140 3421 2276 3473 Cum
2310 3415 2592 3471 beneﬁcia
2632 3415 2912 3479 conferre,
2948 3430 3061 3469 non
3099 3414 3371 3470 fmnerare
3411 3417 3647 3485 cuperet
3690 3414 3778 3469 vir

2070 3504 2678 3571 muniﬁcentissimus,
2734 3509 2791 3558 et
2845 3503 3067 3558 beatius
3118 3519 3245 3559 esse
3290 3504 3428 3560 dare
3482 3504 3777 3574 judicaret

2067 3616 2242 3670 quam
2277 3598 2559 3667 accipere,
2586 3611 2826 3649 munera
2850 3595 3151 3663 renuebat,
3185 3598 3246 3649 ut
3276 3611 3345 3649 ex
3374 3596 3502 3665 ejus
3534 3594 3781 3664 epistola

2066 3688 2135 3742 ad
2191 3686 2435 3741 Felicem
2496 3684 2940 3738 Messanensem
2974 3684 3081 3738 hoc
3122 3700 3273 3738 anno
3314 3683 3526 3754 scripta
3567 3682 3705 3753 (Lib.
3740 3700 3781 3750 ι,

2065 3794 2147 3847 ep.
2180 3776 2269 3846 6‘3)
2316 3774 2677 3845 potissimum
2728 3773 3027 3828 discimus.
3086 3772 3369 3826 Nimirum
3418 3772 3784 3844 intelligebat

2066 3882 2123 3920 se
2157 3866 2282 3919 ideo
2308 3865 2365 3917 in
2408 3878 2639 3917 summo
2662 3862 2930 3917 Ecclesiae
2966 3860 3196 3931 fastigio
3229 3861 3634 3927 constitutum,
3664 3866 3783 3915 uta

2064 3955 2209 4012 sein
2264 3953 2527 4008 subditos
2572 3952 2726 4005 dona
2766 3950 2998 4021 copiose
3053 3954 3378 4021 spontequc
3418 3948 3779 4015 deﬂuerent;

2064 4062 2200 4112 non,
2226 4045 2455 4098 inverso
2490 4040 2713 4107 ordine,
2748 4058 2780 4096 a
2804 4040 3053 4096 subditis
3077 4041 3146 4095 ad
3164 4056 3224 4095 se
3257 4039 3586 4095 reﬂucrent.

2667 4167 2824 4224 22S
2869 4166 3102 4223 CAPUT
3139 4166 3206 4221 V.

2063 4282 2425 4330 Aacunnsruu.
2456 4302 2517 4312 —
2539 4276 2583 4323 1.
2618 4276 2667 4324 S.
2702 4273 2947 4335 Gregorii
2998 4272 3375 4335 misericordia
3403 4273 3457 4319 in
3485 4270 3784 4335 hmreticos,

2123 4358 2217 4405 per
2250 4340 2588 4405 prudentiam
2618 4334 2935 4405 temperata.
2973 4361 3029 4371 —
3053 4351 3100 4405 in.
3137 4334 3416 4405 Quomodo
3462 4348 3536 4405 se_
3562 4334 3786 4405 gesserit

2125 4396 2630 4466 erga‘schismatieos
2650 4396 2743 4466 pro
2765 4398 2937 4447 tribus
2955 4399 3203 4466 capitulis
3219 4397 3620 4466 tumultuantes.
3638 4396 3788 4466 Dam-

2127 4458 2276 4514 nzltio
2304 4466 2463 4514 trium
2492 4458 2841 4523 capitulorum
2868 4474 2998 4508 num
3022 4458 3071 4507 in
3101 4458 3370 4521 Hispaniis
3394 4463 3633 4523 recepta;
3660 4462 3711 4523 et
3730 4458 3787 4523 in

2124 4528 2323 4577 Galliis.
2351 4554 2408 4563 -—
2438 4527 2467 4574 3
2500 4520 2751 4582 Esempla
2782 4524 3061 4573 charitatis
3094 4528 3145 4571 et
3169 4520 3439 4585 requitatis
3461 4520 3704 4585 Gregorii
3732 4520 3786 4567 in

2126 4593 2361 4641 Judasos.
2393 4592 2527 4637 -4,
2559 4588 2817 4636 Autharis
2868 4584 3345 4644 Langobardorum
3398 4598 3489 4632 rex
3544 4584 3786 4631 moritur.

2127 4656 2295 4717 CUJHS
2327 4666 2599 4717 successor
2622 4649 2889 4717 Agilulfus
2909 4648 3193 4717 catholicis
3219 4647 3449 4717 favet.—
3534 4644 3668 4703 Quid
3693 4658 3787 4717 pro

2132 4707 2232 4766 ﬁde
2265 4721 2315 4764 et
2347 4730 2441 4776 pro
2465 4707 3129 4776 disciplinarrestauranda
3150 4710 3438 4776 Gregorius
3472 4707 3783 4776 decreverit.

2130 4807 2189 4816 —
2214 4779 2262 4827 6.
2294 4767 2426 4835 Οόἱό
2460 4767 2706 4824 statuerit
2736 4775 2799 4822 de
2832 4767 3282 4823 subdiaconorum
3306 4771 3573 4835 cmlibatu.
3602 4767 3789 4835 Putida

2132 4830 2581 4890 beterovdoxorum
2632 4837 2828 4885 fabella
2878 4835 3267 4898 exploditur.—
3308 4834 3356 4898 ἶ.
3399 4833 3471 4898 I_)e
3522 4830 3784 4898 Venantio

2132 4903 2415 4953 monastici
2449 4906 2619 4950 status
2649 4890 3033 4947 desertoref—
3062 4897 3107 4943 8.
3144 4897 3275 4943 Eum
3309 4895 3359 4944 S.
3402 4892 3685 4953 Gregorius
3716 4890 3783 4953 ad

2130 4952 2499 5030 pcnnitentiam
2534 4964 2796 5030 hortatur.
2833 4959 3314 5030 De’nionachorum
3347 4952 3605 5017 conjugiis
3653 4952 3782 5015 quid

2132 5024 2492 5079 sentiendum.
2516 5027 2641 5087 (Au.
2675 5024 2767 5075 590
2802 5028 2855 5072 et
2882 5024 3012 5083 591.)

2146 5131 2195 5184 1.
2232 5130 2351 5193 Qua
2384 5126 2668 5182 cbaritate
2704 5122 3015 5193 Gregorius
3062 5134 3196 5175 suos
3222 5121 3279 5172 et
3314 5115 3578 5171 Ecclesiae
3630 5115 3782 5173 ﬁlios

2070 5217 2573 5290 complecteretur,
2608 5213 2751 5267 satis
2785 5223 3079 5280 superque
3110 5208 3536 5274 demonstrant,
3562 5222 3690 5278 qum
3714 5222 3784 5262 ex

2072 5310 2194 5379 ejus
2234 5306 2495 5377 epistolis
2519 5303 2704 5372 primo
2755 5298 3129 5370 pontificatus
3176 5314 3328 5353 anno
3377 5296 3609 5367 scriptis
3662 5296 3784 5366 jam

2073 5398 2359 5454 eruimus.
2385 5395 2548 5447 Nunc
2580 5407 2714 5445 vero
2749 5390 2817 5442 de
2846 5387 3109 5457 ejusdem
3150 5386 3210 5441 in
3255 5386 3497 5453 alienos,
3521 5384 3785 5441 videlicet

2068 5592 2335 5648 collatam
2368 5587 2547 5642 fuisse
2581 5584 2755 5656 legati
2788 5586 2888 5638 aut
2934 5584 3130 5640 vicarii
3174 5582 3473 5655 apostolici
3530 5580 3779 5638 auctori-

2068 5669 2239 5721 tatem
2250 5704 2261 5714 .

2138 5737 2212 5809 (ὁ)
2249 5734 2369 5789 Lib.
2396 5748 2435 5800 ι,
2470 5747 2602 5803 epp.
2636 5730 2706 5786 13
2728 5732 2784 5785 et
2811 5728 2900 5781 62.

3810 5916 3945 6023 ρ
