4106 6174
343 246 459 312 303

785 247 846 308 S.
893 247 1272 307 GREGORII
1319 244 1567 307 MAGNI
1612 244 1819 317 VITA,
1870 244 1972 303 EX
2019 244 2207 306 EJUS
2253 243 2595 308 SCRIPTIS
2638 248 3098 311 ADORNATA.
3145 252 3295 312 LIB.
3340 254 3415 313 Il.

3714 260 3817 321 304

341 388 639 448 haereticos
670 390 770 445 aut
791 385 1217 450 schismaticos,
1248 383 1366 439 imo
1398 383 1569 439 etiam
1602 382 1661 437 in
1683 381 1913 436 Judaeos
1942 379 2044 434 mi-
2074 382 2125 448 Α
2157 382 2284 437 aliis
2303 384 2418 440 fere
2442 386 2751 457 provinciis
2774 404 2902 459 quas
2928 389 3186 444 Romano
3210 390 3535 461 imperatori
3558 413 3661 452 non
3685 415 3827 468 pare.

339 481 677 549 sericordia,
735 477 997 550 quaedam
1030 475 1235 530 iisdem
1288 490 1354 529 ex
1404 472 1796 528 monumentis
1840 471 2044 540 depro-

340 572 588 628 menda:
624 569 724 626 ubi
757 568 1046 640 quomodo
1079 582 1140 621 se
1190 564 1434 637 gesserit
1481 580 1618 634 erga
1674 579 1876 619 omnes
1916 562 2047 617 illos

341 661 552 716 Christi
608 665 663 716 et
705 660 833 733 ejus
878 674 1104 727 Sponsae
1148 656 1363 721 hostes,
1416 653 1589 710 simul
1652 654 2041 708 ostendemus.

340 751 851 809 Mansuetudinem
898 746 1187 804 severitati
1244 745 1658 816 praeferendam
1706 760 1849 811 esse,
1886 749 1948 798 ut
1988 744 2043 797 in

336 840 606 898 heresim
660 838 805 910 lapsi
864 839 931 894 ad
987 852 1179 890 veram
1237 835 1409 889 fidem
1468 841 1829 898 revocentur,
1881 833 2048 888 docet

338 950 428 1002 ep.
462 933 533 988 ad
568 930 923 987 Demetrium
974 927 1417 995 Neapolitanum
1464 928 1802 995 episcopum
1836 925 1978 996 (Lib.
2004 940 2041 991 ι,

336 1038 418 1091 ep.
452 1022 572 1091 14):
599 1021 874 1091 ipsosque
906 1019 975 1071 ad
1012 1016 1485 1072 communionem
1531 1016 1699 1069 etiam
1753 1015 2047 1081 interposi—

338 1112 502 1167 tionis
528 1113 735 1166 animm
755 1109 1001 1180 periculo
1046 1107 1213 1161 facile
1261 1106 1688 1177 suscipiendos.
1723 1104 1805 1159 Ne
1848 1109 2044 1158 tamen

336 1215 569 1255 summa
620 1199 741 1254 haec
797 1197 1162 1269 indulgentia
1224 1196 1281 1250 in
1334 1196 1571 1250 nimiam
1641 1194 2044 1249 remissionem

335 1290 674 1358 declinaret,
705 1289 899 1343 aderat
964 1286 1313 1341 moderatrix
1368 1284 1698 1356 prudentia,
1744 1300 1872 1354 quae
1926 1298 2046 1337 ma-

335 1379 486 1434 xime
516 1377 777 1435 eluxitin
812 1376 1185 1447 responsione
1226 1376 1292 1427 ad
1346 1376 1727 1444 questionem
1762 1373 1831 1427 de
1878 1370 2046 1425 unica

338 1477 438 1529 aut
469 1473 620 1527 trina
652 1471 938 1526 mersione
972 1469 1245 1539 baptismi
1284 1485 1314 1522 a
1338 1467 1394 1523 S.
1425 1466 1683 1521 Leandre
1713 1465 2042 1536 Hispalensi

337 1562 714 1634 propositam.
742 1560 912 1615 Ritus
932 1559 1081 1629 apud
1116 1559 1361 1612 Arianes
1393 1565 1659 1626 receptus
1690 1562 1814 1611 erat
1857 1556 2044 1609 tribus

336 1653 562 1707 vicibus
594 1651 651 1705 in
685 1648 1033 1705 conferendo
1066 1647 1352 1717 baptismo
1386 1662 1665 1714 mergere,
1691 1645 1789 1698 sed
1842 1643 2042 1699 ortho-

2154 476 2290 530 bant
2308 477 2445 547 (quo
2462 477 2729 534 videlicet
2749 485 3009 551 cogente,
3034 480 3167 537 licet
3187 481 3426 553 Vigilius
3445 500 3584 557 papa
3601 490 3824 550 relucta-

2156 571 2329 632 retur,
2366 568 2644 623 damnata
2674 574 2809 623 sunt
2840 569 3093 641 capitula
3128 571 3269 641 haec)
3290 573 3361 626 de
3382 588 3570 629 eorum
3602 578 3831 637 damna-

2158 655 2311 707 tione
2342 655 2633 709 decretum
2669 656 2901 711 nonnisi
2934 658 3160 712 tardius
3201 659 3383 713 fuisse
3439 671 3735 732 receptum.
3761 673 3828 725 De

2155 744 2523 807 llispaniisid
2561 745 3041 801 luculentissimis
3072 749 3428 817 argumentis
3466 752 3657 819 probat
3700 759 3830 811 emi-

2155 833 2538 887 nentissimus
2569 834 2877 889 eardinalis
2926 836 3215 891 Henricus
3254 836 3535 903 Norisius,
3575 841 3835 901 disserta-

2154 921 2307 978 tione
2358 922 2637 977 histerica
2667 926 2737 979 de
2792 925 3013 995 synodo
3064 942 3116 993 v,
3140 943 3267 997 cap.
3300 927 3353 993 9,
3379 927 3411 999 §
3434 928 3489 994 2,
3538 935 3835 999 praesertim

2154 1027 2221 1067 ex
2268 1012 2647 1068 conciliorum
2704 1012 2999 1084 Hispaniae
3063 1014 3291 1069 silentio
3349 1018 3635 1087 synodum
3699 1020 3838 1079 hanc

2154 1101 2590 1171 suscipiendam
2626 1101 2833 1156 nullibi
2866 1104 3325 1172 decernentium,
3350 1111 3525 1175 atque
3548 1124 3613 1162 ex
3650 1108 3705 1163 S.
3744 1111 3837 1165 Isi-

2153 1192 2292 1245 dore
2355 1192 2454 1261 qui
2502 1201 2621 1246 tum
2674 1192 2731 1246 in
2798 1194 3059 1265 catalogo
3119 1195 3475 1265 Scriptorum
3520 1187 3724 1253 Eccles.
3781 1202 3844 1257 de

2151 1281 2450 1337 Theodoro
2500 1288 2908 1355 Mopsuestene
2950 1285 3210 1355 loquens,
3257 1291 3377 1341 tum
3439 1288 3498 1343 in
3555 1289 3843 1365 Chronico,

2152 1368 2545 1423 Justinianum
2580 1376 2981 1441 imperatorem
3014 1375 3167 1442 quod
3204 1373 3512 1445 episcopos
3557 1376 3701 1433 intra
3744 1381 3846 1437 im-

2152 1459 2296 1528 perii
2330 1459 2498 1523 fines,
2531 1461 2601 1514 ad
2653 1460 2761 1515 tria
2808 1460 3067 1532 capitula
3109 1462 3446 1518 damnanda
3496 1469 3846 1541 compulerit,

2151 1548 2393 1603 liberius
2424 1550 2739 1622 redarguit.
3328 1546 3335 1551 ’

2226 1639 2301 1693 De
2329 1638 2531 1693 Galliis
2562 1639 2710 1694 idem
2743 1642 3223 1711 probaturTomo
3266 1644 3337 1710 Il,
3382 1660 3489 1700 seu
3536 1647 3595 1701 in
3647 1666 3853 1721 appen-

339 1740 503 1796 doxis
539 1740 707 1793 unica
733 1738 1055 1793 sufficiebat
1108 1738 1340 1791 mersio.
1375 1734 1572 1805 Nuper
1615 1734 1682 1787 ad
1739 1734 1909 1787 fidem
1953 1749 2039 1786 ca~
2076 1767 2122 1831 Β
2154 1729 2279 1783 dice
2312 1730 2380 1783 ai
2406 1745 2577 1799 opera
2615 1734 2667 1784 S.
2697 1730 2905 1785 Leonis
2944 1736 3111 1803 Papae
3136 1736 3354 1805 magni,
3382 1735 3442 1791 in
3469 1738 3856 1799 observatione

339 1828 615 1886 tbolicam
640 1832 905 1883 conversi
941 1826 1279 1897 Wisigotbi,
1311 1830 1550 1879 auctore
1583 1824 1903 1894 praesertim
1939 1822 2044 1876 Re-

337 1919 586 1974 cbaredo
634 1933 767 1989 rege
808 1921 864 1972 et
902 1917 1132 1971 doctore
1172 1918 1226 1968 S.
1274 1913 1554 1977 Leandre,
1598 1912 1909 1983 pristinum
1965 1916 2048 1965 ter

337 2009 891 2079 mergendi‘morem
927 2006 1174 2060 retinere
1198 2003 1532 2074 cupiebant.
1557 2002 1877 2056 Otistabant
1895 2004 2046 2055 vete-

340 2116 433 2155 res
455 2097 747 2163 catholici,
779 2097 871 2152 sui
905 2111 1133 2166 quoque
1166 2094 1313 2147 ritus
1345 2090 1795 2146 ritinentissimi.
1833 2090 1910 2145 De
1940 2090 2048 2144 hac

340 2185 726 2243 controversia
764 2186 1067 2239 consultus
1120 2182 1399 2245 Leander,
1447 2184 1635 2235 sedem
1671 2180 2047 2251 apostolicam

337 2276 670 2332 adeundam
712 2274 960 2337 censuit,
995 2289 1177 2344 eaque
1210 2271 1536 2327 inconsulta
1565 2270 1706 2324 nihil
1742 2271 2051 2323 decernere

338 2371 427 2422 est
457 2382 659 2433 ausus,
684 2364 984 2435 antiquam
1020 2363 1095 2434 (a)
1122 2368 1344 2432 patrum
1371 2376 1608 2416 suorum
1645 2365 1883 2415 secutus
1914 2375 2052 2413 con-

339 2454 736 2511 suetudinem.
791 2453 1039 2524 Scripsit
1094 2452 1290 2522 itaque
1351 2450 1421 2504 ad
1484 2449 1820 2519 Gregorium
1886 2453 1942 2503 et
1990 2449 2049 2501 in

340 2551 650 2615 utramque
672 2548 889 2613 partem
915 2541 1213 2607 disseruit,
1238 2538 1428 2593 varias
1453 2545 1573 2592 tum
1601 2554 1702 2608 pro
1728 2537 1894 2592 unica
1925 2540 2047 2591 tum

339 2650 443 2704 pro
478 2633 632 2688 trina
663 2630 1041 2687 immersione
1073 2628 1329 2683 rationes
1372 2643 1684 2697 exponens.
1718 2628 1797 2681 Ad
1843 2626 2050 2697 quissi-

341 2728 461 2778 tum
496 2723 794 2791 respondit
824 2719 1229 2775 sanctissimus
1262 2716 1556 2786 magister,
1598 2715 1739 2771 citra
1765 2716 1897 2769 ﬁdei
1946 2731 2047 2786 pe-

340 2812 615 2879 riculum,
674 2810 1013 2865 alterutrum
1080 2806 1593 2862 indiscriminatim
1658 2806 1829 2860 ritum
1887 2806 2052 2876 sequi

343 2902 534 2966 licere,
570 2901 707 2971 quia
732 2898 828 2952 ubi
867 2915 977 2951 una
1034 2902 1120 2951 est
1173 2896 1333 2962 ﬁdes,
1361 2894 1504 2949 nihil
1561 2894 1740 2949 efﬁcit
1783 2894 2051 2949 Ecclesiae

342 2989 703 3045 consuetudo
725 2988 970 3042 diversa.
1012 2987 1184 3041 Addit
1223 2993 1449 3040 tamen:
1482 2986 1588 3040 Sed
1625 2987 1757 3056 quia
1788 3002 1933 3039 nunc
1964 3002 2052 3040 us-

2157 1819 2225 1871 ad
2260 1818 2551 1873 Judiciuni
2587 1820 2964 1876 Cbrodoberti
3004 1822 3364 1880 Turonensis
3409 1827 3705 1901 episcopi;
3739 1848 3855 1903 pre-

2156 1908 2291 1963 latis
2324 1910 2497 1963 etiam
2530 1908 2721 1976 Vigilii
2753 1923 2805 1965 et
2835 1911 3050 1983 Pelagii
3086 1915 3429 1983 pontiﬁcum
3495 1919 3753 1990 epistolis
3806 1923 3860 1979 id

2160 2014 2273 2052 non
2305 1999 2542 2053 obscure
2576 1999 3060 2067 significantibus.
3097 2003 3247 2059 Sane
3280 2006 3379 2076 qui
3424 2008 3527 2062 diu
3560 2010 3775 2067 vixerat
3810 2013 3863 2067 in

2159 2087 2360 2142 Galliis
2391 2088 2443 2141 S.
2486 2088 2901 2158 Columbanus,
2936 2092 3014 2146 ita
3062 2093 3310 2149 sensisse
3359 2096 3509 2151 satis
3557 2100 3773 2169 aperuit
3810 2101 3864 2157 in

2159 2177 2401 2246 epistola
2432 2179 2498 2230 ad
2522 2178 2881 2233 Benifacium
2921 2179 2984 2248 V,
3020 2181 3117 2235 ubi
3143 2182 3293 2237 inter
3331 2192 3551 2242 caetera
3583 2188 3701 2243 hinc
3733 2207 3869 2246 con-

2161 2269 2248 2319 tra
2281 2265 2552 2336 Vigilium
2601 2284 2809 2337 papam
2853 2270 3174 2341 intorquet:
3209 2272 3393 2344 Vigila
3432 2278 3641 2347 itaque,
3683 2296 3875 2351 quaeso,

2158 2372 2323 2425 papa,
2374 2358 2500 2425 quia
2547 2357 2689 2422 forte
2746 2374 2850 2413 non
2905 2361 3037 2414 bene
3085 2360 3336 2431 vigilavit
3393 2368 3666 2436 Vigilius,
3734 2387 3878 2441 quem

2160 2454 2320 2513 caput
2348 2446 2593 2499 scandali
2618 2447 2710 2501 isti
2738 2447 3015 2517 clamant,
3047 2453 3143 2519 qui
3164 2453 3315 2507 vobis
3345 2457 3578 2525 culpam
3605 2459 3874 2527 injiciunt.

2161 2534 2281 2588 Etsi
2313 2551 2443 2589 vero
2476 2536 2545 2589 de
2576 2535 2919 2593 Columbani
2949 2540 3209 2595 doctrina
3239 2547 3294 2596 et
3327 2546 3551 2600 ritibus
3608 2553 3761 2602 mota
3807 2548 3880 2603 sit

2162 2623 2516 2694 quandoque
2548 2625 2605 2679 in
2638 2625 2949 2682 Gallicanis
2984 2629 3222 2697 synedis
3266 2636 3698 2697 controversia.
3743 2653 3877 2692 nun-

2163 2728 2338 2781 quam
2375 2716 2567 2766 tamen
2602 2713 2658 2765 in
2712 2714 3105 2785 suspicionem
3157 2719 3376 2774 erroris
3414 2728 3521 2776 aut
3554 2723 3883 2780 schismatis

2163 2801 2449 2856 adductus
2480 2808 2565 2856 est
2595 2802 2665 2857 ob
2701 2803 2875 2858 trium
2902 2805 3292 2877 capitulorum
3326 2810 3773 2869 damnationem
3798 2831 3880 2869 re-

2156 2893 2390 2963 jectam.

2234 2982 2295 3037 Si
2319 2982 2468 3038 intra
2490 2982 2673 3039 lineas
2698 2985 2837 3040 istas
2861 3002 2987 3042 sese
3011 2989 3445 3048 continuissent
3474 2995 3885 3053 Istriasanlisti-

340 3093 442 3147 que
472 3077 539 3130 ab
570 3074 841 3131 hxreticis
872 3073 1064 3144 in/ans
1094 3076 1149 3127 in
1201 3074 1528 3144 baptismate
1575 3076 1733 3128 tertio
1775 3074 2053 3143 mergeba-
2089 3100 2128 3166 α
2166 3074 2271 3139 tes,
2304 3073 2567 3145 satisque
2600 3074 2944 3131 habuissent
2969 3078 3137 3133 toties
3165 3080 3497 3139 decantatas
3531 3087 3888 3142 damnationi

343 3170 455 3235 tur,
487 3166 735 3236 ﬁcndum
765 3164 911 3235 apud
952 3179 1041 3219 vos
1075 3179 1188 3218 esse
1211 3180 1321 3217 non
1367 3178 1576 3234 censeo,
1606 3178 1693 3229 ne,
1726 3162 1855 3217 dum
1898 3180 2052 3217 mer-

343 3263 519 3315 siones
556 3261 871 3323 numerant,
903 3256 1254 3311 divinitatem
1300 3256 1586 3318 dividant;
1636 3257 1871 3327 dumque
1916 3256 2053 3327 quod

342 3348 621 3420 faciebant
650 3348 890 3417 faciunt,
913 3362 970 3401 se
992 3361 1194 3402 morem
1223 3355 1472 3401 nostrum
1502 3347 1689 3401 vicisse
1731 3346 2053 3417 glorientur

345 3439 499 3510 (Lib.
526 3454 565 3504 ι,
614 3452 697 3508 ep.
748 3436 859 3508 43).
920 3435 1443 3492 Prudentissimum
1496 3452 1635 3491 sane
1687 3452 2049 3506 responsum.

346 3533 535 3600 Atque
569 3527 771 3584 eadem
794 3530 884 3582 est.
912 3528 1058 3581 ratio
1096 3542 1200 3581 cur
1233 3526 1511 3581 fratribus
1545 3526 1762 3580 nostris
1804 3542 1992 3597 nuper
2021 3541 2050 3581 θ

348 3635 524 3690 prave
542 3616 760 3673 Calvini
783 3617 1053 3688 dogmate
1075 3617 1145 3671 ad
1166 3633 1269 3671 nos
1289 3615 1812 3686 reversis,plurima
1834 3633 1947 3670 non
1969 3617 2049 3672 in-

348 3708 861 3781 dulgeamus,quaa
885 3706 1024 3762 alias
1057 3707 1210 3763 inter
1236 3704 1505 3783 ἀδιάφορα
1536 3708 1783 3762 censerit
1806 3708 2047 3776 possint.

418 3799 472 3852 2.
533 3797 743 3853 Eadem
794 3797 1031 3852 lenitate
1080 3811 1183 3866 per
1244 3797 1611 3866 prudentiam
1676 3800 2053 3866 attemperata

347 3903 495 3943 usus
524 3891 613 3942 est
642 3885 959 3957 Gregorius
1005 3901 1142 3956 erga
1193 3885 1619 3956 schismatices,
1652 3902 1749 3940 eos
1799 3885 2051 3941 maxime

344 3978 445 4051 qui
472 3993 572 4049 pro
604 3977 783 4032 trium
805 3974 1190 4047 capitulorum
1214 3975 1549 4030 defensione
1582 3976 1948 4030 dissidebant
1980 3976 2051 4030 ab

344 4066 623 4123 Ecclesia.
658 4065 765 4121 Pro
796 4064 1115 4119 schismate
1147 4064 1255 4118 isto
1298 4064 1404 4119 soli
1455 4069 1595 4118 tunc
1644 4066 1876 4119 stabant
1921 4065 2053 4119 Istri

346 4154 602 4228 episcopi
633 4158 691 4208 et
722 4154 944 4209 Veneti.
977 4152 1254 4217 Quamvis
1277 4152 1431 4206 enim
1465 4152 1628 4222 prius
1677 4153 1734 4206 in
1777 4153 1967 4208 Africa
1996 4158 2054 4209 et

347 4248 405 4301 in
431 4245 653 4317 Illyrico
688 4244 883 4298 acrius
914 4242 1351 4314 conﬂagrasset.
1377 4242 1467 4296 his
1499 4243 1555 4295 in
1591 4242 1903 4312 provinciis
1932 4245 2051 4313 iam

348 4333 606 4404 sopitum
629 4331 806 4386 fuisse
837 4348 952 4387 non
984 4335 1202 4385 temere
1225 4331 1593 4401 conjicimus,
1638 4334 1814 4387 extet
1844 4333 2053 4403 episto-

2165 3177 2278 3216 non
2338 3162 2729 3228 subscribere,
2781 3169 3213 3225 communionis
3261 3171 3330 3225 de
3394 3174 3713 3232 charitatis
3769 3178 3887 3232 vin-

2164 3250 2357 3306 culum
2384 3268 2495 3307 non
2530 3254 2948 3325 abrumpendo,
2977 3256 3217 3315 minime
3240 3260 3889 3322 schismaticiaudivis-

2164 3346 2312 3397 sent.
2346 3345 2421 3397 At
2450 3359 2745 3413 nunquam
2780 3346 3131 3403 tumultuari
3164 3358 3510 3423 cessarunt,
3534 3366 3587 3411 et
3613 3355 3673 3411 in
3699 3362 3893 3412 Roma-

2164 3446 2299 3483 nam
2334 3432 2521 3485 sedem
2557 3431 2925 3488 debacchari.
2972 3439 3076 3491 Eos
3120 3444 3312 3493 tamen
3359 3456 3699 3516 eorumque
3745 3446 3890 3502 229

2164 3519 2603 3591 antesignanum
2628 3525 2897 3577 Severum
2924 3526 3354 3595 Aquileiensem
3385 3548 3497 3587 seu
3535 3534 3891 3591 Gradensem

2163 3609 2500 3680 episcopum
2532 3611 2825 3681 relapsum
2860 3618 2916 3666 et
2948 3630 3240 3671 reversum
3275 3620 3348 3673 ad
3398 3623 3709 3691 ejuratum
3746 3626 3895 3694 prius

2162 3698 2416 3753 scliisma
2444 3703 2499 3754 S.
2535 3699 2845 3770 Gregorius
2878 3703 3077 3758 affectu
3114 3712 3357 3774 paterno
3389 3712 3465 3765 ad
3506 3730 3720 3782 pacem
3756 3716 3898 3769 invi-

2160 3785 2321 3855 tavit,
2354 3788 2498 3840 etad
2534 3791 2822 3859 synodum
2856 3790 3421 3864 imperatorisjussu
3450 3800 3897 3869 celebrandam,

2160 3876 2415 3931 Joannes
2473 3876 2755 3932 Diaconos
2812 3880 2989 3935 refert
3028 3882 3172 3952 (Lib.
3225 3901 3262 3950 ι,
3308 3901 3403 3957 ep.
3476 3891 3571 3961 16)
3629 3896 3902 3949 Severum

2165 3966 2629 4033 Iuncapestelica
2660 3968 2833 4022 simul
2866 3968 3270 4043 imperialique
3301 3975 3591 4043 iussione
3613 3987 3903 4041 coactum.

2163 4059 2218 4106 et
2249 4052 2586 4109 imminente
2609 4055 2950 4128 Smaragdo,
2982 4062 3310 4116 Ravennam
3348 4068 3632 4135 venisse,
3670 4071 3768 4127 ubi
3816 4088 3912 4126 ve-

2164 4142 2311 4196 ritus
2364 4160 2497 4197 cum
2557 4144 2831 4217 Gregorio
2881 4149 3217 4219 synodalem
3272 4154 3491 4211 subire
3540 4161 3910 4229 conﬂictum,

2166 4233 2451 4289 mediante
2492 4235 2717 4291 Joanne
2768 4238 3095 4295 Ravennate
3144 4242 3453 4316 episcOpo,
3506 4252 3579 4304 ad
3630 4253 3917 4308 unitatem

2166 4321 2428 4377 Ecclesiae
2456 4326 2647 4394 rediit,
2681 4344 2713 4380 a
2745 4344 2859 4397 qua
2884 4328 3053 4397 paulo
3086 4336 3215 4400 post
3244 4348 3387 4390 eum
3416 4339 3717 4397 resiliisse
3742 4347 3915 4398 testa-

347 4420 418 4475 lis
450 4424 577 4473 tum
611 4419 680 4473 ad
714 4418 1053 4490 lllyricanos
1084 4424 1208 4472 tum
1254 4420 1323 4473 ad
1354 4418 1655 4474 Africanos
1686 4420 1989 4491 episcOpos
2023 4440 2045 4477 ε

2168 4415 2281 4476 tur,
2316 4414 2572 4508 subrepta
2604 4433 2833 4508 quoque
2866 4419 3127 4475 Mauricii
3175 4424 3434 4495 Augusti
3487 4431 3781 4501 jussione
3819 4448 3924 4503 qua

346 4513 403 4569 S.
439 4509 718 4581 Gregorio
750 4509 972 4574 missis,
1007 4510 1063 4562 in
1089 4509 1305 4579 quibus
1337 4508 1497 4564 nulla
1520 4511 1851 4566 schismatis
1882 4511 2057 4579 hujus

348 4603 416 4657 ﬁt
447 4598 684 4655 mentio.
707 4598 1102 4653 Schismaticis
1142 4602 1335 4653 autem
1370 4614 1485 4653 non
1528 4614 1904 4655 accensemus
1936 4616 2055 4669 eos,

344 4689 469 4764 qui,
490 4687 593 4743 etsi
624 4686 937 4744 concilium
959 4686 1006 4739 ν
1031 4702 1143 4742 non
1176 4687 1521 4758 reciperent,
1556 4695 1606 4742 et
1638 4689 1812 4743 trium
1838 4690 2059 4760 capitu-

349 4783 535 4837 lorum
570 4776 1040 4833 cendemnatieni
1065 4774 1304 4831 minime
1326 4777 1834 4848 subscripsissent,
1862 4783 2057 4835 tamen

340 4868 412 4924 ab
447 4882 650 4924 eorum
674 4864 1088 4921 communione
1138 4866 1234 4936 qui
1296 4867 1578 4936 synodum
1624 4866 1774 4922 banc
1810 4868 2058 4924 admire-

339 4961 501 5024 rant,
526 4961 581 5013 et
611 4955 1032 5012 conclamatum
1066 4953 1125 5008 in
1158 4970 1225 5009 ea
1256 4953 1428 5008 trium
1478 4954 1866 5022 capitulorum
1896 4958 2058 5013 dam-

341 5047 661 5111 nationem,
698 5044 1030 5100 nullatenus
1082 5043 1477 5098 abstinebant.
1524 5047 1685 5098 Ccrte
1737 5063 1837 5115 pro
1872 5046 2058 5101 schis-

340 5135 571 5190 maticis
600 5151 699 5190 eos
733 5150 1036 5205 nunquam
1083 5132 1286 5188 habuit
1315 5133 1371 5188 S.
1414 5133 1750 5204 Gregorius,
1777 5136 1876 5189 sed
1921 5136 2054 5191 illos

338 5225 567 5275 tantum
602 5222 699 5292 qui
733 5224 1030 5279 occasione
1075 5223 1287 5294 quintae
1328 5222 1535 5294 synodi
1597 5225 1963 5292 accedebant,
1999 5231 2056 5281 et

340 5310 590 5365 aliorum
622 5314 1087 5368 communionem
1123 5313 1491 5382 respuebant,
1527 5316 1589 5366 ut
1614 5311 1766 5368 intra
1804 5314 2052 5372 manife-

340 5400 450 5457 stis
482 5400 847 5457 documentis
878 5405 1275 5459 ostendemus.

413 5490 636 5562 Quippe
668 5490 1097 5547 observandum
1138 5501 1243 5558 est,
1303 5492 1359 5547 in
1409 5493 1725 5563 Hispaniis,
1767 5494 1967 5554 Galliis
1997 5502 2052 5555 et

410 5653 487 5723 (a)
509 5651 801 5707 Himerius
822 5652 1268 5707 Tarraconensis
1290 5652 1596 5721 episcopus
1619 5657 1912 5714 consuluit
1934 5660 2045 5715 Da-

338 5722 568 5782 masum
603 5739 835 5795 papam.
870 5722 1050 5793 Cujus
1081 5736 1383 5777 successor
1403 5723 1642 5780 Siricius
1660 5730 1894 5800 scripsit
1922 5732 2041 5803 epi-

2171 4502 2541 4574 praecipiebat
2562 4514 2622 4559 ut
2649 4505 2979 4562 schismatici
3010 4511 3189 4567 redire
3208 4512 3278 4566 ad
3318 4519 3620 4575 unitatem
3676 4502 3924 4579 Ecclesiae

2167 4595 2399 4647 minime
2437 4598 2779 4662 cogerentur.
2825 4595 3038 4652 Verum
3081 4617 3208 4670 qua:
3253 4602 3347 4656 hic
3399 4618 3621 4665 narrat
3667 4612 3928 4669 Joannes

2170 4686 2332 4773 prius
2363 4683 2747 4751 contigerunt,
2786 4690 2850 4740 ut
2894 4692 3053 4758 patet
3105 4706 3173 4744 ex
3217 4690 3405 4749 Paulo
3474 4699 3751 4757 Diaceno
3794 4705 3929 4773 (Lib.

2168 4789 2229 4828 iii
2262 4772 2326 4827 de
2346 4775 2793 4866 GestsLangobq
2826 4792 2873 4830 e.
2898 4777 3007 4847 27).
3032 4780 3273 4836 Constat
3305 4785 3480 4841 enim
3521 4772 3932 4866 Smaragdum

2167 4864 2482 4950 exarcbum
2504 4864 2623 4932 jam
2660 4863 2850 4920 locum
2884 4868 3132 4924 cessisse
3164 4870 3468 4943 Romano,
3500 4863 3935 4950 quando'Gre.

2170 4951 2369 5020 gorius
2401 4948 2673 5003 Severum
2710 4950 2919 5006 litteris
2939 4952 3062 5008 suis
3084 4956 3154 5009 ad
3174 4972 3381 5026 pacem
3411 4948 3841 5038 compellavit.
3871 4970 3928 5023 In

2166 5040 2238 5093 iis
2271 5054 2502 5109 quoque
2532 5038 2590 5092 S.
2625 5038 2935 5109 Gregorius
2964 5044 3233 5100 meminit
3264 5055 3393 5104 tum
3452 5056 3707 5113 reditus
3735 5060 3932 5115 severi

2166 5128 2237 5183 ad
2267 5127 2606 5194 Ecclesiam,
2641 5133 2764 5184 tum
2799 5132 3060 5199 ejusdem
3095 5136 3331 5190 recidivi
3372 5138 3606 5212 lapsus
3650 5147 3716 5203 in
3764 5150 3929 5205 sebi-

2166 5218 2646 5286 smazouantum,
2705 5217 2920 5290 inquit,
2967 5222 3391 5296 incorporatum
3448 5241 3503 5288 te
3535 5238 3673 5306 jam
3723 5240 3943 5311 pridem

2161 5310 2334 5378 fuisse
2383 5310 2441 5362 in
2476 5310 2686 5364 unitate
2718 5311 2972 5367 Ecclesiae
3017 5318 3197 5384 gavisi
3231 5320 3593 5393 fueramus,
3641 5310 3941 5385 abundan-

2162 5400 2275 5452 (ius
2308 5414 2455 5453 nunc
2503 5398 2860 5457 dissociatum
2890 5420 2922 5458 a
2974 5404 3242 5462 catholica
3281 5413 3590 5474 societate
3646 5422 3949 5491 confundi-

2161 5504 2307 5545 mur.
2333 5488 2628 5544 Obturavit
2662 5507 2829 5547 aures
2870 5495 3183 5567 episcopus
3227 5498 3630 5563 schismatis
3681 5488 3956 5568 incentor

2156 5656 2361 5743 stolam
2396 5655 2739 5743 decretalem
2774 5658 2844 5713 ad
2869 5658 3226 5731 Himerium,
3262 5677 3469 5735 quam
3516 5668 3755 5743 legeris
3811 5681 3954 5733 tom.

2153 5732 2202 5784 Il
2238 5727 2648 5785 Concilierum.
