4106 6174
285 313 389 372 305

712 320 777 379 S.
829 317 1203 379 GREGOBII
1254 319 1496 380 MAGNI
1544 321 1746 391 Vl'l‘A,
1795 319 1895 378 EX
1941 318 2121 380 EJUS
2170 318 2521 379 SCRIPTIS
2567 318 3019 380 ADORNATA.
3073 322 3221 382 LIB.
3268 321 3345 383 ΙΙ.

3673 326 3791 387 306

278 462 393 503 cum
424 448 551 505 suis
571 451 773 520 sociis;
800 457 857 508 at
885 455 955 509 de
978 459 1218 525 paterno
1249 471 1380 527 erga
1406 453 1730 527 perduelles
1754 454 1962 509 atlectu
1998 461 2049 523 Α
2085 454 2287 510 nacuio
2312 472 2542 527 semper
2586 456 2896 523 assideret,
2931 462 2987 513 ct
3029 474 3201 527 quem
3231 459 3427 514 mallet
3458 475 3488 516 e
3536 460 3791 518 ducibus

273 538 404 593 nihil
427 540 651 597 remisit
675 544 1080 601 sanctissimus
1114 546 1221 613 vir,
1250 552 1311 602 ut
1341 562 1407 603 ex
1439 545 1565 601 aliis
1604 545 1789 618 ipsius
1839 546 1957 618 epi-

271 629 418 684 stolis
444 630 599 687 intra
630 635 1033 690 ostendemus.

330 718 378 775 3.
406 719 570 791 Ipsos
617 724 797 779 etiam
826 723 1063 781 Judaeos
1106 743 1221 782 non
1270 726 1460 783 solum
1513 727 1820 798 aequitatis,
1858 727 1959 782 sed

264 809 419 864 etiam
467 810 766 868 charitatis
827 814 1088 885 Gregorii
1122 817 1445 887 periculum
1480 818 1679 873 fecisse
1702 818 1825 887 jam
1862 815 1960 870 de-

268 904 664 958 monstremus.
693 902 895 960 Petrus
909 905 1352 964 Terracinensis
1375 908 1706 979 episcopus,
1727 908 1962 961 Judaeos

264 988 325 1044 de
354 990 461 1045 loco
494 992 557 1046 in
578 996 652 1060 (a)
686 1010 789 1065 quo
821 995 889 1049 ad
932 996 1285 1052 celebrandas
1313 999 1631 1067 festivitates
1670 1014 1800 1052 suas
1844 1012 1965 1052 con-

260 1081 434 1137 venire
461 1094 871 1151 consueverant,
933 1089 1241 1159 expulerat,
1266 1089 1559 1157 assignato
1621 1094 1814 1143 tamen
1850 1088 1965 1143 alio

264 1170 397 1240 loco,
432 1173 528 1228 ubi
568 1174 744 1232 libere
784 1188 1017 1247 possent
1040 1180 1338 1250 religionis
1376 1197 1550 1235 causa
1600 1181 1962 1250 congregari.

260 1264 325 1317 At
369 1266 544 1335 paulo
578 1272 700 1335 post
734 1268 936 1324 eodem
970 1269 1104 1325 inde
1157 1287 1388 1341 quoque
1448 1271 1698 1340 migrare
1756 1286 1966 1340 coege—

262 1357 361 1407 rat.
392 1358 468 1409 De
496 1355 715 1425 injuria
745 1358 853 1412 sibi
887 1358 1039 1414 facta
1068 1359 1257 1415 Judaei
1292 1361 1600 1431 conquesti
1633 1364 1772 1415 sunt
1812 1358 1968 1429 apud

260 1458 485 1514 papam,
521 1446 620 1514 qui
661 1446 829 1503 Petro
881 1449 1176 1519 rescripsit
1208 1466 1219 1503 :
1251 1449 1308 1503 Si
1353 1452 1426 1504 ita
1456 1456 1559 1516 est,
1596 1450 1843 1503 volumus
1874 1457 1967 1503 tua

257 1534 580 1602 fraternitas
617 1535 684 1589 ab
742 1536 1060 1605 hujusmodi
1087 1556 1145 1593 se
1196 1540 1424 1611 querela
1466 1539 1782 1610 suspendat,
1816 1543 1866 1592 et
1896 1537 1968 1592 ad

258 1620 430 1676 locum
479 1640 639 1695 quem
694 1642 817 1681 cum
868 1633 963 1682 tua
1023 1631 1359 1683 conscientia
1391 1646 1493 1700 quo
1554 1635 1969 1697 congregentur

260 1710 440 1781 adepti
469 1724 620 1783 sunt,
643 1718 901 1779 eos,sicut
942 1734 1055 1773 mos
1085 1722 1196 1786 fuit
1238 1719 1439 1774 ibidem
1472 1721 1630 1774 liceat
1657 1721 1966 1774 convenire.

2073 544 2131 597 in
2168 544 2439 597 maritum
2470 544 2578 598 sibi
2611 551 2667 599 et
2698 545 2755 599 iu
2790 546 2965 600 totius
2997 547 3191 617 gentis
3243 562 3440 618 regem
3474 547 3771 620 deligeret.

2074 630 2177 686 Illa
2209 632 2404 688 habito
2437 649 2567 687 cum
2595 633 2907 703 majoribus
2928 640 3069 690 natu
3092 636 3335 692 consilio
3367 637 3779 694 Taurinatium

2074 720 2303 787 ducem,
2338 721 2708 792 Agonemseu
2738 722 3058 792 Agilult‘um
3093 724 3348 795 nomine,
3374 725 3432 780 in
3467 726 3630 797 regni
3649 726 3778 783 tha~

2076 807 2328 881 lamique
2385 816 2712 865 consortem
2769 811 3007 867 adscivit
3044 830 3055 867 :
3090 814 3183 868 cui
3233 814 3541 871 Mediolani
3572 816 3631 871 in
3667 817 3783 872 fre-

2076 900 2276 969 quenti
2310 899 2489 954 totius
2521 899 2708 968 gentis
2728 905 3011 955 conventu
3036 900 3313 972 imposita
3334 908 3446 971 est,
3478 912 3541 959 ut
3573 904 3790 960 habent

2075 991 2388 1058 scriptores
2448 990 2933 1059 Mediolanenses,
2987 1007 3203 1047 corona
3255 1009 3431 1049 aurea
3462 1010 3530 1049 ex
3568 994 3791 1051 incluso

2078 1080 2261 1134 ferreo
2280 1079 2492 1135 circulo
2525 1081 2678 1135 dicta
2703 1081 2882 1136 terrea
2909 1098 2921 1147 ;
2949 1097 3074 1152 quae
3098 1080 3477 1138 celeberrima
3502 1084 3783 1155 deinceps

2077 1170 2274 1224 evasit.
2336 1174 2518 1225 Tanto
2580 1171 2856 1226 beneticio
2919 1172 3026 1225 sibi
3089 1172 3418 1229 devinctum
3463 1172 3790 1245 Agilulfum

2077 1267 2474 1321 'l‘heodclinda
2531 1268 2827 1322 catholicae
2861 1268 2995 1322 ﬁdei
3050 1269 3257 1325 ardore
3287 1269 3525 1326 incensa
3556 1270 3791 1342 impulit

2080 1357 2149 1410 ad
2174 1358 2440 1411 eamdem
2502 1358 2675 1412 fidem
2709 1357 3193 1428 amplectendam,
3223 1359 3271 1414 si
3328 1360 3507 1415 Paulo
3536 1359 3791 1416 Diacono

2080 1447 2371 1501 credimus
2421 1448 2562 1518 (Lib.
2598 1463 2670 1507 ιν,
2726 1464 2775 1502 c.
2810 1448 2887 1518 6).
2924 1447 3096 1518 Regis
3137 1465 3265 1504 vero
3323 1450 3656 1522 exemplum
3705 1467 3791 1506 se-

2080 1537 2197 1591 cuti
2233 1553 2439 1609 magua
2471 1554 2537 1593 ex
2568 1543 2732 1608 parte
2759 1537 3148 1608 Langobardi,
3172 1539 3576 1597 Ariauismum
3599 1540 3792 1611 ejura-

2083 1632 2239 1682 runt.
2274 1628 2434 1690 Quod
2480 1633 2673 1682 tamen
2700 1628 2768 1682 de
2800 1633 3075 1697 suscepta
3109 1627 3396 1685 catholica
3419 1630 3531 1685 ﬁde
3564 1630 3635 1685 ab
3665 1631 3802 1702 Agi-

2082 1715 2223 1771 lult‘o
2258 1717 2468 1772 Paulus
2526 1718 2626 1782 ait,
2681 1718 2903 1772 tardius
2938 1717 3155 1772 factum
3199 1718 3583 1790 intelligimus
3635 1736 3705 1775 ex
3739 1724 3800 1778 S.

260 1802 353 1857 Eos
380 1806 537 1857 enim
587 1807 680 1875 qui
708 1824 741 1860 a
772 1807 1042 1875 religione
1096 1809 1410 1864 Christiana
1440 1810 1770 1878 discordant,
1809 1827 1967 1864 man-
2008 1843 2053 1907 Β
2084 1804 2425 1861 Columbani
2457 1807 2528 1861 ad
2563 1806 2922 1862 Bonifacium
2956 1823 3167 1878 papam
3201 1808 3468 1879 epistola,
3508 1824 3621 1865 non
3655 1813 3791 1866 ante

262 1893 573 1961 suetudine,
609 1896 974 1966 benignitate,
1011 1899 1371 1964 admonendo,
1403 1900 1703 1970 suadendo,
1747 1901 1816 1955 ad
1851 1902 1980 1954 uni-

262 1988 431 2038 tatem
464 1984 595 2051 ﬁdei
634 2002 843 2043 necesse
898 1996 977 2043 est
1034 2006 1381 2062 congregare
1418 2008 1436 2051 ;
1464 2009 1532 2046 ne
1585 2008 1714 2061 quos
1758 1992 1984 2045 dulcedo

258 2073 665 2143 praedicationis
709 2082 764 2130 et
830 2085 1146 2147 prwventus
1201 2082 1387 2149 futuri
1429 2082 1634 2151 judiris
1688 2088 1869 2135 terror
1914 2081 1986 2135 ad

261 2162 595 2218 credendum
628 2166 872 2221 invitare
916 2174 1147 2238 poterat,
1184 2173 1349 2225 minis
1372 2176 1423 2225 et
1460 2172 1763 2225 terroribus
1800 2172 1982 2241 repel-

274 2252 485 2305 lantur.
521 2253 661 2323 (Lib.
696 2271 735 2323 r,
769 2272 857 2326 ep.
890 2257 1006 2326 35.)

338 2344 491 2396 Huic
528 2345 832 2399 sententiae
875 2362 1114 2417 prorsus
1146 2364 1406 2404 consona
1455 2353 1594 2404 sunt
1624 2366 1751 2420 quae
1814 2349 1985 2417 paulo

266 2438 400 2504 post
449 2434 522 2487 ad
574 2432 884 2505 Virgilium
939 2439 1356 2508 Arelatensem,
1390 2443 1445 2494 et
1503 2441 1573 2493 ad
1617 2440 1986 2495 Theodorum

270 2522 704 2579 Massiliensem
721 2528 1059 2598 episcopum
1083 2531 1341 2601 scripsit,
1366 2529 1632 2584 videlicet
1661 2532 1892 2584 Judzeos
1914 2528 1987 2583 ad

268 2612 636 2679 baptismum
687 2617 1122 2687 suscipiendum
1173 2622 1297 2690 cogi
1340 2636 1454 2674 non
1505 2620 1735 2683 debere,
1785 2620 1866 2690 (b)
1918 2636 1988 2675 ne

275 2703 627 2758 necessitate
677 2703 869 2774 potius
897 2722 1066 2776 quam
1104 2706 1400 2762 voluntate
1458 2707 1772 2762 Christiani
1831 2708 1985 2774 facti,

276 2792 348 2843 ad
385 2790 696 2861 pristinam
756 2795 1220 2860 superstitionem
1272 2796 1692 2858 relaberentur,
1756 2796 1988 2868 indeque

270 2878 510 2935 deterius
543 2886 1068 2951 morerentur,unde
1100 2890 1283 2941 renati
1313 2903 1423 2942 esse
1456 2887 1780 2943 videbantur
1806 2888 1985 2958 (Ibid.,

269 2983 363 3038 ep.
401 2970 495 3039 47)

344 3058 767 3131 Delinquentes
798 3066 993 3119 tamen
1016 3066 1273 3134 Judzeos,
1298 3066 1548 3122 maxime
1582 3067 1631 3122 si
1664 3068 1984 3139 periculum

264 3148 417 3203 foret
452 3166 523 3204 ne
560 3154 913 3222 contemptui
948 3164 1099 3209 esset
1123 3154 1323 3224 religio
1342 3155 1685 3216 Christiana,
1719 3173 1984 3213 coercere

2092 1914 2309 1953 annum
2333 1899 2437 1951 607
2458 1898 2695 1970 scripta,
2724 1916 2838 1969 quo
2871 1904 3131 1970 tempore
3155 1916 3252 1955 rex
3284 1900 3793 1969 Langobardorum

2092 1989 2278 2043 adhuc
2302 1992 2424 2042 erat
2456 1987 2723 2055 Arianus,
2753 1990 2823 2043 de
2845 2005 2909 2043 eo
2938 2005 3189 2059 namque
3219 1989 3304 2045 sic
3339 1988 3632 2061 loquitur:
3665 1995 3799 2048 Fer-

2092 2084 2184 2134 tur
2213 2083 2361 2134 enim
2390 2079 2617 2143 dixisse,
2684 2081 2734 2133 si
2773 2087 2981 2134 certum
3046 2082 3226 2148 sciret,
3273 2088 3323 2135 et
3373 2082 3487 2151 ipse
3541 2082 3801 2137 crederet.

2092 2169 2234 2237 Ejus
2269 2170 2346 2224 rei
2398 2185 2574 2224 causa
2604 2169 3002 2224 Columbanus
3051 2169 3268 2224 librum
3328 2174 3527 2226 contra
3556 2173 3806 2228 Arianos

2094 2258 2442 2327 composuit,
2480 2263 2620 2313 teste
2668 2258 2834 2314 Jona.
2860 2262 3101 2313 Constat
3150 2258 3805 2332 nihilominus,Agilul-

2096 2347 2242 2415 tum,
2276 2347 2383 2402 etsi
2422 2348 2683 2402 nondum
2716 2347 3098 2403 orthodoxam
3124 2351 3470 2419 sequeretur
3497 2347 3809 2416 ﬁdem,ca-

2093 2438 2327 2493 tholicis
2363 2438 2609 2493 multum
2638 2438 2871 2505 favisse,
2908 2439 2980 2493 ab
3006 2439 3132 2509 ipso
3164 2438 3326 2509 regni
3350 2438 3616 2508 exordio;
3651 2442 3807 2511 quod

2095 2528 2269 2583 etiam
2303 2534 2573 2595 expertus
2623 2534 2713 2583 est
2738 2528 2794 2582 S.
2846 2528 3243 2583 Columbanus
3297 2531 3369 2584 ab
3404 2530 3607 2585 eodem
3642 2530 3808 2586 beni-

2096 2634 2207 2689 gue
2237 2622 2530 2688 exceptus.

2166 2708 2220 2760 5.
2256 2706 2569 2775 Gregorius
2599 2707 2800 2761 audita
2832 2707 2983 2777 regis
3025 2705 3297 2763 Aulharis
3330 2710 3534 2775 morte,
3568 2707 3807 2780 scripsit

2096 2797 2168 2851 ad
2229 2798 2531 2851 universos
2592 2795 2766 2850 Italiae
2825 2795 3128 2867 episcopos
3175 2794 3317 2863 (Lib.
3355 2813 3395 2862 ι,
3452 2812 3537 2863 ep.
3569 2797 3684 2868 44),
3745 2803 3812 2853 ut

2096 2887 2611 2957 Longobardorum
2668 2884 2937 2956 parvulos
3000 2884 3065 2940 in
3107 2886 3321 2940 Ariana
3363 2885 3680 2954 baptizatos
3730 2888 3805 2942 ad

2096 2976 2441 3031 catholicam
2502 2976 2679 3031 fidem
2749 2974 3084 3041 conciliare,
3145 2974 3489 3030 imminente
3550 2976 3805 3031 maxime

2094 3066 2255 3137 gravi
2289 3063 2662 3125 mortalitate,
2716 3068 3027 3131 curarent;
3072 3068 3275 3134 postea
3332 3080 3463 3118 vero
3514 3064 3583 3119 ad
3618 3081 3802 3120 resar-

2095 3154 2359 3210 ciendam
2422 3153 2477 3208 in
2508 3154 2675 3208 Italia
2727 3152 2993 3208 Ecclesiae
3042 3152 3435 3222 disciplinam,
3469 3168 3597 3224 quas
3652 3152 3809 3209 inter

262 3241 626 3309 quantocius
708 3243 1028 3314 satagebat.
1094 3245 1237 3300 Hinc
1288 3246 1388 3300 ubi
1434 3246 1655 3317 accepit
1713 3246 1981 3302 Judaeum
2018 3227 2058 3293 (ἶ
2096 3245 2472 3299 barbarorum
2495 3243 2981 3297 heterodoxorum
3014 3242 3238 3313 gladios
3273 3244 3653 3312 pessumdata
3687 3243 3807 3297 tue-

262 3330 581 3399 quemdam
632 3331 899 3388 Ecclesia:
958 3335 1304 3391 Venafranae
1339 3337 1668 3392 ministeria
1699 3354 1801 3393 seu
1847 3355 1987 3393 vasa

260 3434 432 3474 sacra
494 3420 668 3490 (quod
729 3421 952 3490 legibus
993 3424 1392 3495 interdictum)
1416 3443 1809 3497 comparasse.
1846 3444 1984 3497 pra:-

265 3510 596 3579 sertimque
636 3509 847 3566 calices
880 3514 1248 3585 duos,jussit
1279 3516 1591 3572 Anthemio
1626 3519 1986 3573 subdiacouo

264 3601 335 3653 ut
362 3605 690 3670 emptorem
734 3603 1107 3672 perjudicem
1141 3606 1448 3676 provinciae
1479 3608 1691 3663 taceret
1721 3609 1987 3665 conveni-

266 3688 339 3755 ri,
364 3697 420 3743 et
455 3690 525 3743 ad
552 3704 711 3745 sacra
760 3690 859 3746 illa
899 3692 1131 3749 cimelia
1162 3696 1524 3752 restituenda
1570 3707 1815 3769 cogeret,
1850 3698 1989 3753 rele-

268 3780 420 3846 gatis
474 3778 527 3833 in
593 3782 991 3847 paenitentiam
1026 3783 1266 3841 diacono
1298 3790 1355 3842 et
1387 3787 1514 3842 aliis
1544 3788 1773 3843 clericis
1813 3804 1989 3843 sacrae

268 3867 661 3938 supellectilis
692 3868 885 3939 impiis
925 3873 1349 3933 venditoribus.

346 3958 400 4014 4.
463 3958 628 4013 Nunc
679 3960 1185 4031 Langobardorum
1248 3983 1338 4020 res
1393 3966 1580 4038 primo
1649 3966 1989 4038 Gregoriani

269 4048 659 4118 pontificatus
684 4067 837 4106 anno
870 4057 1064 4123 gestas
1098 4059 1435 4111 summatim
1462 4059 1847 4128 attingamus.
1875 4057 1992 4112 Iloc

268 4154 432 4194 anno
491 4140 816 4196 extinctum
883 4142 1059 4199 fuisse
1118 4147 1415 4202 Autharim
1450 4164 1651 4203 eorum
1686 4165 1880 4222 regem
1905 4149 1991 4203 di-

269 4230 500 4284 scimus
556 4245 625 4284 ex
655 4246 746 4301 ep.
808 4232 874 4286 17
934 4231 1129 4301 librii,
1163 4236 1380 4306 prolato
1416 4239 1656 4308 Regium
1702 4256 1885 4309 usque
1934 4238 1992 4293 in

268 4317 559 4373 extremis
588 4318 919 4375 Brutiorum
949 4321 1167 4378 finibus
1202 4324 1713 4395 Langobardorum
1748 4328 1992 4399 imperio

270 4409 462 4471 (Paul.
498 4408 592 4464 lib.
619 4425 703 4469 nr,
737 4426 786 4464 c.
821 4410 932 4481 34).
988 4411 1161 4468 Paulo
1219 4424 1381 4471 antea
1413 4418 1684 4489 princeps
1742 4419 1995 4475 Arianus

274 4512 397 4551 sua
422 4504 599 4553 sectae
630 4502 1014 4571 propagandae
1043 4502 1162 4557 zelo
1195 4506 1493 4576 abreptus,
1528 4507 1715 4563 edicto
1749 4508 1994 4563 solemni

2099 3341 2205 3402 rat,
2241 3340 2493 3390 mentem
2543 3332 2842 3404 applicuit.
2878 3332 2958 3388 De
3016 3333 3381 3389 sacerdotum
3437 3332 3804 3404 aliorumque

2098 3443 2165 3482 ex
2196 3425 2347 3481 clero
2382 3427 2678 3496 lapsorum
2715 3423 3044 3494 poenitentia
3073 3423 3381 3491 sollicitus,
3408 3422 3587 3492 jussit
3619 3438 3718 3479 eos
3747 3424 3805 3478 in

2100 3516 2467 3589 pauperrima
2496 3516 2869 3581 monasteria,
2903 3514 2998 3569 ubi
3026 3513 3309 3585 regularis
3342 3513 3706 3569 observantia
3727 3514 3808 3567 vi-

2098 3613 2276 3677 geret,
2314 3606 2548 3671 retrudi,
2584 3606 2781 3675 eisque
2810 3604 3164 3658 sufﬁcientia
3204 3603 3494 3673 stipendia
3529 3602 3807 3673 suppedi-

2098 3698 2230 3764 tari,
2266 3703 2415 3751 utex
2440 3696 2511 3750 iis
2541 3696 2714 3750 etiam
2751 3693 3079 3749 subsidium
3113 3693 3185 3747 ad
3229 3693 3608 3748 victitandum
3641 3693 3809 3749 habe-

2099 3795 2224 3841 rent
2276 3784 2569 3852 monachi,
2610 3784 2705 3855 qui
2739 3785 2807 3839 de
2839 3800 3042 3839 eorum
3075 3782 3482 3837 emendatione
3532 3781 3808 3837 sollicitu-

2102 3876 2297 3931 dinem
2323 3879 2612 3945 gererent.

2173 3962 2474 4018 Ambitum
2533 3964 2591 4015 in
2616 3960 2842 4017 clericis
2875 3960 3256 4031 comprimere
3288 3958 3604 4030 satagebat.
3647 3958 3809 4014 Unde

2102 4056 2430 4111 Liberatum
2456 4052 2768 4107 diaconum
2803 4050 3145 4106 ambitionis
3195 4048 3403 4119 spiritu
3449 4048 3718 4103 inflatum
3753 4053 3811 4103 et

2101 4146 2440 4208 distentum,
2488 4141 2546 4197 in
2606 4141 2812 4197 ultimo
2870 4140 3019 4196 inter
3067 4143 3301 4195 caeteros
3348 4137 3625 4193 diaconos
3686 4136 3810 4193 loco

2103 4239 2251 4291 stare
2276 4233 2476 4304 jussit,
2511 4248 2625 4303 quo
2650 4230 2971 4285 humilitati
3001 4234 3057 4285 et
3080 4229 3424 4298 subjectioni
3454 4231 3814 4282 assuesceret

2107 4324 2244 4397 (Lib.
2282 4341 2320 4389 1,
2375 4339 2458 4393 ep.
2488 4321 2558 4375 83
2586 4324 2635 4377 et
2664 4320 2778 4391 84).
2813 4319 3126 4390 Episcopos
3158 4318 3226 4373 de
3277 4315 3519 4373 crimine
3561 4316 3813 4387 postula-

2103 4419 2214 4482 tos,
2250 4413 2306 4467 in
2354 4411 2601 4467 concilio
2659 4412 2729 4464 de
2764 4426 2923 4465 more
2965 4407 3238 4479 judicari.
3273 4421 3458 4477 neque
3489 4407 3603 4461 alia
3634 4421 3813 4477 quam

2105 4502 2369 4576 synodali
2424 4499 2711 4557 sententia
2758 4500 2969 4570 deponi
3001 4498 3280 4569 praecepit
3311 4497 3453 4564 (Lib.
3498 4513 3585 4561 ιιι,
3618 4512 3701 4568 ep.
3733 4496 3813 4565 8).

273 4587 684 4655 prohibuerat,
705 4605 778 4644 ne
796 4606 1035 4647 suorum
1068 4593 1373 4663 gentilium
1411 4596 1533 4661 lilii,
1557 4597 1613 4651 in
1645 4597 1757 4652 ﬁde
1797 4597 1996 4653 catho-
2030 4599 2073 4662 D
2107 4596 2354 4649 Clericos
2398 4590 2732 4663 peregrinos
2755 4590 2979 4660 absque
3011 4586 3269 4660 episcopi
3299 4587 3389 4643 sui
3418 4586 3680 4643 cessione
3711 4602 3812 4641 seu

276 4674 395 4731 lica
428 4677 885 4747 baptizarentur.
922 4683 992 4735 At
1016 4698 1129 4736 non
1152 4683 1339 4738 multo
1370 4684 1697 4755 postDeum
1731 4692 2001 4753 expertus

281 4771 374 4820 est
421 4766 739 4836 vindicem,
764 4773 821 4823 et
855 4786 957 4839 pro
1011 4771 1121 4826 hac
1162 4774 1331 4844 culpa
1353 4789 1382 4827 e
1413 4776 1557 4831 vivis
1589 4780 1673 4831 est
1705 4776 1999 4833 sublatus.

274 4854 433 4909 Eum
468 4872 692 4912 veneno
722 4857 1013 4916 interiisse
1046 4866 1245 4917 narrat
1297 4880 1490 4920 rerum
1535 4866 2001 4938 Langobardica-

282 4959 421 5000 rum
485 4946 735 5019 scriptor
783 4950 968 5019 (Paul.
1011 4951 1163 5007 Diae.
1198 4954 1294 5010 lib.
1330 4971 1412 5024 nr,
1465 4972 1514 5011 c.
1548 4957 1664 5027 36),
1700 4966 2004 5029 postquam

287 5049 392 5090 sex
425 5036 602 5093 annis
634 5045 953 5109 regnasset.
996 5041 1238 5113 Cognita
1274 5044 1398 5113 ejus
1449 5052 1649 5114 morte,
1684 5047 2007 5117 Langobar-

290 5123 501 5182 dorum
557 5127 731 5184 duces
779 5134 836 5184 et
866 5129 1173 5201 optimates
1207 5132 1442 5203 Papiam
1488 5140 1900 5199 convenerunt,
1936 5139 2006 5192 de

292 5228 637 5274 successore
667 5216 934 5289 eligendo
973 5218 1366 5279 deliberaturi.
1405 5224 1626 5289 Quibus
1658 5225 1717 5280 in
1751 5227 2006 5283 comitiis

288 5305 561 5362 unanimi
630 5307 918 5363 sententia
966 5309 1257 5365 decretum
1325 5317 1521 5369 estut
1586 5314 2006 5377 Theodelinda,

290 5400 565 5464 spectatas
623 5396 941 5467 prudentiae
981 5399 1329 5472 virtutisque
1363 5403 1576 5474 regina,
1610 5406 1767 5478 regni
1801 5408 2009 5478 guber-

368 5588 454 5665 (α)
487 5587 605 5643 Cur
636 5585 693 5640 id
744 5586 963 5665 factum
996 5589 1163 5644 docet
1210 5607 1299 5661 ep.
1356 5593 1583 5650 decima
1640 5595 1817 5665 hujus
1848 5595 2003 5653 libri.

292 5657 911 5737 Nimirnmsynagoga
942 5662 1025 5717 ita
1052 5667 1177 5717 erat
1192 5657 1449 5737 ecclesiae
1476 5657 1756 5737 proximi,
1782 5674 1844 5723 ut
1873 5670 2009 5723 inde

290 5730 468 5789 facile
495 5730 869 5804 audirenturi
887 5748 1056 5804 voces
1088 5730 1846 5804 psallentium-Judaeorum.

368 5806 454 5876 (b)
482 5801 633 5861 Vide
654 5802 828 5862 etiam
858 5802 959 5863 lib.
992 5822 1069 5872 rx,
1088 5801 1193 5879 ep.
1225 5808 1280 5863 6.

2111 4684 2319 4739 litteris
2348 4681 2678 4737 dimissoris
2702 4696 2814 4735 non
2844 4679 3212 4749 recipiendos
3235 4683 3333 4733 aut
3362 4677 3816 4732 incardinandos

2114 4789 2243 4828 esse
2290 4772 2520 4827 statuit.
2579 4771 2653 4825 De
2710 4767 3196 4825 subdiaconorum
3241 4766 3511 4823 caelibatu
3539 4764 3677 4834 quid
3712 4763 3817 4817 de-

2116 4862 2377 4929 creverit,
2438 4876 2594 4916 nunc
2654 4858 2944 4915 morosius
3000 4856 3423 4929 explorandum
3476 4853 3595 4908 Lib.
3643 4869 3685 4909 ι,
3730 4868 3815 4921 ep.

2136 4955 2222 5024 83)

2117 4962 2359 5100 (839)230
2389 5046 2441 5098 6.
2476 5042 2745 5116 Pelagius
2777 5057 2928 5114 papa
2959 5040 3029 5106 II,
3063 5042 3196 5095 ante
3250 5034 3595 5100 triennium,
3630 5032 3818 5105 legem

2118 5136 2419 5192 caelibatus
2453 5133 2660 5188 Siciliae
2679 5130 3078 5195 subdiaconis,
3114 5128 3184 5199 (c)
3219 5140 3377 5180 more
3410 5124 3683 5181 Romana
3713 5121 3818 5178 Ec-

2118 5225 2327 5293 clesiae,
2360 5225 2717 5293 imposuerat
2750 5239 2763 5289 ;
2808 5221 3185 5291 jusseratque
3216 5219 3275 5271 ut
3298 5214 3397 5286 qui
3435 5214 3563 5286 jam
3596 5211 3823 5269 uxorati

2118 5326 2329 5383 essent,
2358 5316 2428 5371 ab
2462 5313 2742 5369 uxoribus
2792 5311 3237 5381 separarentur;
3271 5306 3419 5378 quod
3450 5306 3654 5361 durum
3684 5303 3822 5360 Gre-

2117 5409 2279 5479 gorio
2330 5406 2808 5475 incompetensque
2856 5398 3048 5455 visum
3096 5402 3200 5469 est,
3232 5413 3296 5453 ac
3338 5394 3610 5468 plurimis
3654 5394 3823 5467 pejus

2188 5597 2250 5667 (c)
2279 5594 2451 5649 Moris
2492 5593 2672 5667 hujus
2730 5588 3001 5667 meminit
3044 5589 3102 5644 S.
3138 5588 3250 5645 Leo
3280 5604 3373 5667 ep.
3409 5586 3495 5651 12,
3520 5586 3637 5667 c.__t
3672 5600 3687 5639 :
3720 5586 3827 5667 Nec

2117 5660 2459 5724 subdz'aconis
2492 5666 2706 5737 quidem
2735 5662 3071 5721 connubium
3098 5660 3326 5738 carnale
3372 5660 3737 5738 conceditur:
3768 5661 3829 5709 ut

2119 5746 2169 5797 et
2192 5741 2288 5811 qui
2316 5733 2532 5805 habent,
2573 5738 2689 5793 sint
2723 5748 2993 5811 tanquam
3023 5750 3132 5789 non
3165 5733 3446 5798 habentes,
3486 5733 3538 5784 et
3568 5733 3663 5798 qui
3716 5740 3826 5780 non

2124 5807 2344 5881 habent,
2368 5819 2735 5883 permaneant
2762 5807 3096 5877 singulares.
