4106 6174
373 259 490 318 307

369 395 544 451 dendi
568 394 842 468 periculis
878 397 1215 453 obnoxium.
1249 397 1365 451 Hoc
1406 396 1592 465 itaque
1643 396 1938 449 decretum
1989 394 2068 447 ita
2098 394 2151 460 Α

372 488 713 557 temperavit
734 488 1207 559 sapientissimus
1241 486 1513 556 pontifex,
1548 489 1611 538 ut
1641 484 1856 539 sineret
1877 484 2076 553 conju-

373 580 535 645 gatos
566 577 957 632 subdiaconus
991 593 1196 631 uxores
1228 579 1496 639 retinere,
1533 590 1599 627 ea
1632 573 1754 643 lege
1788 578 1850 627 ut
1882 574 1952 627 ad
1988 590 2077 628 sa-

372 681 501 721 cros
534 667 765 722 ordines
798 683 1099 738 nunquam
1146 666 1549 736 pervenirent:
1585 666 1731 735 Quia
1764 665 1950 718 nullus
1977 665 2077 719 de-

374 756 459 810 bet
490 756 560 811 ad
588 759 960 812 ministerium
994 758 1187 811 altaris
1210 755 1498 811 ascendere
1520 757 1631 807 nisi
1671 756 1827 825 cuius
1860 756 2078 809 castitas

373 850 828 917 antesusceptum
860 848 1231 900 ministerium
1286 846 1467 912 fuerit
1515 844 1815 915 approbala
1839 845 1975 907 (Lib.
2036 861 2076 912 ι,

373 952 459 1006 ep.
493 936 580 1000 44,
612 940 661 990 et
712 936 803 990 lib.
861 953 933 999 IV,
967 952 1049 1007 ep.
1083 936 1194 1007 34).
1232 935 1310 989 De
1367 939 1573 990 caetero
1640 934 1938 1004 prohibuit
2006 950 2079 990 ne

376 1024 649 1094 deinceps
707 1025 959 1096 episcopi
1018 1025 1438 1080 subdiacouum
1479 1022 1666 1077 ullum
1718 1024 2078 1093 ordinarent,

374 1113 489 1168 nisi
538 1114 639 1183 qui
665 1114 956 1170 victurum
982 1131 1043 1170 se
1082 1118 1239 1169 caste
1266 1113 1649 1183 promitteret.
1684 1113 1783 1167 His
1813 1112 2079 1183 explodi—

373 1208 468 1259 tur
499 1204 707 1260 l‘abella
739 1222 910 1277 quam
961 1206 1382 1261 Centuriatores
1442 1204 1971 1275 Magdeburgenses
2014 1219 2079 1256 ex

376 1295 625 1350 conﬁcta
656 1298 892 1352 nomine
921 1297 979 1352 S.
1010 1295 1260 1352 Udalrici
1289 1295 1613 1365 Augustani
1656 1294 1908 1365 episc0pi
1958 1295 2082 1364 epi-

375 1384 528 1440 stola
548 1384 620 1439 ad
650 1387 957 1441 Nicolaum
985 1402 1192 1456 papam
1214 1386 1717 1455 deprompserunl,
1739 1382 1960 1438 scilicet
1982 1399 2082 1436 n0-

376 1478 565 1529 strum
597 1474 937 1545 Gregorium
972 1475 1137 1545 prius
1158 1490 1363 1528 uxores
1397 1474 1797 1528 sacerdotibus
1830 1470 2080 1527 solemni

378 1563 605 1619 decreto
634 1564 943 1631 ademisse,
973 1568 1031 1618 at
1062 1580 1194 1619 cum
1239 1579 1306 1617 ex
1355 1562 1578 1633 piscina
1618 1580 1725 1616 sua
1770 1562 1960 1632 capita
1990 1561 2079 1616 in-

377 1653 625 1708 fantium
683 1654 755 1708 ad
787 1670 885 1709 sex
918 1653 1102 1708 millia
1134 1658 1386 1708 extracta
1418 1652 1595 1707 fuisse
1623 1670 1655 1708 a
1686 1652 2080 1723 piscatoribus

376 1740 776 1807 intellexisset,
848 1743 1070 1812 hocque
1136 1742 1564 1796 infanticidium
1637 1742 1744 1797 sibi
1803 1742 2161 1831 tribueretB

381 1832 522 1899 (non
554 1831 857 1888 dubitabat
899 1833 1054 1887 enim
1105 1837 1181 1887 tot
1229 1833 1483 1887 infantes
1522 1848 1588 1886 ex
1640 1831 1861 1886 furtivis
1903 1847 2086 1886 sacer-

378 1920 579 1976 dotum
612 1922 1095 1977 fornicationibus
1136 1926 1237 1977 aut
1288 1921 1591 1976 adulteriis
1624 1921 1832 1993 natos),
1887 1921 2082 1976 decre-

376 2015 503 2065 tum
536 2027 708 2065 suum
746 2012 1023 2079 reﬁxisse,
1055 2016 1111 2067 et
1141 2012 1209 2066 de
1241 2016 1399 2065 tanto
1448 2011 1661 2065 scelere
1707 2011 2078 2082 paenituisse.

446 2103 594 2164 Quot
624 2103 797 2156 verba
828 2102 944 2171 hic,
977 2106 1062 2157 tot
1085 2101 1291 2173 putida
1320 2105 1374 2156 et
1406 2100 1620 2156 stolida
1657 2101 1804 2171 legis
1840 2103 2080 2157 menda—

377 2190 486 2246 cia.
520 2191 643 2254 Qua
691 2192 905 2246 ratione
958 2190 1017 2245 in
1068 2190 1350 2262 piscinam
1402 2191 1596 2262 potius
1646 2192 2081 2262 pontiﬁciarum

376 2277 584 2332 aedium
646 2279 899 2347 projecta
956 2277 1156 2333 isthzec
1202 2277 1491 2332 infantilia
1541 2279 1759 2347 capita,
1795 2295 1974 2348 quam
2026 2278 2084 2332 in

376 2368 653 2436 Tiberim,
683 2374 783 2424 aut
805 2370 861 2423 in
883 2369 1109 2425 cloacas
1134 2368 1440 2441 publicas?
1468 2368 1670 2438 Capita
1709 2370 2087 2424 inveniuntur

379 2463 436 2514 et
468 2463 875 2525 numerantur,
909 2460 1046 2531 quid
1093 2460 1163 2515 de
1194 2459 1432 2529 reliquis
1463 2459 1843 2513 cadaveribus
1873 2460 2083 2513 factum

390 2550 523 2605 est?
556 2550 733 2616 Quasi
781 2549 1347 2605 verisimilitudinem
1396 2548 1482 2603 vel
1532 2548 1835 2604 minimam
1878 2549 2086 2603 habeat

384 2640 697 2695 infantium
733 2639 965 2695 illorum
988 2640 1306 2711 parricidas
1337 2655 1581 2710 quorum
1616 2640 1758 2695 adeo
1810 2639 2087 2693 intererat

386 2736 613 2787 tantum
642 2730 834 2787 scelus
861 2732 1173 2798 occultare,
1210 2731 1478 2803 projectis
1509 2747 1577 2785 ex
1611 2731 1873 2785 condicto
1916 2732 1971 2784 in
2008 2731 2086 2801 pi-

377 2822 600 2877 scinam
631 2821 989 2893 pontiﬁciam
1024 2822 1351 2876 occisorum
1398 2819 1712 2891 capitibus,
1738 2819 1880 2873 illud
1935 2820 2084 2874 ultro

377 2911 544 2981 quasi
571 2926 670 2981 per
704 2911 906 2965 ludum
943 2910 1199 2965 voluisse
1221 2908 1556 2981 publicare?
1574 2910 1753 2973 Quam
1800 2910 2083 2979 perfrietae

377 3014 510 3054 vero
542 2998 750 3054 frontis
780 3002 935 3067 sunt,
971 3000 1069 3069 qui
1104 2999 1301 3055 volunt
1332 2998 1674 3069 Gregorium
1718 2999 2081 3069 pmnituisse,

377 3089 531 3160 quod
568 3089 931 3160 presbyteros
962 3096 1013 3144 et
1040 3089 1343 3143 ministros
1390 3105 1585 3144 sacros
1623 3088 1735 3159 legi
1779 3088 2082 3146 cmlibatus

374 3179 770 3247 adstrinxerit,
797 3194 927 3234 cum
958 3194 1065 3235 nec
1096 3179 1219 3250 ipse
1254 3179 1383 3234 talis
1416 3179 1558 3250 legis
1592 3195 1846 3249 unquam
1880 3184 2079 3236 auctor

374 3268 550 3323 fuerit
580 3269 819 3339 (quippe
851 3285 975 3339 quae
1016 3285 1246 3339 semper
1276 3268 1479 3324 saltem
1514 3268 1569 3323 in
1596 3268 1846 3323 Ecclesia
1869 3269 2074 3325 Latina

373 3358 549 3412 fuerit
586 3358 906 3425 observata,
941 3358 1041 3412 ubi
1075 3358 1347 3428 vigebant
1386 3360 1682 3428 canones),
1734 3374 1839 3413 nec
1889 3357 2073 3414 ullum

367 3447 487 3501 fere
516 3446 609 3502 sui
654 3448 1027 3519 pontiﬁcatus
1081 3465 1298 3503 annum
1334 3448 1483 3503 elabi
1515 3448 1735 3515 siverit,
1768 3447 1827 3502 in
1859 3465 1972 3519 quo
2004 3449 2074 3504 de

363 3539 655 3607 majorum
685 3537 1020 3593 clericorum
1054 3538 1322 3594 caelibatu
1354 3538 1573 3608 aliquid
1609 3555 1719 3593 non
1754 3538 2070 3609 scripserit.

367 3626 511 3697 Lege
556 3626 874 3697 praesertim
924 3632 1231 3697 sequentes
1279 3626 1549 3696 epistolas
1603 3627 1701 3681 lib.
1747 3642 1783 3695 1,
1835 3643 1964 3697 epp.
2004 3626 2070 3681 44

363 3719 421 3769 et
448 3715 517 3767 52
546 3738 559 3781 ;
591 3714 690 3769 lib.
725 3732 797 3782 ιν,
831 3732 962 3786 epp.
994 3716 1064 3769 26
1094 3721 1150 3771 et
1179 3716 1285 3781 36;
1332 3714 1433 3771 lib.
1479 3732 1553 3784 ix,
1585 3730 1675 3786 ep.
1718 3716 1823 3784 60;
1862 3715 1962 3771 lib.
2012 3732 2067 3777 x,

363 3819 452 3868 ep.
485 3805 592 3870 62;
627 3804 722 3859 lib.
746 3821 821 3871 x1,
847 3820 935 3875 ep.
966 3805 1057 3874 64,
1090 3806 1159 3859 ad
1193 3805 1543 3873 Secundam,
1577 3805 1913 3875 interrogat,
1947 3822 2068 3861 res-

362 3893 693 3965 pondendo,
738 3893 832 3949 ubi
880 3894 949 3949 de
979 3892 1203 3950 clericis
1254 3894 1500 3966 loquens
1552 3896 1768 3965 quibus
1819 3895 2066 3951 liberum

362 3988 450 4039 est
482 3999 686 4040 uxores
712 3985 989 4055 accipere,
1022 3984 1279 4040 excludit
1309 4000 1406 4039 eos
1437 3984 1533 4055 qui
1584 3983 1767 4039 sacris
1798 3984 1858 4039 in
1908 3985 2069 4040 ordi—

362 4074 539 4130 nibus
602 4078 741 4130 sunt
789 4073 1143 4143 constituti;
1193 4075 1447 4145 denique
1492 4074 1592 4129 lib.
1643 4092 1766 4143 xm,
1821 4092 1949 4146 epp.
1998 4076 2064 4130 3:5

362 4168 420 4218 et
448 4164 537 4217 36.

437 4253 715 4307 Caeterum
749 4268 932 4323 operae
967 4253 1215 4325 pretium
1250 4270 1365 4309 non
1414 4258 1520 4322 est,
1572 4253 1842 4325 pluribus
1889 4271 2066 4327 argu-

366 4343 579 4397 mentis
612 4340 863 4396 fabulam
898 4342 1050 4397 hanc
1082 4343 1405 4412 explodere,
1438 4359 1565 4415 quae
1596 4344 1793 4399 statim
1834 4360 2068 4400 evanes-

367 4431 464 4497 cit,
499 4446 630 4485 cum
663 4431 1010 4501 expenditur
1037 4448 1149 4502 quo
1182 4439 1439 4504 tempore
1471 4432 1612 4488 vixit
1650 4434 1708 4489 S.
1764 4432 2068 4489 Udalricus

2112 3140 2154 3208 Ο

366 4521 693 4591 episcopus.
726 4524 922 4591 Neque
952 4522 1107 4577 enim
1140 4538 1362 4579 coazvus
1393 4540 1521 4580 esse
1552 4524 1742 4595 potuit
1772 4530 1873 4579 aut
1903 4526 2069 4582 Nico-
2103 4534 2149 4599 D

362 4612 437 4667 lai
470 4612 495 4666 Ι
525 4615 625 4667 aut
653 4613 729 4668 II.
764 4614 887 4678 Qua
914 4613 986 4669 de
1016 4629 1078 4668 re
1109 4614 1503 4671 consulendus
1526 4620 1615 4671 est
1636 4631 1746 4670 em.
1775 4616 1929 4672 card.
1958 4617 2062 4673 Ba-

361 4704 563 4760 ronius
595 4705 663 4760 ad
698 4722 791 4761 an.
823 4705 950 4771 591,
984 4722 1146 4763 num.
1180 4708 1269 4763 2t.

430 4796 485 4853 7.
522 4795 688 4852 Haud
723 4795 934 4851 minori
966 4795 1086 4852 zelo
1119 4796 1428 4867 Gregorius
1469 4800 1615 4855 cavit
1646 4800 2066 4856 monachorum

359 4885 612 4944 castitati
643 4890 699 4941 et
730 4887 894 4941 famae
928 4903 1099 4958 quam
1132 4887 1497 4956 clericorum,
1525 4894 1588 4943 ut
1610 4890 2066 4958 praemonuimus

344 4996 488 5051 cap.
522 4978 806 5049 superiori
830 4995 994 5033 num.
1017 4979 1070 5034 6.
1101 4979 1165 5032 Et
1188 4979 1427 5049 quidem
1453 4980 1777 5035 arctissime
1799 4979 2068 5049 alligatos

363 5068 491 5123 illos
520 5074 650 5124 voto
681 5085 779 5124 seu
819 5068 1111 5139 proposito
1163 5070 1447 5125 castitatis
1499 5075 1789 5140 perpetuae
1823 5071 2064 5137 censuit,

340 5161 427 5215 ,ut
458 5172 524 5211 ex
581 5158 766 5227 ipsius
798 5160 868 5212 ad
896 5158 1247 5213 Venantium
1273 5159 1518 5231 epistola
1539 5159 1647 5213 hoc
1672 5175 1823 5213 anno
1848 5159 2063 5230 scripta

337 5251 525 5302 .extra
557 5246 797 5302 dubium
834 5250 1085 5319 ponitur.
1120 5251 1464 5317 Venantius,
1502 5250 1743 5321 patricio
1775 5267 1981 5322 genere
2006 5252 2061 5306 in

366 5334 583 5402 Sicilia,
616 5341 677 5391 ut
707 5336 957 5402 videtur,
990 5345 1174 5407 ortus,
1216 5341 1390 5396 vitam
1439 5342 1742 5413 amplexus
1790 5346 1911 5395 erat
1946 5358 2067 5397 mo-

366 5427 682 5493 nasticam;
715 5441 935 5495 verum,
970 5428 1167 5483 relicto
1192 5436 1395 5501 postea
1426 5430 1803 5498 monasterio,
1830 5447 2063 5487 uxorem

366 5518 605 5572 duxerat
633 5516 707 5587 (a)
740 5516 975 5571 nomine
1004 5517 1285 5588 Italicam,
1320 5525 1421 5576 aut
1442 5522 1511 5576 ad
1538 5522 1696 5591 prius
1720 5523 1951 5577 ductam
1976 5538 2064 5577 re-

334 5706 337 5711 .
437 5746 512 5815 (a)
544 5739 687 5796 Vide
719 5756 808 5812 ep.
846 5742 965 5797 125.
1002 5739 1102 5796 lib.
1138 5758 1193 5797 Ix
1220 5746 1277 5798 et
1330 5742 1431 5799 lib.
1464 5761 1543 5808 xx,
1594 5763 1726 5818 epp.
1772 5748 1841 5801 35
1891 5757 1943 5804 et
1971 5752 2060 5806 78.

816 258 879 319 S.
925 257 1299 319 GREGOBII
1345 257 1598 317 MAGNI
1644 256 1851 328 VITA,
1905 256 2001 316 EX
2047 256 2230 317 EJUS
2274 256 2621 321 SCRIPTIS
2668 260 3125 322 ADORNATA.
3172 260 3319 319 LIB.‘
3365 260 3439 320 Il.

3750 268 3851 327 308

2182 394 2385 461 dierat,
2438 412 2501 451 ex
2553 414 2669 467 qua
2711 398 2853 452 duas
2903 396 3051 451 tilias
3100 395 3410 451 Barbaram
3445 400 3497 451 et
3530 401 3855 457 Antoninum

2185 486 2462 553 suscepit.
2480 487 2639 541 Tune
2661 486 2940 557 temporis
2960 485 3187 556 aliquos
3222 484 3537 542 monachos
3554 506 3743 545 uxores
3766 508 3858 563 pu-

2189 574 2336 629 blice
2368 574 2601 631 duxisse
2632 576 2788 631 dolet
2816 580 2871 629 S.
2907 576 3225 645 Gregorius
3258 575 3357 630 lib.
3391 593 3430 645 ι,
3462 593 3548 647 ep.
3582 579 3665 647 42,
3687 580 3863 648 jubet-

2190 680 2300 733 que
2334 669 2394 718 ut
2423 666 2492 719 ab
2525 667 2667 734 ipsis
2701 665 2909 731 avulsi,
2936 664 2995 719 in
3031 666 3446 720 monasterium
3498 668 3862 733 retrudantur,

2190 753 2270 806 uti
2296 755 2416 823 jam
2451 754 2902 809 observavimus.
2937 754 3275 825 Suspicatur
3298 761 3490 808 noster
3520 754 3868 811 Mabitlonius

2190 842 2448 897 Italicam
2482 844 2659 897 fuisse
2690 843 2956 898 Venantii
2990 847 3311 914 parentem,
3347 859 3461 897 non
3496 860 3723 898 uxorem
3752 846 3871 915 (An-

2188 932 2305 987 nal.
2342 934 2616 990 Benedict.
2648 951 2742 989 an.
2774 935 2898 1000 601,
2941 949 3075 1005 pag.
3116 934 3282 1004 266);
3320 937 3398 1001 at,
3430 935 3576 1004 quod
3608 936 3746 989 tanti
3772 935 3874 988 viri

2189 1038 2326 1093 pace
2356 1022 2618 1090 dixerim,
2651 1023 2984 1092 conjectura
3017 1024 3132 1078 haec
3172 1022 3289 1078 ruit
3320 1021 3466 1077 lecta
3515 1022 3876 1093 inscriptione

2188 1113 2447 1182 epistolae
2480 1114 2580 1167 1‘33
2609 1114 2737 1168 libri
2764 1131 2835 1167 ix.
2881 1114 3003 1168 Non
3050 1112 3295 1169 ﬁrmiori
3349 1111 3715 1167 fundamento
3745 1112 3874 1167 niti-

2192 1210 2283 1256 tur
2312 1202 2652 1257 Cancellarii
2684 1202 2857 1256 Italiae
2891 1202 3094 1256 titulus
3126 1202 3225 1271 qui
3268 1200 3447 1271 gratis
3489 1200 3625 1255 huic
3653 1201 3878 1271 patricio

2192 1292 2499 1361 confertur,
2534 1308 2603 1346 ex
2643 1292 2930 1362 corruptis
2983 1289 3365 1363 epistolarum
3413 1290 3880 1361 inscriptionibus

2192 1399 2335 1452 quas
2366 1382 2578 1436 habent
2610 1382 2834 1437 codices
2866 1382 3028 1447 editi,
3079 1398 3192 1437 non
3238 1397 3370 1436 vero
3420 1397 3603 1435 manu
3657 1380 3881 1436 exarati.

2191 1473 2496 1529 Barbarum
2529 1482 2580 1529 et
2614 1475 2963 1529 Antoninum
2997 1478 3131 1528 ante
3159 1472 3434 1528 Venantii
3469 1471 3697 1542 lapsum
3729 1476 3887 1525 natas

2190 1563 2335 1617 nihil
2370 1564 2521 1635 cogit
2553 1564 2763 1619 dicere.
2798 1564 3113 1621 Venantius
3145 1562 3366 1634 aliquot
3397 1562 3573 1617 annis
3604 1566 3736 1616 ante
3764 1577 3891 1616 sus-

2191 1658 2423 1722 ceptum
2456 1670 2488 1708 a
2520 1653 2792 1724 Gregorio
2827 1652 3229 1723 pontiﬁcatum
3263 1667 3292 1707 e
3325 1649 3682 1706 monasterio
3712 1665 3893 1705 exces-

2192 1746 2363 1797 serat.
2401 1744 2538 1813 Ejus
2572 1748 2718 1798 natae
2744 1742 2947 1797 litteris
2977 1741 3316 1813 Gregorium
3353 1739 3773 1809 compellarunt
3795 1754 3894 1793 un-

2196 1832 2421 1886 decimo
2454 1833 2578 1903 ejus
2610 1833 2980 1901 pontificatus
3013 1848 3185 1900 anno,
3222 1847 3333 1885 una
3372 1829 3525 1884 forte
3576 1828 3895 1894 duodecim,

2197 1921 2378 1976 altera
2410 1922 2607 1977 decem
2651 1937 2934 1975 annorum
2987 1922 3124 1988 (Lib.
3158 1936 3236 1987 χι,
3276 1936 3363 1990 ep.
3395 1918 3472 1973 35
3522 1922 3571 1974 et
3598 1919 3709 1990 78).
3759 1916 3899 1982 Quid

2199 2028 2377 2082 supra
2406 2011 2563 2066 illam
2594 2012 2867 2065 aetatem?
2905 2009 3029 2065 Non
3081 2010 3263 2078 magis
3315 2008 3673 2065 abhorrebat
3702 2025 3733 2063 a
3775 2021 3900 2064 san-

2198 2101 2447 2156 ctissimi
2494 2100 2783 2172 pontiﬁcis
2838 2101 3070 2170 pietate,
3120 2099 3373 2169 virgines
3426 2098 3660 2155 nobiles
3708 2097 3812 2153 etsi
3839 2112 3904 2151 ex

2201 2190 2420 2261 iniquis
2434 2191 2648 2259 nuptiis
2665 2196 2829 2244 natas
2845 2189 3161 2245 honoriﬁce
3180 2188 3445 2244 salutare
3462 2205 3529 2244 ac
3545 2188 3720 2256 tueri,
3735 2203 3903 2258 quam

2204 2283 2273 2335 ad
2322 2296 2521 2335 earum
2555 2284 2820 2350 parentes
2862 2279 3206 2334 Venantium
3238 2284 3293 2334 et
3325 2278 3602 2333 Italicam
3648 2293 3906 2333 reveren-

2199 2371 2444 2425 tissimis
2474 2374 2528 2425 et
2560 2369 2761 2425 amicis
2794 2370 2984 2424 verbis
3024 2369 3293 2438 scribere,
3343 2368 3782 2439 Joannemque,
3812 2367 3909 2437 Sy-

2198 2476 2549 2515 racusanum
2584 2460 2945 2530 episcopum,
2978 2458 3049 2514 ob
3082 2457 3348 2529 repulsas
3372 2458 3657 2514 Venantii
3680 2456 3913 2512 oblatio-

2198 2567 2301 2606 nes
2358 2551 2694 2621 redarguere
2750 2550 2892 2620 (Lib.
2950 2567 3022 2615 v1,
3056 2566 3142 2619 ep.
3194 2549 3305 2618 44).
3367 2549 3708 2619 Parumper
3761 2551 3917 2602 extra

2197 2646 2385 2697 metas
2416 2641 2795 2711 excurrimus,
2848 2640 2957 2694 viri
3006 2640 3331 2695 doctissimi
3384 2640 3774 2709 conjecturas
3822 2654 3914 2693 ex—

2198 2732 2537 2802 pendendo;
2574 2746 2720 2786 nunc
2752 2731 2821 2784 ad
2855 2729 2909 2784 id
2945 2732 3092 2785 unde
3125 2728 3372 2800 digressi
3408 2745 3652 2796 sumus,
3677 2728 3919 2784 redeun-

2197 2824 2359 2876 dum.

2264 2913 2317 2966 8.
2372 2913 2679 2983 Gregorius
2732 2914 2801 2967 ad
2851 2911 3197 2967 Venantium
3277 2912 3585 2983 propositi
3618 2908 3922 2967 monastici

2196 3003 2545 3056 desertorem
2592 3017 2825 3072 gravem
2875 3000 3177 3072 epistolam
3228 3000 3502 3071 scripsit,
3559 3008 3621 3056 ut
3670 3015 3801 3055 eum
3851 2999 3922 3053 ad

2196 3091 2597 3165 poenitentiam
2645 3091 2986 3159 hortaretur,
3021 3108 3146 3162 quae
3188 3090 3355 3145 facile
3387 3090 3512 3162 legi
3555 3093 3774 3162 potest.
3813 3086 3929 3145 N0—

2194 3187 2314 3237 tatu
2351 3180 2665 3253 praesertim
2698 3182 2875 3251 digna
2906 3184 3045 3235 sunt
3074 3180 3245 3234 verba
3276 3179 3404 3235 haec
3430 3195 3445 3234 :
3486 3179 3749 3235 Ananias
3769 3195 3929 3250 pecu-

2181 3270 2304 3325 nias
2336 3272 2438 3326 Deo
2468 3278 2706 3335 voverat,
2759 3285 2892 3341 quas
2935 3274 3071 3341 post,
3122 3269 3405 3325 diabolica
3457 3272 3644 3325 victus
3694 3285 3927 3341 persua-

2179 3362 2355 3429 sione,
2406 3362 2689 3415 subtraxit
2737 3360 2874 3431 (Act.
2925 3362 3001 3427 v).
3053 3358 3154 3414 Sed
3217 3376 3325 3430 qua
3381 3367 3580 3416 morte
3630 3359 3927 3413 mulctatus

2181 3459 2275 3521 est,
2310 3452 2433 3505 scis.
2484 3451 2544 3504 Si
2590 3466 2717 3519 ergo
2747 3450 2842 3504 ille
2883 3451 3080 3505 mortis
3126 3449 3367 3519 periculo
3418 3449 3639 3520 dignus
3691 3450 3803 3520 fuit
3834 3446 3929 3519 qui

2180 3556 2270 3596 eos
2336 3556 2467 3611 quos
2526 3539 2759 3595 dederat
2819 3554 3069 3594 nummos
3139 3539 3243 3593 Deo
3300 3539 3577 3608 abstulit,
3642 3537 3933 3595 considera

2178 3635 2378 3703 quanto
2410 3632 2651 3699 periculo
2682 3631 2740 3684 in
2768 3629 2948 3684 divino
2972 3628 3188 3698 judicio
3227 3627 3440 3697 dignus
3495 3629 3641 3699 eris,
3697 3629 3797 3701 qui
3825 3642 3935 3682 non

2176 3737 2449 3787 nummos,
2480 3720 2571 3776 sed
2603 3722 2965 3791 temetipsum,
2995 3720 3099 3775 Deo
3138 3720 3555 3789 omnipotenti,
3610 3723 3711 3775 cui
3757 3724 3809 3773 te
3837 3718 3933 3773 sub

2175 3812 2491 3867 monac/tali
2521 3813 2712 3867 habitu
2741 3813 3054 3873 deuovcras,
3080 3811 3415 3866 sublraxisti
3438 3815 3469 3865 ἱ)
3496 3810 3818 3868 Considera
3845 3810 3935 3881 ju-

2174 3902 2376 3956 dicium
2412 3903 2524 3969 Dei,
2557 3901 2694 3973 quod
2724 3907 3019 3969 mereatur,
3053 3902 3149 3972 qui
3175 3899 3558 3972 semetipsum
3605 3903 3718 3957 Deo
3769 3902 3936 3965 vovit,

2174 3994 2534 4061 continuoque
2592 3990 2787 4045 mundi
2831 3990 3113 4046 desideriis
3172 3992 3454 4057 irretitus,
3530 3994 3814 4047 meutitus
3862 3991 3939 4043 est

2174 4083 2314 4155 quod
2370 4086 2510 4138 vovit
2561 4084 2701 4153 (Lib.
2768 4101 2802 4149 ι,
2861 4100 2943 4154 ep.
3011 4084 3121 4153 3i).
3192 4082 3431 4145 Quibus
3508 4085 3725 4141 verbis
3797 4081 3939 4151 quid

2174 4173 2501 4242 expressius
2532 4174 2603 4228 ad
2634 4179 2899 4228 votorum
2952 4172 3421 4227 monasticorum
3483 4172 3935 4245 obligationem

2172 4263 2589 4319 adstruendam
2612 4263 2639 4317 ‘2
2670 4268 2901 4318 Incesta
2941 4262 3358 4317 monachorum
3396 4269 3458 4318 et
3485 4260 3946 4320 sanctimonia-

2169 4354 2314 4409 lium
2348 4354 2619 4426 conjugia
2651 4356 2750 4410 diu
2785 4358 2955 4409 antea
2985 4352 3229 4408 Siricius
3262 4370 3419 4425 papa
3476 4359 3791 4426 tanquam
3828 4370 3945 4425 pu-

2171 4443 2333 4499 blicis
2376 4443 2599 4513 legibus
2628 4452 2680 4499 et
2712 4442 3108 4500 ecclesiastico
3161 4442 3273 4508 iuri
3317 4445 3658 4501 contraria
3694 4445 3950 4501 damna-

2183 4538 2289 4602 rat,
2324 4533 2586 4589 sciibens
2617 4534 2687 4589 ad
2740 4532 3085 4599 Himerium,
3120 4531 3659 4590 Tarraconensem
3714 4534 3952 4605 episco-

2176 4639 2314 4694 pum
2346 4622 2468 4692 (Ep.
2504 4639 2542 4685 ι,
2574 4638 2621 4676 e.
2649 4622 2702 4688 6,
2756 4627 2886 4677 tom.
2938 4623 2959 4675 I
3009 4620 3320 4683 Concilior.,
3353 4638 3419 4690 ρ.
3478 4623 3667 4695 1019)
3722 4623 3953 4679 Satira—

2177 4716 2389 4782 gantur
2418 4710 2624 4765 concil.
2658 4710 2925 4765 Chalced.
2962 4725 3091 4765 can.
3129 4709 3215 4777 t6,
3247 4712 3303 4763 et
3324 4707 3716 4783 Carthagin.
3749 4730 3830 4781 ιν,
3858 4710 3952 4767 cui

2176 4799 2522 4872 subscripsit
2553 4800 2920 4870 Augustinus
2953 4815 3080 4870 cap.
3120 4799 3239 4852 104.
3274 4798 3519 4858 Docere
3545 4806 3769 4860 tamen
3795 4801 3959 4857 vide-

2175 4895 2271 4945 tur
2300 4892 2687 4960 Augustinus,
2739 4889 3011 4960 conjugia
3061 4904 3260 4945 eorum
3312 4889 3422 4958 qui
3485 4894 3957 4949 continentiam

2175 4980 2452 5045 voverint,
2486 4978 2772 5033 adulteria
2796 4995 2907 5032 non
2933 4993 3082 5045 esse,
3107 4976 3376 5049 quamvis
3408 4983 3802 5040 eorumdem
3830 4982 3958 5053 lap-

2177 5086 2307 5125 sum
2337 5068 2539 5140 quovis
2569 5067 2850 5123 adulterio
2883 5068 3136 5137 pejorein
3179 5071 3432 5122 censeat
3478 5071 3649 5139 (Lib.
3684 5074 3757 5128 de
3801 5074 3961 5127 Bono

2178 5161 2400 5225 viduit.,
2432 5175 2551 5229 cap.
2589 5157 2673 5225 10,
2710 5158 2794 5224 11,
2828 5157 2937 5229 12).
2981 5157 3086 5211 Sed
3121 5156 3228 5212 hoc
3274 5156 3513 5213 vitium
3576 5162 3961 5218 nubentium

2179 5266 2305 5305 esse
2338 5248 2657 5313 contendit,
2691 5264 2802 5301 non
2839 5247 3099 5317 ipsarum
3124 5245 3527 5317 nuptiarum,
3555 5269 3705 5321 qua:
3735 5257 3963 5308 sanctae

2176 5344 2393 5395 suntet
2425 5355 2723 5410 nunquam
2762 5338 3130 5394 damnandis.
3164 5341 3252 5392 Ita
3280 5351 3431 5392 vero
3483 5339 3781 5413 loquitur
3817 5360 3964 5398 san-

2174 5436 2305 5487 ctus
2338 5431 2558 5497 doctor,
2594 5445 2663 5485 ne
2697 5428 3029 5484 Manichzeis
3056 5426 3284 5497 nuptias
3303 5424 3803 5490 damnantibus
3825 5451 3967 5490 con-

2174 5524 2384 5580 sentire
2414 5522 2691 5578 videatur.
2729 5525 2883 5577 lianc
2926 5518 3304 5590 quaestionem
3373 5518 3516 5575 sibi
3574 5526 3975 5596 propositam
