4106 6174
283 297 402 356 309

735 303 800 360 S.
848 300 1213 360 GREGORII
1261 300 1499 360 MAGNl
1548 303 1756 374 Vl'l‘A,
1805 304 1902 363 EX
1947 304 2132 367 EJUS
2177 308 2521 374 SCRIP'I‘IS
2567 318 3032 382 ADORNATA.
3081 324 3220 386 LIB.
3269 327 3345 386 ll.

3680 336 3800 398 310

277 430 512 502 attingit
542 433 600 489 S.
634 432 960 489 Bernardus
992 434 1092 490 lib.
1125 434 1196 490 de
1236 433 1524 506 Priscepto
1561 440 1616 491 et
1662 437 1976 508 Dispensa-
2009 444 2056 509 Α
2092 446 2400 503 commissrc
2428 450 2539 504 sibi
2566 453 2736 519 plebis
2778 457 3154 513 tantummodo
3183 475 3377 516 curam
3426 479 3634 531 gerere,
3688 486 3799 526 non

275 530 430 585 tione
462 547 587 602 cap.
620 533 710 601 l7,
743 536 802 588 at
837 531 980 586 nihil
1022 532 1299 601 decernit,

340 620 466 675 Non
501 622 745 692 resipuit
774 623 1089 678 Venantius
1119 641 1131 690 ;
1161 640 1345 696 neque
1376 629 1570 681 tamen
1591 627 1803 698 abejus
1844 630 1982 683 ami-

271 710 406 765 citia
427 713 632 767 resiliit
652 713 1233 785 Gregorius,sperans
1256 717 1642 786 opportunius
1665 718 1977 788 aliquando

270 800 378 854 sibi
413 805 650 872 tempus
681 802 1044 867 adfuturum,
1077 804 1327 859 amicum
1361 805 1429 859 ad
1457 807 1850 877 paenitentiam
1877 809 1980 863 ite-

271 907 394 946 rum
420 892 791 947 adhortandi.
836 897 982 948 Sane
1031 894 1227 948 audita
1275 903 1474 966 postea
1503 898 1664 966 gravi
1717 914 1830 967 qua
1887 900 1976 952 de-

269 982 582 1036 cumbebat
611 983 973 1053 aegritudine,
1008 983 1079 1038 de
1109 985 1238 1054 ejus
1261 983 1446 1039 salute
1476 985 1758 1042 sollicitus
1788 987 1970 1058 scrip-

266 1070 338 1125 sit
377 1071 448 1125 ad
485 1070 1252 1143 Joannem,Syracusanum
1302 1075 1658 1145 episcopum,
1701 1076 1844 1132 23!
1907 1083 1968 1132 ut

263 1162 328 1216 de
365 1163 557 1216 anima
603 1161 718 1232 ejus
773 1161 1010 1233 cogitare
1056 1163 1269 1227 debeat,
1303 1165 1667 1231 exhortando,
1709 1166 1968 1236 rogando,

263 1251 360 1306 Dei
425 1251 681 1308 terribile
740 1253 1013 1322 judicium
1052 1255 1420 1325 proponendo,
1462 1255 1802 1327 ineﬂabitem
1851 1259 1970 1324 eius

259 1342 706 1398 misericOrdiam
735 1344 1131 1414 promittendo,
1165 1353 1222 1400 ut
1252 1345 1320 1400 ad
1350 1347 1594 1401 habitum
1612 1364 1770 1401 suum
1795 1346 1970 1403 redire

257 1430 344 1486 vel
389 1434 454 1487 in
499 1434 758 1488 extremis
809 1435 1025 1501 debeat,
1058 1450 1124 1490 ne
1178 1435 1231 1490 ei
1269 1443 1435 1490 tanta:
1482 1438 1660 1508 culpae
1692 1442 1873 1492 reatus
1909 1439 1969 1493 in

256 1530 457 1576 :rterno
494 1521 710 1592 judicio
738 1523 959 1578 obsistat
1007 1524 1146 1594 (Lib.
1180 1541 1259 1592 χι,
1291 1541 1381 1596 ep.
1415 1527 1527 1598 36).
1583 1527 1787 1582 Verum
1829 1529 1966 1599 quid

254 1611 384 1665 inde
408 1617 675 1666 secutum
708 1612 807 1678 sit,
839 1612 1198 1683 ignoramus.
1232 1614 1311 1669 De
1343 1613 1626 1670 Venanlio
1648 1616 1839 1670 adhuc
1873 1634 1967 1687 po-

254 1705 374 1756 stea
406 1701 518 1756 erit
542 1703 857 1774 agendum.
883 1702 1048 1758 Nunc
1071 1721 1099 1759 e
1128 1704 1326 1760 Sicilia
1369 1706 1426 1760 in
1479 1707 1721 1762 Africam
1784 1712 1968 1764 trans-

2090 542 2267 587 ttutcm
2298 539 2459 591 tiit’t‘tt
2487 540 2607 595 illos
2626 545 2894 599 antistites
2917 563 3047 617 quos
3081 548 3352 604 catholica
3399 552 3539 621 ﬁdes
3588 557 3646 610 in
3699 560 3796 614 Ec-

2089 622 2273 680 clesia?
2304 628 2427 681 sinu
2459 634 2506 683 ct
2529 630 2740 686 edocuit
2778 644 2829 688 ct
2867 635 3079 704 genuit,
3133 638 3206 691 ad
3257 639 3537 697 obtinendi
3577 645 3798 702 culmen

2087 715 2361 780 prim-itus
2409 720 2623 774 anteire
2669 722 2853 790 (lbiii.,
2889 741 2971 794 cp.
3020 726 3129 795 77).
3189 729 3315 785 Ilaec
3364 731 3680 803 Gregorius
3724 737 3793 790 ad

2088 803 2388 876 episcopos
2410 808 2691 865 Numidia“:
2723 814 3004 882 scribens,
3034 816 3108 885 (b)
3139 823 3193 870 et
3219 823 3372 874 ratas
3405 819 3627 879 habens
3663 824 3799 880 reli-

2088 909 2234 962 quus
2265 913 2464 952 eorum
2483 901 2959 972 consuetudines,
3003 905 3276 974 quassibi
3312 911 3529 966 servari
3570 914 3795 986 suppli-

2087 997 2180 1036 ces
2209 1001 2240 1036 ει
2271 984 2501 1058 Pelagio
2529 989 2574 1044 ΙΙ
2610 991 2910 1061 petierant.

2153 1075 2331 1161 2.0m
2351 1075 2695 1133 Columbam
2713 1081 3048 1152 episcopum
3073 1087 3210 1140 tunc
3228 1085 3531 1154 primatem
3560 1090 3628 1161 (c)
3670 1092 3793 1148 Nu-

2084 1158 2270 1213 midiae
2314 1163 2490 1218 fuisse
2531 1182 2661 1220 cum
2709 1168 2951 1223 Baronio
3001 1171 3101 1240 (Ad
3148 1188 3241 1227 an.
3273 1173 3489 1242 592,1i.
3533 1158 3585 1246 4)
3613 1158 3792 1235 asso-

2084 1254 2240 1314 runt,
2275 1267 2307 1305 a
2337 1268 2467 1307 vero
2493 1272 2727 1324 prorsus
2753 1258 3045 1327 aberrant,
3071 1261 3528 1336 refcllunturque
3550 1268 3620 1320 ab
3641 1269 3796 1339 ipso-

2085 1343 2199 1391 met
2243 1338 2514 1410 Gregorio
2565 1345 2634 1398 ad
2687 1345 3034 1402 Columbum
3079 1350 3397 1408 scribente:
3430 1355 3616 1425 Itaque
3661 1338 3792 1429 ergo

2077 1430 2364 1498 primatem
2395 1434 2595 1503 synodi
2633 1444 2736 1490 tua:
2777 1446 2887 1493 esto
2932 1440 3222 1495 sollicitus.
3258 1444 3338 1496 Ad
3392 1460 3525 1500 eum
3575 1449 3790 1519 scripta

2078 1525 2164 1573 est
2195 1520 2440 1590 epistola
2465 1525 2531 1577 49
2563 1525 2664 1580 lib.
2701 1545 2783 1594 in,
2817 1528 2874 1582 in
2919 1531 3090 1599 cujus
3121 1533 3292 1587 tituto
3344 1535 3584 1606 legitur:
3617 1539 3788 1594 Adeo-

2077 1609 2201 1664 dato
2241 1614 2510 1683 episcopo,
2560 1618 2791 1685 primati
2841 1623 3137 1689 provinciae
3186 1623 3494 1689 Numidiae;
3539 1641 3789 1699 eumque

2081 1698 2342 1755 hortatur
2362 1703 2419 1756 S.
2455 1703 2766 1776 Gregorius
2801 1713 2856 1762 ut
2887 1711 3132 1780 ofﬁcium
3177 1715 3475 1781 primatus,
3508 1716 3649 1786 quod
3689 1698 3789 1775 Deo

257 1791 589 1860 mittamus,
639 1793 737 1847 ubi
783 1794 1078 1864 pontiﬁcia
1107 1800 1162 1847 δ,
1219 1795 1480 1867 Gregorii
1530 1799 1865 1866 auctoritas,
1910 1803 1968 1854 et
2001 1802 2046 1868 Β
2077 1795 2296 1845 auctore
2326 1791 2505 1855 habet,
2543 1798 2764 1852 studeat
2810 1806 2920 1853 tota
2966 1803 3272 1858 intentione
3321 1808 3592 1873 sagaciter
3635 1808 3790 1862 exhi-

249 1881 590 1936 sollicitudo
614 1883 952 1953 pastoralis,
990 1883 1175 1955 primo
1201 1902 1351 1941 anno
1371 1903 1486 1958 quo
1513 1887 1835 1944 Romanam
1871 1905 1965 1943 as-

250 1970 449 2026 cendit
471 1971 692 2040 sedem,
724 1973 1126 2030 innatuerunt.

935 2102 1167 2159 CAPUT
1197 2104 1292 2158 Vl.

239 2204 607 2279 Aeacussrosi.
632 2233 694 2279 -_—
725 2209 768 2257 1.
803 2210 936 2279 Quid
969 2211 1033 2279 de
1059 2212 1374 2279 primatibus
1396 2215 1536 2279 inter
1557 2215 1836 2265 Africanos
1858 2217 1968 2279 epi-

304 2283 502 2330 scoiios
547 2272 596 2319 S.
631 2272 914 2335 Gregorius
963 2272 1273 2325 decreverit.
1306 2302 1368 2313 —
1411 2276 1458 2324 2.
1498 2279 1630 2327 Num
1679 2272 1965 2334 Columbus

301 2337 438 2400 tunc
472 2334 750 2400 ﬁumidiaa
796 2338 995 2395 primas
1025 2342 1180 2386 esset.
1203 2363 1262 2375 —
1288 2338 1335 2387 3.
1360 2339 1662 2400 S.Gregorii
1682 2342 1893 2391 labores
1914 2348 1966 2397 in

304 2395 636 2467 Donatistae.
660 2398 773 2467 Quo
795 2412 1064 2467 successu.
1087 2427 1141 2467 -ς
1165 2403 1192 2448 4
1232 2401 1480 2467 Quadam
1507 2395 1690 2452 rictatu
1717 2407 1877 2467 digna
1899 2395 1964 2459 de

305 2459 414 2522 reis
450 2457 719 2522 episcopis
743 2461 1069 2522 judicandis.
1112 2464 1180 2511 De
1213 2457 1584 2514 ecclesiasticis
1614 2457 1962 2521 ἱιιιιιιιιῖιὶίειιὶζ

307 2518 428 2567 bus.
450 2518 522 2568 De
547 2518 759 2586 litibus:
785 2525 825 2570 Α
859 2525 1055 2586 quibus
1077 2527 1372 2576 monachos
1391 2531 1588 2579 eximit.
1622 2531 1730 2578 -5.
1767 2518 1963 2584 Pravas

301 2585 733 2647 consuetudines
785 2585 936 2638 tollit.
967 2586 1015 2634 6.
1051 2588 1123 2636 De
1180 2591 1560 2640 monachorum
1608 2598 1958 2647 testamentis.

297 2669 360 2713 τ-
479 2647 549 2694 De
581 2648 737 2713 bonis
768 2649 1040 2710 lapsorum
1073 2657 1125 2698 et
1153 2653 1477 2713 dejectorum
1513 2657 1863 2705 sacerdotum.
1899 2644 1958 2697 λζ

298 2706 350 2819 εἰ
377 2706 769 2832 ἓᾶἰιὲοτὶοιὶυω
796 2706 1161 2762 dedicationes
1187 2706 1315 2763 tunc
1363 2717 1833 2778 percelebres(An.
1866 2721 1959 2770 590

298 2783 326 2818 e
481 2808 491 2818 .

297 2783 350 2818 οι
377 2783 491 2818 θνι.

308 2869 357 2922 l.
395 2868 521 2924 Mos
539 2876 662 2926 erat
691 2872 842 2941 apud
860 2874 939 2945 (a)
961 2875 1264 2932 Africanos
1282 2878 1607 2947 episcopos,
1623 2883 1684 2934 ut
1706 2880 1951 2954 singulis

228 2955 292 3010 in
319 2959 643 3027 provinciis
663 2959 814 3016 inter
841 2979 939 3018 eos
962 2963 1086 3020 loco
1114 2966 1380 3035 primatis
1400 2973 1498 3022 aut
1521 2972 1948 3040 metmpolitani

230 3047 572 3114 haberetur,
607 3050 707 3120 qui
741 3051 1105 3110 ordinatione
1137 3058 1283 3112 foret
1315 3059 1636 3128 antiquior;
1665 3061 1815 3115 unde
1832 3080 1944 3118 non

2083 1880 2222 1936 bere.
2260 1884 2439 1940 Paulo
2472 1885 2617 1941 intra
2659 1888 2863 1944 suadet
2911 1895 2975 1944 ut
3016 1890 3364 1948 Columbum
3419 1911 3518 1966 per
3565 1899 3787 1953 caeteris

2082 1973 2410 2041 adjutorem
2444 1978 2714 2033 adhibeat
2748 1980 2804 2034 in
2837 1982 3132 2039 omnibus.
3169 1985 3465 2040 Adcodato
3515 1988 3786 2044 successit

2079 2063 2134 2115 in
2172 2065 2420 2134 primatu
2454 2065 2672 2134 Victor,
2706 2071 2912 2140 dequo
2954 2071 3010 2125 in
3053 2074 3296 2142 epistola
3335 2076 3402 2129 28
3454 2075 3556 2131 lib.
3591 2096 3690 2139 xu,
3716 2083 3782 2135 ad

2075 2151 2417 2210 Columbum
2470 2157 2710 2228 scripta:
2770 2160 2966 2214 Victori
3011 2163 3189 2230 fratri
3231 2168 3283 2218 et
3312 2168 3630 2235 coepiscopo
3670 2187 3781 2222 no-

2070 2247 2200 2311 stro,
2252 2248 2347 2315 qui
2390 2249 2662 2315 primatus
2707 2252 2849 2303 inter
2901 2267 2984 2305 vos
3033 2253 3206 2306 locum
3257 2258 3420 2314 tenet.
3469 2262 3782 2314 curavimus

2068 2332 2439 2388 scribendum.
2473 2339 2550 2390 Ad
2585 2336 2935 2392 Columbum
2964 2347 3148 2394 tamen
3187 2343 3241 2395 in
3298 2345 3605 2414 praecipuis
3653 2365 3776 2414 pro-

2067 2420 2266 2474 vinciae
2304 2424 2593 2479 Numidiae
2627 2429 2871 2494 negotiis
2898 2431 3148 2484 scribere.
3180 2431 3326 2487 solet
3359 2447 3595 2489 sanctus
3633 2455 3777 2505 papa

2068 2509 2233 2577 quasi
2265 2511 2547 2567 vicarium
2577 2527 2788 2568 ευῐιοίεμ
2823 2519 3126 2572 aevtiseum
3163 2523 3585 2591 constituisset,
3623 2530 3772 2597 quod

2064 2596 2451 2656 nihilominus
2485 2605 2691 2658 nullibi
2729 2607 2943 2660 factum
2981 2607 3208 2668 legitur.

2138 2690 2189 2743 3.
2225 2692 2512 2763 Singulari
2547 2697 2802 2763 Gregorii
2829 2713 2960 2768 erga
2987 2697 3270 2754 Ecclesiae
3309 2703 3606 2758 Africanas
3637 2704 3768 2761 dili-

2056 2785 2250 2854 gentia
2280 2785 2603 2856 praestitum
2638 2791 2724 2840 est
2749 2791 2811 2839 ut
2836 2790 2992 2856 prius
3015 2789 3432 2845 tumultuantes
3456 2791 3765 2850 Donatistae

2056 2876 2284 2930 tandem
2329 2875 2710 2944 quiescerent.
2745 2874 3026 2931 Nimirum
3051 2881 3195 2932 satis
3229 2895 3342 2934 non
3372 2883 3475 2935 fuit
3519 2883 3766 2950 vigilan-

2055 2967 2278 3022 tissimo
2304 2965 2515 3032 pastori
2549 2965 2826 3020 adversus
2851 2967 2980 3021 illos
3006 2965 3176 3038 lupos
3208 2969 3264 3023 in
3293 2986 3520 3040 gregem
3551 2971 3763 3027 Christi

2053 3056 2376 3120 saevientes,
2411 3055 2555 3109 alios
2587 3055 2695 3109 sibi
2729 3056 2989 3111 subditos
3023 3065 3278 3127 pastores
3313 3061 3379 3112 ad
3405 3059 3762 3130 vigilantiam

225 3137 466 3206 primas,
495 3143 592 3193 sed
622 3157 810 3209 senex,
843 3148 942 3197 aut
966 3145 1166 3215 prima:
1193 3149 1348 3203 sedis
1380 3151 1937 3222 episcopusvocabu-
1971 3163 2015 3226 ε
2056 3151 2110 3202 et
2141 3146 2527 3200 constantiam
2562 3145 2832 3212 excitare,
2867 3147 3097 3217 scriptis
3124 3149 3193 3202 ad
3229 3166 3322 3202 eos
3347 3150 3612 3219 plurimis
3643 3153 3763 3222 epi-

228 3233 343 3281 tur.
407 3227 544 3284 Sola
571 3230 1048 3302 Carthaginensis
1079 3236 1344 3305 ecclesia,
1380 3238 1532 3294 inter
1580 3247 1820 3298 caeteras
1853 3243 1940 3299 di-

227 3331 535 3373 versarum
570 3321 1000 3390 provinciarum
1024 3326 1246 3394 Africae,
1278 3344 1422 3399 pene
1445 3329 1800 3400 innumeras,
1825 3333 1940 3403 pri-

225 3413 391 3461 matu
428 3414 708 3479 perpetuo
756 3414 1067 3482 gaudebat.
1099 3416 1238 3471 Cum
1287 3419 1482 3488 itaque
1514 3425 1676 3476 sedes
1716 3424 1940 3493 episco-

231 3495 394 3564 pales
429 3498 686 3554 etiamin
721 3501 948 3573 exiguis
971 3504 1296 3576 ignotisque
1317 3509 1459 3563 vicis
1490 3521 1685 3566 essent
1707 3511 1944 3568 institu-

223 3591 295 3640 te
325 3587 490 3659 (hinc
524 3589 726 3660 ignota
764 3593 881 3648 fere
927 3593 1289 3669 obscuraque
1330 3600 1614 3656 Africanae
1675 3602 1940 3657 Ecclesiae

227 3677 478 3750 notitia),
536 3695 689 3752 saepe
738 3681 913 3738 ﬁebat
953 3689 1016 3739 ut
1059 3685 1332 3757 ignobilis
1382 3690 1580 3761 oppidi
1635 3691 1940 3761 episcopus

226 3766 476 3839 reliquis
520 3770 830 3840 provinciis
879 3789 1001 3830 suae
1053 3777 1339 3849 episcopis
1377 3787 1669 3850 tamquam
1722 3781 1940 3851 primas

223 3862 527 3924 praeesset.
562 3860 721 3924 Quod
747 3875 881 3918 cum
934 3863 1314 3933 incongruum
1339 3867 1398 3924 S.
1433 3868 1708 3939 Gregorio
1749 3871 1938 3927 visum

225 3944 439 4001 fuisset
465 3949 554 4016 (ut
583 3965 786 4021 reapse
824 3955 1283 4023 erat),0ptimum
1309 3973 1433 4012 esse
1458 3958 1731 4026 iudicavit
1758 3961 1939 4030 primo

225 4034 366 4109 eligi
399 4038 717 4108 primatem
750 4057 857 4096 non
882 4059 951 4098 ea:
988 4044 1179 4100 ordine
1223 4047 1490 4117 tori(Lib.
1526 4067 1565 4117 ι,
1588 4065 1669 4121 ep.
1703 4051 1816 4122 74),
1851 4052 1935 4106 vi-

223 4125 442 4182 delicet
492 4136 591 4183 aut
641 4136 876 4202 propter
925 4133 1324 4204 antiquitatem
1385 4139 1786 4210 ordinationis,
1838 4145 1940 4196 aut

223 4219 469 4286 propter
489 4217 647 4272 sedis
669 4218 1011 4291 dignitatem
1044 4226 1328 4294 concessi,
1363 4228 1456 4281 sed
1500 4226 1698 4284 habita
1745 4231 1938 4302 potius

224 4320 460 4360 morum
509 4323 575 4362 ac
615 4310 959 4366 meritorum
1021 4313 1259 4368 ratione.
1305 4316 1572 4373 Secundo
1630 4320 1937 4390 primatem

220 4409 339 4449 non
377 4397 619 4465 passim,
650 4399 800 4454 sicut
831 4401 1009 4455 moris
1032 4408 1175 4470 erat,
1199 4421 1300 4474 per
1346 4405 1534 4472 villas,
1562 4409 1664 4464 sed
1715 4409 1772 4464 in
1824 4427 1940 4466 una

2055 3236 2241 3305 stolis,
2265 3235 2602 3305 inflictaque
2636 3234 3057 3305 negligentibus
3087 3245 3143 3291 et
3167 3239 3540 3293 mercenariis
3573 3256 3764 3307 pinna-

2054 3323 2196 3394 (Lib.
2233 3341 2379 3393 i,ep.
2415 3324 2512 3391 77;
2571 3323 2668 3378 tib.
2703 3340 2762 3388 ιι,
2787 3339 2871 3391 ep.
2911 3320 3014 3378 48:
3050 3322 3147 3378 lib.
3202 3341 3276 3388 1v,
3305 3341 3392 3395 ep.
3425 3325 3528 3388 35;
3569 3326 3664 3382 lib.
3705 3343 3760 3396 ν,

2034 3429 2134 3484 ep.
2168 3415 2258 3484 5);
2284 3414 2382 3468 sed
2417 3415 2583 3468 etiam
2619 3412 2985 3468 Gennadium
3022 3413 3331 3484 patricium
3363 3420 3418 3470 et
3448 3414 3758 3472 exarchum

2051 3504 2276 3573 Africae,
2311 3503 2406 3574 qui
2443 3504 2641 3557 multis
2673 3501 2820 3557 bello
2854 3503 3122 3572 praeclare
3140 3505 3317 3570 gestis
3341 3503 3585 3561 illustris
3611 3509 3755 3574 erat,

2053 3594 2274 3662 rogavit
2308 3601 2369 3647 ut
2391 3593 2790 3647 haereticorum
2826 3598 3030 3647 contra
3061 3591 3375 3648 Ecclesiam
3410 3593 3757 3649 catholicam

2051 3684 2200 3740 colla
2222 3684 2646 3754 subrigentium
2667 3689 2907 3740 conatus
2927 3686 3358 3754 comprimeret,
3380 3701 3444 3740 ac
3476 3684 3757 3758 superbas

2052 3789 2250 3830 eorum
2283 3773 2892 3837 cervicesinﬂecteret,
2926 3789 3277 3843 omnemque
3325 3773 3606 3829 adimeret
3655 3789 3756 3830 no-

2050 3863 2217 3918 cendi
2242 3863 2532 3917 licentiam
2565 3863 2705 3933 (Lib.
2741 3879 2779 3927 ι,
2811 3878 2894 3932 ep.
2915 3861 3030 3929 74).
3062 3863 3268 3917 Postea
3305 3879 3439 3918 cum
3491 3863 3758 3919 rescivis-

2050 3957 2137 4010 set
2205 3951 2596 4019 Pautaleonis,
2626 3951 2826 4006 Africae
2857 3951 3129 4022 praefecti,
3157 3951 3338 4005 nimia
3364 3950 3422 4005 in
3456 3951 3755 4007 haereticos

2048 4043 2411 4112 indulgentia
2433 4043 2646 4098 factum
2666 4046 2882 4110 esse,ut
2901 4058 3100 4098 eorum
3126 4039 3372 4096 audacia
3390 4040 3450 4095 in
3473 4041 3595 4096 dies
3611 4055 3759 4096 cres-

2050 4141 2222 4204 ceret,
2257 4135 2788 4206 insolescerenlque
2816 4133 2878 4190 in
2919 4133 3185 4190 Ecclesiae
3225 4131 3521 4188 catholicae
3571 4148 3758 4188 sacer-

2049 4228 2232 4292 dotes,
2265 4228 2336 4282 ab
2364 4227 2448 4282 eis
2495 4225 2818 4296 baptizatos
2869 4224 3082 4280 iterum
3134 4221 3516 4294 baptizando;
3551 4222 3622 4278 de
3655 4239 3754 4279 so-

2050 4317 2246 4374 cordia
2276 4317 2610 4388 praefectum
2644 4315 2982 4385 increpavit,
3007 4329 3302 4385 quamque
3334 4311 3496 4384 gravi
3519 4317 3752 4384 peccato

2049 4408 2397 4478 subjaceret,
2432 4406 2765 4477 reserpendi
2794 4404 3154 4461 occasionem
3193 4402 3398 4458 haeresi
3420 4401 3751 4469 tribuendo,

228 4485 533 4542 civitatum
590 4489 867 4556 residere,
919 4507 1035 4561 quo
1103 4493 1328 4549 facilius
1398 4497 1822 4555 Donatistarum
1885 4502 1945 4558 in
1973 4506 2020 4571 D
2053 4495 2348 4553 liberrime
2373 4495 2843 4564 admonuit(Lib.
2878 4510 2952 4561 iv,
2984 4510 3067 4565 ep.
3101 4493 3216 4563 3’1).

231 4576 423 4632 Africa
443 4580 842 4650 grassantium
877 4582 1107 4639 insidiis
1136 4589 1192 4639 et
1223 4587 1531 4643 conatibus
1560 4592 1821 4648 resistere
1841 4609 1943 4648 va-

226 4662 394 4723 leret.
427 4668 939 4741 Tertioprohibuit
969 4688 1041 4726 ne
1073 4673 1130 4728 hi
1155 4674 1250 4744 qui
1281 4692 1347 4730 ex
1380 4677 1700 4735 Donatistis
1733 4682 1802 4736 ad
1828 4682 1945 4754 epi-

230 4766 542 4828 acOpatum
577 4766 976 4832 pervenerant,
1010 4763 1280 4833 primatis
1327 4767 1670 4838 dignitatem
1712 4779 1943 4842 possent

233 4847 513 4919 adipisci.
549 4850 836 4922 Loquitur
866 4858 1060 4909 autem
1091 4854 1162 4909 de
1205 4855 1520 4914 Donatistis
1563 4861 1636 4916 ad
1680 4861 1853 4920 ﬁdem
1885 4870 1942 4922 et.

235 4938 516 4996 unitatem
572 4939 839 4999 Ecclesia:
903 4945 1185 5001 reversis:
1235 4945 1510 5018 Sufﬁciat,
1566 4951 1773 5024 inquit,
1826 4957 1940 5013 illis

299 5145 378 5214 (a)
407 5148 730 5229 Loquimur
750 5150 827 5229 de
852 5150 1050 5229 politia
1091 5153 1480 5229 ecclesiastica
1529 5159 1681 5229 apud
1736 5161 1940 5218 ortho-

238 5216 410 5275 doxos
430 5216 759 5304 'observata.
793 5216 948 5304 Quod
975 5229 1197 5304 spectat
1218 5227 1288 5304 ad
1319 5216 1626 5304 Wandalos
1671 5216 1936 5304 Arianos,

238 5305 400 5348 suum
427 5293 486 5348 in
510 5294 704 5349 Africa
742 5293 1133 5363 patriarcham
1185 5297 1494 5358 habebant.
1526 5303 1675 5358 lluos
1737 5293 1936 5362 eorum

237 5365 592 5431 patriarchas
635 5367 896 5422 nominat
942 5367 1138 5423 Victor
1181 5370 1451 5433 Vitensis,
1494 5373 1825 5434 Jocundum
1886 5387 1939 5434 et

236 5434 516 5509 erylarn,
549 5440 724 5508 quiut
758 5445 895 5509 puto
927 5441 1252 5495 successive
1283 5442 1578 5502 sederunt.
1597 5450 1938 5505 Consulatur

236 5506 578 5591 Victorj’it;
611 5506 1112 5591 (Histbr._Wand_at.
1152 5522 1423 5591 persecat.
1467 5517 1562 5572 tib.
1614 5535 1676 5584 it,
1735 5538 1784 5576 c.
1828 5523 1936 5591 18.)

302 5580 379 5652 (b)
409 5580 1097 5661 Observansancttasedis
1138 5580 1467 5661 apostolicae
1514 5580 1937 5661 auctoritatem,

229 5650 506 5723 adquam
527 5650 797 5726 videlicet
817 5657 1064 5726 pertinet
1096 5650 1616 5716 remotissimarum
1657 5650 1939 5719 Ecclesia;

229 5739 360 5804 rum
409 5725 761 5804 conﬁrmare
802 5725 1279 5804 consuetudines.
1316 5729 1618 5804 Eaumagis
1678 5735 1938 5792 eluxerat

227 5793 402 5868 longe
433 5800 609 5854 antea
629 5797 685 5852 in
711 5797 770 5854 S.
801 5801 1002 5869 Leone,
1027 5799 1127 5871 qui
1154 5805 1392 5871 rogatus
1407 5793 1671 5862 EcclEsiw
1693 5807 1935 5865 Alexan-

2119 4587 2377 4643 Tandem
2413 4585 2813 4658 frequentibus
2860 4584 2916 4641 S.
2951 4583 3211 4656 Gregorii
3244 4581 3486 4639 monitis
3518 4585 3640 4638 tum
3681 4581 3754 4637 ad

2046 4678 2371 4750 episcopos,
2403 4681 2531 4733 tum
2564 4678 2636 4732 ad
2662 4677 2958 4748 praefectos
2994 4683 3049 4730 et
3084 4674 3483 4745 magistratus,
3516 4676 3639 4728 tum
3679 4673 3752 4726 ad

2043 4768 2360 4840 ipsummet
2405 4769 2763 4836 Augustum,
2787 4765 3053 4822 habitum
3085 4768 3176 4820 est
3197 4763 3508 4820 concilium
3533 4761 3591 4816 in
3611 4776 3748 4830 quo,

2044 4859 2339 4915 annitente
2387 4858 2702 4930 praesertim
2764 4855 3084 4922 Dominico,
3127 4849 3566 4924 Carthaginensi
3611 4847 3752 4944 epi-

2045 4966 2219 5021 scopo
2241 4949 2534 5020 totiusque
2563 4947 2770 5004 Africae
2805 4948 3074 5019 primate,
3107 4943 3492 5001 constitutum
3537 4941 3628 4995 est
3657 4941 3748 4993 in-

2044 5162 2221 5235 drinte
2247 5168 2374 5235 post
2407 5162 2728 5235 Romanam
2763 5154 3049 5235 secundae_
3087 5147 3384 5235 privilegia
3438 5145 3748 5235 conﬁrmas

2041 5234 2163 5290 vit:
2200 5221 2482 5306 Improbw.
2519 5233 2729 5306 inquit,
2780 5221 3150 5306 quorumdam
3181 5221 3491 5306 ambitioni,
3538 5221 3747 5306 seruata

2040 5294 2290 5364 verorum
2318 5294 2745 5376 privilegiorum
2761 5294 2921 5372 jure,
2953 5297 3220 5376 sollicitus
3247 5294 3528 5376 obuiavi...
3566 5294 3749 5376 teneat

2038 5367 2366 5451 fraternitas
2397 5386 2491 5451 tua
2527 5367 2782 5430 suorum'
2805 5370 3252 5451 consuetudinem
3297 5367 3748 5451 decessorumhet

2040 5439 2524 5519 comprovinciates
2548 5462 2695 5519 suos
2733 5446 3073 5519 episcopos...
3123 5455 3366 5512 congrua
3401 5439 3516 5492 sibi
3560 5439 3744 5491 aucto-

2042 5515 2505 5597 ritatedisponat.
2539 5517 2597 5572 S.
2624 5518 2728 5597 Leo
2759 5532 2851 5587 ep.
3262 5583 3273 5595 ,
3359 5580 3392 5594 ,,

2111 5592 2182 5664 (c)
2215 5577 2489 5646 Numidia
2509 5606 2578 5644 ex
2603 5577 2827 5664 septem
2871 5588 3067 5642 Africa;
3119 5580 3440 5664 provinciis.
3483 5577 3742 5664 secunda

2042 5653 2185 5726 erat,
2217 5672 2270 5718 et
2303 5671 2428 5733 post
2459 5653 2813 5741 provinciam
2850 5653 3319 5741 proconsularem
3354 5653 3743 5741 cujus_capu_t

2042 5718 2342 5807 Carthagd,
2375 5718 2707 5791 rec‘ensetur
2736 5733 2796 5807 in
2821 5718 3020 5807 n‘otitia
3049 5729 3268 5798 Atticas,
3302 5718 3477 5807 quam
3501 5718 3739 5778 consuls

2040 5808 2100 5863 in
2133 5803 2278 5864 nova
2308 5807 2445 5863 edit.
2470 5807 2671 5864 histor.
2705 5803 3056 5863 Wandalica:
3087 5805 3371 5873 persecat.
