4106 6174
432 326 542 387 311

882 330 942 387 S.
994 324 1354 387 GREGORlI
1403 323 1649 385 MAGNI
1694 324 1907 396 VITA,
1952 322 2052 382 EX
2097 322 2286 384 EJUS
2331 324 2680 385 SClllPTlS
2725 325 3177 388 ADORNATA.
3226 327 3374 388 LIB.
3424 324 3500 387 II.

3799 336 3899 395 312

428 460 773 532 vestigandos
821 475 950 517 esse
989 462 1058 517 ab
1099 461 1390 533 episcopis
1439 459 1738 515 haereticos
1772 463 1828 514 et
1868 475 2132 529 oompes-
2160 462 2214 528 Λ
2246 464 2503 529 noverat,
2532 467 2587 517 et
2626 478 2987 533 quaecunque
3034 467 3305 535 percepta
3353 464 3537 521 forent
3581 466 3778 536 injuste
3817 487 3905 525 ru-

430 551 644 607 cendos
694 551 833 620 (Lib.
867 568 919 619 v,
951 568 1038 621 ep.
1070 552 1164 622 5);
1200 551 1354 622 quod
1397 551 1689 605 decretum
1742 550 1840 621 qui
1896 550 2137 620 exsequi

432 639 816 712 negligerent,
848 640 1135 696 bonorum
1169 655 1235 695 ac
1265 640 1618 711 dignitatum
1653 638 1973 709 privatione
2007 654 2135 694 esse

425 732 788 802 plectendos.
829 732 1108 787 Laudavit
1157 746 1305 802 papa
1340 728 1624 785 Dominici
1670 729 1898 797 zelum;
1945 745 2134 800 neque

436 826 636 877 tamen
663 820 823 876 omni
855 835 923 875 ex
956 824 1116 891 parte
1144 820 1412 891 probavit
1434 820 1735 874 decretum
1766 820 1833 875 de
1875 818 2131 890 spolian-

425 911 516 966 dis
548 910 648 981 qui
676 908 1067 980 negligentius
1091 908 1199 963 hac
1225 908 1283 963 in
1310 924 1369 962 re
1394 908 1798 964 incumberent
1818 908 2131 979 episcOpis.

423 998 764 1069 Resipuisse
796 999 1030 1053 tandem
1057 1000 1388 1052 Donatistas
1419 1002 1521 1053 aut
1562 998 1638 1067 (a)
1672 996 1957 1068 quievisse
1980 997 2133 1053 232

421 1090 556 1145 inde
586 1094 983 1157 autumamus,
1018 1090 1171 1161 quod
1204 1093 1447 1146 sanctus
1480 1090 1738 1160 pontifex
1769 1090 1839 1145 ad
1873 1088 2135 1145 Domini-

422 1196 556 1234 cum
590 1186 643 1235 et
673 1180 747 1235 ad
778 1180 924 1236 alios
954 1181 1158 1235 Africm
1190 1184 1315 1235 tum
1339 1180 1644 1251 episcopos
1670 1189 1791 1234 tum
1824 1180 2133 1250 imperato-

422 1270 504 1325 ris
567 1269 869 1325 ministros
919 1269 1190 1341 deinceps
1240 1270 1607 1340 frequentius
1658 1268 1940 1333 scribens,
1994 1284 2134 1323 nus-

423 1374 599 1429 quam
626 1360 695 1415 de
725 1358 844 1416 illis
876 1360 1211 1416 coercendis
1243 1359 1495 1430 amplius
1527 1367 1680 1431 agat,
1706 1364 1837 1431 post
1867 1358 2133 1415 indictio-

421 1464 555 1505 nem
579 1466 695 1505 Χῐν.

493 1540 543 1593 4.
580 1538 722 1594 Cum
754 1542 959 1594 caetera
983 1555 1109 1611 quae
1142 1539 1399 1610 primum
1442 1538 1780 1610 Gregoriani
1832 1536 2133 1609 pontiﬁca-

421 1632 518 1685 tus
541 1644 759 1684 annum
792 1630 1224 1693 commendant,
1266 1629 1468 1684 fusiori
1513 1628 1660 1700 stylo
1704 1628 1975 1698 prosequi
2018 1643 2133 1682 non

420 1720 615 1787 liceat,
651 1721 912 1791 quadam
937 1723 1167 1774 tantum
1201 1736 1267 1774 ex
1295 1720 1420 1789 ejus
1452 1718 1715 1789 epistolis
1749 1717 2007 1772 nondum
2041 1733 2135 1771 su-

2242 548 2401 605 stieis
2432 551 2661 607 abunde
2698 553 2944 607 restitui.
2977 553 3124 616 Quin
3158 552 3334 609 etiam
3371 552 3586 610 veritus
3627 572 3690 611 ne
3726 558 3901 615 Petrus

2243 639 2352 695 sibi
2379 643 2650 697 mandata
2673 643 2868 697 minus
2899 646 3131 699 strenue
3161 643 3448 713 impleret,
3479 645 3754 714 judicium
3782 648 3904 703 ulti-

2244 746 2403 786 mum
2430 732 2479 787 ei
2513 736 2923 803 comminatur,
2951 740 3003 787 et
3045 733 3133 789 his
3165 734 3356 791 verbis
3405 733 3641 804 epistola
3678 736 3904 793 claudit:

2245 822 2371 878 Vide
2399 832 2459 878 ut
2512 825 2698 880 omnia
2743 826 2941 895 absque
2993 824 3376 879 imminutione
3422 824 3677 890 custodia,
3709 829 3827 897 quia
3854 828 3912 882 de

2240 911 2325 965 his
2356 928 2480 983 qua?
2512 914 2614 969 tibi
2641 932 2742 986 pro
2773 914 3041 969 servanda
3082 914 3298 979 iustitia
3334 913 3506 969 scribo
3533 930 3627 982 ego
3669 916 3912 987 absoluor,

2241 1009 2290 1056 et
2322 1011 2379 1056 tu
2411 1004 2461 1057 si
2478 1004 2710 1073 negligis
2741 1002 3024 1074 obligaris.
3052 1002 3371 1059 Terribilem
3390 1002 3635 1057 Iudicem
3654 1003 3917 1061 considera

2240 1093 2565 1154 venientem,
2598 1092 2744 1147 etde
2801 1092 3035 1147 adventu
3086 1091 3243 1147 illius
3289 1106 3438 1147 nunc
3487 1095 3583 1146 tua
3613 1093 3919 1149 conscientia

2240 1185 2644 1250 contremiscat,
2679 1199 2745 1238 ne
2769 1188 2899 1238 tunc
2929 1183 3051 1239 sine
3091 1200 3258 1238 causa
3300 1184 3427 1253 jam
3456 1182 3659 1249 timeat,
3688 1199 3803 1238 cum
3838 1200 3917 1239 co-

2238 1286 2361 1325 ram
2382 1269 2480 1325 illo
2502 1270 2693 1324 caelum
2723 1278 2773 1326 et
2805 1279 2950 1327 terra
3001 1272 3314 1327 tremuerit.
3347 1269 3565 1326 Audisti
3593 1270 3732 1342 quod
3773 1272 3877 1327 volo
3906 1287 3922 1326 :

2237 1360 2358 1415 vide
2380 1360 2510 1430 quid
2539 1377 2692 1430 agas.

2307 1451 2361 1504 6.
2397 1453 2460 1506 In
2492 1452 2696 1506 eadem
2726 1450 2971 1522 epistola
3000 1450 3209 1521 legitur
3255 1451 3544 1507 Joannem
3594 1451 3920 1508 monachum

2240 1541 2447 1596 mortis
2505 1541 2855 1611 proximum,
2899 1541 3210 1597 Fantinum
3255 1541 3617 1597 defensorem
3657 1540 3923 1596 heredem

2239 1630 2298 1684 in
2324 1647 2421 1686 sex
2454 1630 2677 1697 uncias,
2713 1631 2820 1687 hoc
2846 1636 2933 1686 est
2964 1632 3022 1685 in
3058 1630 3357 1686 dimidiam
3406 1630 3690 1687 bonorum
3724 1638 3927 1701 partem

2240 1720 2584 1775 instituisse.
2608 1722 2768 1784 Quod
2798 1737 2911 1776 non
2943 1720 3236 1791 improbat
3270 1720 3328 1774 S.
3356 1719 3693 1790 Gregorius.
3725 1719 3801 1774 Ne
3844 1724 3928 1774 ta-

428 1826 535 1880 pra
564 1808 835 1864 delibatis
860 1809 1239 1879 decerpemus
1268 1812 1467 1864 notatu
1504 1807 1784 1877 digniora.
1818 1806 2134 1877 Episcopos
2168 1834 2211 1897 Β
2244 1826 2376 1865 men
2410 1810 2546 1865 inde
2568 1810 2785 1866 inferas
2816 1810 3053 1866 licuisse
3094 1815 3234 1865 tunc
3285 1808 3592 1865 monachis
3647 1813 3934 1864 testamen-

427 1898 664 1953 nonnisi
696 1915 729 1953 a
761 1899 981 1969 synodo
1008 1897 1261 1967 judicari
1305 1897 1504 1960 voluit,
1531 1897 1761 1952 etiarnsi
1803 1896 2127 1966 graviorum

429 2004 714 2044 noxarum
746 1988 827 2042 rei
877 1989 1085 2050 forent,
1137 1992 1198 2043 ut
1240 1988 1297 2043 in
1331 2003 1505 2043 causa
1554 1986 1783 2054 Blandi,
1830 1985 2131 2042 Hortensis

423 2078 704 2150 episcopi,
731 2095 843 2134 non
872 2078 1115 2135 obscure
1138 2078 1607 2150 sigificavit(Lib.
1646 2096 1682 2144 ι,
1709 2094 1798 2148 ep.
1821 2077 1931 2148 33).

492 2169 667 2239 Septa
713 2166 1103 2223 ecclesiastica
1145 2172 1282 2223 tunc
1322 2168 1520 2223 habita
1562 2184 1663 2239 pro
1708 2166 1886 2239 asylis
1928 2166 2134 2238 probat

421 2257 665 2330 epistola
695 2257 785 2312 37.
822 2257 953 2320 Quae
976 2273 1108 2312 vero
1139 2256 1268 2312 loca
1304 2272 1404 2328 per
1451 2265 1603 2328 septa
1632 2257 1998 2313 ecclesiastica
2030 2257 2133 2311 de-

419 2349 598 2404 beant
631 2346 896 2419 intelligi,
927 2348 1135 2403 docent
1169 2352 1314 2403 nota:
1348 2348 1417 2401 ad
1455 2347 1601 2402 hanc
1632 2348 1962 2418 epistolam.

494 2442 639 2496 Cum
686 2456 720 2495 a
766 2439 1011 2510 strepitu
1068 2440 1281 2495 forensi
1338 2439 1590 2494 multum
1655 2440 1994 2495 abhorreret
2041 2439 2133 2495 vlr

423 2530 855 2598 sanctissimus,
888 2529 934 2583 si
959 2545 1073 2599 qua
1118 2529 1388 2601 litigandi
1432 2534 1761 2585 occurreret
1791 2530 2017 2585 occasio
2040 2530 2129 2585 in-

418 2624 507 2675 ter
553 2619 881 2691 episcopos,
916 2618 1175 2684 clericos,
1219 2618 1559 2685 monachos,
1584 2619 1760 2674 etiam
1806 2619 1985 2674 laicos
2024 2635 2130 2675 no-

422 2710 593 2778 biles,
620 2708 907 2766 suadebat
940 2714 1004 2763 ut
1034 2726 1135 2778 pro
1168 2711 1569 2779 componenda
1601 2710 1990 2765 controversia
2028 2710 2131 2766 eli-

420 2805 702 2871 gerentur
734 2798 937 2855 arbitri
969 2799 1065 2869 qui
1089 2798 1248 2853 nullo
1271 2797 1357 2855 vel
1381 2799 1627 2855 minimo
1650 2799 2131 2872 sumptu,praeci-

416 2890 499 2944 sis
531 2888 912 2944 dilationibus
942 2888 1347 2952 frustratoriis,
1373 2889 1472 2958 jus
1521 2889 1727 2958 cuique
1774 2889 2128 2960 litigentium

414 2977 762 3032 tribuerent.
794 2977 947 3046 Ipse,
978 2977 1025 3031 si
1050 2994 1166 3046 qua
1197 2977 1446 3032 oriretur
1467 2978 1708 3047 quastio
1741 2979 1810 3032 de
1834 2978 2051 3033 finibus
2072 2983 2130 3034 et

418 3067 640 3131 fundis,
663 3067 815 3123 inter
844 3070 1067 3122 actores
1099 3066 1364 3122 Ecclesia
1400 3066 1669 3123 Romamn
1700 3067 1798 3138 qui
1832 3068 1957 3137 ejus
1990 3084 2129 3138 prte-

419 3158 518 3211 dia
567 3156 866 3224 curabant,
927 3160 985 3211 et
1038 3156 1362 3212 vicinorum
1416 3173 1686 3228 agrorum
1734 3173 2122 3228 possessores,

417 3246 761 3316 hujusmodi
811 3245 1038 3315 judices
1089 3245 1225 3316 eligi
1265 3245 1506 3303 volebat.
1558 3249 1680 3313 Quo
1730 3247 1924 3302 animo
1973 3253 2128 3304 esset

418 3352 552 3405 erga
593 3335 746 3405 lites,
776 3351 891 3391 non
917 3334 1105 3407 potuit
1134 3335 1346 3391 melius
1382 3337 1621 3407 prodere
1660 3352 1837 3408 quam
1875 3337 1964 3391 his
1994 3353 2126 3392 ver-

416 3425 542 3481 bis:
587 3426 704 3480 Non
760 3424 941 3480 solum
989 3442 1275 3496 nunquam
1314 3432 1467 3482 mota
1524 3428 1787 3482 suscitari
1836 3428 2126 3488 volumus;

417 3532 602 3572 verum
627 3516 799 3571 etiam
822 3532 947 3587 quae
964 3533 1137 3588 prava
1160 3516 1298 3587 foris
1328 3518 1721 3587 admoventur,
1752 3520 1938 3589 sopire
1952 3517 2129 3574 modis

425 3606 685 3663 omnibus
704 3608 1027 3676 [estinamus
1062 3606 1200 3675 (Lib.
1235 3624 1271 3676 ι,
1303 3623 1386 3677 ep.
1408 3607 1487 3677 9).

490 3700 714 3763 Quanto
765 3696 954 3751 studio
1006 3697 1324 3752 monachos
1383 3716 1415 3752 a
1464 3698 1791 3753 forensibus
1840 3697 2039 3768 litigiis
2076 3702 2133 3754 et

422 3788 771 3860 strepitibus
803 3792 1031 3843 curaret
1060 3788 1404 3845 submovere
1440 3792 1689 3845 testatur
1719 3790 1846 3860 ejus
1890 3788 2134 3860 epistola

423 3880 530 3935 69:
558 3893 689 3934 cum
720 3878 874 3934 enim
904 3878 1157 3934 Joannes
1185 3879 1365 3934 abbas
1399 3878 1511 3950 ipsi
1534 3878 1921 3951 suggessisset
1951 3878 2133 3951 pluri-

427 3984 526 4024 ma
558 3984 619 4024 se
651 3967 860 4024 habere
882 3985 985 4039 pro
1018 3969 1365 4024 monasterio
1398 3984 1501 4024 suo
1529 3969 1781 4040 negotia,
1815 3968 2027 4039 quibus
2050 3968 2135 4022 in-

2156 3202 2198 3268 C

310 4130 315 4135 λ
408 4059 661 4114 'tendere
709 4059 802 4114 vix
861 4062 1052 4129 posset
1100 4059 1246 4113 citra
1289 4058 1571 4131 regularis
1626 4059 2004 4114 observantia
2043 4058 2132 4113 di-

425 4148 734 4219 spendium
767 4148 1054 4218 optimum
1088 4147 1270 4204 visum
1300 4157 1387 4203 est
1418 4148 1653 4218 provido
1686 4147 1836 4218 patri
1864 4150 1923 4201 ut
1957 4146 2133 4216 hujus

426 4239 763 4293 monasterii
786 4238 984 4293 tuendi
1017 4246 1219 4293 contra
1250 4236 1550 4308 litigantes
1590 4252 1728 4291 cura
1768 4236 2135 4292 commenda-

428 4330 588 4379 retur
618 4326 697 4395 (b)
730 4327 957 4381 cuidam
992 4326 1225 4387 Fausto,
1259 4326 1505 4381 Romani
1537 4326 1872 4396 expreetoris
1902 4323 2135 4380 Cancel-

430 4412 597 4477 lario,
630 4414 798 4482 eique
819 4416 1086 4469 saterium
1112 4432 1212 4485 pro
1253 4415 1520 4485 impensa
1550 4431 1723 4487 opera
1763 4415 2136 4471 constituere-

429 4504 543 4555 tur.
580 4501 805 4569 Expedit
826 4504 991 4570 enim,
1019 4503 1224 4573 inquit,
1256 4521 1423 4574 parvo
1470 4505 1814 4560 incommodo
1844 4522 1876 4559 a
1906 4506 2136 4574 strepitu

428 4606 722 4647 causarum
761 4606 939 4647 servos
986 4592 1085 4647 Dei
1123 4592 1331 4662 quietos
1364 4594 1615 4663 existere,
1658 4598 1798 4649 utet
1863 4593 2139 4649 utilitates
2171 4574 2216 4639 D

429 4681 579 4737 cellae
607 4696 707 4752 per
733 4681 1135 4751 negligentiam
1176 4698 1285 4736 non
1324 4688 1574 4753 pereant,
1623 4689 1675 4739 et
1712 4699 1993 4739 servorum
2042 4685 2139 4739 Dei

434 4779 639 4829 mentes
669 4770 739 4827 ad
785 4786 917 4843 opus
977 4773 1319 4827 Dominicum
1371 4773 1655 4829 liberiores
1694 4775 1957 4829 existant.
2011 4773 2141 4829 Haec

433 4863 663 4919 videtur
708 4862 900 4933 prima
942 4862 1566 4919 commendatariorum
1613 4864 1893 4920 abbatum
1947 4864 2136 4935 origo;

434 4952 534 5024 qui
559 4952 781 5008 utinam
807 4951 951 5008 tales
983 4954 1166 5008 forent
1199 4958 1263 5008 ut
1293 4968 1485 5009 servos
1515 4953 1617 5009 Dei
1648 4955 1719 5008 ab
1742 4955 2014 5009 omnibus
2035 4969 2138 5010 ne-

430 5043 607 5115 gotiis
637 5042 980 5113 eximerent,
1014 5059 1128 5099 non
1160 5042 1219 5097 in
1255 5042 1385 5098 lites
1417 5043 1851 5114 immergerent.

500 5133 555 5185 5.
590 5133 653 5188 In
686 5148 775 5205 ep.
804 5133 1080 5190 411.Petro
1121 5133 1507 5201 subdiacono,
1541 5132 1817 5204 pleraque
1874 5133 2137 5189 Ecclesiae

430 5222 787 5290 patrimonia
820 5225 876 5280 in
899 5224 1097 5281 Sicilia
1118 5228 1369 5293 curanti,
1394 5224 1649 5295 praecipit
1676 5224 1985 5279 emendare
2014 5225 2139 5295 plu-

430 5309 611 5366 rimas
643 5315 1094 5371 consuetudines
1120 5316 1333 5387 quibus
1374 5314 1643 5370 Ecclesiae
1682 5313 1915 5369 colonos
1946 5314 2138 5370 vexari

499 5522 571 5591 (a)
608 5522 762 5596 Lege
788 5521 1217 5596 Donatistarum
1256 5525 1559 5581 historiam
1592 5525 1919 5581 novissimae
1947 5526 2139 5596 Optati

428 5609 669 5665 operum
700 5594 938 5648 editioni
974 5595 1229 5648 additam
1261 5602 1317 5650 et
1350 5598 1665 5665 praeﬁxum,
1700 5599 1757 5651 in
1788 5598 1921 5652 fine.

500 5664 574 5734 (b)
610 5665 1061 5737 Qe‘hujusmodi
1084 5664 1464 5737 procuratore
1487 5669 1645 5737 loqui
1669 5669 1893 5724 videtur
1917 5669 1974 5723 S.
2002 5669 2140 5725 Gre-

430 5751 555 5807 gor.
582 5734 972 5810 adJoannem
1006 5735 1272 5790 abbatem
1298 5734 1689 5810 scribens—lib.
1725 5757 1809 5808 Ill,
1843 5756 1933 5810 ep.
1966 5742 1998 5794 3
2036 5758 2047 5793 :
2078 5743 2139 5795 In

435 5805 619 5865 causis
650 5805 770 5862 istis
794 5822 816 5869 ;
845 5815 1257 5878 procuratorem
1287 5808 1531 5872 institue,
1563 5813 1614 5864 et
1645 5819 1701 5866 tu
1738 5805 1809 5864 ad
1856 5805 2140 5867 lectionem

2242 1903 2363 1953 tum
2396 1900 2661 1969 condere,
2697 1899 2820 1971 lege
2843 1904 3039 1954 notam
3081 1916 3198 1969 qua
3248 1900 3441 1955 locum
3494 1898 3654 1954 hunc
3694 1897 3931 1953 illustra-

2239 1989 2450 2045 vimus.
2514 1989 2763 2045 Consule
2830 2005 3062 2061 quoque
3107 1994 3366 2045 nostram
3433 1987 3837 2043 Mabillonium
3882 1989 3935 2042 in

2239 2078 2445 2134 Annal.
2483 2080 2689 2135 Bened.
2732 2078 2805 2134 ad
2862 2095 2955 2135 an.
2988 2079 3115 2146 599,
3148 2095 3312 2134 num.
3345 2078 3434 2145 31,
3468 2082 3530 2133 et
3579 2077 3645 2132 ad
3698 2094 3788 2133 an.
3816 2076 3932 2145 601,

2240 2186 2401 2225 num.
2433 2172 2487 2225 6.

2310 2260 2361 2315 7.
2394 2260 2472 2314 Ex
2505 2260 2741 2315 laudata
2769 2259 3014 2331 epistola
3044 2262 3406 2332 compertum
3439 2258 3729 2315 habemus
3777 2271 3938 2328 quam

2241 2348 2486 2404 sollicite
2532 2350 2590 2405 S.
2639 2350 2950 2421 Gregorius
3002 2357 3247 2409 caveret.
3306 2365 3379 2404 ne
3430 2347 3476 2403 ii
3542 2364 3789 2420 quorum
3841 2346 3941 2401 mi-

2238 2439 2479 2495 nisterio
2520 2440 2579 2494 in
2635 2440 2907 2496 Ecclesiae
2948 2439 3194 2511 negotiis
3239 2439 3541 2507 utebatur,
3577 2439 3637 2494 in
3688 2436 3943 2493 sacerdo-

2239 2532 2366 2583 tum
2396 2532 2451 2584 et
2507 2528 2758 2585 aliorum
2811 2530 3157 2585 clericorurn
3202 2529 3566 2601 lapsorume
3616 2543 3723 2584 suo
3779 2524 3946 2598 gradu

2238 2620 2598 2689 dejectorum
2623 2620 2774 2675 bona
2809 2619 3172 2686 invaderent,
3206 2620 3362 2674 unde
3404 2634 3556 2674 sane
3587 2631 3759 2690 grave
3788 2631 3946 2672 scan-

2239 2707 2439 2763 dalum
2465 2709 2597 2764 oriri
2623 2708 2939 2780 potuisset;
2965 2708 3244 2764 nimirum
3269 2709 3349 2764 ita
3369 2708 3584 2779 dejecti
3608 2707 3757 2763 haud
3780 2704 3942 2761 dubie

2238 2800 2545 2871 conquesti
2590 2799 2845 2856 fuissent
2894 2816 2955 2855 se
2988 2799 3114 2856 ideo
3156 2799 3278 2855 loco
3321 2803 3543 2866 motos,
3576 2802 3634 2855 et
3674 2798 3745 2854 ad
3776 2794 3946 2866 poeni-

2240 2887 2479 2942 tentiam
2527 2886 2584 2941 in
2628 2887 2983 2943 monasteria
3032 2886 3320 2947 detrusos,
3355 2890 3422 2942 ut
3478 2902 3589 2942 sua
3629 2885 3798 2951 bona,
3832 2897 3942 2938 sua;

2238 2977 2540 3033 facultates
2558 2977 2987 3049 pontificiorum
3006 2977 3406 3033 ministrorum
3428 2976 3650 3047 praedae
3670 2974 3941 3045 paterent.

2236 3063 2503 3120 Decernit
2531 3080 2667 3135 ergo
2698 3066 2756 3122 S.
2781 3065 3094 3137 Gregorius
3135 3068 3199 3119 ut
3235 3080 3442 3120 eorum
3502 3063 3680 3131 bona,
3710 3060 3793 3117 vel
3824 3074 3939 3114 mo-

2237 3155 2509 3212 nasteriis
2529 3154 2589 3211 in
2610 3156 2825 3225 quibus
2846 3153 3243 3225 paenitentiam
3268 3158 3479 3225 agunt,
3494 3154 3730 3222 cedant,
3748 3148 3832 3206 vel
3854 3163 3944 3203 so-

2238 3262 2367 3301 rum
2394 3244 2728 3316 parentibus
2743 3246 2951 3301 dentur
2967 3261 2979 3300 :
2998 3246 3075 3299 ita
3096 3248 3279 3299 tamen
3302 3253 3363 3299 ut
3385 3259 3595 3299 eorum
3616 3238 3944 3314 stipendium

2236 3337 2331 3407 qui
2382 3336 2445 3391 in
2497 3337 2877 3408 paenitentiam
2920 3335 3037 3391 dati
3089 3336 3319 3405 fuerint,
3369 3333 3726 3406 sufﬁcienter
3771 3330 3949 3386 debeat

2233 3427 2558 3497 procurari;
2602 3423 2691 3480 vel
2723 3425 2771 3480 si
2803 3442 2870 3481 ex
2905 3423 3297 3480 ecclesiastica
3342 3422 3573 3478 fuerint
3613 3418 3832 3477 familia
3875 3415 3953 3470 illi

2238 3514 2412 3587 lapsi,
2444 3531 2534 3571 res
2571 3531 2770 3571 eorum
2801 3513 3191 3571 ecclesiastico
3216 3513 3332 3584 juri
3365 3530 3491 3569 non
3515 3511 3955 3573 subtrahantur,

2242 3610 2469 3661 servata
2500 3605 2911 3677 paenitentibus
2960 3604 3325 3660 alimentaria
3366 3603 3684 3673 pensione.
3717 3596 3958 3655 Consule

2243 3701 2409 3751 notas
2437 3695 2512 3751 ad
2544 3696 2699 3750 hunc
2722 3694 2965 3749 laudataa
2998 3692 3250 3763 epistolae
3279 3691 3508 3749 locum.

2314 3788 2367 3841 8.
2399 3789 2627 3850 Quanta
2661 3784 2994 3841 celebritate
3040 3788 3180 3839 tunc
3228 3782 3314 3840 vel
3346 3781 3762 3839 oratoriorum
3804 3776 3961 3834 dedi-

2244 3876 2525 3931 cationem
2563 3876 2786 3941 ﬁerent,
2818 3878 2873 3931 et
2905 3890 3029 3945 quae
3061 3873 3232 3928 hisin
3268 3872 3432 3929 festis
3468 3878 3631 3929 esset
3664 3871 3726 3927 in
3760 3881 3963 3942 paupe-

2244 3982 2333 4022 res
2366 3965 2769 4021 munificentia
2800 3965 2965 4021 docet
2989 3980 3081 4035 ep.
3112 3964 3202 4019 56.
3235 3962 3666 4019 Dedicationes
3697 3958 3965 4017 ecclesia—

2244 4073 2374 4111 rum
2409 4060 2465 4111 et
2495 4055 2879 4111 oratoriorum
2906 4054 3030 4110 sine
3060 4052 3239 4109 sacris
3278 4053 3560 4125 reliquiis
3601 4069 3738 4123 quae
3787 4050 3841 4103 in
3890 4048 3966 4101 eis

2243 4145 2633 4201 conderentur
2660 4144 2750 4199 vix
2784 4144 3018 4200 fiebant.
3062 4142 3294 4198 Nullum
3319 4146 3548 4212 autem,
3575 4142 3696 4199 sibi
3729 4138 3970 4197 colloca-

2245 4235 2481 4304 bantur,
2526 4234 2596 4306 (c)
2638 4250 2850 4305 corpus
2900 4233 3065 4304 prius
3114 4233 3427 4287 humatum
3472 4231 3669 4288 fuisse
3719 4230 3972 4284 constare

2246 4323 2741 4394 oportebat;sane
2790 4324 3027 4393 Optimis
3076 4324 3145 4378 de
3183 4322 3398 4388 causis,
3447 4326 3519 4376 ut
3563 4320 3893 4392 explicatur
3921 4313 3974 4369 in

2246 4417 2364 4468 not.
2400 4414 2470 4469 ad
2522 4429 2611 4484 cp.
2644 4412 2714 4468 54
2754 4413 2854 4467 lib.
2898 4430 2938 4467 1.
2979 4414 3040 4467 In
3092 4411 3265 4467 Italiae
3320 4409 3655 4482 provinciis
3707 4409 3974 4464 Romanae

2248 4503 2665 4573 seditanquam
2694 4501 3152 4574 metropolitanae
3183 4501 3403 4555 arctius
3438 4499 3763 4556 adstrictis
3796 4493 3979 4552 nullas

2248 4598 2386 4650 tunc
2444 4595 2627 4650 factas
2676 4593 2855 4651 fuisse
2912 4592 3259 4665 templorum
3325 4590 3825 4648 consecrationes
3872 4598 3977 4640 non

2244 4685 2417 4740 audet
2440 4700 2697 4741 asserere
2719 4682 3112 4740 Mabillonius.
3139 4684 3203 4737 In
3239 4682 3391 4737 hanc
3414 4688 3630 4738 tamen
3652 4676 3985 4737 sententiam

2246 4774 2411 4831 valde
2442 4775 2781 4847 propendet,
2815 4789 2920 4829 nec
2951 4773 3263 4829 immerito.
3289 4774 3359 4827 At
3386 4772 3465 4827 de
3498 4772 3620 4827 hoc
3642 4769 3980 4841 argumento

2246 4866 2384 4921 alibi
2418 4868 2661 4922 fortasse
2679 4865 3062 4937 opportunior
3082 4864 3191 4921 erit
3226 4862 3465 4919 dicendi
3514 4862 3719 4919 locus.
3746 4855 3984 4917 interim

2246 4956 2370 5027 lege
2402 4973 2490 5027 ep.
2517 4957 2584 5010 37
2622 4956 2723 5013 lib.
2747 4972 2799 5014 ν.

2822 5084 2973 5141 233
3006 5082 3235 5139 CAPUT
3256 5081 3373 5136 VII.

2242 5214 2671 5278 An_ouuaarun.—-
2701 5210 2745 5260 1.
2785 5211 3039 5278 De_causa_
3066 5210 3265 5278 Natalis
3295 5207 3548 5278 episcopi
3582 5204 3985 5278 Salonium.—

2305 5276 2350 5323 2.
2388 5278 2807 5325 Archidiaconus
2831 5275 2896 5323 ab
2921 5289 2982 5325 eo
3013 5275 3262 5338 dejectus
3282 5270 3658 5338 apostolicam
3686 5270 3871 5338 aedem
3894 5278 3986 5338 ap-

2308 5338 2489 5398 pellat.
2527 5366 2589 5375 —-—
2629 5338 2675 5386 3.
2700 5338 2827 5395 Quae
2856 5329 3448 5399 responderitiNat‘alis.
3508 5333 3834 5397 Reaipiscit.
3856 5329 3980 5399 —4_-

2307 5394 2399 5449 illo
2431 5407 2639 5451 mortuo
2674 5394 2733 5449 S.
2759 5394 3048 5463 Gregorius
3078 5400 3143 5448 de
3175 5396 3421 5461 eligendo
3450 5394 3788 5447 successore
3816 5394 3981 5443 curat.

2242 5599 2295 5649 et
2326 5592 2393 5648 ad
2423 5592 2725 5648 oralionem
2750 5608 2905 5647 vaca.

2315 5666 2381 5735 (c)
2408 5666 2474 5745 _Id_
2512 5664 2727 5745 centies
2762 5661 3045 5745 repetitG.
3079 5658 3443 5745 Gregorius,
3464 5656 3708 5715 scilicet
3728 5655 3999 5745 omnibus

2243 5738 2301 5792 in
2323 5729 2613 5806 epistolis,
2652 5737 2709 5790 in
2743 5729 2959 5806 quibus
2990 5734 3061 5787 de
3081 5729 3371 5806 temploru
3396 5744 3461 5785 In
3487 5729 4003 5787 oonsecrationeet

2246 5804 2627 5880 reliquiarum
2653 5804 3027 5863 collocatione
3060 5804 3198 5877 agit.
