4106 6174
228 233 333 292 313

661 233 725 292 S.
774 229 1150 292 GREGORII
1196 228 1440 292 MAGNI
1484 230 1691 303 VITA,
1740 230 1842 292 EX
1891 230 2080 293 EJUS
2126 231 2479 295 SCRIPTIS
2526 232 2975 294 ADORNATA.
3022 233 3171 294 LlB.
3220 236 3294 295 Il.

3622 231 3740 295 3M

280 367 496 441 Electus
519 370 598 417 est
641 366 946 441 ﬁpnoratus
991 364 1420 441 prcbidiagonus.
1456 365 1613 441 -ηὖι
1636 365 1925 441 Mauricius}
1960 368 2009 434 Α
2042 383 2146 423 nos
2179 370 2588 424 commendata
2608 368 2885 441 leguntur
2908 372 2964 424 et
2983 368 3259 437 laudata;
3288 368 3399 425 sibi
3423 369 3740 424 tribulatio-

282 431 568 489 imperator
592 430 773 478 mitius
792 444 911 479 cum
932 426 1285 492 schismaticis
1300 431 1423 492 agit.
1446 458 1505 465 —
1520 429 1568 477 6.
1596 428 1926 491 Langobardi

283 492 502 557 Romam
550 497 823 557 premunt.
848 520 910 528 —
948 493 997 542 7.
1030 489 1087 538 S.
1120 489 1401 557 Gregorius
1431 489 1755 557 Ezechielerm
1799 504 1931 557 pro-3

284 554 496 679 ἓιὶιέὅιὲας
549 552 791 618 exponit.
848 558 1148 606 Luctuosus
1195 552 1378 609 Romre
1427 559 1611 605 status.
1666 552 1931 616 (An.'591

283 629 330 665 et
357 629 466 665 DUZ.

298 728 345 782 1.
379 726 545 781 Nunc
578 730 717 784 ordo
751 734 1411 804 rerumtemporumque
1433 728 1579 783 ratio
1613 724 1933 798 postulant,

232 824 285 870 ut
314 816 381 871 de
412 818 624 886 Natali,
672 820 1012 878 Salonitano
1053 823 1350 896 episcopo,
1390 818 1690 875 Dalmatica
1723 820 1931 872 metro-

233 906 508 977 politano,
562 907 891 979 loquamur.
949 912 1055 977 Qui
1119 929 1252 968 cum
1310 912 1585 967 adversus
1628 921 1927 963 summum

233 998 559 1068 pontiﬁcem
612 1001 711 1055 diu
771 1002 1134 1069 rebellasset,
1195 1002 1303 1058 hoc
1360 1000 1615 1058 secundo
1676 995 1932 1068 Gregorii

234 1103 395 1155 anno,
432 1088 503 1142 ad
530 1089 819 1147 saniorem
848 1097 1124 1161 mentem,
1144 1095 1269 1165 ejus
1298 1091 1516 1148 invicta
1537 1087 1932 1161 magnanimi-

234 1180 337 1231 tate
367 1193 433 1232 ac
469 1178 751 1249 patientia
774 1181 1120 1254 debellatus,
1186 1182 1429 1239 feliciter
1453 1180 1689 1235 tandem
1741 1178 1931 1233 rediit.

235 1263 327 1321 Hic
376 1267 683 1339 episcopus
741 1268 1054 1341 ferebatur,
1115 1271 1387 1343 pastorali
1444 1286 1585 1326 cura
1640 1266 1931 1335 derelicta,

236 1354 365 1410 solis
419 1373 625 1412 vacare
683 1360 984 1426 conviviis,
1025 1365 1104 1429 et,
1155 1363 1310 1433 quod
1342 1360 1569 1431 gravius
1630 1362 1737 1421 est.
1796 1373 1936 1412 vasa

236 1461 385 1500 Sacra
418 1447 851 1520 pretiosamque
902 1450 1167 1507 Ecclesiae
1224 1449 1664 1522 supellectilem,
1705 1464 1844 1504 suos
1877 1453 1937 1503 ut

236 1537 463 1603 ditaret,
516 1536 876 1595 distraxisse.
950 1540 1050 1595 Cui
1138 1540 1441 1610 sacrilegio
1492 1556 1624 1596 cum
1685 1538 1938 1594 obstaret

234 1623 560 1680 Honoratus
591 1626 1060 1697 archidiaconus,
1092 1631 1243 1700 quod
1267 1629 1394 1699 ejus
1426 1632 1579 1684 esset
1605 1644 1697 1683 res
1742 1640 1937 1682 sacras

237 1729 541 1783 asservare,
574 1714 797 1772 Natalis
827 1733 983 1785 eum,
1020 1726 1077 1773 ut
1109 1718 1180 1773 ab
1231 1717 1339 1773 hoc
1371 1717 1562 1773 ofﬁcio
1594 1719 1935 1783 removeret,

237 1803 470 1860 honoris
493 1806 846 1876 specie,licet
862 1808 1231 1873 renitentem,
1252 1807 1653 1879 presbyterum
1674 1806 1943 1862 ordinare

237 1892 406 1949 voluit
433 1910 447 1960 ;
484 1909 675 1965 neque
702 1896 857 1951 enim
883 1897 1191 1969 presbyter
1222 1901 1363 1952 tunc
1396 1896 1786 1954 archidiaconi
1820 1911 1943 1949 mu-

239 1997 365 2037 nere
418 1982 587 2053 fungi
634 1988 879 2053 poterat,
916 1988 978 2039 ut
1019 1984 1462 2040 observavimus
1504 1985 1752 2040 maxime
1783 1999 1848 2039 ex
1881 1983 1940 2037 S.

242 2073 417 2127 Leone
451 2076 511 2126 et
544 2072 735 2143 Apoll.
768 2072 1009 2130 Sidonio
1039 2072 1101 2130 in
1132 2074 1286 2130 netis
1318 2074 1391 2129 ad
1422 2073 1699 2147 epistolas
1721 2072 1946 2128 indica-

242 2167 343 2216 tas.
404 2161 765 2217 Sententiam
824 2179 992 2220 suam
1040 2164 1112 2219 de
1153 2163 1433 2219 Honorati
1499 2163 1815 2234 dejectione
1874 2162 1947 2217 ab

245 2252 716 2309 archidiaconatu
740 2254 797 2309 in
815 2254 1124 2326 provincias
1141 2271 1259 2310 sua:
1282 2254 1527 2312 concilio
1544 2260 1730 2311 ratam
1748 2254 1948 2310 haberi

245 2349 295 2400 et
324 2342 508 2416 gestis
541 2343 837 2415 synodicis
887 2346 1219 2402 conﬁrmari
1253 2348 1494 2402 curavit.
1533 2346 1755 2413 Quibus
1813 2360 1950 2401 sane

243 2433 390 2489 nihil
424 2433 708 2504 iniquius,
743 2432 889 2489 nihil
914 2433 1197 2490 insulsius
1230 2451 1245 2502 ;
1278 2436 1483 2491 eodem
1506 2437 1659 2492 enim
1702 2436 1948 2507 judicio,

248 2523 315 2577 ab
348 2521 745 2577 archidiaconi
792 2522 1119 2579 ministerio
1141 2528 1419 2595 tanquam
1453 2524 1733 2596 indignus
1774 2524 1955 2595 repel-

246 2612 479 2668 lebatur
523 2611 877 2681 Honoratus,
933 2621 985 2669 et
1028 2617 1091 2668 ut.
1136 2614 1351 2686 dignus
1384 2616 1453 2671 ad
1488 2614 1952 2686 presbyteratum

248 2702 683 2758 assumebatur.
714 2702 889 2774 (Vide
917 2704 1016 2760 lib.
1050 2720 1089 2770 1,
1113 2720 1232 2776 epp.
1268 2704 1331 2757 19
1359 2710 1410 2760 et
1438 2707 1548 2770 20;
1598 2702 1701 2759 lib.
1734 2722 1795 2772 ιι,
1833 2721 1954 2777 epp.

252 2793 339 2858 18,
376 2792 441 2845 19
471 2796 522 2846 et
542 2791 650 2859 20;
684 2791 781 2847 lib.
817 2809 878 2859 ιι,
910 2808 991 2864 ep.
1026 2792 1141 2865 32.)

357 2882 408 2935 2.
450 2882 525 2936 De
552 2882 611 2936 vi
661 2880 773 2936 sibi
806 2881 967 2937 illata
1015 2884 1137 2954 jam
1171 2884 1694 2955 expostulationem
1754 2884 1962 2941 fecerat

257 2971 614 3038 Honoratus,
676 2978 730 3025 et
764 2970 836 3026 ad
869 2970 1159 3044 Pelagium
1190 2989 1399 3045 papam
1442 2975 1781 3047 confugerat
1812 2992 1826 3035 ;
1861 2974 1961 3045 qui

255 3065 598 3130 utrumque,
631 3058 1135 3132 archiepiscopum
1160 3062 1427 3118 videlicet
1457 3061 1963 3120 archidiaconum-

2042 458 2206 512 nibus
2234 472 2416 527 presso
2446 457 2696 513 liberum
2739 473 2853 513 non
2877 474 3005 514 esse
3024 456 3259 515 lectioni
3290 474 3466 513 sacrae
3508 473 3742 529 operam

2042 548 2200 617 dare,
2233 553 2290 604 at
2328 563 2443 604 non
2484 548 2612 603 ideo
2644 548 3044 604 intermissum
3095 548 3522 621 praedicationis
3571 564 3739 619 opus.

2045 638 2191 703 Quid
2225 639 2293 693 de
2324 638 2479 694 vasis
2500 639 2682 695 sacris
2721 638 3035 706 distractis,
3065 640 3206 711 quid
3248 640 3318 695 de
3355 638 3642 695 Honorato
3675 637 3745 692 ab

2044 728 2515 785 archidiaconatu
2590 730 2789 785 avulso
2848 729 3234 801 responderit,
3301 729 3628 785 subticctur
3687 728 3746 782 in

2042 818 2283 890 epistola
2305 835 2481 889 quam
2513 820 2585 875 ad
2616 818 2887 875 eumdem
2919 818 3231 888 Gregorius
3262 818 3630 874 scribendam
3658 818 3749 887 ju—

2042 908 2275 977 dicavit,
2312 915 2369 964 ut
2400 908 2697 963 hominem
2729 912 3159 978 exasperatum,
3193 906 3263 964 de
3295 908 3519 964 sincera
3555 914 3747 963 tamen

2042 998 2371 1054 obedientia
2398 998 2802 1070 spondentem,
2837 998 2933 1069 pia
2970 997 3300 1053 humilitate
3331 996 3645 1067 mitigaret,
3684 1013 3750 1052 ac

2044 1089 2102 1144 in
2146 1088 2353 1160 spiritu
2390 1088 2668 1156 lenitatis,
2703 1089 2784 1143 uti
2836 1089 3003 1145 docet
3046 1087 3381 1160 Apostolus,
3412 1087 3747 1141 instrueret.

2042 1178 2414 1233 Admiremur
2432 1194 2564 1233 eum
2588 1178 2670 1234 ita
2691 1177 2943 1246 blandis,
2969 1178 3302 1233 efﬁcacibus
3320 1182 3511 1233 tamen
3538 1175 3749 1240 verbis,

2046 1266 2238 1323 oleum
2273 1268 2449 1323 simul
2485 1273 2541 1323 et
2576 1269 2779 1324 vinum
2818 1267 3034 1324 Natalis
3072 1268 3411 1324 vulneribus
3443 1266 3750 1322 infunden—

2046 1365 2159 1413 tem
2205 1375 2218 1413 :
2250 1360 2403 1423 Ecce,
2438 1357 2652 1429 inquit,
2681 1358 3011 1429 fraternitas
3059 1366 3155 1415 tua
3191 1374 3346 1431 aegre
3402 1356 3536 1411 tulit
3576 1371 3634 1410 se
3690 1354 3753 1408 de

2043 1449 2307 1504 conviviis
2338 1464 2448 1504 esse
2477 1449 2880 1520 reprehensam,
2912 1465 3038 1504 cum
3070 1465 3183 1521 ego,
3216 1450 3313 1520 qui
3340 1448 3442 1503 etsi
3472 1446 3612 1501 hanc
3638 1462 3752 1499 non

2045 1538 2180 1605 vita,
2212 1542 2395 1595 tamen
2426 1538 2541 1595 loco
2572 1539 2964 1609 transgredior,
3014 1540 3082 1594 ab
3128 1538 3382 1595 omnibus
3419 1534 3645 1607 corripi,
3685 1535 3751 1589 ab

2045 1630 2301 1685 omnibus
2328 1628 2616 1684 emendari
2639 1635 2878 1700 paratus
2906 1630 3011 1683 sim
3046 1629 3185 1697 (Lib.
3217 1644 3281 1695 ιι,
3305 1643 3393 1699 ep.
3433 1627 3547 1696 5‘2).
3580 1624 3756 1679 Addit

1969 1754 2016 1816 Β
2046 1721 2174 1787 post
2202 1716 2389 1773 multa
2421 1732 2435 1772 :
2468 1716 2618 1784 Quod
2662 1719 2715 1772 si
2742 1716 2968 1789 quilibet
3017 1732 3085 1771 ea:
3131 1722 3371 1786 quatuor
3409 1710 3749 1816 patriqrcliis

2046 1808 2259 1876 fecisset
2272 1804 2578 1877 (nimirum
2594 1806 2751 1862 sedis
2773 1805 3107 1877 apostolicae
3124 1800 3756 1875 despexissetjudicia),

2052 1898 2176 1952 sine
2219 1899 2539 1968 gravissimo
2596 1896 2854 1953 seandalo
2911 1900 3070 1953 tanta
3124 1897 3465 1953 contumacia
3522 1892 3761 1948 transire

2052 1987 2214 2043 nullo
2234 1986 2389 2044 modo
2436 1987 2726 2057 potuisset.
2765 1988 2959 2042 Tamen
2989 1990 3277 2058 postquam
3320 1982 3651 2056 fraternitas
3679 1996 3763 2037 ves

2052 2083 2167 2133 stra
2186 2078 2255 2133 ad
2275 2094 2433 2132 suum
2456 2076 2704 2134 ordinem
2732 2077 2920 2146 rediit,
2951 2093 3052 2133 nec
3081 2092 3175 2147 ego
3216 2091 3347 2132 mea
3379 2090 3477 2130 nec
3522 2072 3761 2129 decesso-

2056 2170 2132 2224 ris
2154 2168 2261 2224 mei
2282 2168 2514 2237 iniuriae
2532 2182 2739 2223 memor
2757 2184 2879 2222 sum
2899 2167 3104 2239 (lbid.).

2151 2257 2413 2328 Magnam
2446 2256 2721 2328 Gregorio
2752 2256 3010 2312 latitiam
3064 2254 3261 2311 attulit
3308 2251 3529 2309 Natalis
3579 2250 3764 2324 poeni-

2061 2348 2261 2414 tentia,
2303 2347 2374 2402 de
2418 2363 2535 2418 qua
2587 2347 2680 2403 bis
2728 2347 2919 2403 verbis
2947 2346 3251 2403 certiorem
3303 2343 3437 2402 fecit
3476 2343 3584 2399 hoc
3634 2341 3760 2413 ipso

2062 2452 2216 2494 anno
2244 2436 2531 2492 Joannem
2564 2436 2954 2493 Ravennatem
2990 2452 3004 2492 :
3053 2436 3127 2491 De
3152 2436 3336 2505 fratre
3378 2438 3556 2489 autem
3578 2437 3631 2486 et
3677 2445 3766 2485 co-

2063 2530 2305 2600 episcopo
2361 2532 2544 2583 nostro
2597 2526 2785 2583 Natali
2834 2527 2991 2583 valde
3056 2526 3454 2591 eontristabar,
3513 2521 3657 2593 quod
3702 2518 3769 2573 de

2067 2619 2163 2674 illo
2192 2616 2449 2690 quaedam
2493 2617 2727 2689 superba
2772 2633 3129 2686 cognoveram
3176 2637 3196 2684 ;
3251 2615 3341 2671 sed
3399 2615 3529 2684 quia
3592 2623 3769 2663 mores

2066 2726 2191 2767 suos
2221 2712 2337 2781 ipse
2376 2710 2644 2775 correxit,
2680 2725 2858 2766 meam
2910 2707 3200 2764 tristitiam
3264 2706 3431 2761 simul
3496 2701 3770 2772 meipsum

2068 2800 2328 2858 vincendo
2356 2800 2664 2857 consolatus
2683 2807 2763 2855 est
2784 2799 2923 2869 (Lib.
2960 2817 3022 2868 ιι,
3053 2814 3137 2870 ep.
3168 2797 3281 2869 52).

2141 2892 2194 2946 4.
2237 2889 2424 2945 Natali
2456 2889 2630 2961 paulo
2673 2893 2805 2961 post
2832 2906 2862 2945 e
2892 2888 3038 2945 vivis
3069 2886 3323 2955 sublato,
3359 2880 3669 2954 Gregorius
3700 2879 3769 2934 ad

2074 2978 2433 3036 Antoninum
2462 2979 2890 3036 subdiaconum
2919 2976 3172 3049 scripsit,
3206 2980 3269 3031 ut
3298 2976 3370 3031 de
3411 2968 3770 3029 successoris

2076 3070 2356 3129 electione
2400 3070 2690 3131 sollicitus
2737 3075 2911 3126 esset.
2945 3068 3012 3123 Et
3040 3066 3181 3138 quia
3237 3081 3305 3121 ex
3364 3064 3489 3133 ejus
3536 3057 3783 3132 epistola

258 3167 371 3221 que
402 3118 611 3205 adesse
641 3118 851 3205 saltem
870 3166 969 3221 per
991 3118 1394 3222 procuratores
1410 3152 1691 3223 jusserat,
1718 3160 1777 3208 ut
1809 3153 1878 3208 de
1899 3168 1956 3208 ea

2091 3118 2356 3233 maenaa;
2391 3118 2743 3221 eTebtionum
2774 3162 2916 3215 tunc
2962 3118 3118 3214 essjet
3156 3156 3338 3211 forma
3381 3118 3515 3207 licet
3562 3118 3782 3205 intelli-

260 3240 657 3296 controversia
698 3240 991 3310 judicium
1027 3242 1216 3298 ferret.
1274 3242 1535 3299 Natalem
1597 3248 1967 3300 cunctantem

260 3334 313 3385 et
346 3347 541 3385 moras
574 3334 903 3386 nectentem
938 3331 1145 3388 iterum
1181 3333 1249 3387 ad
1284 3349 1519 3389 causam
1551 3333 1856 3390 dicendam
1881 3350 1974 3390 vo-

263 3422 405 3476 cavit
430 3420 491 3476 S.
527 3420 833 3492 Gregorius
865 3424 1049 3492 primo
1080 3424 1173 3478 sui
1196 3424 1568 3495 pontiﬁcatus
1602 3441 1777 3494 anno,
1820 3440 1973 3495 prte-

263 3511 527 3582 cepitque
557 3513 618 3565 ut
646 3514 780 3565 ante
811 3512 1007 3567 omnia
1034 3512 1464 3569 Honoratumin
1492 3514 1807 3585 pristinum
1840 3529 1976 3585 gra-

264 3599 401 3655 dum
436 3600 789 3656 restitueret.
818 3602 982 3657 Anno
1013 3618 1146 3657 vero
1180 3603 1446 3672 sequenti
1478 3603 1872 3660 comminatus
1888 3606 1977 3657 est

266 3691 316 3745 ei
342 3691 500 3763 pallii
534 3690 940 3763 privationem,
965 3692 1013 3748 si
1032 3693 1435 3765 obtemperare
1449 3694 1746 3763 abnueret,
1782 3710 1846 3749 ac
1874 3695 1977 3749 de-

266 3798 429 3837 mum
464 3780 1155 3850 excommunicationem,
1190 3788 1249 3839 ut
1280 3799 1313 3838 a
1346 3799 1585 3855 corpore
1608 3788 1665 3839 et
1692 3783 1979 3855 sanguine

265 3870 501 3927 Domini
534 3873 689 3927 esset
738 3872 1063 3942 abstentus,
1101 3873 1212 3928 nisi
1244 3874 1392 3930 male
1438 3878 1566 3930 acta
1620 3872 1977 3930 emendaret.

270 3964 348 4016 De
378 3962 745 4037 episc0patu,
779 3980 851 4019 an
907 3962 967 4017 in
998 3961 1127 4034 ipso
1186 3979 1531 4035 permanere
1577 3964 1833 4023 deberet.
1868 3962 1980 4017 alio

276 4050 938 4126 deﬁniendumjudicio
987 4056 1317 4109 reservavit.
1376 4054 1654 4110 Praeterea
1680 4054 1739 4109 in
1789 4052 1981 4109 locum

273 4138 559 4199 Honorati
592 4144 924 4199 ordinatum
973 4141 1447 4199 archidiaconum
1481 4143 1835 4216 depositione
1868 4142 1985 4213 ple-

271 4235 552 4289 ctendum
588 4234 839 4302 censuit,
870 4238 925 4290 et
956 4233 1006 4289 si
1040 4233 1189 4290 ultra
1209 4234 1317 4289 hoc
1350 4234 1408 4289 in
1440 4233 1629 4290 ofﬁcio
1653 4234 1987 4291 ministrare

273 4329 685 4392 praesumeret,
719 4340 895 4380 sacras
925 4323 1354 4380 communionis
1385 4328 1665 4381 exsortem
1698 4340 1825 4381 esse
1858 4341 1987 4397 pro-

284 4415 605 4471 nuntiavit.

351 4504 429 4559 De
455 4505 549 4561 his
583 4504 899 4577 Gregorius
940 4504 1215 4562 certiores
1247 4505 1379 4563 fecit
1409 4507 1713 4565 universos
1758 4509 1989 4569 Dalma-

280 4595 371 4648 tia:
421 4597 731 4668 episcopos
761 4602 817 4652 et
850 4598 1173 4654 Antonium
1214 4599 1663 4672 subdiaconum,
1718 4604 1989 4661 ecclesia-

282 4683 407 4739 stici
435 4685 778 4756 patrimonii
810 4692 1092 4743 rectorem
1123 4688 1182 4742 in
1216 4689 1321 4747 bac
1354 4692 1670 4762 provincia,
1703 4695 1797 4751 cui
1822 4695 1995 4764 jubet

289 4770 472 4829 latam
497 4775 554 4829 in
581 4773 840 4830 Natalem
863 4780 920 4830 et
942 4775 999 4830 in
1028 4775 1316 4833 intrusum
1342 4780 1413 4835 ab
1436 4798 1501 4836 eo
1520 4783 1993 4841 archidiaconum

289 4864 664 4931 sententiam,
699 4863 931 4935 utrique
966 4867 1283 4936 praemissis
1320 4869 1849 4940 adhortationibus,
1883 4876 1994 4931 de-

299 4952 577 5009 nuntiare.
619 4952 702 5009 Ne
733 4970 862 5010 vero
891 4954 1158 5023 Jobinus,
1192 4956 1406 5029 Illyrici
1446 4962 1770 5033 praefectus,
1806 4963 1992 5023 Natali

304 5042 754 5110 patrocinaretur
795 5043 1034 5115 (sciebat
1060 5045 1215 5102 enim
1268 5064 1401 5104 eum
1434 5051 1815 5122 optimatibus
1846 5070 1993 5125 quos

309 5132 578 5189 conviviis
607 5132 932 5203 excipiebat
970 5150 1099 5190 esse
1147 5138 1508 5211 pergratum)
1540 5138 1706 5197 illum
1763 5142 1999 5215 scriptis

309 5217 502 5278 litteris
554 5223 778 5293 rogavit
826 5237 896 5277 ne
929 5239 1097 5295 opem
1130 5240 1222 5282 reo
1261 5230 1781 5299 contrajustitiam
1807 5234 2000 5290 ferret.

310 5308 459 5377 (Vide
487 5313 581 5368 lib.
615 5330 656 5383 ι,
687 5328 811 5385 epp.
849 5314 912 5367 19
940 5322 991 5370 et
1013 5316 1124 5385 20.)

374 5402 423 5458 3.
456 5402 675 5461 Natalis
704 5420 856 5476 aegre
898 5405 1032 5461 tulit
1082 5424 1288 5479 papam
1340 5410 1453 5466 sibi
1507 5428 1735 5481 pcenam
1768 5431 2003 5472 excom-

310 5493 712 5550 municationis
745 5510 873 5551 esse
916 5497 1358 5567 comminatum,
1391 5504 1448 5556 et
1478 5501 1537 5557 in
1595 5503 1688 5559 sui
1719 5505 2007 5562 defensio-

311 5600 437 5640 nem
477 5585 545 5639 ad
578 5600 709 5640 eum
744 5585 979 5658 scripsit
1009 5605 1023 5644 :
1057 5588 1319 5647 convivia
1338 5607 1450 5647 non
1476 5592 1751 5652 dedecere
1781 5596 2006 5667 episco-

310 5692 466 5747 pum,
498 5693 627 5748 qua:
649 5678 707 5734 in
730 5693 897 5734 sacra
918 5678 1217 5751 Scriptura
1234 5689 1288 5739 et
1312 5684 1466 5754 apud
1486 5689 1703 5743 veteres
1720 5687 2009 5746 Christia-

2076 3270 2229 3327 gere,
2262 3256 2525 3327 quaedam
2556 3269 2625 3309 ex
2672 3267 2740 3307 ea
2769 3251 3039 3320 decerpta
3070 3245 3179 3301 hoc
3210 3244 3335 3299 loco
3376 3238 3781 3309 subiiciemus.

2077 3346 2430 3416 Experientia
2455 3354 2581 3408 tua,
2615 3340 2827 3413 inquit,
2857 3339 3009 3394 omni
3037 3333 3308 3391 instantia
3340 3330 3597 3402 omnique
3624 3327 3788 3383 solli-

2078 3434 2320 3491 citudine
2337 3436 2549 3492 elerum
2568 3439 2622 3489 et
2647 3430 2910 3503 populum
2940 3426 3180 3500 ejusdem
3223 3423 3466 3480 civitatis
3494 3419 3790 3475 admonere

2079 3527 2322 3595 festinet,
2372 3530 2642 3596 quatenus
2670 3539 2782 3578 uno
2825 3534 3089 3576 consensu
3134 3513 3503 3572 ordinandum
3539 3508 3648 3565 sibi
3695 3508 3789 3563 de-

2084 3614 2243 3673 beant
2292 3616 2492 3686 eligere
2534 3612 2887 3677 sacerdotem,
2938 3612 3196 3681 factoque
3238 3607 3297 3661 in
3339 3617 3628 3676 personam
3671 3615 3789 3670 quae

2080 3707 2255 3774 fuerit
2283 3707 2453 3761 electa
2477 3706 2718 3771 decreto,
2766 3702 2834 3757 ad
2878 3716 2975 3757 nos
3020 3696 3394 3755 transmittere
3434 3692 3698 3759 studebis,
3724 3698 3785 3745 ut

2083 3813 2209 3856 cum
2235 3803 2416 3851 nostro
2448 3809 2735 3861 consensu,
2764 3794 2907 3846 sicut
2934 3790 3126 3861 priscis
3173 3785 3285 3857 [uit
3319 3782 3676 3855 temporibus,
3704 3795 3793 3835 or-

2086 3888 2331 3943 dinetur.
2364 3883 2507 3941 Illud
2538 3882 2759 3953 quidem
2786 3898 2899 3953 prae
2932 3879 3185 3936 omnibus
3215 3876 3321 3932 tibi
3348 3888 3505 3930 cura?
3532 3873 3622 3937 sit,
3656 3872 3790 3924 utin

2088 3979 2189 4033 hac
2215 3977 2479 4033 electione
2506 3989 2604 4029 nec
2624 3972 2772 4027 datio
2810 3969 3217 4043 quibuscunque
3252 3964 3427 4019 modis
3462 3960 3795 4017 interveniat

2086 4066 2469 4139 praemiorum,
2499 4079 2598 4118 nec
2633 4058 3011 4133 quarumlibet
3066 4070 3431 4128 personarum
3476 4046 3791 4123 patrocinia

2089 4152 2628 4225 convalescant(Lib.
2666 4169 2751 4222 ιιι,
2785 4168 2866 4223 ep.
2899 4149 3015 4219 22).

2165 4247 2312 4315 Quid
2346 4262 2479 4301 vero
2510 4241 3081 4314 curmimpenderent
3111 4240 3320 4293 sancta)
3353 4232 3509 4290 sedis
3541 4225 3799 4287 ministri

2094 4343 2199 4397 aut
2229 4335 2423 4408 legati,
2455 4333 2644 4405 qualis
2674 4339 2795 4389 erat
2826 4328 3155 4385 Antoninus
3185 4324 3605 4389 subdiaconus,
3632 4324 3696 4375 ut
3716 4318 3803 4373 in-

2097 4436 2252 4488 tacta
2280 4429 2757 4485 conservarentur
2786 4420 3051 4479 Ecclesiae
3082 4420 3235 4475 bona
3253 4422 3477 4474 mortuo
3508 4412 3799 4485 episcopo,

2098 4520 2379 4577 discimus
2409 4535 2479 4575 ex
2510 4517 2600 4573 his
2634 4513 2825 4571 verbis
2858 4530 2872 4568 :
2906 4513 2980 4568 De
3008 4511 3165 4566 rebus
3186 4508 3269 4564 vel
3300 4507 3625 4564 ornamento
3662 4502 3803 4572 ejus-

2100 4610 2220 4665 dem
2267 4609 2531 4675 ecclesiae,
2577 4605 2811 4676 ﬁdeliter
2873 4618 3059 4658 rerum
3099 4595 3473 4655 inventarium
3534 4593 3702 4665 facito
3749 4594 3801 4646 te

2095 4707 2363 4771 prasente
2400 4696 2686 4754 conscribi.
2746 4696 2815 4749 Et
2845 4707 2914 4748 ne
2968 4691 3126 4747 rebus
3170 4687 3310 4760 ipsis
3366 4684 3534 4778 possit
3589 4678 3801 4778 aliquid

2102 4789 2370 4860 deperire,
2414 4788 2729 4859 Respectum
2774 4783 3065 4839 diaconum
3115 4783 3282 4849 atque
3324 4774 3659 4845 Stephanum
3688 4774 3805 4860 pri-

2100 4859 2391 4935 micerium
2410 4879 2753 4934 notariorum
2773 4881 2834 4930 ut
2864 4872 3112 4945 ipsarum
3142 4882 3327 4923 rerum
3347 4864 3570 4920 omnino
3590 4859 3805 4928 gerant,

2102 4968 2403 5025 custodiam
2441 4967 2745 5032 admoneto,
2802 4962 3174 5018 interminum
3218 4956 3295 5011 eis
3340 4953 3407 5007 de
3457 4947 3683 5022 prapria
3721 4958 3809 5000 eos

2103 5058 2490 5128 satisfacturos
2511 5074 2625 5114 esse
2646 5054 2974 5117 substantia,
2997 5049 3047 5103 si
3060 5045 3359 5119 quidquam
3386 5038 3589 5097 exinde
3620 5050 3809 5128 eorum

2105 5126 2440 5221 negligentia
2458 5148 2630 5220 fuerit
2663 5144 3036 5201 imminutum.
3058 5134 3321 5204 Denique
3342 5133 3414 5221 de
3435 5126 3813 5221 suppeditan-

2110 5218 2201 5295 dis
2231 5218 2504 5295 omnibus
2536 5237 2606 5293 ad
2642 5232 2980 5290 electionem
3018 5220 3365 5282 necessariis
3394 5219 3476 5275 ita
3506 5218 3661 5275 284
3694 5231 3812 5271 lno-

2109 5333 2244 5386 net:
2279 5330 2529 5400 Expensa
2575 5340 2699 5381 vero
2727 5336 2846 5394 qua:
2874 5314 3186 5374 necessaria
3226 5313 3425 5385 fuerit,
3466 5324 3577 5400 per
3606 5321 3817 5365 sec-ono-

2109 5433 2265 5472 mum
2309 5398 2406 5488 qui
2443 5420 2680 5486 tempore
2720 5407 2915 5467 mortis
2958 5402 3219 5478 praedicti
3269 5398 3508 5473 episcopi
3559 5399 3815 5453 inventus

2112 5513 2192 5565 est
2221 5512 2495 5579 erogatur,
2542 5510 2816 5576 quatenus
2869 5500 3107 5555 rationes
3158 5510 3285 5551 suas
3330 5495 3522 5563 futuro
3564 5491 3816 5562 episcopo

2112 5601 2254 5671 ipse,
2278 5602 2339 5653 ut
2368 5599 2539 5667 novit,
2571 5602 2827 5669 exponat.

2185 5692 2309 5746 Non
2340 5686 2537 5747 leviter
2579 5684 2984 5760 praetereunda
3032 5680 3268 5744 fuerunt
3316 5675 3456 5744 haec,
3506 5671 3569 5728 in
3601 5670 3817 5744 quibus
