4106 6174
332 275 449 335 315

777 273 839 333 S.
886 266 1263 332 GREGORII
1310 269 1553 329 MAGNI
1598 264 1807 336 VITA,
1855 260 1957 320 EX
2003 254 2184 316 EJUS
2230 254 2587 315 SCRIPTIS
2632 254 3077 315 ADORNA'I‘A.
3126 255 3274 315 LIB.
3324 256 3402 315 Il.

3728 250 3848 313 316

332 416 492 469 tanta
523 411 713 467 θιυοθῐ
744 411 1016 465 Ηοῒωιηεθ
1055 408 1212 462 εθάίε
1248 406 1583 472 αυοῐοτίῒθεν
1606 400 1779 456 Etiam
1812 398 1872 452 in
1913 409 2035 449 me‘
2066 394 2117 457 Α
2150 410 2340 465 ofﬁcia
2372 411 2641 480 poterant
2669 408 2817 481 cogi.
2852 408 3123 479 Reliquas
3155 407 3348 479 copias
3378 407 3657 463 eduxerat
3702 421 3855 460 exar-

336 502 721 573 tropolitanas
750 505 911 554 extra
945 497 1171 554 Italiam
1203 498 1500 554 ecclesias.
1545 488 1865 561 Aliquando
1900 484 2039 539 Gre-

332 596 530 666 gorius
552 594 703 647 hanc
723 591 1068 647 electionem
1096 607 1291 646 curam
1317 588 1489 645 dabat
1508 580 1796 655 episcopis
1827 577 1963 647 (Lib.
1996 593 2034 643 ι,

332 698 415 753 ep.
448 684 562 749 57;
600 683 696 737 lib.
730 699 790 751 ιι,
824 700 911 752 ep.
943 682 1052 749 38),
1088 679 1403 751 aliquando
1438 676 1611 732 etiam
1638 668 1939 743 judicibus
1980 667 2036 718 et

336 774 796 845 magistratibus,
824 780 884 827 ut
906 775 1245 842 argumento
1269 772 1354 825 est
1376 764 1618 839 epistola
1643 763 1707 817 15
1729 760 1827 814 lib.
1856 774 1941 821 ιιι,
1965 755 2035 845 ad

332 843 597 918 Judicem
632 862 962 931 Campaniae
1009 878 1075 916 ea
1112 861 1183 915 de
1216 877 1277 915 re
1302 858 1537 928 scripta.
1579 852 1690 908 Sed
1729 846 1891 904 laicis
1914 843 2039 900 nul-

336 955 446 1008 lam
486 954 543 1006 in
571 953 722 1007 bona
766 950 1023 1005 Ecclesiae
1064 952 1411 1021 potestatem
1455 943 1714 1005 tradidit,
1749 941 1895 994 facta
1927 933 2044 989 sci-

336 1041 632 1110 licetipsis
671 1045 896 1094 tantum
932 1039 1099 1109 copia
1121 1038 1308 1110 plebis
1348 1033 1690 1090 Christianae
1714 1027 1787 1083 ad
1826 1024 2041 1094 eligen-

334 1130 475 1183 dum
512 1128 847 1199 episcopum
879 1129 1279 1183 convocandze.

406 1218 635 1273 Electus
659 1220 764 1272 fuit
787 1236 819 1272 a
841 1219 993 1273 clero
1015 1217 1072 1271 in
1109 1216 1513 1272 Salonitanum
1539 1206 2044 1278 archiepiscopum

337 1309 664 1363 Honoratus
703 1307 1168 1373 archidiaconus,
1205 1307 1275 1361 de
1315 1321 1425 1375 quo
1452 1305 1576 1373 jam
1610 1313 1760 1369 saepe
1783 1294 2042 1355 dictum;

340 1400 492 1470 quod
530 1402 863 1470 pergratum
897 1398 1168 1468 Gregorio
1195 1396 1340 1449 fuit:
1378 1394 1736 1464 perspectam
1768 1385 1923 1440 enim
1948 1380 2049 1434 ha-

342 1490 516 1545 bebat
547 1490 724 1559 hujus
756 1489 860 1543 viri
891 1488 1259 1559 probitatem,
1285 1483 1692 1547 constantiam,
1716 1482 1773 1532 et
1794 1477 1850 1530 in
1876 1473 2047 1528 rebus

344 1581 615 1650 gerendis
647 1579 1035 1649 prudentiam.
1084 1578 1191 1633 Sed
1226 1578 1352 1647 ejus
1390 1576 1587 1630 sedem
1630 1567 1844 1623 invasit
1877 1560 2049 1616 Maxi-

342 1686 497 1735 mus,
522 1669 869 1723 auctoritate
905 1669 1255 1739 optimatum
1288 1667 1490 1731 fretus,
1516 1659 1750 1715 utinfra
1782 1670 1886 1709 suo
1922 1652 2047 1705 loco

341 1760 605 1814 dicetur:
670 1776 796 1829 quae
854 1760 1006 1812 enim
1049 1757 1141 1812 hic
1192 1760 1261 1812 de
1291 1759 1478 1810 morte
1525 1748 1743 1805 Natalis
1801 1745 2045 1813 ejusque

341 1848 699 1903 successoris
720 1848 997 1902 electione
1017 1846 1336 1915 attigimus,
1370 1859 1472 1915 per
1494 1845 1861 1896 antecessum
1887 1832 2042 1885 dicta

344 1947 499 2007 sunt,
525 1943 589 1993 ut
621 1955 732 1992 una
754 1938 1077 2007 eademque
1097 1936 1266 2001 serie,
1298 1932 1579 2006 quidquid
1613 1930 1684 1983 ad
1709 1930 2045 1983 controver-

342 2030 488 2084 siam
529 2028 694 2082 illum
741 2029 886 2082 inter
943 2034 999 2082 et
1058 2028 1410 2082 Honoratum
1467 2026 1681 2077 motam
1735 2014 2047 2088 pertineret

344 2124 706 2173 contractum
749 2119 819 2171 ob
873 2118 1070 2173 oculos
1104 2121 1440 2192 poneretur.
1478 2114 1641 2166 Nunc
1672 2124 1786 2179 quo
1819 2120 1923 2160 nos
1956 2118 2045 2155 re—

340 2215 508 2265 vocat
538 2209 678 2264 ordo
711 2216 1034 2279 temporum
1070 2212 1393 2264 redeamus.

410 2301 463 2353 5.
500 2298 643 2354 Cum
680 2297 736 2351 in
768 2298 934 2354 Italia
967 2316 1054 2354 res
1090 2299 1316 2370 imperii
1353 2296 1644 2358 nutarent,
1671 2305 1740 2344 ne
1772 2286 2046 2343 schisma-

342 2390 436 2444 tici
470 2392 722 2444 Venetiae
765 2397 820 2447 et
850 2391 1025 2447 lstriae
1076 2390 1475 2461 desperatione
1514 2384 1626 2441 acti
1658 2372 2048 2452 Langobardis

344 2481 700 2539 deditionem
734 2488 1010 2550 facerent,
1044 2483 1091 2537 si
1118 2484 1185 2535 ad
1221 2481 1568 2551 ejurandum
1602 2473 1859 2531 schisma
1898 2479 2048 2519 com-

343 2571 720 2641 pellerentur,
765 2573 1075 2628 Mauricius
1130 2577 1423 2643 Augustus
1469 2565 1808 2639 Gregorium
1843 2556 2047 2611 admo-

346 2661 477 2716 nuit
520 2667 584 2717 ut
626 2680 658 2718 a
688 2664 740 2719 vi
764 2668 819 2718 et
849 2662 1146 2717 coactione
1201 2660 1437 2717 interim
1487 2657 1820 2714 abstineret.
1851 2649 2051 2715 Nuper

342 2750 595 2819 Gradus,
625 2754 816 2809 Severi
839 2753 1341 2807 schismaticorum
1375 2746 1715 2822 patriarchae
1748 2740 1936 2803 sedes,
1961 2736 2048 2787 in-

348 2842 549 2896 cendio
578 2848 807 2897 vastata
838 2845 1024 2897 fuerat
1065 2861 1079 2912 ;
1110 2843 1261 2910 quod
1298 2841 1478 2895 movit
1515 2838 1798 2893 Joannem
1825 2836 2049 2890 Raven-

344 2933 535 2984 natem
570 2949 599 2985 a
634 2937 835 2987 sancto
869 2933 1141 3002 pontiﬁce
1172 2931 1488 3002 postulare,
1540 2933 1605 2983 ut
1639 2927 1773 2981 illuc
1804 2927 2047 2983 eleemo-

345 3034 519 3088 synas
543 3020 771 3075 mittere
802 3030 1024 3075 curaret
1055 3021 1195 3089 (Lib.
1228 3036 1287 3080 ιι,
1321 3036 1404 3090 ep.
1453 3017 1541 3087 46)
1577 3034 1590 3083 ;
1626 3017 1715 3071 cui
1752 3018 2048 3085 respondit

339 3108 609 3163 Severum
644 3111 875 3164 abunde
907 3110 1139 3178 habere,
1159 3109 1315 3163 unde
1342 3124 1588 3163 munera
1614 3107 1669 3160 in
1687 3105 1905 3161 aulicos
1920 3123 2050 3177 pro-
2079 3139 2121 3205 Ο

338 3197 620 3264 funderet,
655 3206 709 3255 et
731 3200 788 3254 in
822 3216 959 3255 suas
993 3216 1091 3253 eos
1123 3204 1315 3269 partes
1347 3202 1548 3253 contra
1579 3196 1775 3251 sedem
1810 3202 2046 3266 aposto-

343 3288 516 3343 licam
566 3291 940 3359 pertraheret.
992 3288 1443 3344 Misericordiam
1490 3286 1725 3358 quidem
1781 3284 2046 3342 Ecclesia

342 3378 610 3433 hostibus
657 3379 1054 3450 denegandam
1097 3395 1209 3433 non
1247 3393 1394 3447 esse,
1444 3376 1543 3432 sed
1581 3374 1742 3447 prius
1776 3373 2046 3429 fidelibus

342 3468 754 3524 exhibendam.
802 3470 863 3523 In
904 3470 1162 3540 proximo
1194 3484 1325 3524 vero
1372 3484 1501 3523 esse
1542 3466 2049 3534 civitatem,cujus

346 3559 515 3614 multi
533 3558 683 3614 cives
710 3559 765 3613 in
788 3560 1182 3631 captivitatem
1202 3558 1459 3623 abducti,
1480 3558 1545 3612 ad
1578 3572 1725 3627 quos
1758 3556 2048 3611 redimen-

346 3650 449 3704 dos
483 3650 841 3705 mittendum
857 3666 983 3705 esse
1002 3666 1133 3707 cum
1160 3649 1401 3720 pecunia
1431 3647 1736 3703 Claudium
1757 3646 2047 3701 abbatem.

419 3740 578 3794 Hanc
627 3739 803 3795 Gradi
852 3740 1364 3812 conﬁagrationem
1397 3736 1711 3809 contigisse
1755 3737 2049 3792 credimus

349 3830 582 3899 quando
614 3829 903 3899 Agilulfus
933 3834 1135 3887 contra
1164 3834 1281 3885 tres
1302 3830 1478 3885 duces
1501 3827 1602 3899 qui
1634 3825 2051 3883 rebellaverant

346 3922 640 3989 profectus
671 3924 777 3976 est.
810 3922 886 3976 Ex
917 3921 1010 3977 his
1044 3920 1348 3987 Minulfus,
1383 3921 1499 3975 dux
1519 3918 1733 3974 Insulas
1752 3918 1806 3973 S.
1838 3915 2053 3971 Iuliani

352 4011 484 4079 [sive
524 4011 582 4066 S.
625 4010 810 4083 Julii],
843 4012 941 4083 qui
990 4012 1062 4067 ad
1098 4012 1347 4067 Francos
1392 4010 1699 4079 defecerat,
1732 4022 2054 4077 eorumque

350 4114 545 4180 partes
593 4116 791 4182 aperte
868 4110 1100 4176 foverat,
1161 4109 1350 4164 victus
1398 4112 1455 4163 et
1509 4108 1894 4177 interemptus
1944 4109 2052 4160 est.

356 4198 663 4255 Gaidulfus
704 4200 813 4269 [Αἰ.
865 4198 1210 4268 Gandulfus]
1264 4196 1659 4267 Pergamensis
1712 4211 1812 4250 seu
1853 4196 2058 4265 Berga-

354 4289 595 4353 mensis,
620 4288 914 4344 deditione
938 4289 1104 4355 facta,
1137 4288 1199 4342 in
1233 4287 1483 4359 gratiam
1519 4293 1604 4340 est
1626 4287 1928 4355 receptus;
1963 4282 2060 4338 Ul-

357 4378 465 4432 fari
490 4382 703 4448 autem,
738 4378 977 4434 Tarvisii
1008 4378 1143 4445 dux,
1178 4376 1320 4432 urbe
1347 4379 1537 4447 capta,
1567 4374 1630 4431 in
1659 4373 1894 4430 vincula
1924 4390 2056 4430 con-

356 4468 578 4538 jicitur.
612 4468 720 4539 (Cf.
755 4470 913 4524 Paul.
940 4470 1094 4523 Diae.
1128 4468 1224 4523 lib.
1257 4484 1332 4534 ιν,
1365 4485 1412 4523 c.
1446 4468 1524 4536 3.)

425 4559 479 4613 6.
533 4557 647 4613 Hoc
680 4575 832 4613 anno
883 4558 1156 4623 Ariulfus,
1194 4559 1483 4613 secundus
1532 4562 1664 4628 post
1710 4556 2056 4613 Faroaldum

360 4650 474 4704 dux
515 4648 977 4714 Beneventanus,
1028 4664 1230 4719 agrum
1283 4648 1611 4702 Romanum
1650 4647 1879 4713 invasit,
1935 4651 1991 4701 et
2028 4663 2059 4702 e

362 4738 624 4793 Romana
656 4737 822 4809 plebe
855 4737 1159 4809 plurimos,
1206 4744 1308 4791 aut
1351 4735 1542 4792 occidit
1574 4742 1670 4791 aut
1689 4736 2060 4804 detruncavit,

360 4830 554 4902 inquit
575 4829 884 4901 Gregorius
914 4828 1059 4899 (Lib.
1094 4844 1155 4897 ιι,
1176 4843 1258 4900 ep.
1286 4829 1399 4897 46),
1432 4827 1533 4898 qui
1565 4844 1677 4899 prie
1701 4827 1978 4883 maestitia
1999 4826 2059 4882 in

356 4922 621 4977 cholicam
643 4921 954 4976 molestiam
988 4918 1228 4984 incidit;
1264 4917 1551 4973 choleram
1579 4918 1818 4973 forsitan
1851 4934 1953 4973 seu
1977 4917 2061 4973 bi-

361 5012 471 5067 lem
497 5030 613 5083 qua
636 5012 914 5068 intestina
936 5011 1266 5066 laborarent
1288 5014 1344 5063 et
1370 5010 1704 5064 stomachus
1728 5008 1821 5063 hic
1844 5008 2061 5080 signiﬁ-

361 5102 799 5158 cat.Tristitiam
828 5101 1377 5173 augebatRomanus
1393 5096 1800 5168 exarchus,qui
1824 5098 1927 5152 etsi
1946 5098 2066 5153 bel-

365 5190 417 5243 lo
449 5190 701 5260 impares
731 5200 804 5256 et,
828 5192 955 5263 paci
984 5188 1368 5245 nihilominus
1388 5191 1505 5243 toto
1530 5186 1659 5241 nisu
1686 5187 2062 5259 repugnabat,

364 5280 591 5333 lucrum
615 5296 680 5335 ex
696 5282 946 5352 publicis
961 5280 1391 5337 calamitatibus
1407 5294 1730 5349 aucupans.
1751 5278 1923 5334 Omni
1947 5279 2065 5335 fere

367 5368 631 5438 praesidio
672 5386 854 5424 vacua
888 5375 1007 5425 erat
1046 5374 1245 5439 Roma,
1282 5377 1338 5428 et
1385 5372 1482 5445 qui
1517 5373 1589 5429 ad
1614 5384 1917 5427 murorum
1959 5384 2065 5424 cu-

367 5460 610 5515 stodiam
642 5460 821 5516 relicti
848 5463 1073 5519 fuerant
1092 5465 1169 5535 (a)
1195 5465 1607 5536 Theodosiani,
1626 5479 1755 5519 cum
1778 5459 2067 5532 stipendia

367 5568 481 5609 non
533 5552 878 5623 acciperent,
936 5554 1029 5608 vix
1076 5556 1145 5610 ad
1199 5555 1473 5612 excubias
1520 5556 1750 5625 aliaque
1788 5549 2070 5608 militaria

2088 4496 2134 4561 D

2148 500 2317 566 chus,
2358 500 2571 569 quibus
2615 503 2785 554 aucto
2821 498 3095 565 exercitu,
3149 501 3445 567 receperat
3475 495 3674 551 subito
3705 494 3859 550 velut

2148 590 2361 660 impetu
2396 588 2683 656 Sutrium,
2717 587 3136 655 Polimartium,
3200 592 3460 653 licitam,
3511 585 3856 646 Tudertum,

2150 680 2465 748 Ameriam,
2517 678 2847 733 Perusium.
2902 677 3048 732 Hinc
3098 678 3366 748 queritur
3416 674 3726 747 Gregorius
3786 673 3863 728 ad

2150 767 2497 822 Mauricium
2530 766 2793 821 scribens
2819 768 2961 835 (Lib.
2993 782 3049 832 v,
3082 780 3166 835 ep.
3196 764 3305 835 40),
3339 762 3603 830 Romam,
3650 766 3713 816 ut
3754 766 3866 816 Pe-

2150 858 2375 913 rusium
2409 860 2728 921 teneretur,
2761 856 2937 910 fuisse
2970 854 3228 910 relictam
3259 869 3271 907 :
3303 852 3551 907 maxime
3589 867 3721 906 vero
3754 867 3865 921 pa-

2151 963 2275 1003 cem
2298 963 2467 1018 quam
2489 946 2610 1017 ipse
2633 948 3041 1016 impetraverat
3063 960 3095 997 a
3119 941 3540 1013 Langobardis,
3566 940 3863 995 Etruriam

2152 1036 2574 1105 obtinentibus,
2621 1039 2837 1090 temere
2873 1034 3143 1090 violatam
3188 1032 3357 1087 deﬂet
3380 1046 3575 1085 amare
3608 1030 3738 1099 pius
3762 1028 3867 1084 ilie

2153 1130 2309 1200 pacis
2342 1126 2606 1198 angelus.
2640 1128 2725 1180 Ita
2757 1142 2887 1181 cum
2919 1132 3076 1180 tanta
3098 1139 3233 1194 spes
3256 1120 3569 1177 affulsisset
3593 1121 3866 1190 pacandae

2153 1218 2332 1273 totius
2367 1215 2564 1283 Italiae,
2608 1232 2740 1269 cum
2766 1215 3026 1268 Ariull‘us
3049 1214 3173 1284 ipse
3201 1212 3327 1281 jam
3362 1209 3420 1263 in
3438 1212 3629 1280 partes
3646 1207 3868 1262 Roma-

2154 1323 2364 1362 norum
2399 1305 2733 1371 inclinaret,
2777 1320 2960 1373 neque
2984 1320 3017 1357 a
3039 1317 3180 1373 pace
3211 1300 3546 1355 abhorreret
3572 1296 3871 1368 Agilulfus

2156 1414 2272 1465 rex,
2331 1415 2363 1452 a
2409 1395 2824 1458 Theodelinda,
2875 1410 3000 1463 quas
3042 1389 3299 1462 Gregorii
3351 1386 3874 1442 observantissime.

2156 1492 2297 1555 erat,
2327 1487 2646 1555 mitigatus,
2681 1483 2938 1538 atrocius
2980 1480 3221 1544 bellum,
3248 1479 3318 1533 ob
3352 1476 3599 1532 Romani
3634 1476 3876 1530 exarchi

2159 1577 2489 1647 perfidiam,
2517 1572 2831 1629 recruduit.
2875 1572 2992 1627 Rex
3022 1570 3237 1625 etenim
3284 1567 3512 1622 illatam
3547 1581 3663 1620 sure
3706 1564 3876 1634 genti

2159 1666 2313 1722 mala
2345 1665 2458 1720 ﬁde
2490 1664 2770 1733 iniuriam
2805 1663 3055 1727 ulturus,
3080 1661 3379 1716 Perusium
3412 1654 3634 1711 obsedit
3680 1670 3879 1723 expu-

2078 1768 2122 1832 B
2155 1756 2484 1827 gnavitque,
2534 1759 2699 1825 capto
2762 1751 3119 1807 Maurisione
3169 1746 3672 1819 Langobardorum
3722 1744 3877 1797 duce

2155 1849 2253 1918 qui
2285 1847 2354 1901 ad
2389 1845 2681 1900 Romanos
2724 1843 3029 1898 defecerat.
3080 1841 3185 1909 (Cf.
3234 1837 3397 1892 Paul.
3451 1836 3604 1890 Diae.
3656 1832 3753 1887 lib.
3792 1849 3879 1901 IV,

2152 1956 2197 1994 c.
2232 1939 2317 2007 8.)

2230 2027 2490 2100 Legenda
2520 2030 2609 2083 est
2640 2041 2703 2081 ex
2736 2026 2959 2095 integro
2997 2023 3122 2092 jam
3156 2021 3390 2077 laudata
3432 2021 3679 2091 epistola
3720 2022 3875 2093 (Lib.

2156 2137 2218 2186 ιι,
2269 2137 2352 2192 ep.
2407 2120 2519 2187 46),
2572 2121 2639 2171 ut
2688 2115 3015 2186 exploretur
3075 2116 3294 2181 quanta
3342 2109 3695 2165 calamitosis
3745 2110 3875 2165 illis

2159 2210 2520 2283 temporibus
2544 2212 2698 2263 esset
2721 2224 2880 2279 papae
2900 2222 3060 2271 cura,
3086 2209 3150 2258 ut
3172 2202 3637 2274 periclitantibus
3660 2203 3877 2258 civita-

2158 2300 2315 2354 tibus
2347 2298 2779 2361 subveniretur,
2814 2299 2876 2349 ut
2906 2292 3055 2348 bello
3088 2292 3240 2362 capti
3291 2292 3426 2345 data
3473 2308 3541 2346 ex
3594 2289 3874 2346 Ecclesiae

2158 2389 2358 2444 mrario
2393 2387 2639 2459 pecunia
2673 2384 3118 2448 redimerentur,
3170 2380 3417 2436 maxime
3467 2398 3601 2437 vero
3647 2386 3710 2434 ut
3756 2397 3878 2451 pax

2160 2481 2213 2535 in
2252 2486 2368 2534 tam
2418 2476 2738 2548 deploratis
2790 2474 2964 2529 rebus
3014 2472 3250 2527 omnino
3301 2470 3632 2526 necessaria
3680 2468 3875 2538 aequis

2159 2570 2595 2626 conditionibus
2635 2568 3090 2638 compararetur.
3142 2567 3219 2616 Ex
3270 2561 3403 2617 aliis
3456 2559 3722 2633 epistolis
3752 2559 3875 2613 hoc

2160 2676 2312 2715 anno
2345 2657 2576 2726 scriptis
2608 2655 2793 2726 liquet
2823 2654 2881 2708 in
2910 2652 3078 2707 rebus
3109 2651 3329 2706 bellicis
3352 2666 3527 2719 quam
3553 2648 3875 2715 sollicitus,

2159 2766 2334 2820 quam
2371 2748 2597 2819 peritus
2630 2747 2774 2799 foret
2806 2742 2989 2813 (Ipid.,
3023 2757 3142 2811 epp.
3175 2741 3229 2810 3,
3258 2741 3348 2806 29,
3379 2740 3467 2804 30,
3499 2740 3613 2808 31.)

2228 2841 2282 2894 7.
2321 2840 2384 2893 In
2417 2854 2483 2893 ea
2517 2839 2585 2890 de
2618 2853 2733 2907 qua
2764 2833 2943 2889 locuti
2971 2848 3177 2887 sumus
3208 2830 3440 2902 Agilulﬁ
3474 2828 3873 2900 expeditione,

2162 2926 2519 3000 Langobardi
2552 2942 2664 2981 non
2699 2925 2885 2979 solum
2920 2938 3128 2994 agrum
3159 2926 3488 2977 Romanum
3522 2918 3754 2974 Perusio
3789 2919 3879 2971 vi-

2160 3020 2355 3075 cinum
2386 3015 2937 3088 depraedationibus,
2963 3006 3878 3079 incendiis,credibusfcedarunt,

2161 3108 2261 3162 sed
2297 3107 2365 3160 ad
2395 3104 2578 3176 ipsius
2608 3102 2777 3157 Urbis
2810 3116 3012 3155 muros
3062 3096 3458 3154 castrametati
3500 3099 3654 3150 sunt.
3697 3094 3876 3149 Tunc

2159 3198 2215 3252 S.
2263 3198 2471 3251 Doctor
2517 3192 2875 3249 Ezechielem
2926 3188 3263 3260 prophetam
3318 3184 3657 3241 Christianae
3708 3182 3871 3253 plebi

2152 3286 2478 3358 exponebat
2507 3283 2708 3339 eadem
2743 3279 2923 3336 animi
2958 3276 3397 3349 tranquillitate,
3431 3292 3497 3330 ac
3527 3274 3576 3329 si
3608 3271 3753 3328 nihil
3794 3273 3870 3327 ab

2154 3378 2321 3433 hoste
2340 3376 2545 3431 fuisset
2564 3372 2962 3429 metuendum.
2983 3369 3181 3440 Neque
3200 3371 3509 3439 postquam
3530 3362 3750 3433 accepit
3774 3378 3870 3418 re-

2156 3484 2281 3538 gem
2302 3466 2649 3535 Padumjam
2666 3461 2971 3517 transiisse
2984 3459 3120 3515 etad
3140 3456 3309 3512 Urbis
3323 3455 3685 3511 obsidionem
3704 3451 3873 3507 festi-

2156 3573 2317 3626 nare,
2343 3560 2589 3625 coeptum
2615 3570 2759 3623 Opus
2782 3550 3105 3619 intermisit,
3130 3547 3283 3620 quod
3310 3545 3517 3601 merito
3531 3543 3873 3599 Bernardus

2156 3648 2502 3705 admiratur.
2535 3645 2645 3700 Sed
2680 3644 2751 3697 ab
2793 3643 2921 3712 ejus
2972 3639 3160 3694 verbis
3212 3634 3532 3692 referendis
3580 3632 3872 3699 abstineo,

2157 3755 2285 3809 quae
2318 3737 2373 3791 in
2409 3734 2742 3807 praefatione
2774 3731 2846 3786 ad
2877 3728 3152 3785 homilias
3185 3727 3243 3781 in
3280 3723 3635 3781 Ezechielem
3676 3720 3877 3793 legere

2158 3828 2313 3895 licet,
2348 3827 2429 3881 uti
2461 3830 2661 3881 caetera
2692 3839 2817 3894 quae
2842 3822 2911 3876 ad
2946 3819 3076 3875 illas
3117 3817 3385 3873 homilias
3408 3812 3716 3886 pertinent.
3751 3809 3886 3866 Ho-

2158 3922 2245 3975 ste
2276 3922 2465 3972 tamen
2497 3914 2637 3970 Urbi
2682 3912 2925 3983 jamjam
2973 3908 3338 3974 imminente,
3388 3904 3563 3959 ﬁnem
3614 3899 3862 3959 concio-

2160 4008 2336 4065 nandi
2377 4007 2559 4061 facere
2592 4010 2825 4059 coactus
2869 4003 2958 4056 est
3006 4003 3071 4054 ut
3118 3999 3240 4068 ipse
3288 3995 3385 4051 ait.
3435 3994 3665 4049 Partem
3713 3989 3875 4044 hanc

2160 4097 2407 4154 homilias
2440 4095 2655 4149 ultima:
2688 4096 2899 4159 attexo,
2932 4088 3088 4161 quod
3118 4088 3177 4143 in
3200 4103 3267 4142 ea
3291 4081 3639 4141 miserabilis
3668 4080 3877 4135 Roma

2162 4190 2351 4243 status
2374 4184 2540 4255 quasi
2566 4183 2637 4239 ob
2659 4180 2856 4238 oculos
2876 4177 3100 4251 positus
3132 4173 3542 4245 conspiciatur.
3568 4171 3695 4225 Ecce
3725 4167 3880 4236 haec,

2160 4288 2217 4334 ut
2252 4281 2361 4332 Deo
2392 4274 2662 4345 largiente
2689 4271 2991 4344 potuimus,
3038 4282 3226 4322 coram
3272 4265 3440 4327 vobis,
3491 4263 3695 4331 fratres
3741 4258 3880 4313 clm-

2163 4367 2393 4434 rissimi,
2426 4364 2618 4419 rimati
2654 4376 2866 4417 sumus.
2908 4359 3071 4415 Nemo
3118 4360 3301 4411 autem
3348 4368 3433 4407 me
3485 4347 3883 4421 reprehendat,

2164 4463 2212 4518 si
2254 4460 2370 4530 post
2416 4455 2556 4510 hanc
2604 4454 2930 4509 locutionem
2977 4460 3294 4504 cessavero:
3326 4444 3453 4514 quia
3499 4442 3642 4495 sicut
3688 4450 3887 4494 omnes

2168 4528 2419 4616 cernitis,
2476 4553 2675 4602 nostrae
2739 4541 3121 4598 tribulationes
3167 4535 3526 4592 exercuerunt
3569 4546 3582 4585 :
3633 4528 3883 4601 undique

2166 4642 2361 4715 gladiis
2427 4634 2751 4706 circumfusi
2794 4646 3001 4697 sumus,
3057 4625 3297 4696 undique
3340 4622 3633 4677 imminens
3680 4618 3884 4672 mortis

2166 4706 2476 4806 periculum
2504 4729 2779 4781 timemus.
2831 4722 2938 4776 Alii
2984 4716 3320 4773 detruncatis
3359 4712 3431 4767 ad
3478 4726 3575 4765 nos
3618 4706 3887 4763 manibus

2168 4800 2414 4889 redeunt,
2447 4818 2557 4873 alii
2578 4817 2745 4884 capti,
2776 4813 2879 4867 alii
2908 4806 3222 4879 interempti
3250 4804 3601 4859 nuntiantur.
3633 4800 3763 4855 Jam
3794 4814 3886 4853 co-

2170 4929 2269 4983 gor
2300 4888 2549 4979 linguam
2578 4906 2645 4961 ab
2676 4900 3021 4975 expositione
3059 4899 3315 4963 retinere,
3364 4892 3498 4963 quia
3546 4888 3711 4947 taedet
3753 4889 3888 4944 ani-

2170 4978 2317 5059 mum
2346 4978 2527 5055 meam
2556 4999 2681 5052 vitae
2709 5009 2860 5049 mea.
2902 4990 3052 5047 Alibi
3102 4990 3352 5043 testatur
3398 4982 3553 5038 visos
3582 4997 3615 5035 a
3661 4994 3725 5034 se
3774 4978 3890 5031 Ro—

2171 5106 2369 5149 manos
2402 5103 2548 5143 more
2585 5100 2785 5141 canum
2834 5080 2893 5136 in
2942 5078 3102 5135 collis
3148 5073 3379 5147 funibus
3423 5071 3636 5141 ligatos,
3668 5068 3762 5137 qui
3812 5062 3888 5119 ad

2175 5184 2461 5241 Franciam
2489 5176 2831 5234 ducebantur
2860 5169 3076 5227 venales
3124 5165 3264 5237 (Lib.
3297 5180 3352 5231 v,
3404 5177 3484 5233 ep.
3538 5159 3645 5229 40).
3678 5156 3723 5211 Ο
3766 5156 3890 5210 du-

2176 5291 2295 5332 ram
2348 5272 2580 5327 illorum
2633 5266 2927 5339 quondam
2974 5258 3141 5317 Orbis
3188 5255 3557 5312 dominorum
3621 5243 3885 5305 sortem!

2246 5366 2378 5421 Haec
2409 5358 2643 5433 Agilulﬁ
2676 5354 2981 5427 expeditio,
3017 5352 3167 5406 inter
3196 5362 3290 5403 res
3331 5361 3483 5433 anno
3532 5342 3634 5397 595
3684 5342 3887 5433 gestas

2177 5452 2377 5511 referri
2437 5428 2605 5510 solet,
2658 5446 2757 5503 sed
2813 5444 2884 5500 ad
2934 5455 3152 5497 annum
3199 5436 3305 5490 592
3352 5431 3541 5504 potius
3570 5428 3887 5501 pertinere,

2176 5546 2299 5601 haec
2356 5541 2501 5598 mihi
2559 5535 2928 5611 persuadent.
2990 5526 3279 5599 Agilulfus
3328 5522 3567 5577 Romam
3617 5514 3889 5582 tentavit,

437 5771 518 5847 (a)
548 5769 642 5826 Sic
672 5767 810 5825 dicti
839 5765 1053 5824 milites
1080 5764 1329 5837 legionis
1361 5780 1487 5834 quae
1519 5762 1755 5819 nomine
1784 5757 2091 5815 Theodosii
2125 5754 2305 5812 unius
2337 5767 2405 5807 ex
2436 5743 2804 5820 imperatoris
2838 5738 2967 5795 ﬁliis
2998 5732 3444 5806 insigniebatur.
