4132 6172
262 295 379 356 317

260 433 501 504 quando
534 434 604 489 ad
636 433 854 489 Perusii
900 432 1386 506 expugnationem
1430 437 1516 488 est
1569 432 1882 504 profectus,
1916 439 1980 486 ut

258 523 560 593 colligitur
608 539 676 578 ex
707 523 887 579 Paulo
940 525 1224 578 Diacono:
1259 523 1462 578 Statim
1496 523 1678 578 Ticino
1732 537 1982 592 egressus

258 630 383 680 rex,
422 613 714 669 Perusiam
746 614 975 684 petiit...
1009 614 1174 684 hujus
1222 615 1372 681 regis
1402 613 1640 668 adventu
1669 613 1731 668 in
1764 617 1980 667 tantum

257 705 456 759 beatus
487 703 783 772 Gregorius
834 719 979 774 papa
1035 705 1337 758 exterritus
1395 711 1496 769 est,
1547 706 1610 757 ut
1639 702 1706 757 ab
1755 703 1980 770 exposi-

257 798 406 850 tione
463 794 676 864 templi,
735 795 802 848 de
854 810 957 864 quo
1019 795 1274 850 Ezechiel
1331 797 1644 866 scripserat,
1696 793 1978 848 desisteret

258 887 402 955 (Lib.
438 902 514 953 ιν,
547 902 595 939 c.
627 886 704 954 8).
739 885 796 940 ld
858 885 1169 958 contigisse
1227 887 1427 941 statim
1483 902 1549 942 ac
1599 901 1716 954 rex,
1757 883 1979 954 accepit

259 974 591 1042 Perusium,
632 991 765 1029 cum
796 973 926 1029 aliis
956 976 1336 1045 urbibusjam
1373 975 1747 1045 enumeratis,
1782 974 1854 1029 ab
1887 989 1981 1028 ex-

259 1065 442 1119 archo
492 1064 673 1120 fuisse
721 1072 1090 1136 occupatum,
1122 1065 1278 1121 idem
1329 1064 1580 1137 scriptor
1609 1066 1759 1120 clare
1789 1065 1974 1119 docet.

258 1156 335 1208 At
369 1154 695 1208 Romanum
728 1154 1041 1209 exarchum
1074 1154 1312 1210 Perusio
1335 1155 1577 1226 politum
1612 1170 1739 1209 esse
1772 1152 1972 1209 saltem

260 1261 420 1299 anno
460 1245 720 1300 secundo
756 1245 1128 1314 pontiﬁcatus
1155 1245 1213 1299 S.
1239 1245 1521 1315 Gregorii,
1548 1244 1752 1299 scribit
1773 1244 1977 1314 ipsein

255 1335 508 1406 epistola
530 1335 637 1390 hoc
669 1353 823 1392 anno
856 1338 1014 1401 data,
1054 1355 1175 1407 qua:
1211 1353 1342 1392 cum
1376 1337 1485 1391 alia
1513 1338 1633 1407 jam
1667 1352 1816 1407 serpe
1847 1335 1976 1392 lau-

251 1427 389 1482 data
423 1425 671 1482 conferri
706 1427 878 1481 debet
906 1427 1052 1490 (Lib.
1080 1444 1141 1493 ιι,
1172 1443 1258 1493 ep.
1293 1429 1398 1492 1:6;
1435 1428 1528 1482 lib.
1560 1444 1615 1496 ν,
1645 1443 1730 1498 ep.
1765 1427 1876 1498 40).

798 1515 975 1572 235
1018 1517 1252 1574 CAPUT
1280 1517 1436 1573 VIII.

251 1609 466 1658 Ancon.
495 1633 560 1645 -—
596 1607 639 1656 1.
674 1609 842 1656 Roma
873 1608 1009 1657 fame
1045 1609 1270 1657 laborat.
1305 1636 1363 1646 —
1411 1608 1457 1656 2.
1497 1609 1630 1667 Quid
1672 1621 1860 1670 passus
1908 1608 1977 1670 sit

313 1672 611 1733 Gregorius
634 1671 700 1719 ab
731 1671 1072 1720 adversariis.
1103 1699 1165 1708 ——
1193 1672 1239 1720 3.
1280 1674 1464 1721 Pacem
1515 1675 1579 1720 ab
1610 1669 1973 1734 Langobardis

317 1736 594 1798 impetrat.
625 1761 686 1769 —
714 1735 760 1781 4.
798 1735 838 1798 Α
868 1735 1009 1797 turpi
1040 1735 1196 1798 lucro
1230 1750 1388 1798 quam
1417 1733 1802 1798 aliienueqforet.
1835 1761 1893 1768 —
1923 1733 1970 1780 5.

321 1797 393 1860 De
422 1796 665 1858 judicum
706 1796 906 1858 rapinis
939 1796 1314 1860 cunqueritur.
1357 1825 1417 1832 —
1448 1797 1494 1845 6.
1531 1796 1970 1860 Archidiaconum

711 297 773 356 S.
822 294 1197 355 GREGORII
1246 293 1489 356 MAGNI
1535 293 1744 366 VITA,
1791 293 1890 352 EX
1939 293 2121 353 EJUS
2169 290 2516 354 SCRIP'l‘lS
2562 289 3012 352 ADORNATA.
3063 289 3212 349 LIB.
3260 287 3338 349 II.

3679 285 3802 346 318

2097 433 2253 502 cujus
2270 430 2476 486 doloris
2492 429 2584 497 sit,
2609 436 2784 483 vestra
2826 425 3157 499 fraternitas
3195 428 3344 480 tanto
3373 426 3552 480 verius
3581 427 3792 494 penset,

2091 528 2298 590 quanto
2319 536 2405 574 me
2424 520 2522 590 qui
2545 519 2661 574 haec
2680 519 2883 588 patior,
2916 517 3110 587 purius
3139 515 3441 576 amat(Lib.
3474 530 3528 579 ν,
3561 528 3646 582 ep.
3678 513 3792 582 42).

2161 610 2214 663 3.
2250 610 2427 664 Paulo
2461 613 2589 678 post
2621 608 2854 662 admota
2899 604 3128 659 mceniis
3181 604 3346 659 Urbis
3387 606 3576 657 castra
3606 616 3794 654 reces-

2091 697 2166 753 sit
2199 697 2504 769 Agilult‘us.
2542 701 2750 752 Pacem
2782 700 2922 750 tunc
2956 694 3191 759 factam,
3225 692 3506 747 suadente
3536 688 3800 745 Theode-

2089 787 2270 853 linda,
2305 792 2504 842 narrat
2535 785 2753 842 Paulus
2784 784 3092 839 Diaconus.
3122 783 3205 838 Ad
3241 783 3368 851 ejus
3401 779 3646 836 consilia
3667 779 3801 833 Gre—

2087 877 2229 948 gorii
2265 893 2462 947 preces
2513 877 2884 932 accesserunt
2927 877 2984 927 et
3032 887 3296 940 munera,
3331 871 3546 941 quibus
3599 866 3801 940 populi

2089 967 2331 1022 Romani
2394 967 2725 1022 libertatem
2775 964 3074 1033 vitamque
3128 962 3408 1016 redimere
3458 959 3699 1025 solebat,
3734 961 3800 1012 ut

2087 1057 2211 1127 ipse
2262 1056 2553 1123 describit,
2588 1070 2778 1111 rerum
2829 1055 3046 1109 statum
3100 1050 3491 1107 Constantiana
3524 1051 3803 1118 Augustas

2087 1163 2415 1218 exponens:
2456 1144 2663 1213 Viginti
2710 1153 2893 1200 autem
2929 1144 3048 1214 jam
3081 1150 3132 1197 et
3178 1143 3380 1210 septem
3425 1155 3599 1194 annos
3637 1137 3798 1194 duci-

2086 1253 2226 1302 mus,
2252 1241 2392 1306 quod
2415 1239 2472 1291 in
2494 1237 2594 1290 hac
2612 1236 2742 1289 urbe
2767 1237 2910 1289 inter
2939 1230 3428 1302 Langobardorum
3463 1228 3678 1299 gladios
3701 1227 3792 1282 vi-

2085 1332 2280 1383 vimus.
2307 1328 2512 1396 Quibus
2543 1343 2712 1397 quam
2742 1324 2921 1381 multa
2959 1326 3058 1379 hac
3097 1323 3163 1378 ab
3185 1321 3429 1378 Ecclesia
3453 1319 3792 1392 quotidianis

2085 1419 2276 1474 diebus
2319 1426 2642 1489 erogantur,
2676 1423 2735 1472 ut
2761 1420 2905 1472 inter
2944 1430 3034 1470 eos
3071 1416 3252 1469 vivere
3282 1414 3573 1484 possimus,
3604 1425 3798 1478 sugge-

2085 1509 2252 1565 renda
2280 1525 2387 1564 non
2423 1517 2567 1564 sunt.
2603 1507 2704 1564 Sed
2730 1507 2962 1562 breviter
3002 1505 3209 1572 indico,
3261 1504 3392 1573 quia
3430 1503 3568 1556 sicut
3602 1499 3661 1554 in
3695 1500 3799 1554 Ra-

2084 1616 2277 1657 vennae
2297 1600 2545 1670 partibus
2585 1597 2936 1654 dominorum
2980 1598 3153 1666 pietas
3183 1593 3330 1664 apud
3367 1593 3610 1663 primum
3640 1604 3801 1644 exer-

2081 1692 2259 1744 citum
2310 1690 2486 1745 Italia:
2534 1687 2891 1744 sacellarium
2941 1685 3122 1750 habet,
3172 1684 3272 1753 qui
3317 1682 3496 1736 causis
3542 1693 3798 1750 superve-

2085 1780 2360 1835 nientibus
2411 1779 2759 1850 quotidianas
2807 1791 3072 1848 expensas
3122 1774 3312 1842 [aciat,
3363 1773 3436 1827 ita
3484 1774 3534 1826 et
3581 1769 3641 1824 in
3691 1769 3796 1824 hac

317 1859 389 1928 ob
421 1852 730 1931 super-bium
762 1852 1098 1931 deponit._;
1207 1859 1591 1931 Sanctassedis
1637 1858 1955 1931 vicnes'Maxi

2085 1871 2219 1924 urbe
2250 1869 2307 1923 in
2357 1872 2534 1924 causis
2569 1868 2772 1924 talibus
2820 1882 3008 1923 eorum
3049 1863 3374 1919 sacellarius
3421 1875 3513 1931 ego
3555 1875 3696 1914 sum.
3730 1859 3796 1912 Et

316 1920 731 1983 miauotribuit.
753 1948 814 1958 —
833 1921 879 1970 8.
906 1921 1059 1971 Varia
1089 1923 1155 1971 ab
1190 1937 1253 1972 eo
1275 1924 1581 1972 constituta.
1620 1950 1682 1957 —
1701 1921 1747 1968 9.
1774 1921 1971 1983 Legum

319 1982 575 2032 amicitiae
598 1984 1237 2034 fuitobservantissimus.
1274 2011 1337 2022 —
1376 1985 1450 2032 10.
1480 1986 1662 2034 Pacem
1694 1985 1831 2032 inter
1855 1982 1973 2031 Ma-

314 2048 618 2109 ximiauum
655 2046 964 2109 episcopum
999 2053 1050 2096 et
1079 2049 1365 2097 Eusebium
1400 2049 1649 2098 abbatem
1701 2043 1970 2109 conciliat.

317 2108 752 2158 Prudentissiuia
789 2108 998 2171 utrique
1031 2111 1120 2158 dat
1152 2111 1376 2160 monita.
1413 2138 1471 2146 —
1508 2110 1582 2159 11.
1629 2108 1972 2172 Privilegium

313 2172 628 2219 Arminensi
658 2174 984 2222 monasterio
1017 2187 1350 2224 concessum.
1383 2175 1500 2235 (An.
1531 2173 1621 2221 591
1655 2177 1705 2222 et
1727 2171 1866 2231 592.)

327 2252 377 2304 1.
416 2251 635 2307 Eodem
670 2268 822 2307 anno
855 2253 924 2306 ad
959 2252 1093 2307 belli
1144 2254 1481 2309 incendium
1525 2271 1640 2324 quo
1674 2253 1972 2308 Romanus

249 2359 396 2414 ager
429 2343 834 2415 conflagravit,
862 2345 1032 2400 famis
1068 2346 1362 2418 ﬂagellum
1398 2346 1655 2414 accessit,
1691 2345 1761 2400 ob
1794 2361 1968 2414 quam

251 2433 604 2504 Gregorium
637 2434 981 2505 praefectum
1018 2433 1209 2503 Urbis,
1259 2436 1586 2492 Castorium
1623 2436 1969 2505 magistrum

251 2523 542 2588 militum,
575 2526 630 2577 et
658 2539 952 2579 summum
1001 2525 1358 2596 pontificem,
1393 2523 1747 2597 negligentiae
1781 2522 1971 2578 crimi-

251 2613 389 2667 nari
413 2613 543 2668 ausi
560 2617 698 2668 sunt
719 2615 872 2684 apud
897 2616 1223 2685 Augustum
1245 2632 1446 2670 eorum
1468 2614 1759 2669 inimicict
1781 2612 1972 2668 aemuli

251 2719 602 2774 quanquam
618 2720 847 2759 omnem
865 2720 1056 2759 curam
1070 2705 1436 2759 adhibuisset
1451 2702 1972 2773 nosterGregorius

251 2795 333 2863 (α)
358 2807 416 2848 ut
439 2793 591 2849 hanc
630 2794 931 2864 penuriam
966 2795 1313 2866 depelleret:
1339 2813 1468 2851 cum
1505 2795 1657 2851 enim
1688 2793 1971 2865 superiori

255 2896 418 2935 anno
443 2897 640 2950 paucae
663 2882 734 2936 ob
759 2881 1114 2938 sterilitatem
1151 2883 1399 2938 collecta:
1431 2889 1627 2938 essent
1659 2886 1881 2953 segetes
1913 2881 1968 2935 in

254 2970 455 3037 Italia,
499 2975 822 3041 opportuno
867 2975 1127 3044 tempore
1179 2990 1414 3044 operam
1449 2973 1608 3028 dedit
1653 2981 1777 3027 uta
1808 2972 1970 3026 Petro

250 3059 631 3115 Subdiacono
683 3059 825 3130 (Lib.
879 3078 918 3128 ι,
968 3077 1052 3132 ep.
1101 3062 1192 3131 72)
1244 3080 1458 3135 magna
1489 3062 1766 3118 frumenti
1809 3061 1968 3131 copia

246 3153 702 3218 compararetur
725 3149 782 3204 in
806 3150 1024 3220 Sicilia,
1050 3158 1150 3206 aut
1172 3152 1242 3208 ab
1266 3152 1794 3209 ecclesiasticorum
1830 3168 1969 3223 prae-

2083 1964 2265 2016 tamen
2298 1960 2412 2016 hac
2459 1959 2725 2028 Ecclesia,
2772 1973 2899 2029 quae
2945 1972 3053 2012 uno
3083 1954 3370 2024 eodemque
3405 1958 3644 2022 tempore
3679 1949 3792 2004 cle-

2085 2053 2238 2116 ricis,
2271 2053 2641 2115 monasteriis,
2690 2047 3043 2120 pauperibus,
3101 2045 3324 2116 populo,
3377 2051 3537 2112 atque
3567 2042 3795 2110 insuper

2083 2141 2458 2211 Langobardis
2519 2148 2632 2195 tam
2687 2140 2864 2193 multa
2911 2135 3283 2191 indesinenter
3341 2131 3621 2202 expendit,
3679 2142 3799 2183 ecce

2085 2229 2262 2283 adhuc
2308 2245 2380 2283 e1:
2421 2228 2671 2284 omnium
2733 2227 3102 2282 Ecclesiarum
3166 2224 3443 2296 premitur
3488 2217 3798 2290 afﬂictione

2083 2319 2224 2389 (Lib.
2259 2335 2314 2386 v,
2349 2335 2432 2390 ep.
2464 2319 2579 2388 21).

2156 2428 2205 2480 4.
2240 2426 2508 2483 Ecclesia:
2541 2428 2810 2482 Romanis
2838 2425 3141 2481 facultates
3166 2423 3332 2493 (dum
3366 2420 3489 2492 eius
3511 2416 3794 2490 patrimo-

2086 2517 2182 2571 nia
2213 2525 2265 2571 et
2296 2517 2507 2588 praedia
2553 2516 2768 2587 ubique
2813 2516 3014 2587 praedae
3040 2515 3323 2586 paterent)
3357 2515 3439 2566 tot
3469 2507 3794 2565 necessita-

2084 2607 2259 2676 tibus,
2285 2606 2558 2678 Gregorio
2590 2624 2686 2661 eas
2727 2607 3123 2676 dispensante,
3157 2602 3475 2666 suffecisse,
3511 2597 3790 2652 miraculo

2082 2695 2309 2750 videtur
2357 2695 2709 2767 proximum,
2761 2693 3076 2767 praesertim
3127 2707 3260 2747 cum
3307 2688 3455 2744 nihil
3496 2685 3793 2756 antiquius

2083 2787 2340 2855 haberet,
2397 2803 2574 2858 quam
2624 2785 2785 2841 illata
2835 2784 3054 2840 colonis
3084 2787 3141 2838 et
3169 2778 3406 2836 rusticis
3438 2795 3470 2833 a
3515 2775 3794 2847 patrimo-

2084 2875 2316 2929 niorum
2349 2872 2621 2928 Ecclesia:
2654 2871 2974 2928 rectoribus
3021 2874 3078 2925 et
3115 2867 3432 2924 ceconomis
3464 2867 3677 2919 damna
3708 2878 3791 2917 re-

2083 2963 2314 3031 sarcire,
2376 2967 2438 3018 ut
2468 2979 2646 3034 supra
2695 2961 3143 3021 observavimus,
3177 2963 3353 3028 atque
3400 2955 3459 3009 in
3490 2957 3787 3024 posterum

2083 3069 2308 3110 cavere.
2344 3056 2638 3119 Quantum
2673 3053 2746 3107 ab
2795 3050 3034 3121 injustis
3078 3046 3476 3104 exactionibus
3516 3042 3796 3097 abhorre-

2084 3149 2190 3211 ret,
2222 3145 2487 3201 indicant
2516 3143 2690 3198 verba
2721 3142 2842 3197 haec
2899 3158 2991 3212 ep.
3024 3141 3092 3195 44
3141 3139 3239 3194 lib.
3275 3154 3331 3192 1:
3364 3136 3469 3191 Nos
3511 3133 3790 3188 sacculum

247 3238 490 3292 diorum
515 3238 757 3306 colonia.
792 3240 1014 3312 absque
1064 3246 1258 3296 tamen
1295 3243 1589 3298 vexatione
1630 3220 1973 3314 suppedita—
2003 3223 2045 3290 C
2074 3235 2322 3290 Ecclesia
2369 3249 2438 3289 ex
2484 3231 2655 3288 lucris
2707 3233 2956 3304 turpibus
2985 3231 3243 3286 nolumus
3294 3222 3606 3296 inquinari.
3641 3220 3790 3284 Quin

247 3335 435 3382 retur.
466 3328 800 3400 Deindeque
829 3336 888 3384 ut
914 3331 1106 3386 multae
1129 3332 1341 3403 quibus
1364 3333 1763 3402 deportaretur
1791 3347 1966 3387 naves

245 3418 536 3473 oneraria:
570 3425 779 3488 prazsto
816 3425 1030 3488 essent,
1067 3427 1406 3490 curaverat;
1433 3424 1530 3477 sed
1556 3423 1702 3478 hanc
1733 3427 1965 3493 egesta-

245 3509 323 3564 tis
359 3524 538 3578 quam
570 3525 741 3580 passa
771 3515 857 3564 est
883 3510 1030 3565 Urbs
1063 3512 1321 3583 assignat
1353 3529 1611 3582 causam,
1635 3515 1786 3584 quod
1820 3512 1973 3567 vide-

246 3599 393 3653 licet
425 3599 716 3653 frumenta
747 3599 844 3653 diu
881 3600 1070 3656 Romae
1104 3601 1319 3656 servari
1356 3620 1468 3657 non
1500 3607 1746 3673 possunt
1778 3602 1971 3658 incor-

249 3695 448 3758 rupta.
484 3687 659 3743 Hoste
691 3694 885 3744 autem
921 3691 1285 3762 imminente,
1320 3692 1842 3764 obsessisqueiviis,
1876 3693 1971 3747 in-

245 3783 487 3850 tegrum
522 3795 636 3834 non
686 3785 810 3836 erat
842 3782 1003 3837 novis
1055 3782 1306 3839 subinde
1357 3785 1778 3839 commeatibus
1829 3782 1968 3838 Urbi

253 3869 593 3924 subvenire.

326 3957 383 4010 2.
435 3959 796 4014 Incredibilis
845 3963 986 4016 tunc
1044 3961 1256 4018 enituit
1313 3963 1570 4036 Gregorii
1619 3963 1967 4032 constantia,

248 4055 380 4102 tum
414 4048 475 4101 in
508 4047 870 4119 perferendis
929 4067 1092 4122 aequo
1145 4051 1340 4108 animo
1390 4052 1716 4123 calumniis,
1750 4057 1873 4108 tum
1907 4052 1966 4106 in

247 4137 569 4191 asserenda
598 4137 925 4195 illustrium
945 4141 1202 4196 virorum
1222 4142 1333 4198 sibi
1353 4142 1612 4198 amicitia
1640 4143 1970 4212 conjuncto-

245 4241 383 4280 rum
438 4227 715 4283 adversus
777 4229 1196 4286 obtrectatores
1245 4231 1596 4288 innocentia.
1638 4231 1966 4288 Obscurum

248 4331 373 4371 non
406 4321 531 4372 erat
560 4317 891 4380 Romanum
943 4320 1256 4376 exarchum
1292 4339 1474 4378 rerum
1529 4322 1838 4379 infeliciter
1868 4338 1968 4394 ge-

248 4410 487 4462 starum
520 4407 796 4463 invidiam
843 4413 955 4465 uta
995 4427 1053 4466 se
1078 4412 1503 4482 deprecaretur,
1529 4414 1590 4469 in
1632 4413 1964 4484 praefectum

243 4495 424 4551 Urbis
449 4496 758 4568 ipsumque
783 4515 1083 4555 summum
1108 4502 1438 4572 pontificem
1475 4503 1766 4574 rejecisse.
1797 4504 1870 4559 De
1893 4517 1958 4558 eo

2079 3325 2248 3380 etiam
2286 3325 2342 3378 in
2372 3323 2617 3379 concilio
2664 3322 2913 3378 Romano
2964 3320 3131 3391 (Olim
3152 3335 3235 3390 ep.
3270 3316 3359 3384 44,
3391 3314 3490 3370 lib.
3527 3329 3602 3379 1v,
3644 3325 3792 3365 nunc

2078 3415 2149 3470 ad
2195 3416 2397 3469 calcem
2442 3413 2611 3483 Epp.)
2646 3429 2760 3467 non
2793 3411 2981 3467 solum
3016 3415 3262 3465 rectores
3306 3402 3789 3477 patrimoniorum

2079 3505 2345 3560 Ecclesia:
2377 3504 2527 3560 ultra
2548 3519 2723 3573 quam
2757 3519 2859 3572 par
2887 3505 3042 3557 esset
3069 3499 3183 3554 illis
3206 3494 3632 3568 amplificandis
3663 3499 3788 3546 slu-

2079 3595 2302 3662 dentes,
2335 3599 2392 3649 et
2423 3592 2644 3649 alienos
2691 3594 2836 3647 ﬁnes
2883 3591 3164 3664 appositis
3205 3587 3392 3643 titulis
3421 3585 3782 3648 invadentes,

2077 3684 2342 3740 anathem
2354 3684 2461 3738 aiis
2485 3701 2654 3755 poena
2677 3681 3011 3739 multandos
3029 3679 3280 3745 censuit;
3305 3678 3400 3734 sed
3425 3677 3581 3747 ipsos
3605 3673 3774 3728 etiam

2078 3775 2403 3846 pontifices,
2438 3773 2484 3828 si
2516 3773 2576 3828 id
2607 3773 2753 3839 fieri,
2785 3777 2887 3829 aut
2933 3771 3333 3844 praeciperent,
3368 3771 3465 3824 aut
3497 3782 3613 3822 non
3647 3779 3784 3836 pro-

2077 3864 2363 3919 biberent.

2147 3971 2200 4026 5.
2231 3971 2445 4028 Verum
2505 3971 2630 4041 ejus
2682 3970 2946 4042 aequitas,
2999 3967 3314 4040 integritas,
3345 3968 3400 4021 et
3440 3962 3618 4019 animi
3652 3977 3781 4016 ma—

2077 4061 2320 4134 gnitudo
2353 4060 2562 4116 nullibi
2595 4060 2808 4116 clarius
2852 4058 3099 4125 elucent,
3134 4072 3310 4128 quam
3343 4054 3402 4110 in
3434 4051 3681 4124 epistola
3710 4049 3782 4104 ad

2077 4152 2524 4208 Constantinam
2549 4154 2896 4224 Augustam,
2920 4165 2987 4205 ea
3007 4147 3307 4204 occasione
3328 4141 3701 4216 scripta(Lib.
3726 4155 3783 4208 ν,

2074 4258 2158 4313 ep.
2192 4242 2304 4307 41).
2338 4242 2482 4298 Cum
2514 4240 2822 4314 gentilium
2858 4258 2974 4296 non
3021 4255 3233 4311 paucos
3275 4236 3465 4294 adhuc
3495 4233 3556 4289 in
3588 4230 3785 4288 Sardi-

2077 4331 2174 4388 nia
2204 4332 2550 4405 superstites
2579 4348 2708 4388 esse
2757 4330 3141 4402 cognovisset,
3177 4342 3241 4383 ac
3271 4323 3474 4382 insulsa
3506 4321 3783 4378 sacerdo—

2075 4424 2163 4477 tes
2196 4439 2312 4494 prae
2343 4430 2569 4494 torpore
2599 4423 2668 4477 de
2712 4437 2914 4477 eorum
2971 4417 3348 4476 conversione
3399 4428 3606 4486 parum
3654 4425 3783 4467 esse

2075 4510 2350 4567 sollicitos
2376 4528 2388 4579 ;
2423 4510 2563 4567 illuc
2586 4511 2900 4582 quemdam
2923 4509 3255 4581 episcopum
3277 4521 3346 4561 ex
3369 4501 3532 4558 Italia
3554 4501 3783 4556 mittere

238 4585 336 4641 sic
359 4585 619 4654 loquitur
641 4587 697 4640 S.
723 4587 1038 4660 Gregorius
1059 4589 1119 4644 in
1154 4591 1398 4660 epistola
1431 4593 1502 4647 ad
1527 4592 1962 4660 Sebastianum,
2000 4605 2045 4670 ι)
2077 4605 2400 4670 curaverat,
2450 4602 2620 4671 cujus
2674 4598 3081 4672 praedicatione
3110 4595 3349 4670 plurimi
3381 4593 3452 4649 ad
3483 4593 3661 4649 ﬁdem
3693 4605 3789 4645 ac-

234 4675 628 4730 Sirmiensem
670 4675 1045 4749 episcOpum:
1082 4680 1230 4749 Qus,
1279 4683 1464 4750 frater
1510 4687 1868 4752 sanctissime,
1901 4683 1966 4740 de

234 4768 418 4820 amici
451 4768 614 4822 vestri
643 4769 834 4823 damni
864 4771 1104 4826 Romani
1148 4789 1382 4843 persona
1408 4777 1467 4829 in
1500 4775 1602 4829 hac
1632 4783 1784 4830 terra
1810 4777 1966 4846 pali-

230 4874 390 4926 mur,
456 4857 604 4927 loqui
663 4861 894 4915 minime
951 4860 1224 4919 valemus.
1280 4868 1528 4920 Breviter
1579 4873 1762 4920 tamen
1820 4865 1962 4932 (lico,

232 4949 377 5018 quia
447 4947 565 5017 ejus
640 4950 697 5001 in
756 4966 853 5006 nos
912 4952 1138 5008 malit-ia
1198 4953 1412 5021 gladios
1480 4956 1966 5028 Langobardorum

232 5037 382 5091 vicit
401 5054 424 5097 ,·
451 5038 527 5092 ita
557 5043 618 5092 ut
643 5039 986 5110 benigniores
1018 5042 1311 5099 videantur
1330 5047 1526 5112 hostes,
1549 5049 1646 5118 qui
1673 5063 1769 5101 nos
1798 5051 1968 5102 inter-

230 5126 454 5191 imunt,
478 5144 646 5197 quam
693 5131 1009 5198 reipublicae
1039 5134 1277 5204 judices,
1326 5139 1421 5207 qui
1463 5153 1562 5192 nos
1589 5137 1810 5193 malitia
1840 5155 1961 5206 sua,

230 5220 463 5287 rapinis
521 5227 683 5289 atque
714 5222 962 5290 fallaciis
1007 5223 1066 5278 in
1113 5224 1448 5293 cogitatione
1497 5237 1844 5283 consumunt.
1895 5230 1965 5284 Et

228 5323 353 5360 uno
388 5311 628 5378 tempore
649 5327 844 5365 curam
865 5315 1262 5384 episcoporum,
1293 5322 1463 5388 atque
1483 5319 1831 5374 clericorum.
1857 5321 1966 5375 Μο-

226 5402 614 5455 nasteriorum
654 5419 886 5475 quoque,
929 5415 979 5460 et
1013 5407 1206 5477 papuli
1241 5424 1451 5478 gerere,
1504 5413 1694 5465 contra
1725 5411 1964 5466 hostium

224 5489 485 5545 insidias
505 5491 800 5548 sollicitum
820 5495 1076 5567 vigilare,
1101 5513 1191 5552 con
1205 5504 1294 5553 tra
1314 5497 1515 5554 ducum
1534 5500 1792 5570 fallacias
1806 5509 1968 5572 atque

219 5580 502 5636 malitias
550 5587 862 5654 suspectum
922 5602 1138 5659 semper
1192 5589 1452 5660 existere,
1509 5591 1669 5663 cujus
1728 5591 1962 5662 laboris,

2077 4697 2397 4761 cesserant,
2427 4695 2661 4763 accepto
2711 4691 3082 4762 baptismate,
3139 4687 3429 4758 idolisque
3459 4682 3786 4740 sacriﬁcare

2075 4784 2390 4840 desierant.
2448 4785 2522 4838 At
2569 4783 2705 4855 quia
2749 4781 2978 4854 praetori
3029 4796 3132 4837 seu
3163 4778 3352 4850 judici
3391 4776 3556 4846 prius
3587 4772 3781 4829 nescio

2077 4873 2219 4945 quid
2249 4873 2418 4945 pretii
2453 4872 2777 4946 persolvere
2808 4871 2967 4929 soliti
2996 4873 3181 4940 erant,
3216 4872 3276 4924 ut
3305 4862 3652 4922 immolandi
3685 4877 3780 4915 co-

2077 4963 2232 5033 piam
2264 4966 2778 5035 consequerentur,
2820 4962 3004 5034 judex
3051 4959 3161 5015 hoc
3210 4954 3362 5028 turpi
3393 4954 3555 5008 lucro
3587 4962 3782 5006 carere

2077 5052 2302 5122 nolens,
2345 5053 2520 5110 etiam
2571 5071 2604 5110 a
2652 5053 2982 5125 baptizatis,
3033 5064 3139 5106 nec
3189 5044 3442 5117 amplius
3483 5041 3581 5097 alii
3609 5053 3779 5110 quam

2075 5157 2206 5198 vero
2234 5145 2346 5200 Deo
2387 5144 2797 5212 servientibus,
2836 5142 2992 5196 idem
3034 5137 3314 5193 tributum
3344 5131 3629 5205 exigebat.
3662 5130 3786 5195 Qua

2076 5232 2146 5287 de
2177 5247 2238 5286 re
2286 5235 2585 5302 correptus
2633 5230 2703 5285 ab
2748 5229 3042 5300 episcopo,
3092 5223 3475 5296 responderat
3512 5218 3623 5276 sibi
3669 5217 3780 5288 ipsi

2075 5325 2306 5377 tantum
2341 5321 2598 5392 pecunias
2631 5317 2926 5390 imperari,
2968 5319 3030 5371 ut
3069 5313 3186 5370 nisi
3232 5313 3455 5384 injuste
3503 5311 3622 5366 haec
3661 5307 3781 5365 exi-

2075 5411 2286 5483 gendo,
2343 5410 2402 5464 id
2460 5408 2783 5481 persolvere
2835 5420 2952 5461 non
3002 5405 3218 5476 posset.
3277 5403 3422 5458 Tam
3477 5397 3783 5455 immensis

2075 5500 2246 5556 etiam
2282 5500 2340 5554 in
2372 5499 2604 5554 Corsica
2633 5497 2825 5552 insula
2871 5493 3272 5552 exactionibus
3311 5490 3786 5563 opprimebantur

2078 5589 2301 5656 incolae,
2328 5592 2393 5644 ut
2423 5588 2508 5644 eis
2541 5589 2723 5643 facere
2755 5587 2920 5658 satis,
2953 5587 3131 5643 etiam
3168 5583 3419 5642 venditis
3441 5580 3664 5650 liberis,
3693 5578 3786 5635 vix

311 5761 400 5829 (α)
432 5758 512 5815 Ea
543 5760 615 5815 de
649 5776 708 5816 re
737 5765 937 5821 statim
973 5768 1101 5839 post
1130 5783 1296 5823 suam
1330 5768 1756 5828 ordinationem
1787 5770 2084 5827 Justinum
2109 5768 2319 5827 Siciliae
2340 5771 2641 5843 praetorem
2673 5768 3215 5827 commonefecerat.
3238 5762 3384 5819 Vide
3413 5761 3549 5821 libo.
3574 5779 3617 5834 ι,
3649 5777 3706 5836 p.
3729 5762 3785 5820 2.
