4106 6174
298 238 415 298 319

750 241 816 301 S.
866 240 1239 303 GREGORII
1285 241 1527 303 MAGNI
1574 241 1782 313 VITA,
1827 240 1929 302 EX
1971 242 2159 305 EJUS
2206 242 2554 303 SCRIPTIS
2602 240 3049 303 ADORNATA.
3102 243 3249 303 LIB.
3297 243 3372 305 ll.

3699 244 3821 303 320

297 376 569 443 possent;
596 390 701 431 nec
743 376 1068 433 minoribus
1108 377 1663 451 depopulationibus
1698 378 2008 433 vexabatur
2039 384 2090 450 Α
2122 378 2291 433 etiam
2324 377 2385 433 in
2411 377 2690 449 subjectis
2722 377 3030 449 episcopis.
3060 376 3219 434 Idem
3241 380 3489 433 testatur
3518 379 3587 433 ad
3618 376 3827 433 Domi-

298 461 514 518 Sicilia.
540 465 795 529 Quorum
838 465 1119 523 scelerum
1144 474 1202 524 et
1238 467 1666 524 latrociniorum
1700 467 2009 540 Gregorius

297 552 602 609 certiorem
642 554 781 610 fecit
807 558 1144 628 Augustam,
1184 565 1243 612 ut
1275 558 1346 613 de
1376 556 1489 625 his,
1530 557 1823 629 explorato
1854 574 2010 613 com-

300 641 474 697 modo
497 647 777 714 tempore,
820 645 1157 702 Mauricium
1200 663 1570 703 commonere
1614 652 1864 704 curaret.
1901 647 2008 703 Oc-

304 735 477 803 cupat
515 736 711 788 autem
736 734 844 789 hac
865 734 924 790 in
947 736 1211 806 epistola,
1234 737 1391 808 quod
1411 739 1761 807 respondere
1790 741 2013 808 poterat

306 821 655 892 imperator:
691 823 974 879 Nimirum
1005 827 1140 897 quia
1163 828 1222 881 in
1245 827 1429 885 Italia
1455 830 1708 898 expensis
1734 830 2011 885 transmit-

303 910 517 967 tebatur
571 912 840 983 quidquid
895 916 962 968 de
1008 916 1293 986 przdictis
1344 919 1545 972 insulis
1575 920 2009 987 aggregabatur.

304 998 396 1052 Ad
427 1000 582 1069 quod
613 1001 1015 1059 sanctissimus
1036 1020 1218 1075 papa:
1252 1006 1361 1062 Sed
1391 1023 1505 1077 ego,
1538 1006 1755 1079 inquit,
1784 1023 2014 1079 suggero

306 1087 377 1140 ad
407 1087 525 1154 hoc,
557 1093 619 1143 ut
647 1092 754 1145 etsi
782 1093 966 1147 minus
1006 1110 1261 1165 expensas
1290 1098 1349 1150 in
1381 1095 1558 1151 Italia
1595 1097 1942 1163 tribuantur,
1982 1114 2016 1152 a

306 1192 404 1232 suo
435 1182 618 1233 tamen
670 1182 900 1253 imperio
946 1200 1326 1256 oppressorum
1374 1187 1649 1259 lacrymas
1689 1192 2012 1261 compescat.

309 1268 445 1323 Nam
501 1277 554 1326 et
599 1272 806 1329 idcirco
832 1276 1067 1343 fortasse
1110 1281 1276 1332 tanta:
1321 1275 1501 1334 236
1546 1295 1796 1350 expensa
1828 1281 1883 1335 in
1918 1280 2019 1335 hac

307 1366 463 1412 terra
491 1363 676 1416 minus
706 1362 777 1416 ad
808 1364 1103 1420 utilitatem
1134 1367 1448 1436 proﬁciunt,
1482 1371 1616 1439 quia
1657 1385 1780 1425 cum
1811 1372 2018 1441 peccati

310 1448 507 1520 aliqua
539 1452 882 1510 admixtione
927 1456 1282 1526 colliguntur.
1333 1460 1673 1531 Praecipiunt
1719 1476 1843 1532 ergo
1872 1477 2017 1517 sere-

310 1540 532 1596 nissimi
560 1542 773 1598 domini
800 1545 885 1600 nil
915 1562 1039 1601 cum
1084 1551 1302 1618 peccato
1341 1549 1560 1618 colligi.
1612 1551 1675 1606 Et
1721 1553 1832 1608 scio
1862 1554 2015 1622 quia,

310 1630 410 1684 etsi
462 1647 660 1701 parum
710 1633 1027 1703 reipublicz
1073 1637 1401 1694 attribuitur
1443 1638 1797 1707 utilitatibus,
1849 1656 1918 1696 ea:
1958 1657 2018 1697 eo

2120 468 2314 523 nicum
2350 468 2691 540 episcopum
2733 468 3088 523 rescribene:
3123 470 3194 523 De
3223 467 3599 523 ecclesiasticis
3644 467 3828 539 privi-

2121 557 2281 628 legiis
2303 558 2443 629 quod
2468 561 2641 613 vestra
2668 558 2999 628 fraternitas
3021 558 3240 625 scribit,
3281 557 3377 613 hoc
3403 560 3701 629 postposita
3730 557 3831 611 du-

2122 646 2391 703 bitatione
2413 651 2591 703 teneat
2614 665 2633 704 :
2663 647 2797 719 quia
2825 648 2972 703 sicut
2994 653 3184 703 nostra
3208 646 3573 718 defendimus,
3598 651 3676 703 ita
3704 648 3832 702 sin-

2120 736 2271 807 gulis
2298 736 2601 809 quibusque
2642 736 2895 793 Ecclesiis
2941 753 3043 792 sua
3063 738 3201 809 jura
3240 753 3537 792 servamus.
3584 738 3688 793 Nec
3716 738 3834 791 cui-

2126 827 2277 894 libet,
2298 830 2518 895 favente
2544 826 2758 897 gratia,
2782 830 2929 884 ultra
2950 845 3121 900 quam
3140 836 3382 884 meretur
3404 828 3713 900 impertiar,
3734 843 3839 881 nec

2124 916 2230 971 ulli
2260 917 2357 972 hoc
2384 917 2525 989 quod
2553 919 2643 973 sui
2678 920 2825 988 furis
2874 922 2972 985 est,
3003 920 3222 974 ambitu
3264 919 3587 974 stimulante
3615 917 3833 988 derogo,

2122 1007 2213 1062 sed
2241 1008 2443 1075 fratres
2472 1023 2621 1063 meos
2651 1024 2751 1079 per
2778 1010 2971 1065 omnia
3020 1008 3294 1065 honorare
3336 1007 3497 1080 cupio
3530 1007 3715 1078 (lbid.,
3745 1023 3834 1078 ep.

2125 1095 2238 1167 47).

2195 1186 2249 1239 9.
2281 1186 2601 1258 Epistolam
2624 1187 2912 1243 Dominici
2932 1189 3004 1243 de
3022 1190 3296 1259 suscepto
3320 1186 3660 1259 pontificatu
3694 1203 3839 1243 con—

2126 1275 2564 1345 gratulatoriam
2588 1276 2918 1334 detulerant
2941 1278 3012 1332 ad
3035 1275 3378 1349 Gregorium
3401 1275 3641 1332 honoris
3661 1292 3841 1332 causa

2129 1365 2244 1422 duo
2267 1366 2546 1439 episcopi,
2570 1367 2786 1439 quibus
2809 1368 2923 1422 duo
2942 1367 3182 1423 comites
3216 1366 3358 1433 dati,
3381 1366 3658 1422 diaconus
3679 1381 3838 1420 unus

2127 1459 2184 1510 et
2202 1456 2349 1511 alter
2374 1458 2659 1513 notarius.
2686 1460 2823 1512 Cum
2854 1456 3091 1512 honoris
3114 1456 3267 1511 vices
3291 1454 3532 1511 reddere
3560 1472 3674 1510 non
3700 1472 3841 1527 pos-

2129 1550 2217 1601 set
2240 1547 2371 1615 (hoc
2400 1547 2555 1603 enim
2590 1564 2623 1603 a
2653 1563 2927 1617 suprema
2955 1547 3083 1617 ejus
3127 1545 3411 1617 dignitate
3460 1545 3665 1601 fuisset
3695 1545 3840 1600 alie-

2129 1640 2295 1705 num)
2328 1653 2579 1693 amorem
2614 1643 2769 1695 certe
2817 1637 3001 1693 amori
3041 1636 3322 1708 rependit,
3356 1635 3521 1691 etiam
3569 1651 3701 1691 cum
3735 1636 3843 1690 iaz-

310 1720 547 1774 multum
578 1722 886 1791 respublica
915 1724 1229 1793 adiuvatur.
1266 1728 1441 1796 Quam
1487 1728 1591 1786 etsi
1629 1731 1864 1799 fortasse
1893 1745 2017 1785 con-
2052 1726 2099 1792 Β
2131 1742 2290 1795 nore,
2325 1744 2437 1783 non
2472 1728 2668 1784 minus
2698 1726 2967 1784 videlicet
3014 1726 3304 1783 sollicitus
3348 1724 3616 1781 amicitiae
3658 1741 3840 1796 quam

314 1809 495 1876 tingat
524 1813 773 1880 expensis
815 1812 1124 1871 minoribus
1167 1818 1347 1872 minus
1393 1819 1669 1888 adjuvari,
1718 1820 1913 1875 melius
1944 1827 2023 1876 est

313 1901 497 1953 tamen
532 1900 911 1970 temporaliter
940 1920 1037 1959 nos
1067 1921 1175 1961 non
1204 1908 1403 1975 vivere,
1449 1924 1615 1978 quam
1643 1925 1734 1964 vos
1765 1910 1834 1964 ad
1864 1918 2020 1966 aeter-

319 2002 452 2041 nam
502 1990 673 2043 vitam
723 1991 1063 2048 obstaculum
1105 1995 1334 2067 aliquod
1362 1996 1630 2054 invenire.
1692 1999 1821 2067 Quae
1874 1998 2024 2055 enim

314 2084 545 2143 mentes,
578 2080 767 2150 qualia
796 2081 1006 2139 viscera
1039 2090 1329 2155 parentum
1362 2102 1477 2143 esse
1502 2095 1750 2159 possunt,
1786 2105 2024 2160 perpen-

316 2164 446 2233 dite,
508 2167 723 2238 quando
779 2169 922 2239 ﬁlios
972 2189 1097 2229 suos
1152 2174 1470 2233 distrahunt
1516 2195 1587 2234 ne
1636 2182 2020 2250 torqueantur.

317 2252 481 2309 Nunc
508 2256 576 2311 ad
613 2273 702 2312 res
734 2258 1156 2320 ecclesiasticas
1190 2272 1614 2324 convertamur.

385 2344 441 2400 6.
484 2344 728 2403 Ineunte
761 2350 865 2405 hoc
897 2368 1053 2408 anno
1076 2357 1331 2412 secundo
1358 2357 1690 2429 Gregoriani
1725 2359 2023 2431 pontiﬁca-

313 2436 435 2501 tus,
462 2435 806 2495 Laurentius
841 2440 1109 2499 Romanis
1152 2445 1415 2503 Ecclesia:
1457 2449 1904 2505 archidiaconus
1953 2449 2024 2520 (is

315 2522 462 2581 forte
483 2527 585 2596 qui
608 2528 666 2583 in
688 2527 878 2586 locum
900 2532 1085 2604 ipsius
1109 2534 1352 2593 Romam
1382 2539 1718 2596 revertentis
1740 2540 2027 2595 Constan-

323 2612 565 2703 tinopoli
588 2618 866 2677 suffectus
889 2623 1073 2680 fuerat
1096 2642 1129 2681 a
1150 2626 1378 2701 Pelagio
1402 2630 1573 2701 papa)
1590 2631 1662 2685 ob
1686 2631 2024 2703 superbiam

322 2706 381 2759 et
409 2702 519 2760 alia
549 2706 850 2779 depositus
885 2716 993 2768 est.
1030 2714 1171 2786 Ejus
1215 2715 1408 2773 locum
1443 2720 1663 2790 accepit
1693 2702 2026 2776 Honoratus

322 2792 380 2847 in
411 2797 633 2864 synodo
650 2799 1123 2872 presbyterorum
1155 2805 1653 2880 diaconorumque
1684 2810 1946 2866 omnium
1972 2815 2027 2866 et

324 2882 581 2971 universi
613 2884 751 2940 cieri
779 2889 883 2959 (Ad
911 2892 1113 2947 calcem
1132 2893 1255 2965 Ep.,
1288 2896 1421 2951 olim
1452 2895 1522 2951 ad
1552 2899 1677 2953 init.
1713 2899 1808 2952 lib.
1843 2900 1937 2971 11);
1966 2902 2028 2953 ut

324 2970 517 3041 palam
552 2972 764 3031 faceret
792 2993 1062 3035 summus
1105 2983 1358 3053 pontifex
1394 2990 1679 3055 quantum
1724 2986 1833 3042 sibi
1866 2988 2026 3043 cordi

2126 1816 2497 1888 episcopatus
2515 1820 2645 1890 jura
2665 1834 2912 1875 servare.
2936 1816 2998 1872 Id
3021 1833 3123 1887 pro
3142 1820 3295 1871 certo
3314 1815 3550 1870 habebit
3568 1815 3667 1885 qui
3687 1815 3843 1872 hanc

2127 1907 2198 1961 ad
2230 1906 2599 1963 Dominicum
2622 1906 2928 1980 epistolam
2953 1906 3171 1977 legerit.
3192 1906 3423 1971 Quanta
3462 1904 3616 1960 enim
3642 1904 3843 1960 chari-

2127 1995 2260 2051 tatis
2292 1996 2609 2069 fragrantia
2659 1997 2751 2052 his
2809 1996 2866 2052 in
2925 1995 3153 2051 verbis:
3187 1996 3337 2050 Hanc
3383 2003 3615 2049 matrem
3666 2000 3844 2050 custo-

2127 2086 2354 2157 demque
2410 2088 2679 2141 virtutum
2737 2085 3174 2158 (dilectionem),
3232 2084 3573 2139 sanctissime
3637 2084 3839 2153 frater,

2128 2178 2453 2232 inconcussa
2504 2174 2810 2231 stabilitate
2863 2178 3169 2232 teneamus.
3203 2174 3391 2231 Nullae
3440 2172 3497 2227 in
3530 2173 3695 2229 nobis
3715 2188 3841 2228 eam

2126 2265 2479 2322 subdolorum
2536 2266 2741 2337 lingua
2786 2264 3148 2332 imminuant,
3198 2262 3375 2319 nullae
3421 2262 3641 2333 antiqui
3672 2262 3840 2317 hostis

2127 2355 2354 2411 insidiae
2382 2364 2767 2427 corrumpant.
2793 2357 2915 2411 Hac
2942 2370 3178 2425 namque
3205 2352 3382 2407 divisa
3402 2351 3619 2424 jungit,
3640 2359 3690 2406 et
3713 2367 3842 2407 con-

2119 2446 2315 2516 juncta
2346 2446 2593 2501 custodit.
2620 2447 2746 2502 ch
2775 2445 3012 2500 humilia
3039 2443 3161 2499 sine
3192 2446 3402 2498 tumore
3429 2443 3684 2510 subrigit.
3720 2442 3843 2497 Ilaec

2130 2539 2318 2590 erecta
2348 2537 2470 2590 sine
2515 2534 2812 2606 dejectione
2840 2534 3131 2589 submittit.
3174 2538 3283 2588 Per
3329 2532 3469 2586 hanc
3507 2532 3843 2587 universalis

2131 2624 2381 2681 Ecclesiae
2428 2625 2634 2693 unitas,
2684 2642 2803 2696 qum
2848 2634 2923 2680 est
2981 2637 3240 2693 compago
3303 2623 3550 2692 corporis
3606 2620 3839 2688 Christi,

2131 2714 2514 2786 exaequatione
2533 2717 2732 2770 mentis
2756 2713 2957 2784 gaudet
2986 2713 3045 2767 in
3081 2712 3340 2781 singulis,
3370 2728 3494 2765 cum
3538 2710 3609 2765 sit
3639 2712 3695 2765 ei
3722 2710 3842 2765 dis-

2127 2806 2389 2875 parilitas
2421 2807 2480 2860 in
2522 2804 2836 2861 diversitate
2882 2806 3274 2859 membrorum.
3326 2803 3431 2857 Per
3480 2800 3620 2856 hanc
3648 2799 3845 2855 eadem

2130 2896 2378 2949 membra
2405 2898 2461 2949 et
2492 2894 2674 2951 alieno
2701 2893 2899 2965 gaudio
2930 2895 2987 2947 in
3027 2894 3147 2948 suis
3199 2892 3414 2960 afflicta
3462 2889 3747 2953 exsiliunt,
3788 2892 3840 2944 et

2131 2984 2329 3042 alienis
2366 2986 2686 3042 meroribus
2714 2984 2881 3040 etiam
2912 2985 2970 3039 in
2996 2986 3111 3039 suis
3144 2983 3271 3037 laeta
3301 2980 3696 3036 contabescunt.
3724 2980 3844 3035 Tes-

322 3067 478 3162 e'sset
508 3062 778 3136 indignos
811 3085 845 3122 ι
874 3086 1037 3126 sacro
1068 3072 1388 3130 ministerio
1430 3092 1758 3145 removere;
1792 3079 2023 3149 sapien-
2056 3098 2098 3164 ο
2138 3084 2187 3131 te
2215 3078 2363 3131 enim
2392 3078 2660 3144 magistro
2703 3075 2972 3144 gentium,
3004 3073 3136 3128 dum
3170 3074 3220 3127 si
3266 3071 3398 3141 quid
3419 3071 3638 3141 patitur
3666 3085 3843 3124 unum

322 3149 544 3208 tissime
574 3154 797 3213 scilicet
824 3158 1159 3233 intelligens
1204 3165 1600 3236 rempublicam
1638 3168 1813 3224 etiam
1844 3168 2023 3225 eccle-

322 3239 642 3312 siasticam,
692 3249 776 3302 uti
822 3253 1070 3320 premio,
1122 3254 1198 3309 ita
1244 3272 1403 3326 pwna
1451 3258 1725 3314 contineri
1773 3258 1905 3330 (Cic.
1957 3258 2028 3315 ad

324 3331 601 3405 Brutum).

395 3422 450 3475 7.
475 3424 682 3480 Eodem
727 3443 880 3485 anno
932 3432 1083 3487 sedis
1114 3435 1445 3505 apostolicae
1500 3437 1652 3493 vices
1699 3439 1754 3493 in
1788 3441 2030 3494 cunctas

326 3510 534 3567 Siciliae
568 3514 852 3573 Ecclesiae
886 3522 1181 3579 commisit
1210 3530 1411 3583 sancto
1442 3526 1815 3594 Maximiano,
1855 3528 2032 3600 Syra-

325 3615 543 3659 cusano
561 3605 855 3680 episcopo,
888 3611 958 3666 de
1007 3628 1123 3683 quo
1166 3616 1292 3686 jam
1335 3616 1601 3687 egimus:
1632 3633 1808 3689 quam
1841 3616 2031 3687 digni-

329 3693 506 3748 tatem
541 3710 654 3751 non
681 3696 807 3754 loco
838 3700 1068 3771 tribuit,
1117 3704 1218 3759 sed
1269 3722 1570 3777 personae;
1624 3723 1693 3763 ex
1742 3712 2033 3764 transacta

322 3779 440 3872 vita
471 3785 647 3853 probe
679 3786 1040 3862 intelligens,
1061 3792 1196 3865 quid
1223 3795 1289 3851 de
1313 3797 1659 3869 subsequenti
1679 3801 1798 3872 ejus
1817 3814 2037 3857 conver-

324 3871 542 3929 satione
576 3890 919 3946 praesumere
948 3881 1135 3939 liceret
1169 3885 1314 3954 (Lib.
1357 3903 1415 3955 II,
1439 3904 1525 3959 ep.
1559 3888 1637 3959 7).
1673 3871 1921 3962 Majores
1944 3896 2035 3947 tao

330 3975 463 4015 men
498 3978 707 4020 causas
739 3967 1218 4044 difficilioresque
1241 3974 1601 4033 dirimendas
1633 3978 1703 4032 ad
1737 3994 1798 4033 se
1829 3980 2035 4035 deferri

336 4049 540 4141 voluit.
575 4058 659 4109 Ex
710 4057 955 4127 epistola
983 4061 1054 4117 ad
1111 4065 1379 4121 eumdem
1444 4066 1617 4137 paulo
1650 4073 1778 4140 post
1824 4069 2042 4141 scripta

338 4139 525 4211 (lbid.,
581 4144 678 4214 Ep.
737 4146 827 4215 24)
884 4148 1066 4221 liquet
1140 4168 1318 4223 quam
1368 4156 1594 4212 curiose
1650 4139 2039 4229 investigaret,

334 4230 580 4319 quinam
605 4234 942 4308 episcopatu
989 4240 1148 4313 fungi
1189 4243 1550 4315 (ubicunque
1582 4245 1846 4317 laterent)
1879 4247 2039 4319 digni

334 4317 689 4409 viderentur,
724 4333 788 4381 ut
822 4343 920 4385 eos
949 4332 1017 4385 ad
1053 4333 1404 4402 pastoralem
1449 4352 1647 4393 curam
1680 4336 1916 4409 provehi
1948 4317 2042 4394 sa-

336 4408 585 4477 tageret.

411 4496 466 4552 8.
500 4496 655 4588 inter
701 4508 907 4562 caetera
951 4508 1349 4570 observatione
1396 4515 1570 4587 digna
1600 4533 1724 4588 quae
1754 4517 1864 4575 hoc
1892 4534 2045 4576 anno

340 4587 664 4657 constituit,
709 4607 825 4649 non
875 4597 1060 4653 obiter
1107 4606 1572 4672 praetereundum
1618 4587 1728 4663 hoc
1769 4609 2045 4666 adversus

339 4676 577 4770 iteratus
610 4681 1010 4743 ordinationes
1050 4690 1342 4749 decretum
1374 4712 1387 4750 :
1422 4696 1573 4753 Sicut
1622 4697 1930 4770 baptizatus
1958 4717 2042 4757 se-

337 4768 452 4823 mel
479 4765 688 4826 iterum
720 4773 1000 4845 baptizari
1029 4794 1137 4834 non
1164 4782 1345 4850 debet,
1374 4784 1453 4840 ita
1481 4789 1579 4857 qui
1605 4765 1949 4845 consecratus
1969 4796 2048 4845 est

337 4858 524 4925 semel,
559 4859 618 4914 in
661 4862 847 4920 eodem
878 4867 1081 4924 iterum
1137 4871 1329 4928 ordine
1375 4891 1485 4930 non
1530 4879 1675 4933 valet
1717 4879 2042 4935 consecrari.

337 4948 442 5004 Sed
470 4950 521 5004 si
548 4954 669 5023 quis
697 4954 939 5025 forsitan
967 4973 1091 5015 cum
1123 4961 1229 5017 levi
1255 4966 1416 5035 culpa
1445 4966 1517 5021 ad
1542 4968 1912 5025 sacerdotium
1944 4986 2043 5024 ve-

338 5038 447 5106 nit,
476 5056 576 5110 pro
623 5044 783 5116 culpa
828 5051 1155 5119 paenitentia
1206 5054 1381 5109 indici
1402 5056 1579 5123 debet,
1620 5066 1671 5113 et
1701 5066 1886 5114 tamen
1917 5059 2047 5115 ordo

340 5132 551 5185 servari
581 5134 719 5201 (Lib.
745 5152 808 5204 ιι,
838 5154 924 5210 ep.
956 5141 1068 5210 46).

374 5219 651 5318 MAttente
672 5242 904 5318 quoque
937 5230 1184 5304 legenda
1205 5239 1345 5291 sunt
1364 5236 1541 5293 verba
1576 5237 1696 5294 haec
1723 5239 1877 5295 santi
1908 5255 2047 5310 pon-

344 5307 552 5366 tificis:
588 5314 730 5371 Absit
757 5318 855 5376 hoc
892 5338 925 5376 a
972 5340 1076 5391 me,
1108 5332 1169 5380 ut
1197 5332 1400 5383 statuta
1453 5331 1727 5397 maiorum
1768 5307 2050 5387 consacer-

347 5396 561 5492 dotibus
614 5406 749 5458 meis
791 5409 851 5461 in
910 5411 1156 5480 qualibet
1204 5416 1439 5473 Ecclesia
1492 5396 1804 5491 infringam
1840 5437 1859 5474 :
1922 5420 2050 5492 quia

348 5488 489 5583 mibi
520 5490 792 5562 injuriam
819 5498 987 5565 facio.
1014 5502 1065 5556 si
1081 5505 1321 5571 fratrum
1350 5522 1595 5564 meorum
1626 5488 1765 5580 jura
1791 5488 2051 5583 perturba

352 5577 491 5669 (Lib.
524 5597 587 5649 ιι,
618 5598 702 5654 ep.
751 5583 865 5648 52).
924 5587 1144 5653 Quibus
1202 5595 1455 5650 ostendit
1513 5577 1687 5669 quam
1746 5577 2050 5666 religiosus

349 5668 542 5728 cultor
562 5672 711 5729 foret
729 5673 1011 5733 instituta
1033 5695 1064 5733 a
1097 5679 1326 5738 Christo
1348 5668 1693 5758 episcopalis
1722 5689 2049 5760 potestatis,

2136 3162 2443 3217 membrum
2490 3166 2906 3233 compatiuntur
2950 3167 3145 3216 cratera
3174 3158 3445 3227 membra,
3476 3161 3525 3213 et
3554 3158 3605 3211 si
3632 3156 3845 3225 gloria-

2137 3259 2226 3307 tur
2244 3268 2416 3307 unum
2448 3254 2747 3307 membrum
2772 3250 3115 3322 congaudent
3136 3248 3313 3305 omnia
3337 3248 3601 3314 membra,
3622 3262 3710 3303 vos
3734 3262 3847 3302 non

2138 3342 2362 3413 ambigo
2391 3342 2454 3397 de
2485 3347 2672 3398 nostra
2716 3342 3134 3413 perturbatione
3182 3340 3558 3408 ingemiscere,
3590 3353 3713 3392 cum
3743 3353 3849 3393 nos

2139 3437 2367 3489 omnino
2424 3437 2636 3488 certum
2690 3434 2767 3488 sit
2824 3434 2891 3487 de
2940 3441 3115 3487 vestra
3160 3446 3293 3501 pace
3323 3425 3581 3498 gaudere.
3618 3427 3687 3481 Et
3717 3429 3852 3497 post

2140 3523 2355 3578 multa:
2392 3525 2498 3578 Per
2543 3523 2837 3579 charitatis
2883 3537 3195 3593 compagem
3238 3523 3288 3574 et
3332 3528 3423 3573 tua
3459 3521 3587 3573 sunt
3631 3529 3755 3587 «(use
3782 3515 3851 3570 de

2139 3630 2224 3669 me
2255 3615 2465 3686 loquor,
2505 3621 2554 3670 et
2574 3629 2694 3669 mea
2723 3629 2841 3685 qum
2873 3619 2926 3667 te
2962 3627 3123 3683 agere
3142 3610 3481 3679 concupisco.

2215 3704 2302 3759 10.
2338 3703 2402 3759 Ut
2432 3703 2500 3758 de
2533 3705 2704 3759 rebus
2736 3701 3075 3758 monasticis
3106 3700 3173 3755 ad
3202 3698 3520 3755 secundum
3555 3694 3855 3768 pontiﬁca-

2144 3800 2237 3849 tus
2261 3792 2594 3860 Gregoriani
2620 3808 2837 3847 annum
2862 3789 3283 3861 pertinentibus
3304 3803 3488 3858 pauca
3506 3784 3853 3849 delibemus,

2148 3880 2292 3936 nihil
2315 3885 2516 3937 notatu
2541 3880 2727 3952 magis
2751 3879 2987 3950 dignum
3013 3877 3180 3933 nobis
3202 3876 3455 3932 occurrit
3476 3890 3652 3945 quam
3689 3889 3854 3944 papas

2148 3970 2479 4027 sollicitudo
2511 3971 2583 4025 ad
2636 3969 3103 4041 componendum
3155 3964 3463 4021 dissidium
3501 3961 3859 4018 inter'Maxi-

2150 4061 2412 4117 mianum
2472 4061 2806 4132 episcopum
2840 4064 3291 4131 Syracusanum,
3324 4062 3377 4110 et
3418 4054 3728 4109 Eusebium
3755 4051 3860 4107 ab—

2149 4152 2365 4207 batem.
2397 4153 2633 4215 Quantae
2657 4150 2990 4206 sanctitatis
3025 4149 3171 4204 foret
3193 4143 3713 4214 Maximianusjam
3738 4158 3857 4196 non

2151 4239 2333 4297 semel
2362 4257 2393 4295 a
2420 4240 2588 4296 nobis
2629 4239 2870 4295 dictum.
2925 4240 3143 4294 Sanctae
3193 4235 3346 4291 sedis
3376 4233 3531 4291 vices
3560 4231 3665 4303 ipsi
3698 4247 3861 4287 com-

2154 4330 2368 4386 missas
2389 4349 2419 4386 a
2451 4330 2745 4402 Gregorio,
2782 4328 3018 4385 ineunte
3067 4326 3174 4381 hoc
3205 4341 3357 4380 anno
3389 4318 3567 4394 suprd
3606 4336 3863 4376 comme-

2157 4420 2533 4476 moravimus.
2570 4420 2770 4475 Virum
2791 4425 2984 4476 tamen
3012 4423 3304 4483 sanctum,
3329 4419 3387 4470 et
3417 4413 3473 4468 in
3492 4412 3720 4468 intimis
3744 4411 3866 4467 fere

2156 4508 2435 4581 primum,
2469 4510 2932 4580 redarguendum
2976 4506 3202 4564 censuit
3231 4510 3472 4561 sanctus
3500 4500 3753 4572 pontifex
3788 4500 3863 4555 ob

2155 4599 2457 4665 inﬂictam,
2481 4600 2679 4656 leviori
2711 4616 2779 4656 ex
2809 4614 2987 4654 causa
3035 4602 3092 4652 et
3133 4612 3201 4651 ex
3228 4593 3409 4650 animi
3448 4590 3863 4657 commotione,

2152 4690 2398 4747 Eusebio
2429 4690 2625 4746 abbati
2675 4686 3357 4746 sxcommunicationem.
3406 4684 3487 4739 Ea
3531 4682 3601 4738 de
3652 4699 3714 4738 re
3745 4697 3870 4737 mo-

2152 4783 2409 4839 nendum
2443 4796 2576 4838 eum
2625 4781 2845 4854 putavit
2892 4797 2926 4836 a
2974 4780 3140 4835 Petro
3172 4775 3531 4833 subdiacono
3576 4774 3632 4828 in
3665 4771 3870 4827 Sicilia

2154 4891 2256 4946 pro
2278 4873 2522 4944 negotiis
2540 4873 2813 4929 Romane
2831 4870 2986 4928 sedis
3009 4873 3236 4941 agente,
3255 4868 3322 4923 ad
3347 4882 3517 4938 quem
3543 4865 3617 4920 ita
3636 4861 3870 4921 scribit:

2154 4964 2315 5035 Aigre
2342 4962 2453 5018 tuli
2486 4962 2624 5034 quod
2662 4960 3096 5032 (Maximianus)
3126 4958 3387 5015 domuum
3435 4953 3731 5010 Eusebium
3758 4968 3871 5008 ea:-

2154 5053 2597 5120 communicavit,
2644 5054 2827 5108 virum
2872 5056 3041 5108 tantae
3091 5049 3272 5107 aetatis
3299 5051 3347 5103 et
3381 5052 3549 5101 tanta:
3574 5043 3872 5114 aegritudi-

2155 5146 2263 5201 nis.
2299 5144 2445 5201 Unde
2473 5159 2684 5200 necesse
2727 5146 2805 5199 est
2844 5150 2904 5199 ut
2950 5140 3126 5197 eidem
3154 5139 3349 5195 domno
3379 5136 3627 5208 episcopo
3663 5143 3872 5190 secrete

2157 5234 2328 5299 dicas,
2359 5242 2625 5306 quatenus
2668 5234 2727 5288 in
2770 5231 3115 5305 proferendis
3160 5228 3442 5285 sententiis
3488 5239 3723 5297 praeceps
3753 5238 3871 5278 non

2156 5327 2248 5384 sit.
2280 5324 2415 5397 quia
2437 5340 2617 5380 causa:
2647 5337 2772 5394 quae
2816 5338 2913 5394 per
2980 5319 3313 5377 sententiam
3363 5314 3675 5373 decidenda:
3715 5318 3867 5380 sunt,

2158 5430 2368 5471 necesse
2396 5421 2473 5471 est
2502 5422 2561 5469 ut
2588 5415 2743 5486 prius
2773 5410 3017 5467 studiosa
3051 5417 3101 5465 et
3128 5406 3583 5481 frequentissima
3616 5402 3867 5457 conside-

2159 5504 2374 5563 ratione
2404 5510 2794 5561 mensurentur
2817 5502 2958 5575 (Lib.
2992 5512 3055 5571 tt,
3077 5518 3159 5572 ep.
3193 5499 3302 5568 32).
3334 5498 3481 5552 Nota
3511 5494 3702 5551 damni
3730 5493 3873 5547 titu-

2156 5594 2281 5652 lum
2311 5596 2383 5653 ab
2414 5595 2538 5667 ipso
2567 5610 2714 5667 papa
2743 5590 2983 5649 honoris
3013 5606 3192 5647 causa
3220 5585 3343 5645 sedi
3375 5598 3718 5642 concessum
3754 5581 3860 5638 ab-

2157 5688 2301 5746 bati.
2325 5688 2440 5746 Nec
2463 5687 2607 5744 satis
2630 5685 2736 5742 fuit
2765 5683 3039 5757 Gregorio
3080 5679 3494 5740 Maximianum
3517 5674 3736 5746 alloqui
3760 5687 3861 5746 per
