4106 6174
244 269 339 329 321
668 279 732 337 8.
785 280 1151 347 GREGORII
1201 286 1450 349 MAGNI
1498 287 1709 360 VITA,
1759 286 1855 346 EX
1898 284 2081 347 EJUS
2123 282 2471 345 SCRIPTIS
2516 279 2971 342 ADORNATA.
3020 282 3163 341 LIB.
3213 284 3293 343 ΙΙ.

3625 284 3742 343 322

240 408 455 468 Petrum
487 418 590 472 sed
621 416 833 474 litteris
861 435 990 476 eum
1021 425 1322 481 admonuit
1353 430 1416 480 ut
1444 424 1624 484 lenire
1646 430 1698 480 et
1724 439 1923 480 conso-
1955 428 2005 492 Α
2035 421 2262 491 dignum
2292 418 2531 473 moribus
2584 422 2744 487 atque
2801 424 2989 487 aptum
3053 421 3373 475 monasticae
3427 420 3739 494 disciplina?

241 500 333 556 lari
380 503 697 563 Eusebium
749 512 902 564 tanto
948 512 1139 580 furore
1194 520 1604 587 exasperatum
1654 516 1926 570 studeret.

242 592 344 648 Hac
374 595 433 650 in
472 598 721 666 epistola
751 601 820 655 ad
850 601 1185 659 Maximiani
1219 612 1472 662 mentem
1506 611 1752 675 revocat,
1785 620 1932 676 quo-

244 683 339 737 ties
370 701 503 741 eum
529 689 921 759 admonuerit,
947 697 1011 747 ut
1030 692 1090 748 in
1114 696 1459 765 proferenda
1481 696 1769 752 sententia
1792 712 1931 767 prae-

242 787 362 844 ceps
393 792 507 831 non
541 783 696 833 esset
716 780 854 850 (Lib.
884 799 948 851 ιι,
979 798 1067 853 ep.
1088 783 1201 854 34).
1227 784 1469 842 Miratur
1498 802 1629 841 eum
1663 786 1745 839 ita
1777 785 1932 841 furo-

242 878 295 917 re
322 866 599 923 exarsisse
630 868 688 924 in
733 870 1028 939 abbatem,
1062 874 1231 943 cujus
1269 876 1508 946 antiqua
1555 877 1932 940 conversatio,

241 957 369 1008 satas
398 953 573 1027 longa
598 962 655 1013 et
684 960 967 1031 aegritudo
988 962 1265 1018 diuturna
1287 965 1542 1037 episcopi
1568 966 1830 1020 animum
1861 966 1932 1020 ab

238 1040 317 1097 ira
347 1044 649 1103 deﬂectere
701 1049 1056 1107 debuissent.
1100 1054 1341 1122 Quilibet
1377 1057 1525 1109 enim
1554 1054 1614 1111 in
1658 1071 1717 1110 eo
1763 1056 1935 1125 fuerit

238 1149 499 1203 excessus,
534 1138 746 1209 inquit,
770 1139 889 1211 ipsa
907 1142 1265 1212 (egritudinis
1294 1144 1527 1214 afflictio
1547 1146 1602 1200 ei
1621 1144 1803 1200 debuit
1835 1161 1934 1215 pro

234 1224 443 1293 flagello
468 1229 833 1295 sufﬁcere.....
874 1231 966 1285 sed
1016 1234 1253 1301 fortasse
1284 1233 1398 1289 ideo
1443 1234 1701 1290 excedere
1733 1238 1789 1289 in
1835 1236 1936 1290 tali

228 1329 459 1379 persona
489 1321 788 1384 permissus
816 1336 894 1387 es,
928 1328 986 1375 ut
1016 1322 1234 1378 cautior
1264 1325 1317 1377 in
1352 1324 1639 1379 vilioribus
1669 1325 1794 1393 ﬁas.
1823 1324 1934 1379 Uti-

234 1419 360 1457 nam
394 1404 518 1459 baec
548 1408 898 1464 sanctissimi
935 1410 1187 1466 doctoris
1225 1414 1446 1468 monita
1485 1414 1556 1469 ob
1589 1413 1786 1469 oculos
1818 1414 1931 1468 ha-

231 1492 425 1549 berent
456 1512 688 1567 semper
708 1498 767 1551 in
792 1499 913 1555 suis
936 1516 1072 1572 erga
1096 1502 1364 1558 subditos
1383 1502 1620 1572 judiciis
1645 1504 1934 1559 antistites

228 1588 280 1639 et
320 1588 592 1641 rectores.
644 1588 1074 1660 Obtempcravit
1122 1591 1533 1659 Maximianus,
1578 1599 1635 1648 et
1684 1594 1932 1649 Eusebio

231 1676 697 1731 communionem
731 1694 797 1733 ac
826 1680 1075 1748 gratiam
1107 1681 1346 1737 reddere
1375 1683 1591 1751 voluit;
1627 1682 1725 1739 sed
1778 1683 1932 1739 acci-

233 1779 362 1835 pere
393 1765 748 1822 detrectabat
778 1768 980 1824 abbas.
1018 1769 1175 1826 Unde
1227 1770 1394 1826 illum
1434 1773 1505 1827 ad
1545 1772 1799 1829 ofﬁcium
1844 1790 1930 1829 re-

230 1868 432 1909 vocare
481 1857 709 1912 studuit
753 1858 809 1913 S.
866 1857 1180 1930 Gregorius
1226 1860 1335 1917 hac
1392 1861 1686 1932 epistola:
1739 1863 1932 1919 Credat

232 1944 365 1998 mihi
425 1945 679 2002 charitas
742 1952 862 2015 tua,
912 1949 1044 2019 quia
1082 1950 1241 2007 valde
1282 1952 1640 2008 contristatus
1681 1969 1804 2008 sum
1860 1955 1932 2009 de

228 2036 461 2089 tristitia
492 2040 612 2102 tua,
645 2052 708 2091 ac
754 2039 806 2092 si
852 2036 911 2092 in
968 2042 1019 2094 te
1076 2042 1342 2111 injuriam
1397 2041 1510 2113 ipse
1564 2044 1929 2113 pertulissem.

224 2123 325 2177 Sed
344 2140 466 2179 cum
496 2126 849 2195 postmodum
881 2131 1086 2199 agnovi
1114 2132 1247 2201 quia
1276 2133 1445 2186 etiam
1474 2131 1731 2188 reddente
1778 2147 1931 2187 reve-

224 2212 562 2268 rendissimo
594 2218 711 2270 viro
740 2219 917 2285 fratre
943 2222 994 2272 et
1041 2222 1347 2291 coepiscopo
1379 2229 1564 2277 nostro
1596 2223 1933 2281 Maximiano

221 2308 465 2369 gratiam
494 2309 658 2376 atque
686 2307 1145 2375 communionem,
1191 2316 1287 2365 tua
1316 2310 1533 2366 dilectio
1564 2313 1632 2366 ab
1681 2328 1739 2367 eo
1780 2329 1935 2368 com-

224 2389 516 2446 municari
546 2393 785 2458 nolebat,
817 2397 1041 2463 cognovi
1078 2399 1127 2450 et
1166 2394 1309 2451 illud
1334 2399 1493 2467 prius
1527 2399 1739 2468 justum
1766 2401 1935 2467 fuisse

224 2480 364 2550 quod
384 2482 594 2548 factum
624 2489 721 2537 est.
757 2482 1047 2539 Servorum
1079 2486 1173 2541 Dei
1202 2485 1489 2542 humilitas
1518 2489 1575 2541 in
1605 2488 1935 2559 afflictionis

226 2577 476 2636 tempore
503 2569 658 2627 debet
686 2588 968 2642 apparere.
1016 2575 1121 2641 Qui
1148 2591 1270 2630 vero
1303 2592 1360 2631 se
1396 2581 1585 2631 contra
1614 2579 1934 2647 prmpositos

224 2674 352 2713 suos
384 2662 626 2729 erigunt,
666 2664 908 2732 profecto
958 2664 1287 2733 ostenditur,
1336 2668 1466 2737 quia
1496 2666 1641 2721 servi
1688 2669 1783 2722 Dei
1827 2684 1939 2724 esse

226 2755 608 2805 contemnunt.
642 2752 703 2806 Et
750 2753 968 2823 quidem
1000 2754 1147 2810 287
1184 2755 1250 2810 ab
1278 2757 1375 2811 illo
1408 2758 1504 2812 hoc
1551 2757 1692 2828 quod
1728 2760 1936 2827 factum

228 2846 327 2906 est,
358 2841 595 2894 minime
640 2840 763 2909 ﬁeri
791 2842 999 2910 debuit,
1030 2860 1063 2898 a
1094 2852 1145 2899 te
1177 2848 1357 2901 tamen
1396 2863 1520 2901 cum
1567 2846 1719 2903 omni
1747 2847 1936 2903 debuit

229 2930 542 2985 humilitate
560 2932 803 3002 suscipi;
833 2941 883 2987 et
913 2950 1131 2989 rursum
1155 2951 1280 2991 cum
1298 2936 1541 3007 gratiam
1574 2938 1845 3006 reddebat,
1869 2939 1937 2994 ad

224 3035 349 3073 eum
380 3036 506 3075 cum
535 3021 847 3090 gratiarum
875 3024 1089 3079 actione
1119 3023 1305 3080 debuit
1336 3029 1569 3083 occurri.
1619 3027 1767 3097 Quod
1806 3030 1938 3098 quia

224 3111 359 3164 itaa
390 3117 442 3165 te
481 3113 693 3178 factum
738 3126 845 3166 non
887 3119 986 3180 est,
1036 3113 1109 3168 ad
1158 3116 1255 3169 hoc
1302 3132 1556 3185 cognosco
1604 3118 1734 3189 quia
1784 3120 1939 3173 nobis

2039 510 2322 565 communi
2350 523 2610 562 consensu
2650 508 2994 577 congregatio
3026 511 3134 562 tota
3166 512 3483 579 poposcerit,
3512 518 3565 569 te
3587 516 3742 571 ratu-

2036 616 2160 654 mus
2190 598 2447 653 ordinare
2476 597 2618 665 (Lib.
2654 612 2710 665 ιι,
2739 612 2824 666 ep.
2870 596 2978 667 41).
3014 596 3093 652 De
3133 598 3263 655 aliis
3312 602 3631 676 privilegiis
3680 610 3738 664 in

2042 687 2284 759 gratiam
2320 684 2734 742 monachorum
2771 684 2921 740 datis
2950 684 3103 741 infra
3146 688 3451 759 loquemur
3478 695 3617 764 (Lib.
3653 714 3739 766 ιιι,

2040 794 2089 833 c.
2122 781 2175 843 2,
2209 794 2265 830 η.
2298 778 2375 847 9).

2726 865 2938 915 CAPUT
2979 866 3063 915 lX.

2043 948 2245 998 Ascon.
2276 947 2421 1021 7.1..
2446 946 2591 1019 Duos
2622 946 3062 1021 metropolitani?
3086 950 3310 1021 castigat
3349 954 3400 1002 S.
3435 956 3737 1021 Gregorius,

2106 1025 2263 1059 causa
2298 1010 2533 1078 Thebani
2558 1009 2816 1078 episcopi;
2849 1036 2916 1078 —-_
2934 1008 2981 1059 2.
3015 1008 3333 1073 Episcopum
3375 1008 3740 1078 percussorem

2106 1073 2531 1122 excommunicat
2577 1070 2640 1108 -ὲ-
2684 1070 2755 1133 3(
2784 1072 2856 1120 De
2901 1070 3093 1122 lsaura:
3126 1070 3402 1126 monachis
3451 1094 3480 1128 a
3526 1070 3737 1133 Joanne

2106 1137 2200 1183 CP.
2237 1136 2371 1184 male
2412 1134 2622 1183 habitis.
2655 1132 2906 1198 Epistolas
2934 1135 2986 1183 S.
3019 1136 3253 1198 Gregorii
3285 1140 3350 1188 ad
3390 1142 3645 1193 Joannem
3678 1132 3742 1195 ea

2107 1199 2171 1246 de
2193 1212 2353 1247 causa
2382 1199 2610 1258 scriptae.
2633 1222 2694 1232 —
2712 1198 2759 1244 4.
2782 1196 3069 1260 Mpnachos
3089 1196 3207 1260 post
3227 1203 3455 1251 oblatam
3474 1204 3596 1255 ﬁdei
3618 1222 3740 1256 con-

2107 1261 2392 1325 fessionem
2426 1260 2665 1325 absolvit.
2702 1260 2771 1325 D_e
2814 1259 3025 1325 Joanne
3077 1259 3384 1325 presbytero
3435 1272 3499 1315 ab
3548 1268 3741 1319 haeresi

2106 1336 2314 1392 quoque
2345 1322 2605 1392 absoluto.
2638 1349 2699 1392 7-
2793 1322 3038 1392 _J_o_annes
3069 1321 3430 1392 QP._hmresim
3462 1330 3741 1392 objiciens.

2107 1384 2159 1433 in
2193 1398 2423 1433 errorem
2478 1386 2687 1432 incaute
2740 1384 2953 1432 labitur.
2988 1412 3050 1421 -—
3077 1386 3122 1434 6.
3156 1388 3379 1437 Joannis
3420 1384 3744 1444 Rav'ennatis

2107 1448 2298 1497 fastum
2329 1449 2629 1508 comprimit
2658 1447 2709 1495 S.
2736 1446 3041 1509 Gregorius.
3062 1475 3119 1484 —
3147 1449 3196 1499 7.
3222 1451 3293 1500 De
3314 1453 3613 1505 Domitiano
3635 1456 3740 1507 Me-

2106 1512 2270 1559 litinm
2288 1512 2558 1571 episcopo.
2579 1510 2675 1565 Qui
2708 1510 2959 1571 praedicat
2991 1511 3158 1559 Persis
3189 1511 3337 1562 irrito
3370 1523 3584 1567 conatu.
3607 1520 3739 1570 Eum

2105 1573 2413 1623 consolatur
2434 1577 2651 1621 sanctus
2682 1572 2941 1632 pontifex.
2966 1574 3087 1633 (An.
3117 1573 3211 1625 592
3243 1581 3294 1625 et
3330 1577 3462 1639 593.)

2118 1675 2164 1728 1.
2226 1674 2455 1736 Quanta
2512 1672 2823 1745 Gregorius
2892 1673 3169 1730 charitate
3245 1678 3745 1749 complectebatur

1967 1798 2009 1862 Β
2041 1764 2296 1834 optimos
2349 1762 2677 1834 episcopos,
2730 1766 2894 1817 tanta
2949 1763 3246 1819 severitate
3296 1768 3598 1825 coercebat
3647 1786 3745 1829 eos

2040 1853 2140 1923 qui
2174 1868 2281 1907 sua
2319 1854 2598 1921 potestate
2630 1866 2743 1906 non
2794 1852 2865 1906 ad
2907 1852 3374 1923 aedificationem,
3424 1858 3547 1921 sed,
3602 1876 3743 1917 con-

2042 1941 2275 2012 temptis
2306 1940 2711 1997 ecclesiasticis
2744 1941 2985 2013 regulis,
3017 1942 3087 1997 ad
3129 1944 3583 2005 destructionem
3618 1954 3745 2005 ute-

2040 2030 2293 2098 bantur;
2328 2032 2479 2102 quod
2514 2030 2572 2085 in
2602 2030 2724 2101 ipso
2756 2030 2913 2086 tertii
2944 2032 3081 2087 anni
3114 2033 3204 2087 sui
3238 2035 3612 2104 pontificatus
3642 2054 3749 2095 ex—

2042 2121 2203 2176 ordio
2235 2124 2437 2175 contra
2464 2119 2774 2188 Joannem,
2809 2121 3005 2192 prima:
3026 2122 3397 2192 Justinianas,
3422 2132 3477 2181 et
3496 2128 3744 2185 alterum

2041 2211 2346 2277 Joannem,
2379 2210 2619 2266 Larissae
2652 2210 3176 2283 archiepiscopum,
3200 2214 3637 2274 demonstravit.

2112 2301 2463 2365 Hadrianus,
2495 2300 2827 2355 Thebarum
2854 2301 3185 2371 episcopus,
3217 2318 3352 2358 cum
3378 2304 3525 2361 duos
3558 2307 3749 2365 diaco-

2042 2407 2147 2447 nos
2176 2394 2631 2459 exauctorasset,
2657 2404 2832 2445 unum
2856 2391 3011 2461 quod
3042 2390 3269 2447 violatae
3291 2393 3575 2451 castitatis
3597 2402 3750 2454 esset

2042 2495 2197 2548 reus,
2230 2480 2475 2534 alterum
2508 2483 2743 2550 propter
2772 2480 3036 2534 fraudem
3074 2480 3131 2535 in
3174 2496 3364 2539 rerum
3398 2484 3751 2543 ecclesiasti-

2042 2585 2239 2625 carum
2260 2568 2770 2624 administratione
2786 2569 3020 2638 factam,
3037 2570 3108 2624 ab
3128 2575 3369 2642 utroque
3388 2574 3740 2647 fueratapud

2044 2658 2383 2715 Mauricium
2412 2660 2740 2729 Augustum
2767 2664 3129 2729 provocatus,
3161 2665 3278 2716 tam
3299 2662 3369 2718 de
3392 2664 3743 2734 pecuniariis

2044 2765 2218 2820 quam
2247 2749 2317 2805 de
2347 2749 2748 2806 criminalibus
2778 2750 2994 2805 causis.
3028 2752 3365 2822 Imperator,
3399 2759 3620 2810 servato
3651 2772 3748 2812 ca-

2046 2854 2267 2895 nonum
2292 2839 2514 2907 ordine,
2562 2838 2867 2895 constituit
2898 2843 3027 2895 uta
3075 2839 3318 2909 Joanne,
3369 2842 3605 2899 Larissae
3657 2862 3751 2901 ar-

2045 2927 2438 2999 chiepiscopo,
2487 2928 2816 2984 Thebarum
2884 2931 3355 3001 metropolitano,
3417 2934 3756 3003 pecuniaria

2046 3020 2435 3075 controversia
2466 3020 2875 3088 dirimeretur;
2910 3019 2981 3074 de
3003 3020 3352 3077 criminibus
3380 3026 3575 3077 autem
3598 3024 3757 3095 obje-

2048 3107 2175 3173 ctis,
2210 3108 2280 3163 ad
2322 3123 2384 3164 se
2430 3111 2740 3165 referretur
2783 3108 3073 3181 quidquid
3123 3109 3324 3165 habita
3370 3111 3753 3182 inquisitione

226 3202 452 3253 omnino
483 3200 856 3271 lacrymarum
885 3179 1018 3273 opus
1048 3207 1144 3258 est.
1180 3204 1295 3259 Non
1338 3179 1489 3261 enim
1517 3179 1729 3276 grande
1757 3216 1836 3264 est
1868 3212 1937 3263 iis
1967 3179 2009 3245 Ο
2050 3197 2346 3269 οοεηίίυω
2378 3206 2431 3253 θί
2466 3197 2829 3270 exploratum
2867 3198 3091 3254 misset-
3130 3198 3259 3255 Haec
3298 3201 3591 3257 Hadriano
3638 3201 3757 3259 im"

224 3304 324 3343 nos
355 3304 474 3343 esse
505 3287 765 3357 humiles,
796 3306 828 3343 a
860 3292 1055 3360 quibus
1087 3293 1443 3362 honoramur,
1470 3300 1597 3368 quia
1628 3303 1680 3352 et
1713 3298 1811 3352 hoc
1841 3316 1941 3353 sw-

228 3379 453 3432 culares
484 3379 718 3449 quilibet
746 3382 1002 3448 faciunt;
1037 3381 1126 3436 sed
1158 3384 1270 3438 illis
1292 3386 1540 3441 maxime
1569 3387 1801 3443 humiles
1831 3402 1944 3443 esse

229 3468 512 3533 debemus,
554 3484 587 3522 a
628 3468 821 3537 quibus
880 3468 1070 3541 aliqua
1119 3474 1381 3540 patimur.
1448 3476 1586 3530 Nam
1643 3477 1945 3532 Psalmista

230 3556 366 3612 dicit
398 3576 419 3613 :
465 3556 604 3613 Vide
643 3558 1017 3614 humilitatem
1049 3576 1226 3616 meam
1267 3563 1331 3618 de
1361 3565 1603 3620 inimicis
1635 3569 1790 3623 meis.
1841 3568 1945 3623 Nos

236 3649 399 3713 cuius
433 3648 562 3703 vita
591 3663 801 3716 sumus,
834 3648 931 3719 qui
972 3650 1204 3705 humiles
1235 3668 1350 3707 esse
1378 3652 1547 3710 etiam
1575 3658 1821 3726 patribus
1852 3674 1948 3714 n0-

238 3739 429 3793 lumus
450 3740 479 3792 ?
499 3737 754 3805 Proinde,
780 3739 1128 3797 dilectissime
1157 3742 1260 3811 ﬁli,
1293 3758 1420 3811 rogo
1454 3750 1513 3799 ut
1542 3748 1718 3803 omnis
1742 3751 1948 3803 amari-

2053 3291 2221 3359 pacta
2263 3286 2533 3357 legimus,
2584 3290 2734 3359 quod
2786 3288 3167 3358 Stephanum,
3220 3289 3573 3361 turpissimis
3619 3293 3745 3347 vita:

2052 3377 2385 3445 diaconum,
2420 3377 2541 3433 loco
2576 3394 2686 3432 non
2733 3377 3024 3444 movisset,
3070 3382 3125 3433 et
3155 3380 3309 3450 quod
3358 3380 3615 3437 infantes
3648 3382 3752 3439 ba-

2055 3465 2251 3536 ptizari
2288 3466 2685 3537 prohibuisset
2709 3471 2911 3537 postea
2942 3468 3065 3523 sine
3089 3467 3441 3540 baptismate
3464 3478 3753 3529 mortuos.

2053 3556 2209 3626 (Vide
2232 3558 2331 3612 lib.
2366 3574 2451 3626 ιιι,
2484 3573 2603 3627 epp.
2636 3558 2671 3611 6
2700 3566 2748 3612 et
2774 3559 2855 3626 7.)

2125 3645 2443 3702 Larissaeus
2464 3646 2955 3717 archiepiscopus,
2980 3646 3221 3717 insuper
3241 3648 3442 3705 habita
3464 3649 3753 3720 imperiali

2043 3733 2334 3805 jussione,
2374 3735 2444 3790 de
2493 3739 2740 3807 utroque
2779 3738 3185 3793 controversia:
3231 3739 3416 3809 capite
3457 3739 3749 3810 judicium

215 3830 354 3882 tudo
387 3827 455 3883 de
502 3827 662 3883 corde
707 3834 799 3883 tuo
841 3833 1105 3899 transeat,
1154 3847 1224 3886 ne
1271 3835 1505 3903 fortasse
1551 3835 1681 3905 finis
1731 3839 1932 3896 viciam

2080 3824 2207 3891 ulit,
2240 3829 2297 3881 et
2337 3824 2693 3881 Hadrianum
2744 3826 3174 3893 condemnavit,
3228 3833 3749 3901 provocantemque

224 3920 319 3985 sit,
352 3924 409 3973 et
443 3919 708 3989 antiquus
737 3919 903 3975 hostis
929 3936 1033 3991 per
1059 3920 1412 3992 iniquitatem
1450 3924 1763 3999 discordiae,
1796 3930 1941 3984 viam

217 4011 382 4077 regni
414 4008 644 4063 crrtestis
676 4009 1030 4067 intercludat.
1067 4010 1355 4084 Integram
1398 4014 1516 4070 fere
1548 4015 1693 4071 hanc
1726 4018 1944 4089 episto-

214 4097 328 4153 lam
357 4096 529 4170 plene
563 4114 799 4153 auream
836 4097 927 4154 bio
948 4099 1338 4157 recudendam
1362 4102 1846 4175 existimavimus,
1875 4124 1942 4163 ex

220 4203 342 4257 qua
365 4188 603 4244 discant
625 4204 829 4244 omnes
850 4187 1239 4247 humilitatem
1264 4195 1320 4247 et
1338 4209 1475 4265 erga
1494 4195 1746 4265 majores
1769 4196 1941 4253 etiam

221 4276 497 4349 iniquius
532 4282 768 4349 agentes
812 4279 1220 4335 reverentiam.
1271 4283 1336 4337 At
1364 4298 1497 4338 vero
1530 4302 1600 4339 ne
1647 4286 1942 4343 Eusebius

220 4367 415 4423 libera
473 4368 580 4422 hac
620 4367 1017 4436 increpatione
1068 4370 1305 4426 forsitan
1350 4375 1816 4445 exacerbaretur,
1869 4381 1940 4434 ad

226 4474 366 4512 eum
392 4458 869 4523 demulcendum,
894 4464 1126 4515 centum
1152 4461 1201 4515 ei
1226 4461 1443 4517 solidos
1467 4480 1499 4518 a
1522 4468 1688 4521 Petro
1711 4468 1941 4523 subdia-

2054 3914 2122 3969 ad
2156 3916 2481 3985 Augustum
2515 3913 2893 3970 nihilominus
2917 3914 2974 3969 in
3005 3915 3392 3971 arctissimam
3426 3920 3752 3973 custodiam

2055 4004 2318 4060 detrusit.
2354 4004 2637 4075 Suscepta
2668 4004 2793 4073 ejus
2824 4004 3233 4076 appellatione,
3282 4005 3599 4062 Mauricius
3633 4023 3761 4079 quae

2052 4102 2212 4166 gesta
2243 4092 2404 4151 erant
2432 4093 2677 4166 expendi
2710 4093 2891 4151 voluit
2922 4096 2993 4150 ab
3020 4094 3307 4150 Honorato
3334 4095 3600 4165 diacono,
3625 4114 3759 4153 san-

2052 4190 2155 4241 ctae
2179 4185 2334 4240 sedis
2357 4184 2751 4256 apocrisiario,
2775 4185 2914 4240 etab
2930 4184 3363 4255 Sebastiano(a)
3382 4185 3753 4259 antigrapho,

2053 4276 2269 4347 quibus
2298 4274 2512 4330 auditis
2536 4290 2669 4330 eum
2704 4274 2973 4331 absolvit.
2996 4279 3069 4329 At.
3091 4275 3286 4331 nescio
3307 4276 3518 4347 quibus
3545 4277 3757 4334 machi-

2053 4365 2383 4421 nationibus
2415 4365 2784 4437 impetratum
2816 4373 2899 4421 est
2933 4370 3132 4438 postea
3176 4374 3237 4421 ut
3268 4366 3337 4422 de
3381 4366 3491 4422 hoc
3524 4367 3754 4440 negotio

2051 4456 2329 4525 Joannes,
2388 4458 2588 4529 prima:
2650 4457 2995 4513 Justinianas
3054 4456 3388 4528 episcopus,
3429 4459 3759 4530 apostolicis

228 4566 380 4605 cono
414 4550 482 4604 ad
519 4549 648 4619 ejus
694 4551 1035 4605 monasterii
1070 4552 1394 4608 necessario
1425 4558 1744 4625 erogandos
1778 4574 1932 4614 cura-

2073 4547 2211 4602 iedis
2242 4546 2517 4615 vicarius,
2550 4551 2923 4617 cognosceret
2953 4564 3019 4602 ac
3043 4547 3338 4616 judicaret
3372 4563 3383 4600 :
3420 4548 3544 4616 Qui,
3575 4547 3763 4603 divino

228 4639 348 4705 vit;
391 4638 547 4710 quod
578 4654 869 4694 summam
894 4639 1000 4694 viri
1025 4642 1228 4712 probat
1251 4642 1431 4698 simul
1454 4650 1510 4699 ct
1532 4644 1939 4704 liberalitatem

229 4736 291 4784 et
322 4728 725 4800 prudentiam.

306 4820 395 4874 lt.
436 4819 564 4874 Alio
608 4819 783 4875 modo
826 4820 1153 4891 composuit
1202 4822 1353 4879 rixas
1403 4824 1556 4879 inter
1606 4826 1944 4897 episcopum

2055 4638 2399 4708 humanoque
2444 4640 2565 4705 iure
2612 4644 2933 4707 contempto,
2993 4638 3285 4708 abruptam
3333 4637 3393 4691 in
3433 4637 3763 4694 condemna—

2056 4728 2202 4782 tione
2232 4728 2515 4783 Hadriani
2541 4729 2870 4782 sententiam
2908 4726 3155 4799 protulit.

2127 4816 2437 4888 Gregorius
2470 4816 2557 4871 his
2590 4816 2657 4871 ad
2694 4832 2755 4872 se
2787 4815 2985 4871 relatis
3017 4816 3374 4872 Hadrianum
3409 4815 3629 4887 injuste
3662 4816 3758 4871 deo

234 4909 669 4964 Ariminensem
703 4913 759 4964 et
791 4910 1109 4966 monachos
1142 4914 1481 4969 monasterii
1504 4915 1602 4971 SS.
1630 4918 1870 4974 Andreae
1893 4936 1932 4976 ei

2073 4907 2311 4978 positum
2340 4906 2398 4961 in
2424 4906 2735 4978 pristinam
2758 4908 3097 4979 dignitatem
3124 4906 3396 4974 restituit,
3420 4921 3671 4976 eumque
3695 4922 3759 4959 ac

240 4998 484 5055 Thomas
515 5000 668 5070 apud
720 4998 1074 5069 Ariminum,
1107 5003 1318 5072 quibus
1365 5006 1624 5076 amplum
1670 5012 1953 5067 concessit

246 5088 630 5160 privilegium,
666 5093 732 5143 ut
763 5088 850 5143 his
882 5090 1072 5147 verbis
1112 5090 1395 5160 Castorio,
1428 5094 1781 5152 Ariminensi
1825 5100 1951 5170 epi-

249 5190 446 5248 scopo,
475 5177 829 5249 significavit
862 5196 874 5232 :
908 5182 1341 5237 Fraternitatem
1375 5188 1523 5239 tuam
1554 5186 1861 5259 hortamur,
1895 5193 1955 5244 ut

250 5264 474 5322 abeunte
503 5268 696 5323 abbate
740 5270 1065 5325 monasterii
1102 5272 1292 5341 ipsius,
1338 5273 1574 5329 Ecclesia
1614 5279 1728 5339 tua,
1770 5277 1829 5331 in
1862 5278 1954 5334 de-

252 5355 545 5411 scribendis
570 5357 1032 5431 providendisque
1058 5358 1345 5431 acquisitis
1373 5365 1788 5435 acquiremlisve
1806 5368 1954 5438 ejus-

255 5441 368 5500 dem
414 5448 736 5503 monasterii
766 5450 949 5515 rebus,
981 5450 1140 5505 nulla
1188 5468 1242 5507 se
1281 5455 1561 5510 occasione
1606 5457 1954 5526 permisceat.

251 5532 505 5591 Abbatem
537 5551 658 5591 vero
690 5536 867 5591 eidem
913 5540 1245 5594 monasterio
1285 5556 1390 5597 non
1424 5541 1621 5613 alium,
1673 5544 1768 5600 sed
1797 5562 1957 5617 quem

315 5764 402 5838 (a)
433 5764 513 5821 De
540 5762 651 5821 hac
682 5779 819 5824 voce
849 5766 1084 5825 consule
1112 5771 1279 5829 notas
1309 5771 1381 5828 ad
1412 5772 1582 5848 epist.
1613 5775 1683 5831 28
1708 5773 1809 5831 lib.
1844 5789 1886 5833 ι.

2058 4996 2183 5065 ejus
2215 4996 2531 5053 Ecclesium
2567 5016 2599 5054 a
2621 4998 2755 5067 jure
2786 4997 3053 5053 Larissaei
3085 4994 3335 5065 episc0pi
3369 4995 3547 5065 (quod
3574 4994 3697 5063 jam
3732 5012 3764 5051 a

2062 5086 2291 5159 Pelagio
2326 5090 2373 5144 II
2416 5088 2800 5145 constitutum
2838 5089 3045 5160 fuerat)
3095 5086 3267 5143 eximi
3300 5083 3500 5140 voluit.
3550 5082 3765 5139 Joanni
3846 5080 3851 5083 ’

2061 5183 2278 5244 tamen,
2307 5179 2570 5250 ejusdem
2604 5180 2763 5235 urbis
2794 5177 3085 5249 episcopo,
3120 5190 3346 5247 poenam
3371 5172 3769 5229 excommuni-

2064 5270 2311 5326 cationis
2343 5272 2470 5341 ejus
2511 5267 2971 5342 prasvaricationi
3020 5270 3076 5322 et
3114 5263 3555 5336 presumptioni
3604 5263 3764 5318 debi-

2062 5363 2183 5415 tam
2215 5358 2479 5427 remisit;
2531 5372 2597 5413 ea
2629 5357 2753 5428 lege
2784 5360 2848 5411 ut
2878 5355 2988 5411 nisi
3026 5354 3338 5411 abstineret
3370 5354 3427 5409 in
3464 5359 3761 5426 posterum

2066 5448 2138 5504 ab
2167 5447 2324 5503 omni
2352 5446 2754 5519 iurisdictione
2785 5443 2843 5500 in
2876 5445 3193 5502 Ecclesium
3236 5443 3573 5501 Thebanam
3605 5460 3765 5504 exer-

2066 5538 2273 5609 cenda,
2326 5538 2454 5611 ipso
2503 5537 2651 5594 facto
2699 5537 3116 5595 communione
3160 5550 3328 5593 sacra
3377 5541 3619 5605 careret,
3669 5552 3777 5593 nec
