4132 6172
363 254 479 314 323

805 253 869 311 S.
916 250 1285 310 GREGORII
1334 250 1585 310 MAGNI
1633 249 1842 319 VlTA,
1890 248 1991 306 EX
2042 246 2222 307 EJUS
2265 245 2615 305 SCRIPTIS
2660 244 3115 305 ADORNATA.
3164 241 3314 303 LlB.
3363 242 3434 300 li.

3763 244 3880 302 3‘24

360 389 521 445 illam
556 404 840 461 “nquam:
873 391 1106 458 excepto
1126 385 1331 441 mortis
1353 385 1618 453 επίίουιο,
1653 384 1767 439 Πίεί
1791 384 2065 453 PrlUSju'
2095 383 2148 450 Α
2181 399 2362 454 fuisse
2394 415 2605 455 nomen
2639 399 2893 454 creditur
2935 398 3253 469 presbyteri
3295 399 3473 470 hujus
3503 404 3561 454 et
3594 397 3886 467 monachi)

360 480 509 535 dicio
569 478 816 534 Romani
887 474 1179 549 pontiﬁcis
1250 473 1665 539 absolveretur,
1729 472 2066 544 perciperet.

359 572 504 627 Cum
543 571 783 637 Joanne,
838 568 1039 639 prima:
1082 565 1453 629 Justinianaa,
1510 564 1766 619 severius
1822 568 2065 630 actum;

361 660 622 717 rescissis
650 660 802 715 enim
844 659 974 728 ejus
1005 654 1309 712 sententiae
1342 654 1610 721 decretis,
1657 655 1781 723 ipse
1829 653 2069 723 triginta

357 752 585 807 dierum
619 749 806 821 spatio
839 764 1013 803 sacras
1044 744 1484 802 communionis
1508 759 1732 814 expers,
1756 744 1964 813 jussus
1983 750 2068 798 est

356 840 763 911 paenitentiam
798 854 990 909 agere.

429 929 703 986 Hadriani
746 930 1113 982 accusatores
1158 939 1293 980 cum
1326 938 1391 978 eo
1423 923 1482 977 in
1531 922 1779 995 gratiam
1826 922 2068 977 rediisse

356 1023 523 1076 docet
552 1017 799 1089 epistola
847 1016 915 1070 39
946 1015 1047 1069 lib.
1098 1031 1183 1079 ιιι,
1217 1013 1285 1068 ad
1337 1014 1640 1085 episcopos
1688 1012 2015 1067 Corinthios
2051 1028 2063 1066 :

360 1110 451 1165 vix
479 1109 635 1164 enim
669 1106 937 1161 dubitare
960 1105 1094 1159 licet
1117 1108 1305 1158 utrum
1328 1103 1477 1158 idem
1502 1104 1579 1158 sit
1600 1103 1928 1157 Hadrianus
1952 1102 2069 1171 epi-

355 1215 567 1269 scopus
599 1198 671 1251 de
700 1213 811 1267 quo
844 1196 962 1250 haec
993 1195 1110 1262 agit
1142 1192 1404 1264 epistola.
1441 1193 1534 1248 Sic
1581 1192 1791 1247 illatam
1839 1193 2066 1261 episco—

353 1307 446 1362 po,
482 1288 699 1358 totique
732 1284 905 1339 simul
938 1283 1128 1339 ordini
1158 1282 1473 1353 episcopali
1504 1282 1659 1337 ultus
1682 1287 1769 1337 est
1792 1282 2064 1351 injuriam

348 1380 407 1433 S.
447 1375 796 1448 Gregorius;
831 1380 888 1430 et
918 1374 1013 1443 qui
1061 1373 1363 1444 episcopos
1396 1388 1599 1426 omnes
1634 1372 1783 1442 (ipso
1829 1372 2062 1442 quidem

349 1468 605 1522 Romano
660 1462 931 1535 pontifice
974 1478 1088 1515 non
1140 1462 1396 1531 excepto)
1446 1461 1748 1514 secundum
1796 1464 2064 1515 rationem

345 1553 677 1610 humilitatis
709 1552 947 1622 aequales
980 1565 1091 1604 esse
1124 1551 1341 1619 putavit
1373 1550 1509 1617 (Lib.
1544 1566 1619 1614 ιιι,
1654 1566 1740 1620 ep.
1766 1550 1880 1620 59),
1932 1565 2060 1603 cum

348 1644 521 1714 culpa
553 1641 716 1697 nulla
743 1642 800 1696 in
835 1656 933 1696 eos
963 1640 1424 1694 animadvertere
1451 1644 1699 1709 cogeret,
1726 1654 2063 1710 supremam

344 1753 523 1809 quam
556 1733 854 1790 obtinebat
877 1736 1223 1803 potestatem
1261 1730 1320 1784 in
1353 1728 1766 1800 delinquentes
1799 1745 2061 1786 exercere

346 1825 634 1882 sollicitus
668 1824 796 1890 fuit,
825 1822 897 1876 ad
921 1820 1350 1891 quantumlibet
1373 1821 1616 1889 gradum
1642 1820 1697 1874 in
1724 1820 2063 1891 episcopatu

348 1920 651 1991 provectus
683 1918 858 1981 esset,
892 1917 947 1968 et
978 1913 1037 1967 in
1071 1911 1277 1983 quovis
1310 1911 1464 1965 orbis
1488 1910 1797 1966 Christiani
1827 1911 1951 1967 loco
1975 1928 2065 1967 se-

353 2010 541 2063 deret.

422 2099 474 2151 2.
510 2096 649 2165 Ejus
682 2109 914 2165 quoque
946 2090 1399 2161 magnanimitas
1433 2090 1541 2146 hoc
1574 2106 1724 2146 anno
1757 2092 1972 2146 exarsit
2004 2092 2063 2146 in

346 2184 1059 2253 Andream,Tarentinum
1080 2180 1445 2253 episcopum.
1470 2180 1639 2236 illum
1677 2182 2059 2237 concubinam

350 2278 501 2334 238
537 2274 813 2329 habuisse
836 2276 1200 2342 compertum
1226 2274 1371 2338 erat,
1396 2275 1452 2325 et
1476 2275 1602 2339 post
1624 2277 1956 2341 susceptum
1975 2287 2062 2325 sa-

349 2383 510 2422 crum
542 2364 806 2419 ordinem
840 2378 967 2417 eam
999 2361 1187 2415 adhuc
1213 2360 1521 2415 retinuisse
1544 2362 1899 2429 quibusdam
1927 2367 2063 2415 nata

350 2461 541 2514 fuerat
567 2454 852 2525 saepicio.
875 2458 1147 2507 Praeterea
1166 2450 1476 2521 pastoralis
1493 2450 2062 2505 mansuetudinisim-

357 2564 599 2605 memor.
626 2544 929 2600 mulierem
960 2542 1266 2612 quamdam
1288 2540 1540 2595 fustibus
1572 2540 1884 2595 crudeliter
1922 2541 2060 2594 caedi

347 2638 623 2708 jusserat,
660 2651 785 2704 quae
839 2632 1188 2704 migraverat
1217 2647 1247 2685 e
1294 2630 1411 2684 vita
1457 2634 1586 2701 post
1630 2636 1758 2685 octo
1790 2646 2058 2698 menses;

350 2744 527 2798 quam
560 2727 631 2780 ob
674 2724 961 2779 saevitiam
995 2721 1202 2777 statuit
1250 2720 1561 2791 Gregorius
1607 2737 1739 2775 eum
1773 2737 1873 2791 per
1915 2722 2062 2775 duos

350 2832 583 2873 menses
615 2816 671 2869 in
702 2813 1040 2884 poenitentia
1072 2811 1478 2881 transigendos
1512 2828 1543 2863 a
1576 2810 1887 2865 missarum
1922 2812 2063 2865 cele-

354 2906 619 2961 bratione
664 2918 983 2973 suspensum
1038 2899 1233 2955 feriari
1279 2900 1487 2953 debere
1520 2898 1659 2965 (Lib.
1694 2917 1776 2964 ιιι,
1811 2917 1892 2970 ep.
1947 2903 2057 2971 45).

343 2994 486 3056 Quia
520 3007 648 3045 vero
682 3006 794 3044 non
832 2990 913 3043 ita
950 2993 1175 3043 certum
1211 2992 1352 3053 erat,
1382 2988 1574 3056 ipsum
1612 2989 1831 3042 carnali
1863 3005 1921 3043 se
1956 2990 2061 3043 fla—

340 3082 479 3151 gitio
513 3079 863 3146 maculasse,
898 3094 1030 3132 cum
1055 3076 1115 3131 in
1150 3076 1322 3129 rebus
1357 3076 1550 3129 dubiis
1573 3077 1881 3131 absolutum
1901 3078 2058 3145 judi-

338 3171 490 3227 cium
517 3170 663 3224 ferre
696 3184 806 3223 non
861 3168 1051 3231 liceat,
1086 3166 1355 3219 eumdem
1396 3181 1513 3219 suae
1564 3166 1929 3221 conscientia
1963 3169 2049 3222 di-
2086 3135 2128 3201 C

342 3259 696 3314 mittendum
744 3260 805 3309 ut
856 3254 927 3309 ab
976 3270 1043 3309 ea
1081 3254 1461 3323 judicaretur,
1528 3254 1791 3322 censuit;
1845 3256 2055 3311 simul-

346 3365 459 3419 que
490 3346 814 3413 admonuit,
848 3349 908 3399 ut
943 3343 991 3398 si
1024 3343 1169 3399 tanti
1203 3343 1403 3413 flagitii
1436 3343 1551 3398 sibi
1588 3345 1859 3401 conscius
1886 3346 2050 3411 foret,

345 3433 653 3489 sacerdotii
703 3432 920 3486 honore
969 3430 1261 3497 abdicato,
1322 3446 1625 3501 nunquam
1687 3432 1757 3485 ad
1817 3449 2048 3488 sacrum

342 3540 489 3593 opus
536 3522 809 3577 accedere
854 3522 1250 3591 praesumeret.
1285 3518 1357 3573 Ut
1403 3518 1734 3590 hujusmodi
1768 3521 2050 3592 suspicio-

341 3614 540 3680 nibus,
575 3611 795 3683 quibus
827 3610 1005 3665 etiam
1047 3608 1398 3679 Optimorum
1452 3612 1855 3681 episcoporum
1898 3612 2051 3668 fama

340 3707 532 3775 potest
561 3702 848 3769 laborare,
895 3700 1196 3754 tolleretur
1239 3700 1488 3770 occasio,
1538 3700 1673 3756 olim
1721 3707 2050 3773 praeceptum

336 3792 468 3862 fuit,
526 3791 787 3846 Ennodio
848 3794 990 3845 teste
1039 3789 1255 3859 (Opusc.
1306 3791 1384 3862 7),
1442 3793 1504 3845 ut
1536 3806 1737 3846 omnes
1793 3792 2047 3864 episcopi

332 3881 654 3938 cellularios
695 3879 996 3945 haberent,
1018 3879 1319 3935 occasione
1352 3880 1598 3935 fortasse
1620 3880 2046 3939 calumniarum

339 3973 551 4044 quibus
583 3976 822 4027 vexatus
865 3986 1051 4041 nuper
1100 3972 1287 4025 fuerat
1334 3970 1721 4042 Symmachus
1772 3990 1941 4044 papa,
1986 3980 2051 4030 ut

328 4064 455 4135 jam
507 4061 761 4116 diximus
811 4060 868 4115 in
921 4059 1077 4114 notis
1126 4060 1198 4114 ad
1255 4060 1483 4114 decreta
1530 4060 1587 4116 S.
1624 4062 1883 4131 Gregorii
1935 4063 2044 4125 col.

338 4152 498 4216 1289,
534 4156 671 4206 nota
699 4168 751 4221 g.

403 4240 545 4295 3.10
580 4241 903 4294 coercenda
951 4238 1126 4294 etiam
1182 4238 1459 4307 Joannis,
1513 4240 1848 4308 patriarchae
1896 4244 2044 4298 Con-

338 4326 868 4396 stantinopolitani,
901 4327 1121 4381 saevitia
1143 4331 1199 4381 et
1227 4326 1610 4399 immanitate,
1636 4334 1873 4399 paterna
1904 4331 2046 4386 Gre-

339 4415 484 4485 gorii
534 4415 718 4484 pietas
766 4416 965 4469 eodem
1030 4416 1144 4471 fere
1193 4422 1454 4487 tempore
1516 4418 1831 4489 laboravit;
1889 4423 2042 4492 quod

2176 505 2311 544 cum
2342 489 2654 561 Gregorius
2686 490 3023 559 accepisset,
3057 488 3233 543 semel
3265 493 3323 543 et
3352 489 3561 544 iterum
3597 488 3667 542 ad
3701 489 3883 543 Joan-

2176 595 2308 634 nem
2341 580 2594 650 scripsit,
2629 583 2693 634 ut
2724 579 2990 633 criminis
3023 579 3329 649 perpetrati
3355 578 3652 634 veritatem
3686 578 3881 648 explo-

2175 675 2347 725 raret.
2394 672 2465 725 At
2512 669 2608 725 ille
2653 667 3026 724 dissimulans
3074 670 3397 739 respondit,
3444 684 3506 724 se
3555 686 3669 739 qua
3720 668 3792 723 de
3826 685 3885 724 re

2176 760 2627 831 interrogaretur
2674 759 2908 829 penitus
2959 760 3266 829 ignorare;
3313 758 3513 829 sicque
3560 757 3791 812 violatae
3825 759 3882 812 in

2177 850 2491 905 monachos
2519 853 2576 903 et
2606 849 2903 904 sacerdote
2945 846 3242 917 religionis
3272 847 3553 902 invidiam
3583 848 3885 918 deprecari

2173 940 2398 1003 volens,
2420 938 2650 1010 culpam
2678 937 2965 1009 augebat:
2990 938 3202 992 etenim
3226 936 3311 991 vel
3339 939 3522 1008 ipsam
3548 937 3889 993 cumulabat

2176 1029 2477 1085 mendacio
2506 1027 2596 1083 vel
2629 1045 2691 1083 se
2718 1026 2941 1082 veterni
2973 1032 3029 1082 et
3066 1027 3343 1081 socordia:
3378 1028 3675 1097 arguebat.
3704 1027 3885 1081 Nimi-

2174 1136 2327 1186 rum,
2362 1123 2427 1174 ut
2459 1118 2659 1187 objicit
2713 1117 3046 1187 Gregorius,
3095 1116 3227 1187 quid
3274 1117 3513 1171 deterius
3556 1133 3670 1171 esse
3715 1121 3889 1187 potest

2173 1226 2337 1281 quam
2371 1214 2430 1262 ut
2460 1216 2701 1279 agantur
2722 1206 2859 1262 talia
2886 1211 3078 1261 contra
3103 1222 3288 1261 servos
3320 1207 3436 1273 Dei,
3461 1210 3513 1260 et
3540 1209 3655 1277 ipse
3674 1208 3887 1261 nesciat

2172 1301 2273 1371 qui
2301 1304 2484 1369 presio
2515 1302 2634 1352 est?
2666 1298 2798 1364 Quae
2828 1313 2951 1352 vero
2980 1301 3151 1367 potest
3181 1311 3292 1351 esse
3319 1295 3560 1366 pastoris
3588 1298 3886 1364 excusatio,

2172 1393 2220 1446 si
2248 1392 2412 1461 lupus
2443 1405 2561 1444 oves
2581 1391 2839 1454 comedit,
2884 1403 2933 1443 et
2962 1397 3149 1457 pastor
3177 1390 3391 1442 nescit?
3436 1388 3561 1443 Haec
3612 1388 3887 1457 praelatus

2174 1496 2339 1552 papa,
2373 1480 2657 1534 Joannem
2693 1479 2761 1531 ad
2798 1478 3027 1531 saniora
3059 1476 3304 1532 consilia
3337 1482 3585 1543 revocat,
3613 1482 3668 1530 et
3692 1478 3759 1530 ad
3786 1493 3882 1530 ca-

2172 1586 2354 1623 nones
2386 1567 2769 1622 observandos
2820 1566 3105 1633 hortatur,
3138 1566 3236 1635 qui
3286 1567 3588 1637 episcopos
3624 1570 3888 1636 pastores

2172 1676 2301 1714 esse
2330 1658 2550 1723 volunt,
2586 1674 2696 1710 non
2732 1672 3118 1726 percussores.
3155 1657 3301 1710 Nova
3340 1656 3490 1709 enim
3538 1664 3587 1709 et
3618 1656 3885 1709 inaudita

2095 1760 2141 1824 Β
2171 1753 2249 1805 est
2277 1750 2379 1802 ista
2412 1746 2734 1817 praedicatio
2764 1762 2881 1817 quae
2914 1746 3225 1800 verberibus
3244 1747 3417 1815 exigit
3440 1744 3616 1813 fidem,
3642 1744 3838 1815 inquit
3870 1760 3883 1797 :

2171 1843 2221 1895 si
2250 1844 2430 1894 autem
2461 1853 2694 1893 canones
2725 1852 2829 1892 non
2854 1838 3169 1901 custoditis,
3200 1840 3248 1890 et
3280 1836 3555 1901 majorum
3584 1835 3751 1890 vultis
3772 1839 3877 1889 sta-

2172 1934 2291 1984 tuta
2319 1928 2639 1992 convellere,
2674 1943 2780 1982 non
2824 1942 3080 1992 cognosco
3110 1927 3206 1997 qui
3246 1927 3395 1980 estis.
3443 1927 3523 1979 Ad
3559 1930 3885 1980 extremum

2172 2022 2375 2074 suadet
2407 2024 2469 2072 ut
2514 2018 2819 2071 emendato
2854 2016 3070 2084 juvene
3120 2016 3297 2069 totius
3330 2014 3467 2068 mali
3519 2013 3759 2080 artifice,
3793 2030 3885 2067 re-

2167 2108 2459 2178 jectisque
2489 2108 2617 2175 ejus
2640 2104 2921 2172 consiliis,
2954 2104 3270 2159 monachos
3302 2122 3335 2158 a
3366 2119 3427 2159 se
3463 2103 3611 2158 male
3653 2103 3887 2158 habitos

2171 2200 2229 2253 in
2264 2198 2384 2252 suis
2433 2195 2736 2251 ordinibus
2785 2194 3082 2265 suscipiat,
3116 2194 3316 2265 eisque
3364 2210 3565 2265 pacem
3607 2195 3882 2264 praebeat.

2183 2288 2493 2343 Sabiniano
2525 2300 2779 2356 quoque,
2812 2301 2915 2339 suo
2948 2285 3097 2353 apud
3134 2284 3478 2338 Mauricium
3511 2282 3720 2353 legato,
3750 2300 3886 2353 pra-.-

2173 2378 2327 2449 cepit
2360 2382 2421 2431 ut
2451 2377 2521 2431 de
2546 2375 2748 2429 eodem
2783 2374 3008 2443 negotio
3038 2373 3423 2444 patriarcham
3457 2373 3541 2426 sui
3583 2373 3760 2427 otﬁcii
3791 2373 3890 2426 ad-

2175 2470 2454 2523 moneret.
2489 2464 2659 2519 Illum
2683 2464 2877 2518 statim
2900 2479 3013 2516 non
3038 2463 3469 2532 obtemperasse
3487 2462 3630 2516 satis
3660 2462 3885 2516 indicat

2172 2557 2287 2611 alia
2316 2554 2561 2626 epistola
2594 2555 2659 2607 ad
2684 2553 2921 2606 Narsem
2950 2552 3260 2621 patricium
3288 2569 3299 2605 :
3337 2553 3409 2605 De
3446 2566 3629 2611 causa,
3663 2552 3877 2621 inquit,

2164 2648 2626 2717 presbyterorum,
2660 2658 2783 2713 quae
2813 2659 2935 2697 cum
2964 2644 3140 2712 fratre
3171 2657 3285 2695 meo
3315 2650 3366 2695 et
3394 2640 3726 2711 coepiscopo,
3764 2642 3881 2696 viro

2168 2735 2617 2791 reveremtissimo
2636 2734 2844 2787 Joanne
2871 2733 3213 2803 patriarcha,
3246 2734 3451 2800 agitur,
3483 2731 3685 2801 ipsum,
3724 2736 3880 2801 puto,

2166 2824 2544 2880 adversarium
2575 2822 2841 2892 patimur,
2877 2837 3033 2889 quem
3065 2823 3263 2874 asseris
3296 2821 3431 2875 vette
3449 2836 3677 2875 canones
3706 2823 3883 2875 custo-

2166 2914 2305 2969 dire.
2339 2910 2615 2966 Charittzti
2638 2916 2825 2965 autem
2849 2917 2956 2965 ιιιὶιέ
2988 2911 3218 2964 breviter
3240 2913 3418 2979 fateor
3438 2913 3563 2980 quia
3584 2910 3740 2964 omni
3760 2911 3874 2962 vir—

2166 3006 2277 3057 tute
2304 3013 2354 3055 et
2373 3000 2524 3054 omni
2553 2999 2790 3069 pondere
2821 3000 3061 3054 eamdem
3090 3014 3330 3061 causam,
3351 2998 3663 3051 auxiliante
3685 2999 3875 3051 omni-

2165 3098 2383 3165 potente
2416 3093 2537 3157 Deo,
2590 3090 2820 3163 exigere
2863 3098 3091 3160 paratus
3144 3091 3368 3143 sum.ln
3419 3105 3530 3159 qua
3580 3088 3630 3142 si
3680 3087 3867 3142 videro

2159 3182 2279 3239 sedi
2307 3182 2613 3253 apostolicae
2642 3195 2872 3234 canones
2903 3195 3011 3234 non
3050 3178 3283 3247 servari,
3332 3177 3490 3232 dabit
3527 3179 3867 3248 omnipotens

2160 3274 2296 3328 Deus
2319 3271 2449 3344 quid
2473 3281 2663 3325 contra
2692 3273 3087 3339 contemptores
3119 3270 3233 3339 ejus
3262 3270 3469 3339 faciam
3502 3269 3641 3337 (Lib.
3677 3284 3753 3335 ix,
3782 3282 3867 3336 ep.

2158 3363 2267 3433 32.).
2321 3360 2709 3416 Athanasium
2763 3375 3001 3428 ejusque
3049 3359 3238 3413 socios
3292 3358 3359 3413 de
3416 3356 3873 3412 Manichaeorum

2160 3451 2363 3505 haeresi
2396 3451 2709 3506 int'amatos
2735 3464 2865 3503 esse
2888 3451 3049 3503 docet
3074 3446 3321 3518 epistola
3358 3448 3417 3501 14
3452 3446 3582 3501 libri
3624 3445 3796 3500 sexti.

2229 3544 2281 3595 4.
2315 3540 2457 3603 Quid
2495 3544 2693 3611 postea
2724 3539 2940 3593 factum
2985 3538 3063 3592 sit
3095 3538 3249 3592 disce
3281 3553 3347 3590 ex
3379 3537 3580 3591 eadem
3622 3535 3873 3606 epistola

2158 3635 2214 3685 et
2245 3647 2309 3685 ex
2340 3632 2411 3684 66
2442 3630 2703 3700 ejusdem
2750 3628 2905 3695 libri,
2938 3644 3113 3697 quam
3160 3628 3445 3697 integram
3491 3626 3584 3680 hic
3636 3624 3870 3679 exhibe-

2157 3737 2313 3787 mus,
2349 3725 2413 3774 ut
2442 3736 2569 3790 quae
2602 3725 2747 3774 esset
2790 3717 3048 3789 Gregorii
3103 3716 3409 3786 prudentia
3440 3715 3499 3770 in
3546 3714 3870 3769 tractandis

2156 3809 2494 3879 hujusmodi
2529 3807 2776 3878 negotiis
2800 3806 3221 3860 ostendamus:
3261 3805 3545 3872 Gregorius
3564 3801 3871 3859 Athanasio

2154 3901 2477 3970 presbytero
2528 3899 2592 3953 (te
2640 3898 2877 3953 Isauria.
2930 3896 3080 3950 Sicut
3129 3896 3193 3950 de
3229 3896 3305 3950 eis
3347 3910 3477 3964 quos
3533 3895 3604 3948 ab
3652 3895 3873 3947 unitate

2155 3988 2413 4045 Ecclesiae
2451 3986 2725 4043 hwreticx
2775 3985 3068 4056 pravitatis
3110 4002 3270 4040 error
3300 3984 3529 4039 abscidit
3558 3984 3873 4053 afﬂigimur

2155 4090 2205 4135 et
2235 4080 2501 4144 dolemus,
2534 4080 2613 4132 ita
2644 4078 2726 4132 his
2773 4093 2903 4148 quos
2951 4079 3098 4132 intra
3133 4080 3317 4132 sinum
3357 4092 3520 4130 suum
3573 4074 3869 4129 catholica?

2155 4168 2288 4237 fidei
2336 4168 2601 4237 professio
2648 4169 2890 4223 continet
2931 4166 3375 4235 congaudemus;
3404 4169 3455 4220 et
3492 4168 3553 4218 ut
3594 4162 3871 4234 pastorali

2152 4256 2525 4312 sollicitudine
2556 4257 2786 4311 illorum
2817 4273 2914 4312 nos
2958 4261 3162 4327 oportet
3209 4256 3581 4325 impietatibus
3625 4253 3866 4321 obviare,

2153 4348 2232 4402 sic
2260 4347 2369 4418 piis
2402 4348 2594 4402 horum
2626 4346 3054 4418 professionibus
3082 4344 3337 4416 congruit
3368 4345 3617 4415 favorem
3657 4345 3868 4413 impen-

2155 4438 2313 4500 dere,
2347 4445 2395 4491 et
2423 4438 2639 4491 sincera
2670 4452 2782 4491 esse
2807 4451 2926 4506 quae
2949 4438 3171 4505 sapiunt
3202 4434 3504 4488 declarare.
3531 4435 3698 4503 Atque
3721 4432 3863 4498 ideo,

335 4504 480 4596 “iis
516 4502 721 4596 ρξ’ᾨδδῖ
754 4502 979 4596 “animi
1028 4506 1360 4575 episcopum
1396 4525 1544 4579 8886,
1576 4515 1639 4564 ut
1686 4511 1822 4566 alibi
1859 4513 2043 4581 docet.
2079 4511 2124 4573 ί)
2158 4527 2288 4581 dum
2320 4527 2420 4582 tibi
2452 4528 2749 4581 Athanasio
2780 4502 3114 4596 presbytero,
3146 4525 3470 4579 monasterii
3497 4502 3676 4576 sancti
3715 4521 3861 4583 Mite,

336 4593 437 4664 qui
469 4592 626 4648 sedis
661 4592 991 4663 apostolica:
1015 4596 1283 4662 potestati
1307 4601 1362 4651 et
1387 4600 1776 4668 castigationi,
1801 4602 1849 4656 si
1872 4602 2042 4673 culpa

328 4684 542 4755 exigat,
578 4698 694 4737 non
722 4681 1068 4752 subjiciatur
1098 4682 1242 4754 (Lib.
1276 4703 1355 4752 1x,
1400 4703 1485 4758 ep.
1518 4688 1630 4759 59).
1682 4689 1762 4744 Ex
1804 4693 2044 4749 Isaurite

329 4771 635 4831 monachis
657 4788 811 4827 unus
834 4770 1117 4842 dignitate
1149 4776 1457 4831 sacerdotii
1483 4777 1754 4849 insignis,
1781 4780 1838 4835 in
1866 4781 2042 4837 eccle-

330 4869 415 4924 sia
446 4866 551 4923 CP.
589 4865 843 4921 fustibus
897 4880 1082 4920 casus
1118 4866 1324 4923 fuerat.
1376 4869 1547 4925 Tanti
1591 4872 1860 4929 facinoris
1910 4891 2039 4932 reus

330 4958 623 5013 ferebatur
647 4955 882 5027 juvenis
915 4955 1154 5026 quidam
1185 4955 1428 5013 Joannis
1468 4960 1795 5028 familiaris,
1827 4964 2041 5020 multo-

331 5062 462 5103 rum
495 5047 780 5103 scelerum
806 5045 1047 5102 infamia
1069 5047 1208 5103 satis
1227 5053 1399 5104 notus
1426 5067 1439 5117 ;
1474 5050 1595 5121 qui,
1622 5056 1685 5105 ut
1714 5053 1794 5107 ait
1824 5052 2037 5126 Grego-

327 5136 471 5203 rius,
503 5139 692 5193 adhuc
728 5139 799 5193 de
830 5137 947 5193 Deo
971 5137 1114 5193 nihil
1157 5138 1461 5211 didicerat,
1495 5143 1595 5212 qui
1643 5143 1864 5199 viscera
1894 5146 2040 5201 cha-

328 5223 518 5279 ritatis
548 5226 847 5282 nesciebat
878 5229 1017 5300 (Lib.
1054 5247 1137 5297 ιιι,
1170 5246 1252 5303 ep.
1286 5231 1377 5303 53)
1405 5252 1417 5300 ;
1451 5234 1551 5303 qui
1581 5232 1849 5288 insidiari
1881 5250 2034 5306 quo-

330 5310 474 5367 tidie
522 5313 880 5371 diversorum
932 5318 1219 5376 mortibus
1267 5337 1367 5391 per
1418 5323 1642 5379 occulta
1692 5328 2038 5380 testamenta

330 5400 655 5471 dicebatur,
704 5420 809 5461 nec
848 5406 1030 5463 Deum
1076 5414 1365 5483 metuens,
1418 5429 1523 5471 nec
1578 5414 1848 5471 homines
1898 5431 2036 5472 eru-

331 5492 598 5547 bescens.

402 5582 561 5637 Hanc
593 5583 709 5638 vim
741 5590 793 5640 et
838 5582 1215 5655 ignominiam
1268 5595 1584 5651 Athanasio
1634 5598 1851 5655 illatam
1902 5599 2031 5667 (hoc

2153 4619 2245 4671 cui
2291 4626 2375 4671 est
2428 4616 2743 4671 vocabulum
2801 4616 3089 4679 Tamnaco,
3149 4613 3287 4685 quod
3344 4612 3403 4667 in
3461 4612 3729 4683 Lycaonia
3787 4614 3864 4665 est

2148 4705 2435 4778 provincia
2482 4708 2869 4771 constitutum,
2913 4705 3196 4758 contraria
3226 4702 3450 4771 integra:
3486 4702 3626 4772 fidei
3670 4702 3866 4770 fuisset

2151 4805 2267 4851 orta
2296 4797 2571 4865 suspicio;
2615 4799 2671 4848 ut
2718 4793 3073 4864 professionis
3110 4797 3216 4847 tum
3255 4792 3516 4863 potuisset
3564 4792 3864 4859 integritas

2148 4901 2435 4957 apparere,
2459 4886 2537 4938 ad
2561 4886 2919 4953 apostolicam
2949 4883 3125 4939 sedem
3144 4884 3235 4937 cui
3264 4881 3626 4952 praesidemus
3644 4881 3865 4948 elegisti

2150 4991 2452 5041 recurrere,
2504 4991 2752 5030 asserens
2796 4975 2964 5030 etiam
3016 4982 3065 5029 te
3111 4974 3467 5045 corporaliter
3516 4971 3861 5026 verberatum

2147 5066 2341 5135 aliqua
2373 5066 2578 5136 injuste
2608 5080 2672 5119 ac
2701 5064 2965 5119 violenter
2984 5066 3189 5134 fecisse.
3213 5066 3285 5117 Iit
3312 5076 3627 5135 quanquam
3647 5076 3711 5115 ea
3734 5076 3863 5131 qum

2146 5155 2203 5209 vi
2235 5154 2588 5224 impulsionis
2615 5154 2755 5222 ﬁunt
2786 5168 3057 5208 canonum
3089 5150 3321 5206 minime
3348 5166 3579 5205 censura
3600 5150 3858 5218 recipiat,

2145 5248 2197 5298 et
2223 5244 2351 5313 jure
2383 5244 2689 5299 habeantur
2720 5244 2975 5313 infirma,
3006 5244 3136 5313 quia
3167 5241 3280 5312 ipse
3299 5258 3364 5296 ea
3385 5238 3636 5296 dissolvit
3658 5243 3754 5309 qui
3776 5239 3859 5293 in-

2129 5335 2353 5405 justam
2383 5336 2551 5403 fateri
2568 5333 2803 5404 ﬁerique
2828 5333 3104 5404 compellit
3131 5349 3151 5393 ,'
3182 5332 3281 5386 sed
3309 5332 3488 5399 magis
3536 5329 3639 5384 illa
3686 5332 3859 5385 susci-

2142 5422 2345 5493 pienda
2376 5427 2453 5479 est
2483 5427 2533 5478 et
2556 5421 2940 5493 amplectenda
2969 5423 3253 5492 confessio,
3285 5434 3410 5491 quae
3453 5434 3523 5475 ea:
3554 5423 3857 5489 spontanea

2142 5513 2427 5571 voluntate
2455 5518 2794 5570 monstratur
2826 5515 3134 5584 procedere,
3178 5511 3323 5566 sicut
3352 5509 3499 5580 apud
3528 5525 3615 5564 eos
3659 5509 3857 5579 fecisse

2142 5600 2489 5671 dignosceris.
2525 5608 2602 5659 Ne
2631 5603 2771 5674 quid
2810 5605 2995 5658 tamen
3029 5601 3186 5656 nobis
3230 5599 3545 5671 ambiguum
3590 5596 3854 5668 potuisset
