4106 6174
217 255 304 313 325
584 248 642 308 S.
690 244 1065 308 GREGORII
1113 244 1357 305 MAGNI
1402 243 1609 316 VI'l'A,
1655 241 1757 301 EX
1800 239 1988 316 EJUS
2039 238 2386 298 SCRIPTIS
2433 237 2882 298 ADORNA'I‘A.
2932 239 3079 300 LlB.
3124 241 3200 300 Il.
3540 243 3656 302 326

212 386 419 449 existere,
445 381 778 439 sanctissimo
817 382 1023 437 Joanni
1049 379 1322 451 quondam
1359 379 1530 448 fratri
1557 383 1608 434 et
1654 379 1830 444 coepi-
1865 379 1915 443 Α
1945 378 2030 429 nis
2059 381 2136 431 est
2171 374 2461 445 integritas
2503 373 2900 444 amplectenda.
2946 377 3090 431 Nam
3128 381 3179 433 si
3205 383 3356 438 credi
3411 385 3660 454 ﬁdeliter

211 489 332 541 scopo
357 477 537 538 nostro,
570 469 1184 540 Constantinopolitanm
1214 471 1462 524 civitatis
1482 469 1746 531 antistiti,
1777 467 1841 520 de
1946 465 2225 534 conﬁtenti
2254 463 2565 535 despicitur,
2597 472 2918 519 cunctorum
2950 467 3007 519 in
3037 468 3264 526 dubium
3292 473 3427 542 ﬁdes
3471 477 3656 534 adria.

210 573 248 618 te
279 561 586 635 prazvidimus
629 559 974 617 scribendum
1011 559 1235 627 (Imlict.
1265 559 1348 627 tl,
1377 574 1462 627 ep.
1495 560 1608 629 52),
1638 561 1697 612 ut
1725 557 1842 612 suis
1947 558 2112 615 citur,
2162 564 2320 624 atque
2366 568 2578 608 errores
2618 557 2892 622 mortiferi
2937 573 3006 611 ex
3043 560 3269 614 incauta
3315 561 3660 626 districtione

211 670 282 707 nos
305 651 417 722 quid
451 661 619 706 actum
649 655 785 706 esset
822 649 1069 720 epistolis
1119 651 1460 718 informaret.
1499 649 1604 716 Qui
1639 665 1779 718 saepe
1809 665 1843 702 a
1948 653 2301 714 generantur.
2330 646 2388 698 Et
2417 644 2545 699 hinc
2585 660 2689 697 non
2732 644 2910 700 solum
2941 659 3192 705 errantes
3222 667 3343 707 oves
3371 655 3439 709 ad
3470 660 3662 716 caulas

209 743 326 796 nobis
349 742 660 809 admonitus,
709 742 1013 798 rescribens
1056 739 1280 810 (Indict.
1327 739 1411 807 13,
1447 755 1530 811 ep.
1566 741 1653 809 18)
1684 742 1841 795 inno-
1947 734 2177 789 minime
2224 735 2536 788 Dominicas
2590 740 2928 801 νευοεαηιιιν,
2973 738 3064 792 sed
3103 739 3270 795 etiam
3314 745 3656 816 intraposita:

205 834 298 899 luit,
332 832 544 887 codicem
588 831 730 902 apud
759 835 810 887 te
835 833 1008 900 fuisse
1046 833 1327 886 inventum
1374 831 1432 884 in
1465 845 1568 900 quo
1596 829 1844 900 plurima
1947 824 2146 894 ferinis
2175 823 2425 878 dentibus
2470 823 2751 880 lanianda:
2801 826 3102 882 crudeliter
3147 843 3515 900 exponuntur.
3555 839 3662 894 Hoc

203 921 557 975 continebantur
583 920 882 983 haeretica;
911 926 963 976 et
991 921 1060 977 ob
1092 922 1188 975 hoc
1217 936 1276 975 se
1304 919 1563 974 adversus
1592 919 1842 974 dilectio-
1949 929 2094 984 ergo,
2125 916 2299 982 frater
2323 911 2663 980 charissime,
2703 913 2982 969 subtiliter
3027 920 3446 990 perpendamus,
3480 931 3533 979 et
3560 927 3659 982 sub

202 1027 293 1065 nem
313 1017 444 1065 tuam
468 1013 638 1079 fuisse
664 1021 1002 1066 commotum.
1039 1011 1206 1079 Quem
1247 1011 1378 1081 quia
1416 1009 1484 1064 ad
1513 1025 1609 1064 nos
1637 1008 1845 1065 studuit

2010 1007 2223 1058 'telexlu
2245 1001 2471 1058 haeresis
2489 1003 2674 1072 affligi
2693 1003 3005 1074 quempiam
3026 1010 3296 1063 veraciter
3311 1013 3661 1082 proﬁtentem

201 1116 276 1169 pro
307 1102 652 1168 satis/actione
692 1103 1080 1168 transmittere,
1124 1099 1337 1172 priOres
1385 1101 1500 1171 ejus
1532 1107 1712 1170 partes
1741 1100 1844 1155 sol-
1953 1092 2111 1162 fidem
2139 1092 2469 1146 catholicam
2495 1109 2602 1147 non
2633 1094 2908 1162 sinamus,
2937 1112 3028 1165 ne,
3053 1099 3194 1167 quod
3214 1099 3377 1165 absit,
3403 1103 3659 1162 hieresim

203 1189 318 1245 licita
344 1189 554 1246 lectione
581 1191 976 1260 percurrimus.
1001 1192 1062 1245 Et
1084 1192 1346 1261 quoniam
1377 1191 1666 1260 manifesta
1689 1189 1747 1244 in
1781 1207 1847 1243 eo
1952 1184 2074 1252 ﬁeri
2105 1184 2204 1236 sub
2234 1181 2629 1237 emendationis
2658 1185 2833 1251 nzagis
2863 1184 3038 1254 specie
3065 1190 3466 1256 permittamus.

201 1282 413 1336 haereticz
454 1284 743 1352 pravitatis
797 1299 1008 1338 venena
1066 1282 1390 1353 reperimus,
1441 1298 1510 1338 ne
1545 1282 1720 1338 denuo
1762 1283 1851 1336 τιε-
2015 1272 2068 1326 5.
2120 1271 2278 1333 Quod
2333 1274 2525 1325 autem
2592 1270 2706 1324 illis
2771 1273 3259 1332 obtrectatoribus
3325 1282 3658 1354 contingere

200 1371 353 1424 buisset
387 1369 506 1439 legi,
548 1373 839 1426 voluimus.
909 1371 1010 1426 Sed
1058 1373 1189 1443 quia
1247 1371 1392 1426 hunc
1439 1380 1486 1428 te
1521 1372 1852 1442 simpliciter

2010 1362 2126 1424 ilet,
2162 1366 2220 1414 ut
2254 1360 2514 1415 haeresim
2549 1361 2911 1431 objicientes,
2947 1365 3005 1418 in
3039 1368 3368 1437 oppositum
3405 1374 3664 1432 ferantur

197 1463 376 1514 testatus
397 1477 450 1514 cs
495 1460 709 1530 legisse,
739 1466 786 1515 et
819 1462 897 1516 ad
926 1461 1319 1532 amputandam
1352 1462 1623 1528 ambiguae
1669 1466 1852 1532 suspi-

195 1551 330 1604 a'onis
349 1551 620 1604 materiam
645 1549 897 1605 libellum
916 1550 1069 1606 nobis
1091 1568 1259 1606 manu
1281 1555 1376 1606 tua
1398 1556 1707 1622 porrexisti
1728 1568 1851 1621 per-

195 1636 426 1705 scriptum,
455 1640 506 1690 in
538 1654 643 1708 quo
673 1637 837 1707 ﬁdem
884 1644 1036 1693 tuam
1066 1655 1365 1710 exponens,
1406 1655 1589 1696 omnes
1617 1657 1850 1710 genera-

196 1725 294 1781 liter
315 1727 546 1794 hereses,
581 1729 664 1782 vel
695 1728 964 1799 quidquid
1001 1729 1258 1784 adversus
1287 1731 1570 1787 catholicae
1607 1730 1740 1800 fidei
1769 1731 1852 1785 vel
1883 1749 1928 1812 Β

194 1815 490 1886 professionis
521 1818 897 1887 integritatem
925 1826 1025 1886 est,
1055 1819 1399 1888 apertissime
1439 1819 1815 1876 condemnasti
1836 1841 1854 1887 ;

195 1913 232 1959 et
252 1911 414 1960 cuneta
444 1921 568 1978 qum
596 1913 804 1964 sanctae
845 1913 1077 1980 quatuor
1118 1909 1458 1964 universales
1487 1909 1688 1981 synodi
1717 1912 1854 1966 reci-

192 1999 331 2064 piunt,
358 2003 404 2050 te
441 2012 658 2066 semper
699 1997 959 2068 recepisse
983 2014 1048 2054 ac
1077 1998 1340 2068 recipere,
1369 2010 1419 2055 et
1457 2015 1582 2070 qua:
1610 2003 1857 2057 condem-

197 2091 297 2137 nant
330 2084 731 2152 condemnasse,
778 2086 1247 2159 conde-mnarcque
1281 2091 1558 2160 professus
1601 2106 1697 2152 es;
1730 2107 1856 2144 eam

194 2188 356 2243 quoque
375 2175 647 2246 synodum
676 2192 795 2247 quae
817 2177 1125 2232 Iustiniani
1158 2182 1496 2249 imperatoris
1526 2181 1858 2250 temporibus

197 2262 412 2318 delribus
450 2266 717 2336 capitulis
744 2269 891 2335 facta
931 2272 1030 2335 est,
1073 2277 1122 2322 et
1167 2270 1443 2339 suscipere
1483 2274 1537 2324 et
1584 2271 1859 2327 custodire

195 2358 468 2423 promisisti,
497 2361 548 2411 et
575 2358 897 2427 prohibit-us
928 2377 957 2413 a
997 2360 1152 2415 nobis
1181 2361 1417 2416 codicem
1459 2363 1640 2432 ipsum
1679 2365 1861 2435 legere

195 2448 230 2496 in
257 2462 342 2516 quo
364 2450 643 2518 pesti/era:
663 2451 877 2518 fraudis
909 2453 1052 2505 rirus
1086 2451 1355 2506 innexum
1379 2459 1479 2517 est,
1504 2454 1862 2509 libentissime

190 2540 508 2604 consensisti;
564 2541 872 2608 reprobo-ns
932 2539 1099 2594 etiam
1156 2547 1317 2610 atque
1382 2544 1748 2597 condemnatis
1797 2561 1862 2598 ea

191 2629 336 2678 omnia
378 2644 491 2698 quae
535 2636 735 2684 centra
775 2629 1054 2684 catholicae
1103 2630 1230 2699 fidei
1275 2632 1649 2699 integritatem
1697 2633 1754 2687 in.
1803 2649 1862 2688 eo

190 2714 298 2768 dicta
327 2716 401 2771 vel
424 2717 669 2773 latenter
700 2720 910 2773 inserta
929 2723 1076 2786 sunt,
1112 2737 1208 2775 nec
1237 2738 1364 2777 cum
1397 2733 1448 2775 te
1478 2724 1657 2794 legere
1687 2724 1862 2777 denuo

1956 1468 2228 1519 errorem,
2271 1451 2378 1506 hoc
2407 1451 2615 1505 Joanni
2650 1452 2754 1505 GP.
2789 1455 3044 1509 evenisse
3083 1460 3326 1513 testatur
3356 1461 3412 1516 S.
3446 1463 3661 1536 Grego-

1958 1542 2077 1595 rius
2111 1540 2200 1595 his
2229 1540 2420 1595 verbis
2455 1557 2468 1595 :
2503 1543 2637 1596 Ante
2664 1543 2992 1610 triennium,
3023 1556 3237 1616 cogente
3269 1565 3439 1606 causa
3474 1569 3668 1611 mona-

1958 1630 2183 1684 chorum
2235 1632 2466 1686 lsauriw
2525 1633 2620 1701 qui
2669 1631 2917 1687 haeretici
2972 1637 3395 1707 accusabantur,
3444 1643 3666 1709 satisfa-

1958 1724 2100 1774 ciens
2131 1720 2270 1775 mihi
2297 1719 2571 1790 quondam
2600 1724 2771 1790 frater
2799 1731 2848 1776 et
2879 1727 3232 1781 consacerdos
3256 1745 3405 1785 meus
3435 1711 3678 1790 domnus,

1958 1812 2191 1865 Joannes
2221 1810 2430 1864 litteras
2481 1812 2650 1878 misit,
2703 1812 2896 1882 quibus
2953 1812 3236 1869 nitebatur
3273 1820 3550 1875 ostendere
3579 1839 3669 1878 eos

1963 1899 2246 1969 Ephesius:
2275 1899 2482 1970 synodo
2507 1900 2925 1969 definitionibus
2975 1905 3394 1976 contradixisse,
3439 1920 3492 1966 et
3521 1912 3670 1968 velut

1961 2006 2033 2044 ex
2064 1989 2254 2044 centeni
2294 1991 2496 2060 synodo
2539 1993 2685 2045 certa
2724 1991 2878 2046 nobis
2927 1994 3122 2062 quibus
3167 1995 3279 2066 ipsi
3325 1999 3669 2072 obsisterent,

1961 2080 2201 2149 capitula
2233 2078 2542 2133 destinavit.
2579 2081 2726 2134 Inter
2754 2081 2870 2136 alia
2894 2092 3074 2137 autem
3105 2088 3364 2156 scriptum
3396 2091 3516 2146 illic
3544 2109 3671 2148 con-

1963 2170 2260 2231 tinebatur,
2294 2169 2361 2222 de
2394 2169 2525 2224 Adae
2554 2170 2761 2235 anima,
2797 2173 2926 2240 quia
2961 2171 3019 2225 in.
3057 2181 3270 2243 peccato
3317 2184 3533 2235 mortua
3566 2200 3672 2237 non

1961 2262 2156 2329 fuerit,
2181 2276 2238 2314 eo
2261 2259 2400 2330 quod
2423 2259 2672 2314 diabolus
2696 2264 2754 2315 in
2775 2277 2871 2315 cor
2892 2262 3128 2318 hominis
3156 2282 3261 2319 non
3291 2269 3632 2337 ingrediatur
3651 2291 3673 2337 ,ο

1963 2358 2011 2406 et
2042 2353 2089 2405 si
2121 2349 2240 2420 quis
2275 2351 2370 2404 hoc
2399 2350 2657 2415 dixisset,
2688 2352 2981 2406 anathema
3010 2363 3162 2408 esset.
3217 2358 3350 2423 Quae
3380 2375 3502 2413 cum
3533 2363 3676 2416 mihi

1966 2439 2169 2494 relecta
2233 2440 2492 2506 fuissent,
2561 2439 2717 2492 valde
2779 2442 3134 2496 contristalns
3202 2460 3322 2499 sum
3379 2448 3517 2515 (Lib.
3574 2466 3672 2517 νιι,

1967 2545 2050 2599 ep.
2092 2527 2199 2595 34).
2256 2527 2417 2582 l-lnnc
2473 2526 2712 2582 Joannis
2760 2544 3008 2584 errorem
3073 2531 3308 2589 haeresis
3359 2537 3674 2607 Pelagianis

1970 2618 2268 2675 surculum
2306 2617 2864 2689 t‘elagianorumque
2897 2620 2954 2674 id
2987 2625 3229 2690 pseudo-
3263 2625 3554 2697 Ephesius
3587 2646 3686 2698 sy-

1971 2709 2122 2765 nodo
2156 2709 2329 2763 letum
2356 2707 2562 2762 rel'ellit
2592 2709 2966 2764 doctissimus
2994 2712 3167 2782 Papa,
3204 2719 3325 2769 tum
3356 2717 3411 2771 in
3448 2717 3681 2774 laudata

1971 2799 2233 2871 epistola,
2268 2803 2390 2852 tum
2426 2798 2521 2852 lib.
2561 2816 2611 2851 IX
2645 2815 2732 2866 ep.
2768 2800 2856 2864 49,
2889 2801 2988 2854 ubi
3021 2804 3274 2873 capitula
3303 2807 3413 2861 sub
3449 2810 3684 2865 nomine

1973 2890 2176 2959 synodi
2215 2888 2514 2957 Ephesium
2548 2889 2616 2941 ad
2648 2905 2709 2942 se
2740 2903 2805 2942 ex
2837 2891 2989 2958 regia
3027 2894 3165 2946 urbe
3199 2900 3565 2959 transmissa,
3595 2917 3688 2954 as-

1973 2979 2112 3034 serit
2143 2994 2270 3033 esse
2304 2978 2554 3048 ipsumet
2587 2977 2795 3047 Pelagii
2828 2984 2882 3032 et
2905 2979 3157 3034 leestii
3193 2999 3369 3053 prava
3393 2985 3688 3058 dogmata.

190 2809 471 2871 promisisti.
519 2810 636 2862 [lac
685 2808 904 2863 ratione
947 2813 1204 2879 permoti,
1251 2818 1534 2882 postquam
1583 2815 1747 2866 etiam
1795 2829 1866 2866 cx

190 2895 365 2959 probati
392 2914 423 2950 a
449 2900 500 2951 te
532 2897 724 2952 libelli
747 2897 974 2967 pagina,
1007 2899 1138 2967 fides
1171 2907 1265 2954 tua
1296 2902 1452 2955 nobis
1472 2902 1739 2956 catholica
1763 2903 1866 2958 Deo

194 2985 481 3042 custodiente
526 2987 856 3058 perclaruit,
889 2989 954 3042 ab
987 2991 1139 3043 omni
1177 2999 1224 3044 te
1274 2992 1546 3047 haereticis
1593 2995 1864 3061 perversi-

193 3075 288 3128 tatis
315 3079 521 3134 macula
553 3079 720 3149 iuxta
751 3080 1138 3146 professionem
1170 3084 1323 3135 tuam
1357 3081 1591 3136 liberum
1631 3098 1743 3136 esse
1771 3082 1866 3136 de-

191 3166 426 3220 cernimus
455 3172 626 3238 atque
653 3168 1012 3235 catholicum,
1043 3176 1095 3222 et
1128 3171 1360 3226 sincera:
1388 3171 1517 3238 fidei
1535 3171 1590 3226 in
1613 3174 1865 3226 omnibus

193 3261 511 3320 professorem
560 3264 731 3327 atque
778 3271 1086 3326 sequacem,
1144 3257 1348 3313 Christi
1394 3261 1516 3313 Jcsu
1571 3260 1872 3314 Saluatoris

192 3346 336 3405 gratia
364 3346 639 3400 claruisse
659 3351 1088 3416 pronuntiamus
1116 3364 1135 3408 ;
1159 3347 1392 3404 liberam
1424 3365 1628 3420 quoque
1670 3351 1874 3403 tribui-

196 3448 287 3486 mus
337 3436 616 3490 licentiam
645 3435 717 3489 ad
758 3441 914 3490 tuum
945 3441 1337 3493 monasterium
1370 3440 1424 3493 in
1461 3446 1550 3494 tuo
1580 3448 1630 3494 te
1654 3440 1764 3495 loco
1796 3441 1876 3494 vel

193 3521 346 3578 ordine
374 3525 759 3582 nihilominus
785 3542 1047 3581 remeare.
1084 3529 1156 3582 De
1187 3528 1284 3583 hoc
1312 3543 1520 3600 quoque
1547 3538 1597 3585 et
1627 3528 1876 3584 dilectis-

193 3612 302 3667 simo
342 3617 509 3681 fratri
553 3625 768 3683 nostro,
819 3616 1455 3686 Constantinopolitanm
1504 3618 1743 3673 civitatis
1773 3637 1876 3672 an-

193 3700 339 3770 tistiti,
369 3708 466 3775 qui
495 3709 552 3760 in
586 3705 906 3775 supradicti
950 3710 1127 3762 sancti
1164 3709 1390 3763 Joannis
1437 3709 1550 3764 loco
1580 3708 1878 3763 ordinatus

193 3799 267 3854 est,
294 3801 471 3847 nastra
507 3795 768 3849 volumus
794 3796 1001 3865 scripta
1034 3798 1424 3852 transmittere.
1458 3796 1558 3851 Sed
1587 3796 1719 3867 quia
1750 3814 1876 3851 con-

189 3881 380 3936 suetudo
411 3899 518 3938 non
550 3892 654 3948 est,
693 3888 751 3937 ut
777 3886 1106 3954 priusquam
1138 3885 1207 3939 ad
1238 3902 1334 3941 nos
1362 3888 1480 3951 eius
1521 3884 1679 3940 239
1711 3902 1880 3956 syno—

192 3965 282 4022 diea
311 3972 626 4043 deferatur,
659 3972 948 4027 debeamus
979 3975 1217 4030 scribere
1247 3993 1265 4030 :
1307 3975 1505 4030 idcirco
1530 3974 1877 4032 distulimus.

191 4052 271 4110 Sed
301 4065 585 4131 postquam
617 4077 682 4116 ea
713 4061 869 4116 nobis
911 4060 1092 4118 delata
1128 4065 1327 4132 fuerit,
1362 4066 1417 4119 ei
1461 4064 1598 4132 haec,
1629 4065 1759 4119 dum
1789 4080 1880 4137 0p—

191 4153 451 4212 portunum
481 4151 690 4223 fuerit,
729 4150 1114 4207 indicabimus.

249 4236 374 4294 lluic
423 4241 668 4311 negotio
727 4241 926 4297 afﬁnis
957 4248 1045 4296 est
1075 4259 1252 4298 causa
1281 4243 1527 4298 Joannis
1560 4244 1877 4316 presbyteri

195 4325 680 4399 Chalcedonensis,
733 4350 903 4403 quem
975 4335 1176 4388 eodem
1238 4339 1497 4405 tempore
1546 4336 1618 4390 ab
1662 4335 1880 4408 ignaris

198 4427 508 4477 accusatum
562 4423 637 4478 de
706 4423 904 4477 limresi
969 4423 1498 4494 Marcianistarum,
1549 4426 1635 4481 vel
1687 4427 1878 4497 potius

200 4504 674 4576 Marcionitamm,
705 4511 934 4580 judices
970 4513 1039 4566 ab
1071 4513 1273 4569 eodem
1314 4515 1536 4568 Joanne
1569 4493 1881 4584 epam“-
1921 4493 1963 4557 D
1997 4508 2468 4563 commemoratis
2491 4504 3276 4574 intelligerelicotJoannem
3300 4512 3406 4565 GP.
3431 4528 3545 4566 non
3563 4515 3704 4568 satis

197 4595 277 4647 tati
331 4597 550 4668 injuste
602 4601 1052 4655 damnaverunt.
1104 4603 1178 4655 At
1226 4618 1376 4671 papa
1434 4604 1580 4656 tacto
1637 4603 1883 4658 concilio

195 4688 434 4744 eumdem
469 4689 748 4756 absolvit,
779 4691 1026 4746 maxime
1049 4691 1188 4762 quia
1211 4691 1444 4748 libellus
1477 4694 1546 4747 ab
1572 4695 1697 4764 ipso
1721 4693 1881 4748 obla-

199 4776 276 4827 tus
319 4777 447 4844 fidei
487 4781 811 4834 sinceritati
854 4796 954 4851 per
1005 4783 1192 4836 omnia
1236 4782 1601 4837 concordarct.
1656 4785 1730 4837 De
1778 4783 1885 4839 hac

198 4866 460 4922 sententia
489 4867 782 4923 Joannem
827 4869 1230 4941 presbyterum
1273 4870 1343 4924 ab
1378 4872 1612 4927 haeresis
1643 4872 1886 4927 crimine

200 4949 420 5011 liberum
438 4959 1435 5032 pronuntiantescripsitGregorius
1451 4963 1517 5016 ad
1544 4963 1884 5018 Mauricium

200 5042 501 5111 Augustum
536 5055 594 5102 et
626 5048 695 5102 ad
741 5049 1138 5104 Theoctistam
1172 5050 1314 5119 (Lib.
1355 5067 1433 5117 vr,
1486 5069 1570 5122 ep.
1610 5053 1674 5106 16
1703 5062 1752 5107 et
1786 5055 1885 5122 t7).

200 5129 480 5201 Synodalis
513 5139 970 5209 quoquejudicii
1005 5139 1182 5210 hujus
1206 5141 1509 5196 certiorem
1538 5141 1668 5196 fecit
1703 5142 1888 5212 ipsum

200 5218 462 5282 Joannem
495 5225 610 5282 ΟΡ.
636 5228 1022 5298 patriarcham
1066 5229 1226 5302 (Ibid.
1261 5246 1342 5300 ep.
1380 5231 1488 5298 15).
1526 5231 1589 5286 In
1618 5247 1680 5286 ea
1713 5249 1888 5303 quam

205 5311 263 5363 ad
292 5311 476 5384 ipsum
526 5316 768 5388 scripsit
809 5318 1052 5390 epistola
1093 5320 1152 5374 S.
1195 5319 1404 5375 Doctor
1433 5326 1628 5392 aperte
1657 5323 1894 5380 damnat

207 5417 291 5457 eos
317 5405 406 5474 qui
441 5407 593 5463 falso
641 5409 861 5480 abrepti
894 5413 1036 5478 zelo,
1085 5410 1336 5466 haereses
1378 5412 1553 5466 etiam
1587 5413 1804 5481 invitis,
1837 5421 1894 5471 et

209 5494 576 5552 orthodoxam
611 5497 781 5554 ﬁdem
814 5500 1221 5570 proﬁtentibus
1251 5502 1592 5556 obtrudunt.
1628 5504 1895 5561 Notanda

211 5587 330 5639 sunt
360 5602 476 5658 prae
509 5589 729 5644 ceteris
762 5589 936 5646 verba
974 5590 1094 5646 haec
1126 5591 1293 5647 :Sicut
1331 5591 1721 5649 hwreticorum
1758 5612 1894 5666 pra-

209 5676 332 5731 vitas
361 5678 476 5734 zelo
507 5686 674 5737 rectae
700 5680 834 5752 ﬁdei
861 5684 1296 5755 comprimenda,
1329 5684 1408 5740 ita
1425 5698 1570 5742 vera
1588 5685 1895 5756 confessio-

1978 3071 2055 3124 De
2087 3067 2391 3122 monachis
2426 3067 2660 3122 Isauria:
2697 3071 3053 3124 consulendo.
3088 3070 3332 3128 historia
3373 3079 3689 3133 monastica

1979 3159 2228 3214 Orientis
2276 3158 2379 3212 lib.
2416 3174 2490 3222 ιν,
2524 3174 2575 3213 c.
2606 3158 2696 3223 17,
2732 3176 2788 3228 p,
2821 3159 2944 3224 7:33,
2982 3160 3076 3214 ubi
3119 3178 3218 3218 eos
3258 3165 3451 3234 potius
3490 3166 3547 3221 in
3585 3169 3686 3239 Ly-

1981 3248 2183 3303 caonia
2216 3247 2426 3301 vixisse
2457 3246 2690 3313 dicitur,
2727 3265 2900 3318 quam
2936 3248 2992 3302 in
3031 3251 3271 3307 Isauria.
3307 3256 3467 3310 Certo
3501 3257 3601 3312 lib.
3637 3275 3689 3312 Iv

1981 3337 2357 3409 Dialogorum
2418 3352 2468 3391 c.
2525 3338 2612 3403 38,
2675 3338 2986 3407 Gregorius
3055 3342 3322 3397 meminit
3381 3345 3690 3413 cujusdam

1981 3428 2280 3483 Athanasii
2323 3426 2661 3497 presbyteri,
2709 3432 2765 3481 et
2808 3432 2871 3480 ut
2906 3429 3188 3499 conjicere
3231 3432 3384 3500 licet,
3421 3437 3693 3494 monachi

1983 3521 2292 3589 Lycaonim,
2326 3518 2373 3572 si
2399 3518 2541 3572 ﬁdes
2573 3518 2649 3572 sit
2679 3517 2946 3587 plurimis
2979 3520 3118 3576 Mss.
3162 3521 3269 3576 hoc
3313 3523 3434 3580 loco
3465 3525 3520 3580 in
3559 3534 3694 3584 nota

1984 3609 2324 3678 designatis.
2357 3609 2427 3660 At
2453 3607 2669 3661 Isauria
2708 3614 2760 3661 et
2806 3608 3086 3678 Lycaonia
3119 3611 3324 3666 vicinae
3361 3621 3529 3670 erant
3563 3634 3693 3685 pro-

1983 3699 2224 3765 vinciae;
2261 3697 2412 3752 unde
2445 3713 2557 3751 non
2592 3696 2808 3752 mirum
2857 3714 3027 3753 unam
3066 3717 3166 3769 pro
3198 3701 3314 3756 alia
3355 3710 3690 3776 usurpatam

1986 3790 2188 3845 fuisse.

2062 3879 2255 3933 Exstat
2286 3877 2431 3932 libro
2465 3893 2516 3942 ν,
2549 3891 2638 3946 ep.
2682 3877 2770 3944 37,
2806 3877 2873 3929 ad
2929 3876 3166 3946 Heliam,
3207 3881 3604 3950 presbyterum
3639 3892 3695 3941 et

1986 3969 2255 4023 abbatem
2288 3965 2344 4019 in
2401 3964 2641 4030 Isauria,
2683 3964 2853 4033 cujus
2903 3965 3253 4035 discipulum
3305 3968 3693 4040 Epiphaniam

1989 4056 2244 4122 nomine,
2277 4056 2335 4110 S.
2371 4053 2680 4125 Gregorius
2708 4055 3015 4109 diaconum
3049 4054 3315 4111 Ecclesiae
3349 4057 3514 4114 Rom.
3540 4061 3692 4116 ordi-

1989 4148 2163 4205 navit.
2215 4146 2461 4202 Petierat
2514 4144 2701 4200 Helias
2742 4146 2812 4199 50
2851 4145 3067 4201 solidos
3109 4147 3177 4200 ad
3214 4153 3546 4208 monasterii
3603 4155 3696 4210 sui

1988 4235 2351 4300 necessaria;
2412 4235 2510 4290 sed
2581 4234 2740 4289 misit
2794 4234 2864 4287 72
2905 4235 3466 4295 beneﬁcentissimus
3511 4249 3694 4313 pater.

1988 4327 2193 4384 Utrum
2249 4327 2307 4382 in
2341 4326 2440 4382 illo
2483 4327 2836 4381 monasterio
2889 4327 3164 4397 degerent
3207 4329 3288 4384 illi
3327 4334 3593 4388 monachi
3628 4335 3698 4390 de

1990 4417 2226 4473 haarcsis
2261 4416 2506 4472 crimine
2538 4415 2882 4478 insimulati,
2918 4433 3155 4488 prorsus
3186 4419 3466 4476 incertum
3494 4429 3599 4480 est.
3621 4426 3701 4480 Ex

1995 4618 2025 4653 a
2057 4599 2362 4670 Pelagiana
2407 4597 2609 4652 hieresi
2657 4597 2878 4652 cavisse
2930 4598 3105 4669 (quod
3143 4601 3210 4654 de
3251 4601 3460 4656 Graecis
3491 4621 3700 4674 quam-

1993 4689 2262 4759 plurimis
2312 4688 2486 4743 etiam
2536 4690 2783 4756 constat)
2832 4696 2882 4740 et
2940 4691 2995 4741 in
3049 4688 3284 4744 historia
3341 4691 3699 4762 scientiaque

1995 4777 2392 4833 Ecclesiastica
2426 4793 2631 4847 parum
2658 4776 3058 4841 exercitatum,
3101 4779 3319 4849 quippe
3349 4780 3446 4849 qui
3479 4797 3698 4849 suppo-

1995 4867 2178 4924 sititia
2219 4871 2276 4922 et
2324 4867 2608 4933 haeretica,
2665 4882 2767 4938 pro
2818 4867 3091 4937 genuinis
3137 4868 3436 4936 Ephesinaa
3487 4869 3699 4940 synodi

1997 4960 2142 5015 actis
2172 4958 2440 5028 imperite
2481 4957 2778 5011 laudabat.
2830 4957 2952 5012 Non
3000 4957 3174 5011 semel
3218 4972 3348 5012 cum
3383 4958 3490 5013 hoc
3532 4961 3699 5030 regias

1999 5049 2161 5104 urbis
2213 5047 2538 5120 patriarcha
2586 5047 2923 5104 luctandum
2979 5045 3248 5116 Gregorio
3306 5046 3432 5112 fuit,
3486 5053 3549 5105 ut
3593 5065 3700 5105 suo

1998 5141 2224 5196 dicetur
2257 5139 2401 5195 loco.

2067 5233 2120 5286 6.
2155 5229 2639 5300 Quandoquidem
2675 5227 2742 5280 de
2774 5223 3061 5296 episcopis
3083 5223 3257 5279 ofﬁcii
3282 5226 3370 5280 sui
3395 5227 3703 5287 immemo-

2001 5320 2161 5376 ribus
2185 5339 2217 5376 a
2261 5318 2533 5390 Gregorio
2561 5315 2840 5385 correptis
2873 5318 2928 5367 et
2957 5314 3282 5370 emendatis
3326 5316 3484 5390 loqui
3516 5321 3699 5392 σωρί-

2002 5429 2148 5478 mus,
2183 5427 2364 5482 operas
2404 5408 2654 5480 pretium
2689 5413 2772 5460 est
2800 5405 2869 5460 de
2912 5404 3155 5474 Joanne,
3198 5406 3530 5465 Ravennate
3569 5413 3701 5484 epi-

2003 5519 2197 5574 scopo,
2231 5503 2463 5572 propter
2494 5498 2709 5552 fastum
2741 5505 2794 5552 et
2824 5495 3172 5553 insolentem
3205 5497 3362 5568 pallii
3397 5515 3566 5555 usum
3596 5501 3705 5559 hoc

2003 5592 2178 5648 etiam
2229 5604 2382 5645 anno
2433 5586 2780 5658 reprehenso
2838 5602 3026 5658 pauca
3079 5587 3366 5657 subjicere
3426 5590 3568 5658 (Lib.
3617 5609 3703 5660 ιιι,

2001 5701 2087 5757 ep.
2129 5683 2242 5753 56).
2295 5680 2396 5738 Hic
2439 5679 2819 5738 exarchorum
2869 5678 3152 5736 Ravennae
3210 5679 3700 5737 commorantium
