4106 6174
362 274 475 333 32Ἱ

792 268 852 329 S.
902 261 1274 328 GREGOHII
1324 262 1584 326 MAGNI
1630 263 1837 327 VITA,
1888 261 1985 321 EX
2033 259 2223 321 EJUS
2269 260 2621 323 SCRIPTIS
2665 262 3116 325 ADORNATA.
3164 266 3308 327 LIB.
3358 269 3431 328 ll.

3760 268 3875 325 328

361 413 708 475 auctoritate
739 410 942 477 fretus,
990 402 1270 461 nonnulla
1310 401 1421 459 sibi
1477 418 1658 472 supra
1695 413 2061 457 communem
2095 400 2146 466 Α
2175 400 2670 471 veratAugustus.
2693 403 3034 466 Quinetiam
3063 405 3188 476 ejus
3209 404 3397 460 tutelae
3439 406 3883 461 commendarat

363 501 944 576 metropolitanorum
984 491 1467 551 consuetudinem
1502 490 1839 561 usurpanda
1868 488 2068 544 existi-

363 595 561 653 mavit.
618 593 763 647 Cum
831 586 985 643 enim
1039 582 1229 638 caeteri
1290 580 1467 652 pallio
1534 588 1691 636 extra
1755 580 2067 635 missarum

359 687 441 757 (a)
492 688 726 752 tempus
772 692 887 733 non
931 677 1247 739 uterentur,
1290 672 1412 743 ipse
1449 670 1669 726 litaniis
1704 669 2068 727 solemnibus

362 784 419 835 et
450 768 979 848 supplicationibus
1010 763 1357 836 publicis,ex
1379 762 1731 834 paenitentiae
1754 761 2070 834 disciplina

363 863 667 929 institutis,
699 875 846 915 novo
877 854 1034 913 cultu
1082 852 1355 924 palliatus
1393 852 1718 920 incedebat,
1761 851 1863 923 qui
1891 852 1952 907 in
1982 851 2069 908 ci-

364 974 499 1014 nere
530 954 720 1028 potius
751 954 806 1006 et
836 948 894 1003 in
925 944 1115 1002 cilicio
1160 948 1301 1000 tunc
1330 944 1628 1000 debuisset
1680 942 2066 999 humilitatem

364 1044 615 1119 profiteri
653 1041 788 1120 .Hoc
819 1033 1167 1107 improbavit
1203 1032 1514 1104 Gregorius
1546 1032 1843 1088 modestiae
1877 1048 2070 1087 sacer-

362 1134 573 1193 dotalis
604 1130 933 1203 praecipuus
964 1127 1237 1191 assertor,
1270 1124 1441 1193 cujus
1470 1122 1611 1177 illud
1642 1122 1809 1191 plane
1826 1137 2068 1178 aureum

364 1226 614 1292 dictum,
648 1218 772 1275 nibi
800 1217 860 1272 in
896 1213 1153 1287 episcopi
1195 1212 1410 1269 cervice
1451 1212 1819 1283 splendidius
1854 1212 2071 1284 fulgere

365 1330 543 1386 quam
575 1307 992 1366 humilitatem.

435 1406 522 1460 Ad
559 1394 974 1468 archiepiscopi
1017 1393 1109 1449 sui
1142 1391 1474 1464 exemplum
1514 1392 1917 1464 superbientes
1958 1393 2072 1447 Ra-

366 1491 629 1552 vennatis
653 1486 916 1545 Ecclesia:
937 1482 1152 1546 clerici.
1173 1484 1247 1552 (b)
1272 1480 1568 1554 mappulis
1591 1481 1674 1536 uti
1712 1482 1891 1553 (quod
1915 1481 2072 1537 solus

368 1585 479 1643 sibi
510 1577 855 1638 vendicabat
885 1576 1076 1631 clerus
1106 1572 1432 1641 Romanus)
1465 1572 2073 1643 prmsumpserunt.De

367 1676 460 1731 his
491 1667 801 1741 Gregorius
833 1666 904 1721 ad
928 1666 1207 1719 Joannem
1239 1661 1491 1716 scribere
1526 1660 1872 1732 quantocius
1907 1676 2074 1715 cura-

2174 489 2387 547 liberos
2433 508 2570 549 suos
2601 493 2792 549 adhuc
2833 494 3201 559 immaturos,
3254 498 3396 552 dum
3444 514 3597 553 anno
3649 495 3881 566 imperii

2177 581 2400 637 decimo
2451 584 2658 653 quinto
2708 584 3030 654 periculose
3092 590 3415 658 aegrotaret,
3458 591 3521 641 ut
3569 587 3652 641 ait
3695 586 3887 641 Simo-

2178 674 2351 736 catta,
2367 672 2462 743 qui
2487 672 2547 727 in
2571 672 2886 729 Domitiani
2910 674 3114 731 laudes
3139 675 3427 732 latissime
3448 676 3719 732 excurrit.
3742 675 3889 731 Cum

2177 761 2437 831 Cosroes,
2492 765 2801 819 Persarum
2846 781 2967 833 rex,
3019 768 3323 838 profugus,
3378 766 3640 821 Mauricii
3666 782 3773 837 ope
3801 783 3895 821 re-

2177 864 2359 919 gnum
2394 857 2811 921 recuperasset,
2845 869 2911 907 ac
2943 852 3112 924 paulo
3145 858 3277 924 post
3297 854 3368 909 ad
3402 853 3744 924 Gregorium
3776 854 3891 907 An-

2178 939 2516 996 tiochenum
2548 942 2936 1013 patriarcham
2969 960 3195 1001 crucem
3227 961 3458 1001 auream
3492 945 3742 1017 gemmis
3774 942 3889 998 ful-

2178 1033 2409 1100 gentem
2462 1031 2719 1087 misisset
2770 1032 2827 1086 in
2877 1033 3092 1105 templo
3138 1035 3192 1090 S.
3243 1034 3447 1105 Sergii,
3508 1034 3885 1099 offerendam,

2177 1121 2437 1191 ejusdem
2471 1122 2740 1193 martyris
2773 1123 3069 1180 basilicam
3115 1124 3382 1196 plurimis
3413 1125 3582 1181 donis
3623 1129 3891 1180 ornasset

2179 1211 2356 1282 (quod
2388 1212 2515 1282 ejus
2545 1227 2653 1284 ope
2683 1228 2859 1285 regno
2900 1230 2961 1269 se
3000 1216 3332 1270 restitutum
3371 1215 3648 1281 crederet,
3682 1214 3890 1285 conju-

2180 1317 2425 1373 gemque
2478 1318 2639 1358 suam
2676 1302 3114 1360 dilectissimam
3154 1308 3207 1360 et
3248 1304 3463 1376 prolem
3503 1309 3885 1361 consecutam

2179 1407 2304 1447 esse
2342 1396 2399 1448 et
2426 1393 2861 1466 valetudinem),
2902 1411 3114 1467 magna
3143 1412 3274 1465 spes
3305 1395 3517 1465 injecta
3545 1395 3729 1451 fuerat
3750 1394 3889 1450 ﬁdei

2181 1480 2517 1537 Christianae
2535 1484 2689 1554 apud
2715 1484 2915 1539 Persas
2934 1485 3383 1540 disseminandaa
3396 1501 3463 1540 ac
3478 1486 3894 1557 propagandae.

2184 1573 2371 1642 Hujus
2414 1574 2492 1627 rei
2523 1574 2712 1645 gratia
2755 1573 3119 1629 Domitianus
3159 1574 3231 1629 ad
3288 1589 3483 1645 regem
3535 1577 3896 1645 perrexerat,

2183 1677 2355 1733 quem
2384 1663 2508 1732 jam
2552 1662 2661 1717 sibi
2696 1661 2963 1734 pluribus
2997 1664 3331 1720 devinxerat
3362 1663 3660 1719 beneficiis
3690 1681 3705 1729 ;
3739 1662 3902 1718 hunc

365 1766 449 1821 vit
507 1778 608 1833 per
678 1754 1006 1813 Castorium
1068 1753 1125 1808 S.
1196 1750 1467 1807 Ecclesiae
1529 1750 1694 1817 Rom,
1753 1749 2070 1806 notarium.
2106 1794 2154 1859 Β
2185 1750 2339 1806 enim
2387 1754 2726 1824 episcopum
2766 1754 2885 1824 regi
2936 1753 3174 1825 fugienti
3205 1759 3261 1809 e'.
3315 1754 3527 1809 extorri
3578 1753 3903 1809 Mauricius

365 1856 623 1912 Joannes
642 1849 767 1905 haec
790 1842 1084 1918 privilegia
1106 1841 1215 1896 sibi
1238 1855 1475 1911 suaeque
1498 1840 1763 1896 Ecclesia:
1780 1838 2071 1895 asummis

369 1939 743 2016 pontiﬁcibus
774 1948 1047 1991 concessa
1079 1929 1402 2001 respondit,
1424 1933 1480 1985 et
1501 1945 1533 1984 a
1564 1929 1837 2001 Gregorio
1859 1928 2071 1984 conﬁr-

373 2034 518 2093 mari
574 2027 869 2103 poposcit;
931 2023 1087 2096 quod
1147 2022 1322 2076 etiam
1377 2019 1715 2089 ﬂagitarunt
1776 2020 2073 2076 Romanus

370 2121 677 2189 exarcbus,
724 2115 1047 2190 praefectus,
1082 2114 1139 2166 et
1175 2109 1273 2165 alii
1305 2109 1470 2165 urbis
1515 2108 1799 2166 Ravennae
1851 2108 2074 2165 nobiles

368 2212 495 2271 viri.
532 2209 608 2266 Iis
638 2223 771 2279 ergo
800 2217 1018 2260 morem
1050 2215 1255 2271 gerens
1300 2198 1558 2271 pontifex
1590 2200 1819 2269 annuit,
1852 2205 1913 2255 ut
1952 2199 2074 2255 Ra-

367 2317 569 2361 venna
591 2295 1083 2367 archiepiscopus,
1119 2291 1304 2346 donec
1343 2288 1564 2361 aliquid
1598 2290 1815 2345 certius
1845 2294 2077 2346 consta-

366 2397 454 2449 ret
483 2392 555 2447 de
586 2384 905 2460 privilegiis
934 2381 1049 2454 ipsi
1081 2379 1394 2446 concessis,
1428 2377 1605 2450 pallio
1637 2382 1895 2435 uteretur
1926 2379 1982 2433 in
2013 2379 2081 2433 li-

366 2481 544 2540 taniis
582 2481 834 2550 quatuor
877 2475 1107 2529 tantum
1150 2470 1374 2526 dierum
1420 2468 1810 2537 solemnium;
1858 2469 2082 2526 scilicet

373 2575 433 2630 S.
465 2568 705 2629 Joannis
737 2564 1028 2636 Baptistae,
1062 2562 1117 2617 S.
1159 2561 1308 2617 Petri
1338 2558 1609 2632 apostoli,
1634 2560 1692 2616 S.
1721 2559 2080 2632 prollinaris

368 2663 548 2732 hujus
578 2654 849 2714 Ecclesiae
889 2651 1143 2726 patroni,
1175 2654 1235 2707 et
1267 2651 1320 2705 in
1355 2649 1754 2706 anniversaria
1781 2665 1900 2705 suae
1930 2650 2082 2705 ordi-

368 2748 621 2809 nationis
650 2741 1210 2804 commemoratione
1244 2739 1384 2808 (Lib.
1422 2756 1475 2805 v,
1503 2754 1587 2811 ep.
1623 2739 1736 2811 11.)

436 2842 563 2897 Non
588 2835 808 2910 placuit
826 2831 1038 2889 Joanni
1062 2828 1351 2901 judicium
1374 2828 1506 2896 hoc,
1544 2832 1608 2883 ut
1630 2828 1918 2899 conjicere
1948 2829 2080 2886 licet

366 2949 435 2988 ex
464 2926 711 3000 epistola
742 2924 813 2980 ad
846 2922 1115 2977 eumdem
1150 2926 1347 2989 postea
1377 2918 1617 2989 scripta,
1651 2918 1709 2973 in
1742 2934 1858 2989 qua
1890 2919 2082 2989 queri-

366 3026 463 3075 tur
492 3019 550 3074 S.
587 3013 902 3085 Gregorius
934 3011 1004 3065 de
1045 3007 1323 3063 irrisoriis
1353 3012 1411 3062 et
1433 3006 1803 3063 mordacibus
1832 3009 2078 3065 Joannis

368 3105 739 3166 sermonibus
778 3101 939 3173 (Ibid.
986 3116 1071 3170 ep.
1110 3099 1218 3169 15).
1262 3102 1335 3151 Ut
1380 3102 1573 3152 autem
1622 3114 1855 3153 omnem
1905 3114 2077 3170 expo-

367 3196 626 3257 stulandi
671 3190 1037 3251 occasionem
1075 3186 1322 3255 tolleret,
1357 3186 1590 3257 scripsit
1635 3186 2071 3259 archiepiscopo
2103 3173 2145 3240 C

365 3286 802 3360 exploraturum
834 3293 894 3335 se
925 3294 1029 3351 per
1058 3274 1515 3348 Apocrisiarium
1548 3290 1719 3331 suum
1746 3276 2072 3331 Constanti-

368 3376 563 3448 nopoli
594 3379 882 3444 agentem,
909 3372 1103 3425 utrum
1127 3365 1394 3422 nonnulli
1418 3381 1486 3422 ex
1510 3366 1833 3437 majoribus
1855 3372 2070 3423 metro-

368 3466 590 3541 politis,
638 3464 732 3535 qui
776 3461 1010 3517 tricenos
1047 3464 1097 3513 et
1134 3456 1512 3527 quadragenos
1553 3458 1652 3511 sub
1700 3472 1755 3511 se
1802 3456 2075 3529 episcopos

370 3558 662 3623 habebant,
684 3554 744 3608 in
774 3549 996 3606 litaniis
1026 3563 1160 3605 cum
1194 3547 1369 3619 pallio
1396 3546 1649 3602 solerent
1670 3546 1972 3602 ambulare
1998 3552 2075 3615 ;et

369 3649 416 3704 si
459 3645 560 3718 qui
598 3641 1006 3715 reperirentur,
1052 3654 1115 3693 se
1154 3636 1399 3692 libenter
1444 3634 1715 3706 episcopo
1754 3638 2073 3692 Ravennati

368 3746 790 3795 concessurum
822 3729 979 3801 pallii
1018 3729 1077 3784 in
1118 3726 1339 3783 litaniis
1378 3725 1645 3798 gestandi
1685 3726 2072 3798 privilegium.

368 3828 464 3884 Sic
506 3824 913 3894 exasperatum
966 3818 1194 3890 placare
1238 3820 1477 3872 conatus
1507 3820 1596 3871 est
1637 3815 1881 3871 humilis
1931 3832 2075 3887 pon-

367 3918 531 3973 tifex.
562 3912 806 3971 Joannis
835 3914 1032 3967 tamen
1061 3907 1201 3963 vitia
1233 3923 1599 3977 nequaquam
1647 3906 2076 3963 dissimulanda

369 4000 746 4069 existimavit,
781 4000 878 4056 sed
910 3998 1105 4070 ipsum
1139 3995 1334 4051 sedulo
1366 3997 1436 4051 de
1466 3995 1538 4051 iis
1560 3995 1903 4065 admonuit;
1932 4011 2076 4066 prai-

367 4095 571 4154 sertim
594 4090 751 4164 quod
774 4087 979 4147 amicis
1002 4084 1387 4158 praesentibus
1401 4084 1788 4151 blandiretur,
1805 4084 2076 4156 obloque-

368 4192 524 4244 retur
572 4179 961 4238 absentibus;
1004 4175 1159 4246 quod
1192 4174 1251 4228 in
1303 4189 1500 4229 servos
1549 4173 1704 4228 240
1754 4174 1970 4228 fureret
2010 4191 2075 4229 ac

363 4275 559 4346 turpia
584 4274 877 4328 evomeret
902 4287 916 4337 ;
942 4266 1097 4339 quod
1118 4264 1431 4333 disciplina
1448 4263 1515 4318 ad
1542 4262 1718 4318 vitam
1744 4261 2074 4319 clericorum

366 4360 812 4420 custodiendam
838 4357 999 4414 nulla
1018 4360 1191 4423 esset,
1216 4354 1319 4411 sed
1340 4352 1743 4410 tantummodo
1767 4369 1828 4409 se
1850 4352 2075 4409 clericis

372 4452 501 4509 suis
532 4450 837 4505 dominum
869 4445 1185 4501 exhiberet.

433 4544 487 4595 7.
512 4541 804 4605 Quantum
828 4533 1045 4590 talibus
1066 4532 1354 4605 episcopis
1376 4533 1658 4589 infensum
1684 4548 1745 4589 se
1766 4531 2076 4603 Gregorius
2108 4553 2152 4616 Ι)

363 4627 694 4691 exhibebat,
728 4628 959 4682 tantum
1001 4638 1138 4692 erga
1178 4622 1431 4694 Optimos
1464 4629 1722 4693 pastores
1754 4621 2075 4693 benignum

363 4735 422 4777 se
452 4716 902 4785 ofﬁciosumqne
936 4711 1227 4784 praebebat
1254 4728 1267 4778 ;
1311 4712 1464 4783 quod
1497 4710 1749 4767 maxime
1780 4727 1919 4783 erga
1966 4716 2077 4766 Do-

362 4810 674 4868 mitianum
707 4804 979 4863 Melitinsa
1012 4803 1073 4858 in
1104 4803 1379 4859 Armenia
1407 4804 1743 4874 episcopum
1776 4810 1828 4858 et
1862 4806 2068 4858 metro-

359 4900 688 4974 politanum
720 4892 1134 4967 comprobavit.
1170 4892 1226 4947 Is
1256 4891 1519 4947 Mauricii
1543 4892 1912 4964 imperatoris
1935 4908 2067 4948 con-

360 4990 721 5063 sanguineus
768 4988 914 5050 erat,
958 4982 1049 5037 vir
1096 4981 1378 5053 prudens,
1429 4982 1770 5051 industrius,
1805 4982 1977 5036 verbo
2008 4985 2067 5035 et

360 5096 530 5153 Opere
590 5073 1056 5151 potentissimus,
1095 5075 1153 5128 et
1193 5072 1267 5128 ad
1307 5087 1399 5128 res
1439 5072 1724 5127 maximas
1779 5071 2061 5143 gerendas

360 5168 831 5231 efficacissimus,
878 5162 1071 5236 inquit
1103 5162 1401 5234 Evagrius.
1446 5161 1592 5218 Hinc
1624 5162 1691 5217 ad
1726 5160 1981 5232 plurima
2008 5164 2065 5217 et

359 5258 698 5333 gravissima
726 5256 953 5330 negotia
982 5255 1140 5312 hunc
1170 5255 1490 5326 adjutorem
1523 5252 1799 5310 adhibere
1817 5268 2062 5309 consue-

433 5400 510 5471 (a)
542 5398 877 5471 Quinetiam
897 5398 957 5452 in
987 5398 1158 5471 Eccl.
1176 5399 1369 5454 Graeca
1398 5396 1666 5471 Episcopi
1693 5396 1909 5467 quibus
1932 5412 2065 5453 con-

362 5468 564 5532 cessus
591 5476 674 5525 est
716 5468 881 5524 Pallii
910 5484 1072 5537 usus,
1103 5468 1245 5525 illud
1281 5485 1395 5525 non
1426 5475 1543 5525 toto
1585 5468 1774 5525 Missa
1805 5472 2064 5539 tempore

361 5545 613 5621 gestant,
634 5540 746 5621 sed
778 5555 964 5621 usque
994 5541 1065 5621 ad
1100 5541 1494 5621 recitationem
1527 5540 1945 5621 Evangeliilex
1966 5540 2066 5595 Isi-

362 5610 502 5679 doro
552 5611 743 5669 Polus.
795 5610 899 5665 lib.
932 5628 972 5667 ι.
1024 5612 1127 5679 Ep.
1179 5613 1488 5667 136.1dem
1536 5610 1783 5668 testatur
1830 5612 2063 5668 Simeon

362 5681 900 5754 Thessalonic._lib.
933 5682 1004 5754 de
1034 5682 1274 5754 Templa
1304 5686 1361 5737 et
1401 5683 1601 5739 Missa.

438 5757 516 5833 (b)
548 5761 626 5813 De
654 5753 748 5811 bis
777 5751 903 5827 lege
931 5751 1166 5809 Gardin.
1201 5754 1359 5809 Bona
1388 5754 1490 5812 lib.
1519 5772 1559 5811 ι.
1592 5759 1807 5812 Rerum
1840 5754 2061 5826 Liturg.

2186 1840 2414 1896 obviam
2458 1841 2697 1897 honoris
2747 1858 2927 1898 causa
2969 1843 3228 1913 miserat,
3270 1848 3333 1899 ut
3359 1859 3493 1899 eum
3524 1858 3906 1915 quocumque

2180 1930 2349 1985 vellet
2378 1932 2711 1987 deduceret.
2746 1934 3019 1989 Cosroem
3061 1933 3461 1989 Christianum
3502 1937 3642 1987 tunc
3676 1933 3905 1988 factum

2180 2020 2365 2077 fuisse
2412 2026 2653 2077 narrant
2698 2024 2953 2080 Joannes
3006 2022 3351 2079 Biclarensis
3391 2023 3451 2078 in
3504 2021 3798 2091 chronica,
3842 2027 3910 2078 et

2183 2112 2398 2167 Paulus
2428 2112 2720 2169 Diaconus
2751 2112 2851 2168 lib.
2887 2130 2963 2179 ιν,
2997 2130 3045 2170 c.
3078 2115 3170 2171 17.
3203 2115 3359 2185 (c)At
3380 2130 3531 2168 vana
3552 2112 3741 2185 specie
3764 2111 3909 2167 reli-

2184 2202 2373 2273 gionis
2404 2202 2640 2258 delusos
2674 2203 2855 2259 fuisse
2888 2204 3202 2276 scriptores
3235 2204 3359 2271 hos,
3386 2204 3459 2258 ob
3483 2203 3633 2275 regis
3657 2201 3906 2257 munifi-

2185 2292 2433 2349 centiam
2466 2310 2601 2365 erga
2629 2294 3098 2351 Christianorum
3132 2296 3369 2367 templa,
3402 2310 3653 2365 eumque
3685 2310 3716 2347 a
3746 2309 3904 2364 gen-

2183 2383 2375 2439 tilium
2416 2384 2577 2439 cultu
2609 2401 2723 2440 non
2775 2385 3087 2441 recessisse
3122 2385 3496 2440 manifestum
3536 2391 3645 2451 est,
3676 2388 3794 2438 tum
3829 2397 3909 2437 ex

2187 2473 2402 2529 Graecis
2461 2473 2865 2546 scriptoribus,
2930 2474 3029 2546 qui
3074 2478 3234 2543 gesta
3291 2471 3553 2529 Mauricii
3605 2471 3906 2543 prosecuti

2186 2568 2349 2633 sunt,
2382 2567 2506 2618 tum
2551 2564 2869 2634 praesertim
2901 2579 2969 2618 ex
3022 2563 3281 2636 Gregorii
3329 2562 3576 2635 epistola
3624 2560 3915 2617 consola—

2185 2653 2334 2708 toria
2365 2652 2432 2708 ad
2468 2652 2861 2709 Domitianum
2887 2652 2994 2710 hoc
3025 2670 3177 2709 anno
3210 2654 3427 2724 scripta
3461 2669 3472 2707 :
3506 2652 3910 2722 Imperatorem

2185 2757 2308 2798 vero
2336 2746 2657 2812 Persarum,
2688 2743 2899 2812 inquit,
2944 2746 3047 2799 etsi
3074 2761 3181 2800 non
3220 2742 3389 2813 fuisse
3436 2756 3754 2798 conversum
3801 2741 3912 2795 do-

2190 2830 2294 2901 leo,
2327 2847 2415 2887 vos
2446 2839 2625 2887 tamen
2655 2833 2708 2887 ei
2754 2832 3125 2888 Christianum
3165 2832 3329 2902 ﬁdem
3368 2833 3688 2903 pradicasse
3718 2832 3917 2885 omni-

2184 2921 2341 2979 modo
2370 2923 2555 2979 exulto
2580 2939 2599 2977 :
2649 2924 2779 2995 quia
2808 2925 2911 2979 etsi
2935 2924 3033 2978 ille
3080 2923 3149 2978 ad
3188 2923 3362 2978 lucem
3410 2922 3599 2976 venire
3628 2935 3738 2975 non
3780 2936 3917 2975 me-

2184 3014 2319 3081 ruit,
2344 3015 2519 3068 vestra
2536 3021 2721 3069 tamen
2736 3014 3009 3069 sanctitas
3024 3011 3438 3085 praedicationis
3458 3026 3577 3067 sua:
3607 3010 3916 3081 pra’mium

2185 3102 2419 3158 habebit.
2471 3107 2613 3158 Nam
2649 3113 2701 3159 et
2748 3103 2995 3174 IEIhiOps
3044 3105 3099 3159 in
3136 3103 3388 3158 balneum
3420 3104 3579 3170 niger
3623 3101 3822 3169 intrat,
3852 3111 3918 3157 et

2184 3196 2345 3262 niger
2373 3193 2673 3262 egreditur,
2722 3194 2814 3249 sed
2854 3199 3034 3250 tamen
3084 3193 3370 3249 balneator
3410 3206 3660 3247 nummos
3692 3192 3913 3262 accipit

2186 3284 2327 3355 (Lib.
2378 3301 2463 3351 ιιι,
2514 3302 2597 3355 ep.
2649 3285 2762 3355 67).
2806 3285 2897 3340 Sic
2943 3283 3298 3340 sanctissimi
3362 3282 3615 3355 episcopi
3660 3283 3906 3354 sibique

2185 3373 2439 3430 amicitia
2459 3374 2923 3444 conjunctissimi
2951 3374 3175 3429 labores
3198 3374 3393 3429 irritos
3416 3372 3623 3427 blande
3644 3387 3709 3426 ac
3730 3371 3909 3444 inge-

2186 3456 2348 3511 niose
2393 3456 2728 3512 consolatus
2781 3460 2871 3512 est
2919 3455 3249 3526 Gregorius,
3295 3455 3365 3510 ad
3415 3456 3542 3525 ejus
3592 3452 3913 3524 epistolam

2186 3546 2567 3617 respondens,
2601 3563 2715 3617 qua
2746 3561 2907 3601 suam
2941 3547 3007 3600 ad
3059 3546 3262 3601 Persas
3295 3544 3711 3616 profectionem
3746 3560 3915 3612 pra:-

2184 3634 2493 3691 dicationis
2524 3637 2708 3708 gratia
2752 3636 2939 3691 fructu
2985 3635 3241 3691 caruisse
3282 3632 3486 3689 dolens
3524 3632 3915 3689 Domitianus

2186 3725 2564 3781 indicaverat.
2619 3725 2727 3798 (Cf.
2773 3727 2946 3796 Evag.
3006 3727 3120 3781 Vita
3170 3725 3394 3779 Maurie.
3443 3723 3534 3778 lib.
3580 3738 3652 3789 IV,
3696 3737 3747 3778 c.
3796 3723 3917 3791 M;

2184 3816 2282 3871 lib.
2316 3832 2391 3881 vr,
2424 3831 2469 3871 ο.
2496 3815 2564 3869 13
2592 3818 2641 3871 et
2670 3831 2826 3886 :eq.;
2860 3815 2956 3871 lib.
2988 3831 3112 3881 VIII,
3145 3830 3193 3873 ε.
3240 3815 3354 3883 12.)

2856 3921 3090 3977 CAPUT
3138 3925 3213 3977 X.

2184 4031 2477 4102 Ancon."—
2584 4028 3272 4102 De‘lege'Mauri'cii‘m‘ilites
3298 4028 3348 4076 in
3373 4026 3922 4102 utonasterjisurecipi

2248 4092 2583 4164 prohibente.
2638 4088 2784 4141 Hanc
2817 4092 3085 4164 improbat
3114 4092 3172 4140 S.
3210 4088 3603 4161 Gregoriuss—
3629 4088 3676 4137 2.
3711 4094 3921 4141 Utrum

2248 4155 2417 4224 illam,
2444 4160 2740 4224 antequam
2767 4155 3149 4224 publicaretur,
3169 4153 3572 4224 “emendaverit.
3597 4179 3664 4224 :—
3691 4156 3739 4203 3.
3793 4154 3924 4224 Qua

2248 4218 2528 4265 occasione
2562 4217 2641 4265 lex
2688 4216 2777 4265 illa
2821 4217 2981 4266 fuerit
3009 4217 3127 4265 lata.
3162 4216 3367 4274 Quibus
3418 4216 3711 4264 rationibus
3763 4222 3923 4264 nite-

2247 4284 2409 4327 retur.
2442 4304 2505 4315 —
2544 4280 2921 4342 LWGregorius
2972 4278 3036 4328 de
3067 4279 3349 4340 disciplina
3414 4277 3709 4342 mouastica
3760 4278 3923 4327 solli-

2246 4343 2400 4390 citus.
2423 4369 2482 4377 —
2511 4342 2558 4389 5.
2582 4341 2717 4391 Num
2741 4340 3023 4390 abbatibus
3044 4346 3097 4390 et
3126 4341 3401 4391 monachis
3420 4342 3600 4403 egredi
3622 4340 3766 4391 foras
3783 4355 3930 4403 pro-

2247 4405 2492 4454 hibitum.
2513 4405 2631 4454 —6.
2655 4404 2873 4454 Judaaus
2892 4404 3026 4453 falso
3044 4405 3173 4453 Elian
3201 4404 3347 4453 cultu
3366 4402 3687 4455 Christianis
3708 4402 3921 4454 illudit.

2248 4469 2329 4532 De
2350 4481 2415 4516 eo
2448 4468 2728 4532 punienqu
2764 4467 2950 4532 scribit
2973 4467 3290 4532 Gregorius.
3324 4494 3383 4503 -—
3421 4484 3467 4532 7.
3510 4466 3758 4528 Dialogos
3792 4466 3925 4515 elu-

2249 4528 2461 4579 cubret;
2492 4532 2619 4589 (An.
2641 4528 2734 4576 592
2765 4534 2816 4577 et
2843 4528 2987 4587 593.)

2264 4630 2315 4683 1.
2341 4632 2669 4698 Antequam
2692 4628 2762 4682 ab
2786 4626 3020 4683 Oriente
3042 4628 3925 4700 recedamus,agendumestde

2188 4717 2311 4790 lege
2339 4717 2591 4790 quadam
2620 4717 2818 4771 eodem
2846 4716 2963 4772 fere
2984 4724 3242 4789 tempore
3263 4717 3334 4772 ab
3378 4718 3730 4788 imperatore
3781 4734 3927 4789 pro-

2178 4806 2457 4879 mulgata,
2476 4823 2602 4878 quae
2618 4805 3059 4861 sanctissimum
3078 4807 3408 4877 pontiﬁcem
3425 4806 3771 4877 aegritudine
3788 4808 3925 4877 jam

2176 4897 2557 4960 laborantem,
2582 4894 2927 4965 gravissimo
2954 4895 3150 4950 dolore
3166 4896 3377 4950 affecit.
3394 4895 3679 4950 Nimirum
3698 4912 3928 4951 sanxe-

2177 4990 2265 5041 rat
2292 4982 2601 5039 Mauricius
2620 4982 2923 5037 nonsolum
2954 4988 3018 5037 ut
3048 4984 3318 5054 quisquis
3344 4982 3588 5054 publicis
3624 4984 3928 5040 adminis-

2175 5074 2524 5131 trationibus
2558 5074 2756 5129 fuisset
2789 5072 3151 5145 implicatus,
3174 5076 3243 5129 ad
3282 5075 3743 5131 ecclesiasticum
3778 5075 3927 5130 ofﬁ-

2175 5166 2331 5221 cium
2352 5163 2653 5236 pervenire
2679 5180 2794 5219 non
2816 5165 3140 5235 posset,sed
3165 5166 3338 5221 etiam
3368 5168 3488 5221 utei
3521 5166 3577 5221 in
3601 5168 3875 5221 monaste

2177 5254 2260 5310 rio
2286 5253 2541 5310 converti
2571 5269 2685 5309 non
2711 5252 2907 5309 liceret
2936 5269 2948 5308 :
2982 5253 3134 5324 quod
3162 5254 3233 5310 de
3263 5254 3335 5310 iis
3353 5270 3582 5325 quoque
3615 5256 3716 5326 qui
3742 5255 3919 5311 mili—

2175 5414 2223 5453 c.
2256 5396 2433 5463 24,!1.
2463 5397 2519 5451 5.

2243 5469 2314 5539 (o)
2346 5468 2613 5541 Ejusdem
2663 5468 2816 5541 regis
2865 5469 3302 5526 conversionem
3338 5471 3515 5527 refert
3563 5470 3919 5541 Fredegarii

2174 5540 2490 5613 chronicon
2514 5556 2565 5595 c.
2591 5539 2869 5613 9,_aitque
2894 5542 3084 5610 ipsum
3110 5557 3237 5596 cum
3263 5542 3561 5613 sexaginta
3583 5539 3917 5599 Persa—rum

2179 5610 2443 5687 millibus
2473 5627 2602 5667 esse
2650 5611 3029 5681 baptizatum,
3060 5617 3117 5669 et
3144 5630 3177 5669 a
3223 5610 3498 5687 Gregorio
3528 5614 3921 5672 Antiocheno

2173 5683 2245 5740 de
2275 5682 2503 5741 lavacro
2535 5687 2896 5755 susceptum.
3340 5682 3368 5687 '
3745 5732 3748 5734 γ
