4106 6174
284 296 397 358 329

716 295 777 356 S.
828 294 1207 358 GREGORII
1252 294 1503 357 MAGNI
1549 292 1754 371 Vl'l‘A,
1801 293 1897 353 EX
1940 292 2125 355 EJUS
2173 293 2528 357 SCRIPTIS
2574 294 3023 360 ADORNATA.
3071 299 3217 363 LIB.
3266 303 3344 365 ΙΙ.

3672 307 3789 370 330

285 432 374 489 tiae
398 434 678 507 adscripti
701 437 867 490 erant
896 431 1300 500 constituerat,
1334 432 1549 505 quibus
1597 434 1871 506 deinceps
1904 433 1981 489 li—
2009 435 2065 504 Α
2094 434 2370 507 additque
2393 437 2447 491 S.
2466 438 2806 509 Gregorium
2838 438 2987 497 hanc
3010 440 3195 513 legem
3216 444 3562 503 emolliendo
3584 449 3788 506 eadem

287 526 481 582 herum
538 542 653 581 non
689 529 813 581 erat
859 522 1233 592 monasteria,
1266 523 1616 594 poenitentia
1647 540 1843 590 causa,
1876 542 1986 598 pe-

285 623 417 672 tere.
470 616 549 686 (a)
597 614 857 671 Guriales
911 614 1145 683 quidem
1196 616 1253 668 et
1304 612 1678 669 saacularibus
1738 613 1984 687 negotiis

283 704 590 761 adstrictos
613 704 684 759 ab
714 702 1129 759 ecclesiasticis
1150 702 1540 774 dignitatibus
1570 702 1798 759 excludi
1823 703 1987 759 valde

282 793 537 850 laudavit
576 794 634 851 S.
686 792 1025 865 Gregorius,
1062 791 1473 848 euidentissime
1519 792 1718 861 sciens,
1768 792 1981 864 inquit,

284 886 408 957 quia
443 887 536 955 qui
562 881 890 941 saecularem
940 883 1195 939 habitum
1225 883 1478 938 deserens
1504 883 1583 939 ad
1610 883 1985 940 ecclesiastica

280 974 466 1044 officia
496 976 679 1029 venire
722 973 971 1044 festinat,
1005 978 1225 1027 mutare
1272 971 1393 1030 vult
1436 974 1721 1042 saeculum,
1745 989 1852 1030 non
1883 990 1985 1028 rc—

280 1064 549 1135 tinquere.
572 1065 642 1118 At
662 1062 876 1117 iisdem
899 1078 1015 1118 non
1044 1062 1215 1117 licere
1239 1060 1298 1116 in
1332 1062 1707 1119 monasteriis
1731 1063 1981 1118 converti

277 1154 518 1209 minime
552 1152 831 1224 probavit.
868 1152 989 1206 Etsi
1022 1150 1176 1206 enim
1210 1150 1339 1205 saris
1371 1150 1544 1207 alieni
1577 1152 1866 1209 debitores
1903 1154 1983 1207 fo-

278 1247 422 1309 rent,
458 1256 527 1298 ac
560 1241 810 1313 publicis
843 1240 1169 1296 rationibus
1218 1240 1478 1311 implexi,
1512 1246 1737 1312 poterat
1784 1257 1982 1297 eorum

277 1330 493 1387 debitis
548 1347 650 1402 per
704 1329 1127 1385 monasterium
1181 1328 1471 1397 satisfieri,
1522 1331 1711 1401 inquit
1748 1339 1985 1387 sanctus

277 1421 557 1493 pontifex.
590 1420 748 1485 Quod
782 1435 896 1473 uno
927 1419 1245 1490 eodemque
1274 1424 1619 1491 argumento
1666 1420 1843 1477 simul
1886 1422 1986 1478 de-

281 1514 574 1567 monstrat
621 1513 679 1564 et
726 1509 930 1564 dotata
992 1508 1172 1564 fuisse
1211 1512 1350 1564 tunc
1413 1511 1761 1566 monasteria
1816 1514 1986 1568 etiam

278 1599 494 1672 amplis
525 1599 831 1664 reditibus,
854 1603 911 1654 et
939 1614 1229 1654 summam
1254 1598 1313 1653 in
1348 1598 1492 1670 ipsis
1515 1600 1774 1672 viguisse
1804 1602 1988 1657 chari-

278 1695 484 1748 tatem.
535 1688 783 1745 Maxime
827 1706 959 1745 vero
1007 1689 1305 1743 damnavit
1355 1690 1769 1747 sanctissimus
1831 1700 1990 1762 pater

2095 526 2440 581 auctoritate
2472 543 2643 583 usum
2673 543 2786 600 qua
2814 531 3065 601 praefecti
3115 534 3402 604 prmtorio,
3438 551 3615 606 penes
3645 555 3791 609 quos

2095 618 2215 669 erat
2271 615 2467 670 civiles
2522 617 2593 672 ad
2648 634 2710 673 se
2768 620 2839 673 ab
2902 620 3351 691 imperatoribus
3420 624 3673 683 directas
3731 631 3796 683 ut

2096 703 2556 774 publicarentur,
2582 710 2681 761 aut
2712 708 2995 781 tantisper
3016 710 3345 778 immutare,
3370 718 3472 769 aut
3501 715 3575 771 ab
3596 732 3792 773 earum

2096 792 2488 864 publicatione
2527 795 2835 858 abstinere,
2868 800 3049 855 donec
3079 800 3149 856 de
3198 801 3268 859 iis
3314 805 3696 861 emendandis
3725 809 3795 862 ad

2092 884 2417 954 Augustum
2450 884 2816 956 scripsissent
2845 888 2932 941 vel
2966 888 3156 958 ipsum
3185 891 3484 949 adiissent.
3513 893 3625 950 Alii
3666 911 3798 951 vero

2095 970 2430 1027 existimant
2471 972 2621 1030 hanc
2652 974 2837 1045 legem
2882 977 3044 1033 nulla
3076 980 3395 1037 mutatione
3444 982 3592 1039 facta
3623 984 3799 1041 fuisse

2097 1060 2337 1116 missam
2368 1079 2401 1117 a
2433 1062 2491 1119 S.
2522 1064 2796 1136 Gregorio
2827 1066 3059 1137 qualem
3101 1076 3403 1141 acceperat
3434 1072 3506 1127 ab
3538 1072 3801 1144 impera—

2094 1155 2245 1223 tore;
2271 1153 2447 1225 idque
2470 1155 2560 1211 bis
2578 1156 2835 1229 Gregorii
2862 1158 3052 1214 verbis
3074 1160 3393 1232 significari
3419 1164 3800 1231 contendunt,

2092 1244 2335 1299 eamdem
2366 1246 2540 1313 legem
2570 1263 2668 1313 per
2694 1248 2941 1305 diversas
2970 1256 3248 1307 terrarum
3276 1258 3459 1325 partes
3490 1256 3803 1311 transmitti

2094 1333 2223 1407 feci,
2247 1339 2293 1389 et
2312 1338 2440 1406 quia
2464 1338 2553 1391 lea:
2573 1338 2693 1408 ipsa
2713 1339 3075 1411 omnipotenti
3095 1343 3198 1397 Deo
3221 1345 3453 1399 minime
3489 1345 3800 1416 concordat,

2094 1439 2324 1479 ecce.....
2372 1428 2647 1481 nuntiavi.
2702 1432 2869 1500 Ergo,
2904 1430 3199 1502 inquiunt,
3231 1432 3322 1488 lex
3371 1433 3563 1505 qualis
3592 1452 3626 1490 a
3651 1451 3805 1507 papa

2097 1515 2447 1571 transmissa
2465 1521 2553 1571 est
2576 1518 2835 1574 nondum
2874 1520 3056 1577 fuerat
3075 1523 3357 1593 castigata
3377 1528 3435 1579 et
3470 1526 3799 1591 emendata,

2097 1605 2571 1676 quandoquidem
2597 1607 2880 1664 voluntati
2912 1610 3141 1683 legique
3167 1613 3262 1667 Dei
3291 1617 3424 1685 post
3444 1614 3801 1671 emendatio-

2098 1710 2230 1749 nem
2263 1700 2651 1753 consentanea
2698 1703 2835 1753 erat.
2870 1700 3218 1757 Utramlibet
3258 1704 3602 1759 sententiam
3634 1702 3806 1775 eligat

274 1782 465 1851 legem
500 1796 620 1851 qua
643 1778 857 1835 milites
890 1778 963 1834 ab
986 1778 1255 1848 ingressu
1289 1779 1779 1835 monasteriorum
1802 1782 1989 1852 prohi-
2026 1812 2069 1876 Β
2099 1782 2297 1839 lector.

273 1870 606 1934 bebantur,
640 1867 755 1923 nisi
788 1871 890 1923 aut
918 1868 1146 1939 expleta
1180 1867 1411 1937 militia,
1443 1872 1542 1924 aut
1583 1885 1687 1941 pro
1735 1871 1994 1941 corporis

273 1960 587 2017 debilitate
619 1957 959 2015 missionem
994 1963 1190 2015 essent
1222 1960 1535 2014 consecuti.
1570 1959 1767 2030 Ipsum
1800 1961 1993 2017 audia-

273 2066 412 2105 mus
464 2050 537 2104 de
573 2048 676 2103 bac
725 2046 849 2119 lege
882 2063 1011 2103 cum
1065 2047 1339 2104 Mauricio
1382 2050 1884 2121 expostulantem:
1921 2050 1996 2106 Ad

270 2144 408 2203 haec,
448 2152 570 2192 ecce
616 2151 711 2206 per
760 2150 847 2190 me
892 2151 1109 2191 servum
1151 2136 1406 2191 ultimum
1451 2152 1613 2193 suum
1656 2143 1710 2193 et
1753 2144 1996 2195 vestrum

271 2225 628 2297 respondebit
662 2224 932 2293 Christus,
973 2225 1191 2281 dicens:
1226 2228 1343 2297 Ego
1378 2230 1428 2280 te
1458 2227 1522 2282 de
1550 2228 1625 2298 (b)
1656 2230 1880 2285 notario
1909 2245 1991 2285 co-

270 2323 475 2373 mitem
502 2314 906 2380 excubitorum,
946 2316 1014 2370 de
1042 2315 1241 2371 comite
1283 2316 1662 2373 excubitorum
1706 2320 1993 2385 Caesarem,

268 2410 337 2464 de
371 2408 604 2463 Czsare
641 2407 1061 2475 imperatorem;
1091 2422 1190 2461 nec
1217 2405 1397 2462 solum
1437 2406 1551 2473 hoc,
1576 2408 1665 2462 sed
1693 2410 1862 2464 etiam
1892 2426 1994 2479 pa-

267 2507 423 2553 trem
476 2497 874 2567 imperatorum
918 2494 1048 2559 καί.
1093 2494 1401 2551 Sacerdotes
1455 2511 1597 2551 meos
1652 2500 1766 2553 tuae
1808 2502 1998 2553 manui

266 2587 558 2655 commisi,
583 2593 638 2640 et
667 2590 725 2639 tu
756 2602 787 2638 a
817 2600 937 2639 meo
983 2584 1209 2639 servitio
1254 2586 1454 2641 milites
1520 2594 1635 2641 tuos
1674 2586 1951 2642 subtrahis
1974 2591 1998 2640 γ

272 2678 590 2748 Responde,
624 2692 770 2745 rogo,
802 2678 1043 2746 piissime
1094 2677 1349 2741 Domine,
1381 2692 1531 2731 servo
1583 2682 1691 2745 tuo,
1724 2678 1865 2748 quid
1908 2693 1996 2733 ve-

269 2768 470 2823 nienti
500 2776 553 2822 et
582 2772 695 2821 haec
723 2768 929 2820 dicenti
976 2780 1332 2836 responsurus
1354 2782 1407 2820 es
1441 2768 1497 2821 in
1528 2766 1728 2835 iudicio
1774 2767 1998 2823 Domino

270 2867 369 2914 tuo
392 2862 419 2911 .9
450 2860 663 2912 Cetera
714 2856 980 2925 legantur
1010 2856 1210 2911 eadem
1264 2872 1390 2926 quas
1423 2871 1723 2911 summum
1757 2856 1999 2913 decebat

275 2948 626 3019 pontificem
679 2946 943 3001 libertate
996 2946 1166 3015 dicta,
1200 2960 1370 3015 quam
1424 2950 1612 3001 tamen
1659 2946 1751 3001 his
1803 2955 1998 3015 postea

272 3038 478 3093 verbis
504 3036 851 3107 temperavit
880 3034 1271 3090 humilitatem
1304 3035 1666 3106 spirantibus
1693 3052 1705 3089 :
1739 3039 1850 3107 Ego
1880 3042 1998 3108 qui-

272 3130 402 3181 dem
451 3127 700 3196 jussioni
747 3125 1034 3193 subiectus,
1103 3127 1349 3181 eamdem
1427 3126 1594 3194 legem
1650 3125 1997 3194 perdicersas

274 3224 575 3272 terrarum
595 3219 775 3285 partes
807 3214 1126 3269 transmitti
1148 3215 1300 3283 feci;
1322 3219 1376 3269 et
1405 3218 1536 3285 quia
1568 3216 1658 3270 lex
1679 3218 1793 3285 ipsa
1824 3218 2001 3271 omni-

271 3308 495 3377 potenti
536 3308 647 3361 Deo
696 3306 924 3359 minime
970 3305 1289 3370 concordat,
1338 3320 1453 3359 ecce
1500 3320 1597 3373 per
1641 3306 1999 3375 suggestionis

273 3414 416 3453 mea
446 3397 720 3466 paginam
760 3393 1133 3449 serenissimis
1182 3394 1426 3449 Dominis
1475 3395 1749 3449 nuntiari.
1788 3396 2001 3451 Utrobi-

276 3503 390 3555 que
417 3502 549 3556 ergo
570 3501 689 3556 qua:
716 3483 882 3539 debui
920 3483 1149 3551 exsolvi,
1182 3486 1346 3556 quiet
1378 3484 1698 3555 imperatori
1740 3484 1998 3540 obedien-

277 3576 427 3630 tiam
472 3574 714 3645 praebui,
748 3578 800 3627 et
845 3587 945 3644 pro
998 3576 1109 3627 Deo
1155 3572 1302 3643 quod
1353 3572 1504 3627 sensi
1552 3572 1780 3628 minime
1828 3573 1997 3628 tacui.

281 3665 447 3729 (Vide
479 3664 582 3718 lib.
619 3679 703 3727 lli,
735 3678 856 3733 epp.
889 3662 959 3715 66
988 3671 1041 3717 et
1072 3663 1185 3728 66.)

358 3755 415 3809 2.
452 3754 612 3809 Hanc
642 3752 944 3824 epistolam
980 3752 1288 3823 Gregorius
1321 3752 1482 3806 misit
1510 3752 1578 3807 ad
1628 3752 2000 3808 Theodorum

285 3841 667 3913 imperatoris
699 3841 1079 3907 archialrum,
1115 3857 1216 3896 seu
1250 3842 1605 3896 medicorum
1654 3840 2000 3911 principem,

286 3948 506 4003 rogans
558 3937 622 3985 ut
672 3946 796 3984 eam
849 3934 1077 3999 captato
1127 3934 1387 4000 tempore
1418 3930 1647 3984 offerret
1699 3929 2001 3994 Mauricio,

287 4022 445 4091 apud
496 4035 672 4091 quem
723 4019 909 4089 gratia
956 4019 1277 4089 plurimum
1326 4018 1571 4083 valebat,
1603 4018 2003 4089 adhibitisque

286 4116 417 4166 tum
451 4110 714 4166 consiliis
740 4114 864 4163 tum
901 4109 1166 4177 precibus
1198 4108 1424 4164 adhanc
1478 4108 1661 4181 legem
1713 4110 2002 4176 refingen-

289 4202 426 4255 dam
472 4204 577 4255 aut
622 4198 1027 4254 emolliendam
1080 4201 1407 4269 Augustum
1459 4197 1799 4269 impelleret.
1833 4198 1991 4255 24]

292 4290 497 4346 Utrum
520 4289 584 4345 id
604 4290 947 4344 Theodorus
968 4290 1300 4359 praestiterit
1321 4287 1675 4357 ignoramus.
1692 4288 1904 4344 Docere
1925 4294 2005 4343 ta-

292 4397 418 4437 men
440 4381 669 4436 videtur
690 4386 929 4434 sanctus
946 4378 1214 4447 pontifiex
1238 4378 1572 4433 Mauricium
1589 4397 1621 4433 a
1643 4380 1767 4449 lege
1782 4379 2006 4434 sancita

288 4482 494 4541 postea
546 4468 850 4524 resiliisse.
884 4466 1159 4523 Scribens
1188 4467 1346 4522 enim
1379 4468 1445 4522 ad
1482 4467 1751 4536 plurimos
1786 4473 2007 4523 metro-

2176 1876 2224 1927 3.
2262 1875 2544 1929 Caeterum
2577 1875 2721 1947 legis
2756 1876 2928 1947 hujus
2956 1879 3202 1936 ferendae
3233 1881 3600 1938 occasionem
3631 1882 3809 1953 impe-

2106 1964 2275 2019 ratori
2304 1964 2626 2031 praebuerat
2658 1966 2928 2036 frequens
2952 1969 3350 2039 paenitentiam
3384 1975 3525 2026 tunc
3548 1972 3809 2029 ambien-

2104 2052 2246 2107 tium
2282 2067 2600 2109 concursus
2622 2056 2686 2109 ad
2722 2057 3082 2125 monasteria,
3110 2060 3189 2114 ita
3222 2064 3285 2115 ut
3307 2059 3567 2132 plerique
3597 2061 3808 2117 saculo

2104 2146 2160 2198 et
2190 2141 2360 2196 curiae
2392 2142 2567 2197 variis
2610 2144 2817 2200 officiis
2848 2145 3311 2221 ministeriisque
3342 2148 3583 2218 alligati,
3615 2150 3809 2207 inten-

2106 2230 2239 2285 tatis
2290 2234 2369 2285 lot
2402 2230 2496 2285 irae
2542 2232 2745 2288 divinae
2793 2234 3038 2302 ﬂagellis
3081 2237 3394 2307 perterriti,
3421 2238 3499 2293 rei
3532 2245 3653 2294 tum
3699 2255 3811 2310 pu-

2105 2318 2269 2375 blicae
2315 2324 2441 2375 tum
2495 2322 2730 2391 privatae
2778 2323 3053 2381 nuntium
3096 2325 3479 2387 remitterent,
3510 2327 3807 2397 publicani

2103 2412 2318 2469 telonia
2349 2414 2713 2481 desererent;
2750 2416 3035 2475 militares
3078 2419 3208 2486 viri,
3244 2420 3363 2476 sive
3392 2420 3431 2474 ii
3475 2421 3721 2493 gregarii
3752 2428 3809 2476 et

2106 2502 2526 2571 manipulares,
2575 2504 2694 2561 sive
2743 2507 3114 2563 centuriones
3167 2514 3269 2564 aut
3317 2509 3542 2565 tribuni
3593 2508 3809 2581 aliique

2104 2592 2302 2657 duces,
2331 2591 2551 2646 militia:
2585 2593 2840 2665 insignia
2869 2596 3245 2665 projicerent,
3270 2599 3341 2653 ad
3375 2599 3807 2655 conversionem

2107 2680 2461 2737 festinantes.

2178 2770 2350 2825 Porro
2384 2788 2496 2826 non
2531 2772 2766 2828 deerant
2796 2774 3049 2831 rationes
3082 2792 3207 2847 quae
3243 2778 3665 2849 persuaderent
3694 2779 3809 2834 mi-

2105 2859 2233 2914 lites
2258 2860 2492 2914 nonnisi
2516 2862 2791 2917 emeritos
2808 2867 2863 2917 et
2884 2863 3182 2932 dimissos,
3211 2865 3268 2921 in
3295 2867 3662 2924 monasteriis
3683 2881 3809 2923 esse

2104 2948 2528 3019 suscipiendos.
2557 2950 2777 3022 Quippe
2809 2968 2930 3007 can.
2962 2954 2988 3005 4
3021 2954 3250 3009 concilii
3272 2954 3537 3011 Chalced.
3567 2960 3806 3013 cautum

2102 3043 2210 3103 est,
2233 3056 2301 3093 ne
2329 3041 2461 3110 quis
2494 3040 2549 3094 in
2578 3042 2947 3098 monasteriis
2970 3059 3170 3100 servus
3192 3045 3429 3101 obtentu
3478 3045 3805 3103 monasticae

2106 3128 2476 3198 professionis
2528 3129 2859 3198 recipiatur,
2885 3140 3091 3202 praeter
3130 3134 3350 3189 domini
3383 3134 3476 3190 sui
3506 3136 3810 3191 conscien-

2104 3217 2242 3271 tiam
2272 3236 2282 3267 :
2319 3218 2817 3287 transgredientes
2850 3225 3041 3275 autem
3092 3220 3242 3276 hanc
3274 3222 3672 3279 definitionem
3704 3239 3811 3278 ex-

2106 3305 2623 3360 communicantur.
2661 3306 2727 3360 Et
2757 3308 2813 3362 in
2865 3309 3112 3364 concilio
3139 3310 3463 3382 Gangrensi
3512 3327 3639 3368 can.
3672 3311 3807 3368 Ble-

2107 3394 2334 3465 gimus:
2364 3395 2425 3449 Si
2456 3398 2577 3465 quis
2606 3412 2821 3452 servum
2869 3408 3148 3468 praetextu
3181 3400 3357 3456 divini
3394 3402 3573 3456 cultus
3618 3402 3807 3459 doceat

2107 3484 2391 3539 dominum
2436 3490 2781 3541 contemnere
2826 3490 3139 3558 proprium,
3191 3495 3249 3544 ut
3297 3490 3539 3547 discedat
3585 3493 3655 3546 ab
3697 3492 3812 3559 eius

2106 3572 2475 3643 obsequio.....
2525 3574 2823 3630 anathema
2879 3578 2967 3632 sit.
3019 3581 3093 3633 At
3141 3578 3358 3635 milites
3406 3584 3530 3635 toto
3590 3579 3810 3635 militia

2108 3668 2366 3734 tempore
2390 3680 2501 3718 non
2528 3680 2698 3719 secus
2721 3680 2787 3719 ac
2808 3667 2981 3735 servi,
3005 3671 3077 3723 ad
3103 3668 3437 3740 reipublica:
3461 3669 3809 3740 obsequium

2110 3753 2660 3822 adstringebantur;
2695 3756 2850 3810 unde
2896 3756 3070 3812 etiam
3104 3758 3161 3813 in
3197 3775 3371 3814 manu
3413 3758 3629 3830 signati
3675 3766 3812 3815 tunc

2110 3845 2275 3896 erant
2297 3847 2571 3910 tanquam
2607 3843 2897 3914 mancipia
2919 3845 3132 3914 quibus
3156 3850 3303 3901 notae
3326 3848 3591 3917 quendam
3627 3848 3819 3903 inure-

2112 3930 2343 3984 bantur.
2380 3930 2459 3984 De
2490 3929 2583 3985 his
2614 3930 2895 4002 legendus
2939 3932 3214 4005 Vegetius
3246 3934 3347 3989 lib.
3383 3952 3444 3999 ιι,
3475 3952 3525 3989 c.
3557 3937 3651 3991 25.
3688 3938 3816 4006 Ipse

2112 4019 2423 4089 Gregorius
2454 4019 2512 4073 in
2550 4020 2787 4090 praefata
2816 4022 2884 4076 ad
2935 4022 3279 4078 Mauricium
3318 4040 3410 4094 ep.
3446 4024 3660 4080 milites
3710 4041 3816 4095 ap-

2113 4108 2291 4180 pellat
2321 4124 2493 4163 manu
2540 4113 2803 4180 signatos.
2836 4111 3007 4167 Juxta
3040 4128 3259 4167 morem
3312 4113 3657 4169 hodiernum
3707 4114 3815 4169 etsi

2113 4198 2399 4254 militibus
2429 4198 2589 4254 nulla
2620 4200 2929 4257 inurantur
2960 4202 3256 4273 stigmata,
3292 4202 3488 4258 statim
3522 4206 3719 4259 tamen
3749 4219 3817 4262 ac

2114 4292 2477 4344 sacramento
2520 4289 2652 4344 dato
2704 4290 2973 4347 militiam
3021 4292 3268 4362 professi
3302 4299 3458 4357 sunt,
3490 4308 3620 4347 eam
3650 4293 3819 4349 dese-

2114 4393 2261 4443 rere,
2293 4378 2466 4432 etiam
2522 4380 2831 4434 sanctioris
2880 4380 3102 4435 militiai
3151 4380 3569 4453 amplectenda:
3618 4397 3815 4449 causa,

2116 4467 2356 4536 impune
2390 4482 2503 4520 non
2555 4476 2821 4538 possunt.
2857 4472 2983 4523 Haec
3021 4469 3179 4523 dicta
3209 4469 3330 4525 sint
3360 4478 3421 4525 ut
3468 4486 3597 4526 eam
3630 4469 3817 4543 legem

289 4560 501 4631 politas
553 4558 624 4613 de
672 4556 957 4611 militibus
1012 4564 1137 4624 post
1197 4556 1433 4611 triennii
1487 4557 1884 4628 probationem
1936 4556 2007 4611 ad
2038 4551 2083 4616 D
2119 4555 2501 4611 ostendamus
2534 4572 2638 4611 nec
2670 4555 2851 4628 impie
2882 4558 2951 4613 ab
2969 4563 3234 4625 Augusto
3265 4557 3468 4628 latam,
3492 4575 3597 4614 nec
3628 4575 3661 4615 a
3690 4559 3821 4615 Gre-

288 4649 678 4706 monasticum
721 4646 984 4701 habitum
1021 4646 1431 4717 suscipiendis,
1459 4646 1689 4703 subdit:
1716 4648 1831 4716 Qua
1860 4647 1926 4701 de
1949 4662 2005 4702 re

283 4744 462 4796 etiam
529 4739 916 4794 serenissimus
984 4739 1035 4792 et
1100 4736 1621 4792 Christianissimus
1685 4737 2006 4807 imperator,

286 4831 435 4885 mihi
462 4828 688 4894 credite,
721 4829 874 4882 omni
924 4825 1079 4882 modo
1120 4826 1393 4897 placatur,
1426 4835 1477 4883 et
1528 4826 1761 4882 libenter
1810 4841 2005 4881 eorum

282 4921 701 4977 conversionem
755 4916 984 4988 suscipit
1014 4932 1147 4987 quos
1181 4918 1237 4971 in
1269 4918 1577 4973 rationibus
1624 4916 1857 4987 publicis
1886 4918 2001 4971 im-

283 5011 514 5079 plicatos
543 5024 652 5064 non
683 5022 794 5064 esse
820 5006 1125 5079 cognoscit.

354 5100 569 5156 Censet
599 5097 776 5153 etiam
812 5095 874 5151 E.
908 5094 968 5150 G.
1006 5094 1293 5150 Baronius
1347 5093 1535 5166 legem
1565 5094 1716 5151 banc
1748 5096 2001 5164 impera-

292 5188 500 5244 toriam
554 5203 586 5242 a
643 5183 921 5256 Gregorio
979 5184 1344 5238 emendatam
1398 5187 1779 5253 temperatam
1844 5182 2004 5254 prius

289 5277 464 5332 fuisse
482 5291 661 5347 quam
676 5287 803 5329 eam
824 5271 1178 5342 promulgari
1202 5279 1447 5334 curaret,
1463 5270 2006 5341 transmitteretque

289 5366 356 5422 ad
393 5363 819 5437 metropolitas.
854 5361 1067 5417 Eadem
1101 5368 1187 5417 est
1218 5361 1337 5418 fere
1371 5359 1759 5417 illustrissimi
1791 5360 1900 5416 viri
1932 5360 2000 5417 D.

289 5457 360 5514 de
423 5455 613 5512 Marce
674 5452 961 5510 sententia
1020 5452 1121 5524 (De
1167 5450 1430 5508 Concord.
1487 5450 1586 5505 tib.
1641 5468 1701 5517 ιι,
1751 5466 1797 5505 c.
1846 5452 1938 5520 11)
1986 5466 2001 5519 ;

358 5628 436 5699 (a)
468 5627 627 5684 Idem
668 5624 947 5699 plurimis
969 5623 1097 5696 jam
1143 5622 1586 5699 can_onibus,_et
1628 5636 1999 5699 summorum

288 5665 628 5775 ροὲὶῖᾱξὸξᾶἰ
649 5665 1884 5775 siege?333311133333ide'Jp’E’if'i
1903 5665 1999 5749 ῑιὶῖ

290 5767 537 5832 nocentii
567 5770 590 5827 1
619 5769 693 5827 ad
724 5767 1060 5825 Victricium
1098 5767 1329 5825 Hotom.

608 5869 877 5932 Panos.
921 5865 1129 5933 LXXV

2116 4644 2273 4714 gorio
2305 4650 2517 4701 temere
2569 4646 3015 4719 promulgatam.
3055 4648 3205 4704 Licet
3251 4649 3404 4704 enim
3452 4657 3651 4705 contra
3699 4650 3818 4720 pie-

2116 4740 2286 4789 tatem
2314 4750 2577 4806 pugnare
2607 4736 2923 4802 videretur,
2945 4738 3101 4809 quod
3124 4738 3182 4792 in
3204 4754 3369 4794 sacra
3396 4738 3818 4793 monachorum

2115 4824 2235 4879 acie
2269 4826 2473 4879 mereri
2527 4826 2973 4895 prohiberentur
3004 4827 3218 4883 milites
3262 4829 3636 4898 (quaprOpter
3677 4825 3819 4880 Gre-

2114 4912 2310 4981 gorius
2338 4912 2679 4969 Mauricium
2706 4915 2945 4971 liberius
2976 4915 3337 4987 increpavit),
3368 4930 3425 4970 re
3456 4919 3654 4969 tamen
3687 4929 3820 4983 pro-

2114 5002 2246 5074 pius
2303 5009 2627 5073 perspecta,
2661 5004 2912 5074 bonique
2954 5004 3172 5074 publici
3223 5003 3413 5058 habita
3462 5003 3707 5068 ratione,
3739 5001 3822 5057 ita

2115 5093 2483 5147 statuendum
2506 5108 2633 5149 esse
2651 5092 2960 5164 prudentia
2976 5092 3554 5150 consultissimorum
3579 5091 3822 5147 fortasse

2115 5182 2416 5237 suadebaL

2184 5271 2236 5326 4.
2270 5270 2415 5325 Cum
2452 5272 2519 5326 de
2548 5269 2985 5326 conscribendis
3017 5269 3246 5325 Christo
3280 5268 3564 5326 militibus
3593 5270 3675 5325 ita
3706 5270 3823 5327 sol-

2110 5359 2309 5417 licitus
2342 5364 2496 5417 esset
2525 5361 2610 5416 vir
2640 5359 3072 5428 sanctissimus,
3106 5363 3169 5415 ut
3200 5360 3351 5416 inter
3378 5376 3476 5417 eos
3507 5360 3823 5432 disciplina

2112 5450 2333 5521 vigeret
2369 5450 2559 5523 magis
2590 5465 2655 5505 ac
2686 5448 2875 5520 magis
2926 5448 3303 5520 allaborabat,
3337 5450 3655 5522 praesertim
3686 5466 3821 5507 vero

2182 5619 2260 5692 (b)
2296 5618 2374 5673 Ex
2417 5618 2762 5692 Cassiodoro
2801 5618 2902 5674 lib.
2933 5637 2950 5674 1
2980 5618 3138 5686 Var.,
3164 5635 3253 5691 ep.
3278 5620 3331 5690 4,
3374 5619 3686 5692 colligitur,
3713 5619 3821 5675 No-

2113 5690 2395 5748 tariorum
2416 5691 2572 5765 apud
2594 5692 2716 5766 imp
2728 5696 2981 5749 eratores
2994 5690 3268 5765 magnam
3286 5692 3460 5749 fuisse
3476 5690 3817 5765 dignitatem

2114 5768 2171 5821 et
2200 5766 2565 5837 potestatem.

3418 5862 3491 5926 11
