4106 6174
390 270 502 333 331
850 267 911 328 S.
959 267 1334 328 GREGORII
1383 265 1627 326 MAGNI
1674 263 1878 331 VlTA,
1927 262 2026 321 EX
2071 261 2260 322 EJUS
2306 262 2662 324 SCRIPTIS
2707 264 3157 328 ADORNATA.
3203 268 3356 328 LIB.
3403 269 3482 328 ΙΙ.
3783 269 3892 330 332

385 413 450 465 ut
481 408 720 466 fratrum
751 421 993 464 suorum
1027 403 1200 460 saluti
1229 401 1626 473 custodiaeque
1665 399 1902 456 abbates
1934 397 2081 452 invi-
2116 397 2173 466 Α
2202 398 2526 456 ablactatus
2557 419 2589 456 a
2621 405 2878 458 materno
2929 403 3105 459 ubere
3135 403 3478 470 infantulus,
3512 408 3598 460 tot
3641 406 3757 462 fere
3799 423 3894 463 ναν

383 499 626 569 gilarent
654 498 970 554 admonere
1020 493 1340 565 satagebat.
1376 490 1541 545 Unde
1571 489 1768 545 statim
1820 504 1885 543 ac
1919 485 2090 541 audi-
2200 490 2351 560 gitus
2380 492 2591 558 emisit,
2623 494 2775 564 quod
2811 494 3027 565 scripta
3056 493 3258 549 edidit.

378 588 456 644 vit
486 589 572 658 (α)
601 588 884 644 Joannem
918 584 1175 639 abbatem
1214 597 1321 636 sua
1352 580 1616 636 socordia
1659 577 1969 651 opinionem
2000 576 2092 631 sui
2271 581 2422 637 242
2452 583 2504 636 6.
2541 581 2613 637 Ut
2661 584 2732 638 de
2760 583 2834 638 iis
2879 585 3052 638 etiam
3087 584 3181 654 qui
3214 584 3352 640 foris
3397 590 3550 651 sunt,
3584 589 3640 640 et
3669 587 3739 642 ad
3787 592 3895 643 Ec-

377 675 1039 749 monasteriiinquinasse
1070 669 1556 733 aclabefactasse,
1581 669 1651 724 ad
1685 684 1820 723 eum
1854 665 2083 736 scripsit
2195 671 2431 727 elegiam
2483 689 2598 727 ηοη
2650 672 2943 743 pertinent
3001 675 3188 730 Obiter
3240 691 3502 747 agamus,
3551 677 3736 734 Judwi
3779 695 3895 733 non

377 770 438 825 in
469 769 592 824 haec
620 767 832 822 verba:
869 769 946 820 De
969 766 1212 830 fratrum
1254 759 1547 815 animabus
1574 760 1797 814 omnino
1829 761 1937 812 esto
1963 758 2080 812 sol-
2193 762 2371 817 semel
2408 763 2626 834 experti
2666 765 2922 834 Gregorii
2960 764 3355 834 clementiam,
3389 768 3497 823 hoc
3548 785 3699 824 anno
3732 771 3895 839 ejus-

2190 851 2318 906 dem
2351 852 2602 924 impigre
2631 853 3028 910 sollicitudine
3047 857 3288 926 zeloque
3319 856 3609 914 indefesso
3642 858 3892 928 repressi

2187 949 2341 996 sunt.
2369 943 2654 998 Nimirum
2688 960 2817 999 cum
2850 945 3088 1016 quidam
3114 948 3188 1016 (c)
3211 947 3391 1002 Nasus
3424 948 3573 1003 inter
3596 965 3694 1004 eos
3723 949 3890 1003 scele-

2187 1031 2498 1086 ratissimus
2525 1032 2635 1086 sub
2659 1032 2876 1090 honore
2899 1034 3048 1089 beati
3073 1035 3206 1088 Elite
3239 1035 3416 1092 altare
3437 1039 3885 1102 construxisset,

2186 1121 2510 1190 multosque
2541 1121 3005 1179 Christianorum
3057 1123 3194 1179 illuc
3225 1126 3504 1182 orationis
3536 1144 3710 1184 causa
3753 1145 3887 1198 per-

2182 1211 2453 1266 traxisset
2474 1229 2538 1265 ac
2569 1214 2890 1268 seduxisset
2917 1231 2930 1268 :
2966 1214 3201 1286 scripsit
3225 1215 3715 1287 vigilantissimus
3747 1236 3887 1290 pon-

377 858 586 914 licitus.
613 855 866 927 Sufﬁciat
877 853 997 923 jam
1021 850 1160 922 quod
1182 849 1365 920 Opinio
1387 849 1708 902 monasterii
1725 863 1822 918 per
1842 850 2080 902 vestram

374 946 771 1020 negligentiam
803 942 1097 1013 inquinata
1121 945 1222 993 est.
1248 939 1361 992 Non
1395 939 1713 1008 frequenter
1739 939 1889 1007 foras
1920 950 2075 1004 egre-

371 1034 568 1090 diaris.
611 1035 674 1088 1n
713 1034 892 1088 causis
942 1030 1063 1084 istis
1102 1035 1518 1099 procuratorem
1553 1025 1805 1088 institue,
1827 1035 1876 1078 et
1911 1031 1969 1078 tu
2007 1022 2077 1078 ad

373 1126 656 1181 lectionem
713 1126 875 1192 atque
935 1119 1239 1174 arationem
1291 1133 1534 1172 vaca.....
1589 1117 1650 1170 In
1701 1116 1833 1185 ipsis
1891 1122 2075 1170 autem

367 1214 635 1284 fratribus
683 1210 1010 1267 monasterii
1059 1211 1141 1262 tui
1179 1223 1310 1279 quos
1355 1205 1530 1271 video,
1561 1219 1672 1258 non
1719 1204 1939 1258 invenio
1986 1218 2072 1259 eos

367 1305 442 1358 ad
505 1304 792 1359 lectionem
846 1313 1060 1355 vacare.
1112 1296 1258 1354 Unde
1317 1295 1670 1350 considerare
1727 1307 1938 1347 necesse
1993 1300 2072 1346 est
2180 1299 2320 1354 titex
2345 1301 2415 1355 ad
2468 1301 2827 1358 Libertinum
2857 1302 3061 1359 Siciliae
3113 1306 3447 1376 praefectum
3501 1308 3640 1378 (Lib.
3677 1325 3761 1376 ιιι,
3793 1327 3881 1381 ep.

365 1402 635 1466 quantum
681 1394 956 1463 peccatum
1004 1397 1106 1455 est,
1139 1390 1200 1441 ut
1245 1402 1315 1442 ea:
1357 1385 1550 1440 aliena
1598 1382 1882 1438 oblatione
1929 1383 2038 1436 Dea

2180 1389 2289 1458 38),
2324 1389 2418 1443 ubi
2453 1391 2679 1446 facinus
2706 1393 3028 1448 admissum
3065 1395 3269 1459 fuerat,
3304 1398 3763 1470 superstitioque
3795 1401 3876 1455 vi-

366 1485 518 1542 vobis
573 1482 906 1538 alimoniam
960 1475 1347 1542 transmiserit,
1403 1478 1457 1529 et
1516 1489 1606 1528 vos
1663 1473 1929 1527 mandata
1975 1473 2038 1527 De

2180 1481 2368 1549 gebat,
2423 1485 2484 1536 ut
2539 1481 2940 1538 districtissime
2987 1490 3039 1539 et
3094 1487 3451 1556 corporaliter
3492 1489 3550 1544 in
3611 1489 3880 1547 Judaeum

366 1576 581 1632 discere
620 1573 919 1646 negligatis
948 1571 1086 1641 (Lib.
1126 1585 1208 1637 in,
1243 1583 1327 1638 ep.
1360 1566 1436 1637 3).
1470 1569 1594 1620 Non
1638 1562 1826 1619 solum
1870 1567 2064 1618 autem
2177 1569 2349 1636 hunc,
2403 1572 2453 1626 si
2502 1573 2574 1627 de
2627 1578 2789 1628 reatu
2851 1579 3167 1640 constaret,
3219 1577 3720 1646 animadverteret,
3775 1599 3882 1638 nec

366 1663 593 1720 clericis
639 1666 696 1718 et
744 1659 1048 1718 monachis
1097 1657 1402 1712 lectionem
1462 1668 1687 1707 sacram
1742 1652 2067 1720 imperabat
2172 1660 2498 1714 socordiam
2533 1676 2716 1731 eaque
2748 1663 3003 1732 pejorem
3041 1663 3336 1720 avaritiam
3366 1666 3584 1722 Justini
3615 1669 3881 1738 ejusdem

364 1752 757 1826 peritissimus
806 1749 1136 1804 animarum
1184 1749 1390 1811 ΐθῢιοτν
1441 1743 1539 1797 sed
1579 1742 1754 1796 etiam
1800 1739 1965 1794 Ῑᾶίοίδ
2008 1748 2064 1794 et
2096 1779 2144 1844 B
2173 1748 2377 1804 insula:
2412 1751 2671 1820 praetoris
2719 1751 3072 1807 imitaretur.
3105 1753 3159 1808 Ie
3191 1754 3344 1809 enim
3377 1757 3701 1813 Judzeorum
3734 1759 3881 1814 deli-

363 1841 583 1897 militias
605 1838 874 1904 addictis,
908 1841 972 1892 ut
996 1836 1179 1907 liquet
1204 1851 1273 1888 ex
1303 1831 1548 1904 epistola
1572 1831 1646 1885 ad
1679 1828 2038 1884 Maurentiun

2180 1838 2334 1894 nitus
2366 1840 2731 1906 muneribus,
2756 1840 2853 1896 Dei
2888 1840 3137 1911 injurias
3161 1844 3457 1900 vindicare
3487 1863 3605 1901 non
3637 1849 3882 1904 curabat

361 1932 708 2005 magistrum
758 1929 1009 1984 militum
1041 1925 1260 1996 scripta
1289 1924 1430 1992 (Lib.
1463 1939 1591 1981 vm.
1625 1936 1709 1992 ep.
1741 1921 1855 1991 17),
1889 1935 2062 1991 quem

360 2023 434 2078 ob
456 2022 513 2078 id
545 2020 766 2086 laudat,
799 2019 952 2090 quod
984 2017 1229 2070 humana
1253 2012 1627 2069 conventicula
1655 2026 1849 2065 cavens
1881 2008 2062 2064 sacris

358 2111 522 2169 libris
552 2108 884 2167 evolvendis
935 2106 1274 2170 incumbat;
1302 2103 1457 2159 dolet
1509 2118 1638 2157 vero
1671 2101 1824 2172 quod
1860 2100 1917 2155 in
1953 2099 2063 2155 hoc

357 2201 451 2272 pio
482 2198 750 2257 lectionis
779 2197 973 2253 studio
1006 2194 1233 2250 nullum
1265 2193 1486 2248 socium
1519 2191 1750 2246 habeat.

423 2291 478 2346 5.
511 2294 799 2347 Caeterum
842 2302 910 2342 ex
955 2286 1048 2341 his
1093 2282 1286 2340 verbis
1333 2279 1592 2353 Gregorii
1631 2280 1696 2334 ad
1745 2278 2056 2345 Joannem,

353 2398 463 2438 non
536 2383 856 2453 frequenter
909 2375 1232 2446 egrediaris,
1283 2371 1576 2430 immerito
1646 2369 1846 2426 asserit
1901 2384 2056 2423 nova:

352 2470 720 2528 Bibliotheca
740 2467 959 2524 Eccles.
981 2465 1200 2520 Gallice
1223 2461 1562 2531 conscriptae
1586 2460 1662 2531 (b)
1688 2475 1894 2530 parens
1926 2474 2054 2526 pro-

351 2562 605 2618 hibitum
655 2575 783 2616 esse
830 2562 953 2614 tum
1006 2554 1317 2611 abbatibus
1365 2557 1489 2608 tum
1542 2549 1869 2618 monachis,
1901 2549 2054 2603 foras

351 2649 641 2725 progredi,
666 2665 796 2704 cum
834 2645 1139 2717 Gregorius
1171 2644 1500 2714 frequentes
1532 2643 1760 2694 tantum
1788 2653 2055 2709 egressus

347 2743 407 2799 in
441 2743 734 2814 publicum
784 2739 1093 2808 vituperet.
1126 2740 1275 2792 Sane
1307 2732 1405 2804 qui
1439 2747 1577 2786 suos
1625 2729 1893 2784 alumnos
1923 2728 2051 2782 vitae

347 2831 621 2889 solitaria;
646 2829 911 2885 addictos
933 2842 1058 2882 esse
1080 2824 1259 2879 voluit
1280 2823 1336 2878 S.
1355 2820 1726 2885 Benedictus,
1744 2818 1799 2872 in
1822 2816 2050 2872 duobus

347 2921 576 2992 Regule
607 2935 726 2974 suae
759 2916 1048 2988 capitibus
1080 2913 1324 2984 (Scit.51
1359 2919 1410 2965 et
1433 2911 1521 2980 67)
1556 2907 1708 2964 clare
1738 2906 2046 2977 significat,

346 3027 460 3067 non
493 3010 577 3064 eis
601 3007 974 3062 interdictum
1008 3011 1166 3058 extra
1207 2998 1622 3056 monasterium
1655 2997 1829 3061 exire,
1862 3000 1919 3050 et
1951 3011 2047 3049 ne-

342 3099 516 3173 gotiis
558 3112 780 3153 vacare.
830 3097 962 3166 Ipse
1011 3108 1141 3147 vero
1192 3089 1500 3160 Gregorius
1547 3087 1749 3142 multis
1801 3086 2044 3156 negotiis

2174 1927 2257 1981 uti
2298 1927 2608 1999 Gregorius
2650 1929 2885 2000 scriptis
2934 1931 3002 1985 ad
3038 1947 3099 1986 se
3132 1932 3336 1988 litteris
3377 1933 3681 1992 didicerat.
3719 1938 3875 1994 Idem

2169 2016 2410 2071 Judaaus
2441 2017 2770 2072 Christiana
2793 2019 2899 2073 sibi
2934 2021 3224 2091 mancipia
3255 2038 3626 2095 comparasse
3657 2026 3874 2083 tereba-

2171 2109 2284 2170 tur,
2317 2106 2469 2174 quod
2502 2110 2704 2160 contra
2754 2105 2938 2177 legem
2972 2125 3005 2162 a
3028 2108 3405 2167 Constantino
3459 2113 3661 2185 Magno
3693 2115 3873 2172 latam

2171 2211 2240 2249 ne
2269 2195 2488 2250 Judaeis
2530 2195 2956 2252 famularentur
3003 2197 3338 2271 Christiani,
3375 2204 3690 2274 pugnabat.
3724 2206 3874 2269 Quia

2167 2300 2300 2340 vero
2331 2284 2530 2340 eadem
2566 2284 2689 2356 lege
2720 2289 2954 2341 cautum
2985 2297 3124 2354 erat,
3149 2293 3212 2343 ut
3241 2290 3288 2344 si
3318 2307 3465 2360 quos
3493 2292 3676 2349 Judaei
3705 2294 3870 2350 Chri-

2167 2374 2387 2429 stianos
2423 2375 2480 2429 in
2514 2375 2793 2446 obsequio
2824 2381 2882 2430 et
2915 2377 3202 2433 famulitio
3242 2381 3544 2450 haberent,
3575 2383 3614 2438 ii
3647 2391 3870 2442 extem-

2164 2462 2259 2534 plo
2307 2463 2363 2518 in
2415 2463 2742 2520 libertatem
2791 2473 3184 2523 assererentur
3211 2469 3451 2538 (Euseb,
3483 2472 3577 2527 tib.
3622 2491 3675 2528 iv
3713 2477 3867 2544 Vitae,

2165 2552 2346 2608 Const.
2395 2569 2442 2608 c.
2492 2554 2630 2622 27);
2686 2555 2740 2608 id
2793 2556 3147 2612 exsecutioni
3199 2559 3461 2614 mandari
3520 2570 3750 2620 strenue
3802 2583 3869 2621 ac

2162 2641 2290 2696 sine
2322 2657 2485 2697 mora
2516 2659 2662 2714 papa
2690 2643 2964 2713 postulat.
3001 2645 3160 2700 Idem
3195 2646 3308 2703 fere
3340 2653 3428 2703 est
3455 2656 3867 2721 argumentum

2160 2729 2396 2786 alterius
2427 2730 2682 2803 epistolae
2722 2733 2862 2800 (Lib.
2895 2750 2968 2798 IV,
2999 2750 3082 2804 ep.
3122 2735 3190 2804 1),
3219 2736 3287 2790 ad
3336 2737 3710 2806 Venantium,
3746 2742 3872 2796 Lu-

2159 2835 2400 2875 nensem
2433 2821 2796 2892 episcopum,
2832 2823 3059 2892 scriptae
3091 2840 3244 2880 anno
3271 2826 3548 2896 sequenti.

2227 2910 2279 2961 7.
2306 2910 2359 2964 S.
2394 2910 2736 2982 Gregorium
2789 2911 2896 2966 hoc
2934 2912 3099 2968 tertio
3149 2915 3239 2969 sui
3289 2915 3660 2986 pontiﬁcatus
3710 2937 3868 2979 anno

2156 2999 2227 3056 de
2250 3000 2681 3057 conscribendis
2724 3000 2981 3074 Dialogis
3004 3005 3310 3074 cogitasse,
3333 3009 3583 3062 testatur
3624 3010 3874 3080 epistola

2157 3088 2226 3142 ad
2275 3087 2716 3157 Maximianum,
2768 3090 3106 3161 episcopum
3157 3094 3608 3167 Syracusanum,
3643 3098 3698 3152 in
3744 3118 3870 3171 qua

342 3151 513 3173 ον--η
862 3151 876 3166 .
1307 3151 1335 3160 ν
1877 3151 1901 3156 ν
2701 3151 2711 3157 ι
2805 3151 2820 3160 .
2968 3151 2986 3161 -
3198 3151 3218 3164 .
3593 3151 3608 3167 ι
3794 3151 3863 3157 η

338 3195 465 3245 tum
515 3184 940 3252 ecclesiasticis,
984 3188 1109 3237 tum
1157 3181 1329 3236 etiam
1386 3174 1636 3250 politicis
1688 3191 1800 3231 non
1853 3174 2042 3230 solum
2075 3151 2117 3219 C
2155 3177 2327 3233 etiam
2360 3179 2789 3235 subodoramur
2818 3197 2948 3235 eum
2983 3181 3152 3252 paulo
3185 3188 3312 3253 post
3340 3184 3412 3240 iis
3441 3151 3863 3247 elucubranjdis

339 3276 610 3333 adhibuit
631 3275 869 3330 abbates
888 3277 944 3327 et
967 3269 1303 3335 monachos,
1329 3275 1390 3321 ut
1413 3266 1560 3322 intra
1580 3281 1732 3336 saepe
1754 3264 2040 3330 dicemus,

339 3369 437 3424 sed
469 3367 640 3423 etiam
677 3361 950 3435 praefecit.
976 3364 1142 3416 Anno
1174 3357 1459 3429 superiori
1491 3355 1801 3426 scripserat
1831 3352 2041 3408 Joanni

340 3456 661 3515 Ravennati
684 3454 825 3526 (Lib.
855 3470 917 3522 ιι,
949 3468 1033 3523 ep.
1059 3451 1172 3521 li9),
1207 3449 1555 3503 mittendum
1587 3461 1715 3501 esse
1748 3447 1805 3499 in
1842 3444 2040 3499 urbem

340 3550 565 3605 Fanum
598 3561 729 3603 cum
763 3544 1062 3614 aliquanta
1094 3539 1335 3610 pecunia
1365 3538 1670 3594 Claudium
1702 3533 2040 3591 monasterii

335 3635 653 3694 Classensis
686 3636 978 3699 abbatem,
1013 3633 1082 3686 ad
1117 3629 1372 3702 captivos
1409 3625 1796 3684 redimendos.
1831 3627 2040 3679 Postea

335 3743 466 3782 cum
492 3723 890 3781 Theodelinda
913 3722 1111 3792 regina
1133 3735 1308 3775 sesea
1329 3715 1732 3774 communione
1756 3714 2038 3770 Constan-

331 3818 399 3873 tii
428 3812 870 3871 Mediolanensis
899 3810 1154 3883 episcopi
1187 3808 1575 3878 suspendisset,
1608 3808 1840 3876 propter
1871 3803 2035 3857 dam-

329 3913 464 3963 nata
495 3906 566 3962 ab
624 3923 690 3962 eo
737 3905 850 3959 tria
908 3899 1182 3972 capitula,
1217 3900 1372 3954 misit
1431 3898 1498 3952 ad
1561 3913 1689 3951 eam
1747 3894 2032 3950 Joannem

326 3997 598 4053 abbatem
647 3999 702 4050 et
754 3991 1120 4063 Hippolytum
1174 3986 1611 4056 notarium,qui
1664 3983 2034 4038 damnatione

325 4087 434 4142 hac
470 4085 708 4140 minime
741 4083 1030 4153 putsatam
1071 4079 1251 4134 fuisse
1280 4076 1456 4148 (quod
1490 4073 1842 4130 schismatici
1878 4073 2030 4127 voci-

321 4174 678 4240 ferabantur)
751 4170 980 4226 concilii
1060 4166 1552 4224 Chalcedonensis
1633 4164 2027 4218 auctoritatem

321 4264 533 4334 reginae
567 4260 1002 4334 persuaderent,
1026 4273 1273 4327 eamque
1303 4256 1372 4310 ad
1406 4253 1731 4310 Constantii
1764 4268 2026 4307 commu-

318 4351 551 4407 nionem
586 4347 1072 4418 revocarent(Lib.
1111 4363 1183 4410 ιν,
1219 4362 1343 4416 epp.
1376 4345 1409 4397 3
1440 4350 1491 4398 et
1545 4343 1617 4412 4).
1653 4342 1802 4408 Quin
1849 4341 2024 4396 etiam

317 4437 632 4495 Secundini
666 4436 936 4492 monachi
965 4440 1019 4491 et
1053 4435 1218 4490 Probi
1254 4433 1482 4488 abbatis
1526 4447 1700 4503 opera
1731 4448 1876 4488 usus
1916 4439 2020 4498 est,

311 4528 380 4582 ad
415 4543 612 4598 pacem
636 4542 769 4582 cum
805 4525 1058 4596 Agilulfo
1088 4524 1594 4594 Langobardorum
1622 4537 1752 4592 rege
1779 4539 2013 4592 compo-
2051 4521 2094 4584 D

310 4617 606 4683 nendam;
660 4618 814 4687 quod
866 4613 1105 4669 feliciter
1154 4613 1330 4667 cessit
1374 4611 1515 4682 (Lib.
1568 4627 1644 4675 v1,
1692 4627 1773 4681 ep.
1824 4611 1918 4678 30,
1964 4617 2016 4666 et

308 4708 405 4763 lib.
457 4722 533 4774 ix,
583 4722 703 4776 epp.
747 4706 777 4759 4
827 4709 882 4759 et
926 4704 1037 4771 li3).
1095 4702 1647 4758 Commemorandos
1717 4701 1820 4756 hoc
1885 4700 2011 4756 loco

304 4816 420 4855 non
453 4797 860 4852 existimamus
907 4797 990 4849 tot
1021 4794 1334 4848 monachos
1364 4809 1396 4846 a
1424 4797 1479 4846 S.
1513 4791 1788 4864 Gregorio
1821 4793 2009 4847 Evan-

300 4887 803 4961 geliipraedicandi
831 4884 1266 4958 gratiamissoe,
1309 4882 1380 4938 de
1423 4883 1634 4951 quibus
1678 4887 1881 4953 postea
1912 4884 2006 4937 fiet

300 4980 541 5035 mentio.
574 4981 876 5033 Secessuin
920 4979 1111 5029 tamen
1146 4978 1201 5028 et
1249 4974 1319 5028 ab
1351 4972 1513 5028 omni
1554 4972 1782 5042 negotio
1835 4973 2002 5027 feria-

297 5069 541 5134 tionem,
566 5067 780 5138 quibus
811 5063 1068 5120 solitaria
1099 5063 1210 5118 vita
1242 5061 1497 5117 maxime
1528 5062 1998 5130 commendatur,

297 5156 558 5223 quandiu
592 5155 682 5209 his
717 5157 826 5210 frui
875 5153 1032 5221 licet,
1063 5151 1334 5223 amplecti
1377 5151 1583 5206 debent
1635 5149 1906 5205 monachi
1935 5167 2000 5206 ac

295 5243 590 5314 prosequi,
623 5246 884 5314 exemplo
935 5245 992 5298 S.
1029 5241 1287 5315 Gregorii
1339 5241 1714 5314 potissimum
1763 5239 1823 5294 id
1865 5257 1999 5295 sua-

292 5332 483 5396 dente,
527 5330 625 5402 qui
673 5350 706 5386 a
761 5334 1094 5389 monasterii
1144 5332 1338 5406 quiete
1397 5332 1750 5397 abstractus,
1800 5335 1857 5386 et
1923 5331 1993 5386 ad

291 5421 506 5477 summi
575 5421 948 5490 pontificatus
1021 5423 1322 5495 fastigium
1390 5426 1647 5487 evectu,
1715 5427 1990 5493 tanquam

355 5666 434 5737 (α)
467 5667 521 5738 Is
548 5671 634 5720 est
659 5664 899 5738 fortasse
927 5665 1030 5738 cui
1053 5665 1390 5738 inscribitur
1420 5684 1508 5738 ep.
1542 5670 1611 5721 50
1634 5669 1732 5724 lib.
1764 5685 1813 5722 ν.

352 5734 426 5810 (b)
457 5735 622 5793 Tom.
656 5734 750 5808 ιν,
781 5751 910 5807 pag.
942 5735 1046 5788 277
1078 5740 1132 5790 et
1159 5734 1285 5792 279.

2097 5742 2364 5812 princeps
2393 5740 2704 5812 Synagoge
2734 5739 2833 5810 qui
2865 5756 2898 5796 a
2927 5739 3111 5798 ,Πιόωὶ

2152 3267 2491 3325 incubuisse
2539 3271 2679 3338 (Lib.
2714 3287 2798 3338 III,
2831 3287 2912 3342 ep.
2944 3273 3054 3342 51).
3090 3273 3298 3329 Verum
3331 3276 3400 3331 de
3447 3281 3707 3351 tempore
3738 3299 3862 3354 quo

2153 3359 2350 3429 scripti
2384 3366 2524 3416 sunt
2554 3360 2675 3433 lege
2721 3361 3114 3432 praefationem
3166 3371 3424 3422 nostram
3456 3371 3596 3424 tom.
3632 3372 3699 3438 Il,
3727 3390 3856 3431 ma-

2149 3451 2300 3508 xime
2331 3468 2490 3507 num.
2526 3454 2592 3508 17
2623 3468 2690 3510 ac
2739 3454 3134 3523 sequentibus.
3166 3455 3243 3510 Ex
3273 3459 3465 3514 eadem
3517 3463 3858 3531 praefatione

2149 3541 2348 3596 omnia
2379 3543 2686 3612 repetenda
2733 3548 2872 3599 sunt
2903 3560 3030 3615 quae
3061 3546 3132 3600 ad
3165 3545 3272 3602 hos
3323 3547 3505 3604 libros
3538 3554 3855 3621 pertinent.

2149 3631 2215 3686 Id
2248 3647 2425 3686 unum
2459 3631 2552 3686 hic
2601 3631 2935 3700 observabo,
2969 3634 3268 3706 egregium
3315 3635 3424 3692 hoc
3471 3656 3618 3710 opus
3665 3644 3857 3702 fuisse

2146 3719 2482 3776 solitudinis
2523 3721 2800 3786 fructum,
2834 3723 2903 3777 ad
2935 3739 3110 3793 quam
3160 3725 3492 3796 frequenter
3533 3730 3856 3791 anhelabat

2146 3810 2479 3882 Gregorius,
2513 3816 2577 3866 ut
2605 3829 2638 3866 a
2669 3813 2967 3881 pastoralis
2995 3814 3120 3868 vitai
3151 3815 3438 3874 molestiis
3470 3822 3528 3874 et
3556 3820 3849 3880 sollicitu-

2145 3899 2379 3955 dinibus
2419 3899 2722 3966 levaretur,
2757 3909 2808 3956 et
2854 3901 3079 3958 amissaa
3132 3904 3366 3974 quietis,
3399 3921 3528 3962 eam
3580 3910 3691 3981 piis
3742 3913 3853 3969 de-

2144 3988 2334 4044 flendo
2360 3988 2953 4060 lacrymis,jacturam
2985 3997 3279 4064 utcunque
3306 3998 3632 4054 resarciret.
3654 4002 3861 4065 Qualis

2140 4080 2330 4131 autem
2363 4082 2513 4132 esset
2556 4077 2612 4132 in
2665 4095 2921 4145 secessu,
2972 4080 3254 4149 quibusve
3302 4084 3656 4142 meditandis
3706 4095 3854 4146 tunc

2141 4165 2403 4221 animum
2439 4167 2780 4234 intenderet,
2814 4168 2970 4224 disce
3000 4186 3065 4224 ex
3096 4171 3223 4241 ipso
3269 4172 3643 4246 Dialogorum
3677 4192 3852 4234 exor-

2137 4253 2254 4309 dio.

2802 4328 3037 4387 CAPUT
3068 4332 3169 4386 XI.

2137 4416 2337 4466 ARGUM.
2361 4440 2422 4487 -τ-
2453 4415 2583 4488 1³⁵11]
2615 4416 3194 4488 Ecclesiasalouitana
3217 4421 3383 4469 turba:
3420 4428 3640 4488 propter
3671 4427 3852 4479 Maxi-

2198 4491 2361 4550 mum,
2387 4480 2554 4526 invito
2577 4492 2732 4550 papa.
2753 4480 3059 4550 ordinatum
3093 4480 3505 4550 episcopumI—
3597 4489 3843 4550 Gregorii

2193 4541 2293 4613 hoc
2338 4531 2392 4613 in
2442 4531 2661 4613 nego'tici
2699 4546 3002 4613 constantia
3038 4549 3090 4592 et
3125 4531 3501 4613 ‘patiehtim—

2185 4605 2408 4652 audacia
2438 4605 3270 4675 instinctumpontiﬁcemi%4.
3297 4611 3505 4660 Maximi
3531 4613 3839 4668 ordinatio-

2187 4679 2307 4738 nem
2343 4669 2870 4738 asseritnimpera‘tor.
2900 4695 2961 4704 -
2994 4669 3633 4738 5._Maximi‘pmnitentia
3664 4682 3716 4725 et
3746 4694 3839 4728 sa-

2187 4729 2568 4792 tisfactio.—6.
2585 4731 2716 4788 Quid
2744 4729 2806 4777 de
2834 4731 3101 4779 Honorato
3124 4729 3502 4784 archidiacono
3525 4737 3839 4792 definitum.

2183 4817 2244 4860 _—
2266 4791 2319 4860 _7.
2352 4791 2699 4860 Constantina
2731 4794 2968 4860 Augusta
2996 4794 3046 4842 S.
3082 4794 3230 4843 Pauli
3265 4797 3514 4859 reliquias
3546 4791 3839 4860 postulans

2182 4853 2282 4902 fert
2317 4854 2600 4926 repulsam.
2641 4854 2758 4926 Mos
2798 4853 3052 4926 antiquus
3097 4853 3402 4926 sanctorum
3435 4853 3663 4922 corpora
3708 4865 3837 4916 loco

2182 4929 2288 4964 non
2331 4917 2604 4979 movendi.
2635 4944 2696 4952 —
2729 4916 2775 4964 8.
2801 4916 3107 4978 Antiquitus
3155 4925 3329 4969 tamen
3375 4916 3840 4979 factm'nounullae

2179 4978 2569 5027 translationes.
2601 4981 2724 5038 (Au.
2758 4979 2849 5028 593
2881 4985 2931 5029 et
2959 4981 3096 5042 594.)

2189 5060 2235 5113 1.
2273 5059 2381 5113 Vix
2411 5059 2470 5113 in
2515 5058 2827 5130 tranquillo
2867 5062 3201 5118 monasterii
3251 5079 3484 5120 secessu
3519 5068 3837 5139 Gregorius

2111 5149 2299 5206 otium
2345 5154 2400 5206 et
2447 5149 2702 5221 quietem
2752 5151 3033 5222 tantisper
3094 5152 3514 5224 degustaverat,
3567 5173 3699 5213 cum
3753 5161 3834 5216 ad

2109 5244 2387 5295 consueta
2410 5240 2787 5311 pontificatus
2815 5256 2990 5297 onera
3017 5243 3381 5300 redeundum
3415 5246 3546 5313 fuit,
3573 5252 3628 5300 et
3660 5249 3829 5305 Salo-

2107 5329 2320 5384 nitante
2344 5329 2610 5385 Ecclesiae
2643 5330 2867 5401 totique
2902 5329 3200 5387 Dalmatiae
3230 5334 3704 5392 subveniendum
3735 5344 3826 5392 at-

2105 5432 2211 5490 que
2241 5418 2664 5474 consulendum
2717 5419 2864 5489 (Lib.
2900 5435 2974 5487 iv,
3011 5436 3095 5490 ep.
3127 5421 3235 5491 10).
3280 5423 3595 5479 Provinciae
3640 5424 3830 5497 hujus

2167 5669 2237 5737 (ιτ)
2269 5667 2387 5724 Hoc
2403 5667 2658 5742 gnomine
2689 5667 2930 5742 forsitan
2979 5667 3401 5742 intelligendus
3449 5687 3668 5742 praeses
3705 5691 3813 5734 seu

3187 5742 3302 5800 'asci
3323 5742 3556 5800 dicitur.
