4132 6172
425 310 540 373 335

879 317 942 376 S.
987 316 1364 377 GREGORII
1413 317 1666 378 MAGNI
1713 317 1928 383 VITA.
1980 319 2078 378 EX
2127 316 2308 381 EJUS
2354 315 2707 376 SGRIPTIS
2753 314 3203 374 ADORNATA.
3250 311 3400 372 LIB.
3441 312 3514 374 Il.

3784 319 3885 382 336

421 462 630 532 gratias
660 473 779 527 ago,
809 454 1042 527 peccatis
1070 455 1204 508 meis
1244 454 1468 525 deputo.
1515 456 1619 509 Hoc
1657 457 1834 510 tamen
1888 458 2121 512 breviter
2146 457 2202 527 Α
2229 454 2558 525 (constabat
2586 451 2742 508 enim
2773 468 2904 507 eum
2939 457 3065 523 post
3093 451 3428 504 intentatam
3452 469 3481 506 a
3511 470 3725 510 summo
3751 473 3884 528 pon-

419 565 667 621 suggere,
699 547 828 619 quia
873 543 1284 616 aliquantulum
1316 548 1592 614 exspecto;
1637 549 1690 598 et
1745 545 1864 599 sind
1895 561 1980 601 me
2026 545 2123 601 diu

422 644 608 699 venire
648 635 943 703 distulerit,
989 635 1047 690 in
1078 649 1137 692 eo
1172 649 1420 689 exercere
1455 635 1860 692 districtionem
1891 639 2122 692 canOni-

419 751 543 793 cam
571 732 726 787 nullo
754 728 913 786 modo
941 726 1172 782 cessabo.

487 825 752 882 Jnsserat
795 816 1105 875 Mauricius
1138 819 1200 871 ut
1231 815 1522 871 Maximus
1564 834 1724 889 papas
1766 835 1826 874 se
1871 818 2119 887 sisteret,

417 930 664 985 eumque
707 926 836 966 cum
879 908 1098 964 honore
1157 906 1472 976 Gregorius
1507 908 1800 979 exciperet
1831 928 1844 974 ;
1881 910 2030 979 quod
2066 910 2116 965 ei

411 1019 584 1078 grave
614 1003 803 1057 visum
835 1004 962 1067 est;
995 1013 1204 1069 nempe
1237 1013 1350 1067 quo
1387 997 1601 1052 honore
1650 999 1865 1070 dignus
1896 1005 2018 1054 erat
2067 1000 2114 1054 is

410 1096 475 1151 de
522 1110 625 1165 quo
682 1100 832 1148 tanta
868 1099 921 1145 et
983 1089 1122 1144 talia
1177 1089 1612 1157 nuntiabantur,
1648 1094 1958 1160 antequam
2019 1090 2114 1144 di—

408 1198 613 1240 scussa
659 1195 854 1244 causa,
895 1178 1184 1232 insontem
1219 1193 1282 1232 se
1299 1177 1648 1248 probasset?
1671 1193 1858 1248 neque
1889 1194 2018 1234 vero
2043 1180 2111 1235 de

403 1272 592 1346 ipsius
620 1267 984 1327 ordinatione
1016 1265 1198 1321 inscio
1231 1266 1488 1322 Romano
1518 1267 1788 1338 pontifice
1823 1268 1969 1323 facta
1989 1273 2110 1324 erat

403 1362 658 1435 amplius
690 1359 968 1431 quaestio;
1003 1373 1131 1412 eam
1184 1355 1338 1411 enim
1391 1360 1454 1411 ut
1502 1356 1835 1428 imperatori
1887 1375 2106 1414 morem

400 1455 646 1525 gereret,
678 1449 758 1504 ita
796 1453 976 1503 ratam
1009 1446 1220 1501 habere
1253 1446 1562 1513 consentit,
1595 1462 1660 1501 ac
1692 1447 1740 1501 si
1781 1462 1842 1502 se
1874 1452 2108 1503 auctore

401 1543 498 1600 hic
529 1541 838 1613 episcopus
883 1537 1186 1592 ordinatus
1209 1535 1411 1591 fuisset
1445 1553 1456 1603 ;
1493 1537 1760 1607 quamvis
1798 1537 1909 1591 sub
1941 1543 2108 1594 ante-

401 1632 656 1689 rioribus
705 1627 1061 1702 principibus
1104 1625 1299 1681 nullus
1337 1627 1407 1680 ad
1458 1627 1576 1681 haec
1626 1643 1807 1698 usque
1849 1635 2108 1699 tempora

401 1722 626 1778 Salonas
685 1721 1009 1790 episcopus,
1076 1717 1459 1787 prmtermissa
1505 1720 1764 1774 Romana
1812 1717 2103 1773 Antistitis

400 1811 742 1869 auctoritate
792 1807 992 1863 fuisset
1034 1806 1408 1900 constitutus.
1447 1810 1520 1861 At
1551 1806 1728 1862 multa
1763 1813 2102 1877 supererant
2135 1833 2181 1900 B

398 1899 646 1956 crimina
668 1897 966 1962 diluenda,
1001 1893 1280 1950 nimirum
1310 1895 1460 1964 quod
1496 1895 1785 1966 flagitiose
1818 1911 1883 1951 ac
1919 1897 2106 1966 impu-

395 1991 522 2047 dice
549 1989 805 2057 vixisset,
828 1986 978 2058 quod
1003 1986 1137 2040 data
1162 1985 1405 2056 pecunia
1438 1985 1642 2042 fuisset
1672 1985 1914 2054 electus,
1947 1987 2104 2059 quod

395 2078 935 2136 excommunicatus
957 2077 1170 2130 missas
1199 2076 1383 2130 facere
1405 2077 1896 2148 praesumpsisset.

462 2168 682 2225 Callide
710 2170 905 2239 egerat
951 2165 1251 2231 Maximus,
1307 2171 1368 2218 ut
1409 2164 1669 2235 Gregorii
1715 2165 1937 2221 litteras
1970 2166 2104 2235 qui-

389 2261 498 2316 bus
530 2276 563 2314 a
593 2259 905 2314 missarum
958 2253 1342 2309 celebratione
1394 2270 1622 2309 cessare
1646 2255 1992 2325 jubebatur,
2026 2256 2097 2310 ad

389 2366 448 2406 se
498 2364 613 2405 non
663 2345 1046 2414 pervenirent.
1098 2344 1343 2413 ideoque
1371 2342 1572 2399 iterata
1602 2344 1862 2414 iussione
1895 2361 2016 2400 rem
2049 2345 2103 2399 ei

387 2452 614 2494 sacram
663 2433 980 2490 interdixit.
1039 2435 1162 2496 Qua
1209 2432 1278 2486 de
1322 2448 1382 2486 re
1413 2432 1565 2488 clero
1615 2437 1672 2489 et
1721 2432 2104 2503 optimatibus

393 2535 516 2583 tum
549 2525 776 2581 Salonas
801 2528 926 2578 tum
968 2521 1189 2576 Jadcrre
1240 2521 1475 2591 scripsit
1500 2523 1635 2590 (Lib.
1690 2539 1766 2589 vr,
1799 2540 1914 2594 epp.
1944 2525 2011 2576 27
2041 2541 2105 2580 ac

387 2618 496 2687 29),
539 2619 673 2670 uta
722 2611 1133 2669 communione
1182 2610 1416 2666 Maximi
1479 2612 1858 2680 recederent;
1919 2629 2102 2684 neque

387 2707 542 2762 enim
607 2703 765 2759 ullus
827 2701 1018 2758 adhuc
1078 2701 1203 2772 ejus
1253 2701 1721 2758 communionem
1779 2711 2097 2773 respueret,

396 2799 603 2866 praeter
649 2791 952 2848 Paulinum
1001 2791 1362 2862 episcopum,
1414 2794 1471 2844 et
1513 2789 1866 2846 Honoratum
1910 2791 2100 2847 archi-

393 2885 728 2945 diaconum,
791 2881 959 2950 cujus
1001 2878 1338 2934 electionem
1378 2879 1450 2933 de
1481 2895 1592 2949 qua
1637 2896 1815 2951 supra
1846 2881 2098 2952 egimus,

396 2990 508 3029 non
544 2971 796 3041 amplius
829 2970 1099 3023 tuebatur
1130 2973 1370 3024 sanctus
1403 2968 1654 3037 pontifex
1687 2989 1700 3036 ;
1735 2972 2102 3040 quandoqui-

395 3064 529 3118 dem
560 3075 693 3115 eum
728 3057 1204 3114 archidiaconum
1247 3063 1474 3112 tantum
1519 3057 1788 3128 appellat,
1831 3076 1943 3113 non
1979 3062 2097 3131 epi-

395 3165 654 3223 scopum.

2233 544 2384 599 tifice
2416 541 3096 608 excommunicationem,
3141 540 3213 594 ad
3245 553 3469 595 sacrum
3500 544 3668 599 altare
3713 562 3888 602 acces-

2231 630 2405 700 sisse)
2455 631 2676 701 judicio
2741 629 3042 684 Mariniani
3095 627 3319 698 reliquit
3385 632 3755 703 statuendum,
3792 652 3890 706 qua

2228 719 2628 774 satisfactione
2667 719 2797 772 talis
2855 719 3086 773 deberet
3130 716 3296 786 culpa
3346 720 3590 788 purgari.
3635 720 3708 775 Ex
3739 725 3889 794 cujus

2229 807 2486 863 forsitam
2520 807 2802 863 antistitis
2824 807 3063 864 consilio
3090 812 3147 862 et
3175 806 3460 861 sententia
3484 814 3781 878 prostratus
3805 830 3892 883 per

2225 901 2341 952 tres
2363 898 2531 953 horas
2563 898 2849 953 Maximus
2871 897 3077 967 jacuit,
3110 896 3298 967 gravis
3329 895 3517 952 luctus
3563 903 3617 951 et
3647 901 3892 970 pmniten-

2223 986 2314 1040 tiai
2347 1003 2526 1042 causa
2555 985 2813 1041 clamans
2848 1003 2859 1039 :
2895 987 3124 1041 Peccavi
3173 988 3280 1038 Deo
3322 993 3372 1038 et
3423 985 3712 1043 beatissimo
3751 1007 3890 1060 papa

2221 1075 2474 1146 Gregorio
2517 1080 2602 1144 (In
2663 1075 2961 1146 appendice
3019 1074 3222 1145 epist.).
3273 1074 3610 1131 Sublevatus
3656 1094 3686 1132 a
3731 1079 3889 1134 Mari-

2220 1166 2413 1232 niano,
2475 1165 2816 1235 juvantibus
2893 1163 3166 1220 Callinico
3235 1163 3474 1218 exarcho
3538 1170 3592 1219 et
3661 1167 3890 1226 Castorio

2217 1254 2583 1323 chartulario,
2633 1253 2804 1324 coepit
2836 1251 3233 1308 vehementius
3264 1251 3490 1319 dolere;
3541 1258 3596 1308 at
3629 1254 3683 1309 in
3716 1272 3890 1314 recon-

2216 1341 2529 1398 ciliationis
2559 1348 2616 1398 ct
2645 1343 3026 1398 absolutionis
3073 1346 3501 1412 argumentum,
3551 1343 3823 1403 Castorius
3847 1350 3892 1403 ei

2213 1432 2519 1502 epistolam
2560 1450 2593 1488 a
2625 1433 2680 1488 S.
2723 1434 2876 1488 244
2916 1433 3189 1505 Gregorio
3237 1432 3510 1504 scriptam
3543 1433 3757 1501 obtulit,
3794 1455 3892 1508 qua

2215 1522 2575 1593 significabat
2599 1521 2878 1578 redditam
2907 1523 3018 1593 ipsi
3045 1524 3307 1577 fraternae
3328 1522 3626 1579 charitatis
3647 1526 3891 1597 gratiam,

2214 1610 2711 1682 pollicebaturque
2751 1627 2814 1666 se
2862 1613 3070 1666 adeum
3129 1611 3482 1681 quantocius
3522 1612 3753 1683 pallium
3783 1631 3888 1671 esse

2215 1699 2550 1756 missurum.

2282 1792 2335 1844 6.
2352 1790 2495 1845 Cum
2513 1789 2862 1845 Sabinianus
2887 1789 3570 1861 Jadertinusepiscopus,
3595 1789 3889 1849 Honoratus

2215 1880 2664 1935 archidiaconus
2695 1879 3096 1948 Salonitanus,
3128 1885 3185 1935 et
3200 1880 3298 1936 alii
3334 1879 3592 1950 plurimi,
3615 1882 3756 1938 sedis
3777 1901 3891 1955 apo-

2211 1970 2576 2041 stolicaejura
2596 1977 2801 2026 contra
2823 1971 3142 2026 Maximum
3204 1973 3620 2043 asseruissent,
3639 1974 3797 2043 jussit
3818 1991 3893 2029 sa-

2215 2059 2615 2129 pientissimus
2663 2060 2916 2130 pontifex
2968 2064 3030 2114 ut
3075 2075 3173 2114 eos
3214 2076 3329 2131 qua
3377 2061 3620 2116 decebat
3647 2061 3891 2118 cbaritate

2212 2149 2536 2218 susciperet
2583 2149 2726 2215 (Lib.
2769 2165 2848 2214 rx,
2899 2165 2981 2219 ep.
3033 2149 3174 2220 125).
3226 2148 3482 2220 Optabat
3521 2150 3810 2223 Gregorius
3839 2157 3891 2205 ut

2213 2237 2537 2293 Honoratus
2585 2238 2656 2293 ab
2713 2238 3100 2294 archidiaconi
3137 2255 3378 2295 munere
3415 2256 3480 2295 ac
3520 2241 3803 2311 dignitate,
3832 2242 3891 2295 de

2213 2329 2476 2400 quajam
2513 2345 2544 2382 a
2591 2327 2810 2384 Natalis
2857 2327 3281 2400 archiepiscopi
3332 2331 3688 2400 temporibus
3737 2331 3893 2385 fuerat

2212 2418 2476 2489 quiestio,
2537 2433 2652 2474 non
2721 2417 3126 2489 repelleretur;
3171 2433 3374 2474 verum
3439 2421 3696 2476 obstabat
3753 2420 3887 2475 illius

2213 2504 2480 2560 Ecclesia:
2553 2507 2931 2573 consuetudo,
2991 2522 3118 2577 quae
3198 2506 3644 2564 archidiaconus
3696 2507 3888 2578 expleto

2209 2594 2608 2666 quinquennio
2634 2613 2664 2648 a
2695 2612 2801 2650 suo
2825 2611 3116 2651 removere
3140 2596 3468 2654 ministerio
3500 2597 3745 2668 cogebat.
3769 2597 3820 2651 Id
3840 2598 3885 2651 ia

2210 2682 2467 2738 Ecclesia
2497 2681 2829 2738 Salonitana
2851 2700 2952 2754 pro
2985 2682 3107 2754 lege
3137 2684 3337 2740 haberi
3365 2685 3712 2740 asseveravit
3739 2684 3888 2738 Maxi-

2213 2789 2368 2837 mus,
2424 2772 2897 2842 conlirmavitque
2941 2772 3236 2828 Castorius
3287 2773 3727 2839 chartularius;
3766 2773 3887 2843 quin

2215 2863 2388 2917 etiam
2422 2861 2633 2930 adjecit
2663 2866 2780 2916 tres
2827 2862 3154 2934 superiores
3203 2862 3648 2920 archidiaconos
3697 2861 3887 2931 abipso

2214 2951 2524 3020 Honorato,
2548 2958 2850 3022 postquam
2877 2967 2976 3022 per
2996 2952 3477 3022 quinquennium
3503 2953 3884 3007 ministrassenl

2209 3042 2412 3096 cedere
2485 3040 2838 3112 compulsos.
2895 3043 3256 3111 QuaprOpter
3323 3042 3618 3098 sententia
3661 3039 3882 3112 Gregorii

2210 3132 2318 3186 fuit
2348 3146 2452 3186 non
2497 3131 2864 3202 ﬂagitandum
2911 3131 2976 3186 ab
3019 3133 3289 3188 Honorato
3310 3133 3601 3203 judicium
3645 3133 3704 3188 de
3727 3147 3882 3193 causa,

550 3204 822 3294 rrTiandem
874 3235 1127 3305 paternis
1177 3233 1685 3290 adhortationibus
1746 3240 1802 3290 et
1851 3236 2091 3292 infracta

2207 3239 2369 3292 quam
2398 3220 2956 3292 ipsejamjudicarat.
2983 3222 3143 3277 Hunc
3168 3223 3395 3278 exitum
3420 3223 3623 3280 habuit
3642 3223 3882 3278 diuturna

393 3327 718 3386 constantia
748 3328 1094 3381 consecutus
1138 3328 1224 3379 est
1255 3323 1582 3395 Gregorius,
1619 3331 1681 3380 ut
1714 3325 2001 3382 Maximus
2024 3328 2096 3382 ad

391 3419 681 3474 saniorem
716 3417 920 3471 rediret
954 3419 1229 3470 mentem.
1254 3415 1336 3469 Ab
1373 3416 1497 3484 ejus
1533 3418 1943 3472 communione
1968 3418 2092 3486 jam

389 3508 646 3580 plerique
670 3507 1059 3568 recesserant;
1103 3512 1156 3558 et
1186 3503 1560 3570 Sabinianus,
1611 3505 1834 3560 Jaderae
1869 3507 2089 3576 episco-

387 3615 498 3670 pus
554 3595 891 3668 pmnitentia
928 3593 1157 3660 ductus,
1210 3594 1366 3663 quod
1415 3593 1664 3649 invasori
1711 3599 1765 3649 ct
1809 3595 2089 3666 perduelli

385 3686 748 3753 adhesisset,
781 3683 840 3738 in
885 3681 1297 3737 monasterium
1332 3682 1552 3752 abjccto
1593 3683 1930 3755 episcopatu
1964 3700 2090 3740 sese

385 3779 698 3846 receperat,
743 3779 808 3827 ut
853 3774 1072 3826 tantam
1115 3771 1343 3840 culpam
1399 3773 1672 3844 lacrymis
1715 3773 1982 3828 dilueret.
2017 3779 2088 3831 At

383 3868 443 3922 S.
476 3865 787 3936 Gregorius
816 3879 950 3918 eum
983 3864 1051 3917 ad
1085 3879 1247 3918 suam
1291 3863 1764 3918 communionem
1799 3869 1852 3919 et
1884 3866 2087 3921 amici-

378 3954 522 4011 tiam
557 3959 871 4025 receptum,
896 3957 958 4008 ut
992 3952 1339 4025 pastoralem
1374 3969 1574 4007 curam
1609 3959 1930 4008 resumeret
1961 3955 2085 4010 hor-

380 4051 537 4102 tatus
587 4051 695 4111 est,
742 4043 1076 4114 casterisque
1107 4043 1176 4097 ad
1209 4042 1526 4098 Ecclesium
1571 4044 1891 4098 revertendi
1927 4062 2082 4115 pra:-

381 4137 540 4190 beret
581 4133 934 4205 exemplum,
978 4133 1125 4202 quod
1181 4133 1438 4186 futurum
1486 4133 1758 4202 sperabat
1805 4133 1943 4201 (Lib.
1982 4151 2081 4199 vn,

381 4241 461 4296 ep.
520 4224 736 4290 17;lib.
789 4240 906 4285 Vlll,
958 4238 1038 4291 ep.
1097 4223 1197 4289 t0).
1253 4221 1450 4292 Neque
1490 4237 1620 4275 vero
1671 4238 1799 4290 spes
1846 4223 2077 4291 fefellit;

379 4313 501 4383 ipse
530 4313 682 4366 enim
733 4312 1018 4365 Maximus
1070 4311 1238 4364 rediit
1272 4311 1504 4364 tandem
1535 4311 1600 4364 ad
1647 4326 1742 4364 cor
1772 4316 1825 4364 et
1852 4312 1991 4382 jugo
2023 4329 2082 4368 se

377 4401 585 4457 debitas
605 4399 944 4456 obedientiae
976 4400 1250 4452 subdidit.
1289 4399 1540 4469 Urgente
1567 4417 1711 4471 papa
1749 4406 1809 4455 ut
1834 4401 2076 4458 Romam

369 4486 727 4558 judicandus
749 4486 1066 4549 accederet,
1100 4485 1366 4540 obsessas
1391 4486 1459 4540 ab
1501 4487 1770 4542 hostibus
1806 4487 1926 4542 vias
1948 4504 2078 4544 cau-

2206 3312 2307 3368 illa
2337 3312 2406 3366 de
2453 3311 2689 3366 Maximi
2733 3311 3100 3368 ordinatione
3147 3314 3470 3382 contentio,
3521 3315 3578 3369 in
3621 3330 3728 3384 qua
3770 3310 3882 3365 vicit

2203 3403 2438 3459 tandem
2465 3405 2704 3460 infracta
2727 3404 2910 3458 sancti
2938 3403 3228 3474 pontificis
3261 3405 3547 3474 patientia
3569 3410 3622 3460 et
3641 3407 3878 3459 constan-

2203 3496 2303 3566 tia,
2355 3513 2422 3553 ex
2466 3497 2716 3554 adversis
2767 3497 2964 3568 augeri
3003 3495 3194 3551 solita.
3240 3495 3400 3560 Quas
3443 3498 3620 3552 animi
3659 3498 3803 3551 dotes
3828 3509 3879 3546 ac

2200 3589 2438 3644 virtutes
2467 3587 2681 3661 Optime
2723 3585 2998 3643 describit
3043 3584 3101 3641 in
3134 3586 3384 3657 epistola
3426 3588 3498 3642 ad
3531 3586 3874 3642 Sabinianum

2201 3677 2515 3733 diaconum
2547 3695 2560 3733 :
2596 3676 2855 3732 Paratior
2893 3693 3035 3744 sum,
3070 3675 3277 3748 inquit,
3329 3679 3508 3745 mori,
3551 3694 3712 3749 quam
3755 3674 3877 3730 beati

2196 3766 2349 3821 Petri
2395 3767 2685 3822 Ecclesium
2727 3767 2865 3820 meis
2894 3765 3081 3819 diebus
3137 3765 3490 3834 degenerare.
3523 3765 3684 3820 Mores
3733 3763 3873 3818 etiam

2196 3871 2342 3912 meos
2366 3857 2498 3911 bene
2526 3857 2772 3928 cognitos
2801 3855 2981 3924 habes,
3015 3854 3148 3925 quia
3190 3857 3290 3909 diu
3318 3861 3478 3925 porto
3503 3875 3518 3916 :
3549 3855 3638 3912 sed
3674 3857 3721 3910 si
3740 3854 3875 3910 semel

2195 3945 2565 4001 deliberavero
2591 3961 2695 3999 non
2741 3949 2980 4015 portare,
3012 3953 3199 3999 contra
3234 3948 3426 4000 omnia
3469 3946 3712 4017 pericula
3748 3945 3876 3997 laetus

2194 4033 2328 4088 vado
2350 4035 2489 4102 (Lib.
2516 4051 2589 4094 iv,
2621 4050 2704 4104 ep.
2741 4035 2852 4103 47).

2261 4125 2315 4180 7.
2345 4128 2404 4178 In
2444 4123 2549 4178 hoc
2578 4128 2692 4178 toto
2721 4121 2946 4192 negotio
2976 4123 3286 4193 Gregorius
3327 4124 3722 4178 adversarium
3743 4119 3870 4191 apud

2192 4213 2597 4283 imperatorem
2633 4218 2902 4282 expertus
2933 4217 3022 4267 est
3050 4213 3337 4267 Joannem
3381 4208 3873 4283 Constantinopoli-

2191 4306 2414 4368 tanum,
2450 4306 2513 4355 ut
2543 4317 2648 4372 par
2680 4308 2767 4356 est
2798 4302 3066 4370 credere;
3101 4301 3313 4372 quippe
3353 4318 3528 4372 quem
3561 4303 3631 4358 ob
3666 4315 3872 4369 usurpa-

2189 4396 2314 4446 tum
2366 4391 2705 4446 oecurnenici
2749 4390 3088 4461 patriarchae
3122 4391 3355 4446 titulum
3403 4391 3789 4463 redarguendo
3828 4397 3871 4443 et

2191 4481 2564 4550 increpando,
2611 4480 2908 4535 infensum
2949 4482 3054 4536 sibi
3120 4482 3349 4536 fecerat.
3406 4488 3722 4552 Antequam
3762 4496 3868 4534 vero

375 4576 488 4633 sari
524 4579 770 4645 poterat,
807 4579 864 4628 et
895 4574 1257 4643 imperatoris
1300 4583 1666 4644 praeceptum,
1703 4577 1799 4646 qui
1829 4577 2081 4645 jusseral
2113 4561 2159 4622 D
2189 4570 2260 4624 de
2306 4571 2411 4624 hac
2453 4570 2872 4639 disceptatione
2921 4569 3106 4623 fusius
3157 4573 3213 4624 et
3253 4571 3622 4625 enucleatius
3673 4576 3866 4641 agatur,

373 4671 438 4722 ut
469 4665 692 4722 Salonae
741 4669 803 4718 ut
853 4664 909 4717 in
946 4663 1230 4718 Dainaltia
1277 4671 1432 4719 mota
1463 4665 1582 4719 haec
1625 4666 1866 4734 quaestio
1891 4668 2080 4723 finire-

370 4762 498 4824 tur;
535 4755 687 4828 quod
713 4755 886 4810 etiarn
911 4753 1092 4808 sacris
1115 4755 1433 4808 canonibus
1456 4759 1576 4809 erat
1600 4762 2074 4811 consentaneum-

369 4847 647 4902 Praaterea
709 4843 931 4914 plebem
981 4847 1037 4897 et
1091 4844 1385 4913 praefectos
1446 4843 1681 4899 militari
1738 4861 1912 4899 manu
1957 4863 2074 4901 suae

366 4931 729 5006 profectioni,
783 4948 888 4986 suo
963 4930 1153 4984 itineri
1225 4930 1518 4985 obstitisse
1601 4933 1947 5000 respondere
2015 4933 2072 4987 in

365 5027 638 5097 promptu
672 5027 811 5076 erat.
848 5021 1072 5083 Quibus
1107 5019 1391 5074 rationum
1421 5021 1726 5072 momentis
1760 5020 2075 5089 prudenter

364 5113 685 5181 perpensis,
754 5109 1166 5164 accedentibus
1240 5124 1471 5179 quoque
1519 5107 1778 5163 Callinici
1837 5109 2070 5164 exarchi

365 5199 629 5268 precibus
698 5199 1011 5270 Gregorius
1076 5200 1284 5251 annuit
1344 5202 1406 5252 ut
1455 5197 1738 5252 Maximus
1787 5200 2070 5252 Ravenna:

363 5302 556 5340 coram
605 5287 928 5342 Mariniano
981 5287 1438 5360 archiepiscopo,
1472 5293 1526 5342 et
1563 5287 1823 5343 Castorio
1858 5296 2067 5344 sanctae

361 5373 626 5428 Ecclesiae
659 5375 1030 5437 chartulario,
1067 5393 1127 5432 se
1170 5383 1444 5450 purgaret
1486 5383 1598 5433 tam
1651 5379 1719 5432 de
1751 5379 2068 5433 simoniaca

360 5463 588 5532 haeresi,
607 5479 781 5534 quam
806 5465 875 5520 de
894 5467 1116 5520 caeteris
1138 5468 1382 5538 objectis
1406 5469 1777 5535 criminibus,
1809 5469 2065 5539 praestito

358 5553 430 5608 ad
463 5567 671 5622 corpus
816 5553 1165 5623 Apollinaris
1206 5558 1476 5629 martyris
1527 5563 1890 5614 sacramento
1925 5558 2061 5627 (Lib.

360 5660 438 5714 ix,
469 5658 555 5711 ep.
589 5643 676 5706 79,
729 5645 818 5709 80,
860 5642 970 5712 8t).
1008 5645 1148 5697 Cum
1183 5651 1374 5700 autem
1413 5648 1816 5702 inobedientiaa
1859 5654 1914 5704 et
1945 5665 2066 5720 per-

358 5732 670 5789 duellionis
699 5733 757 5787 in
783 5734 979 5788 sedem
1004 5734 1374 5802 apostolicam
1411 5752 1542 5792 reus
1574 5745 1720 5794 esset
1762 5739 2065 5796 manifeste

2192 4661 2343 4729 quod
2382 4661 2546 4729 paulo
2581 4666 2712 4731 post
2746 4661 2861 4728 fiet,
2897 4660 3041 4714 ratio
3089 4661 3366 4730 temporis
3401 4661 3656 4733 postulat
3686 4665 3744 4715 ut
3770 4674 3865 4728 qua

2184 4761 2302 4805 arte
2354 4753 2502 4805 idem
2547 4753 2798 4805 Joannes
2839 4750 3227 4804 Constantinus
3269 4753 3548 4822 Augustas
3582 4755 3813 4807 mentem
3843 4764 3866 4798 ξι

2185 4842 2452 4911 Gregorio
2519 4843 2766 4897 alienam
2825 4841 3049 4896 efficere
3111 4840 3350 4896 molitus
3421 4842 3501 4897 sit
3551 4842 3862 4912 aperiamus,

2188 4935 2380 5002 ipsum
2427 4934 2582 4988 enim
2632 4933 2813 5001 digito
2847 4937 3169 4986 monstrare
3201 4932 3434 4987 videtur
3484 4931 3861 4988 sanctissimus

2183 5023 2439 5093 pontifex
2488 5022 2578 5076 his
2617 5022 2842 5077 verbis:
2893 5022 2996 5076 Sed
3025 5021 3242 5091 quidam
3294 5021 3550 5077 homines
3583 5033 3755 5076 contra
3792 5033 3861 5068 mc

2177 5116 2439 5184 pietatem
2491 5123 2726 5167 vestram
2774 5114 3018 5167 excitare
3066 5112 3375 5175 voluerunt,
3431 5117 3488 5166 ut
3538 5112 3695 5175 mihi,
3743 5105 3861 5180 quos!

2179 5202 2339 5266 absit,
2380 5203 2672 5256 voluntatis
2706 5208 2895 5257 vestrm
2945 5201 3186 5270 gratiam
3219 5200 3604 5256 subtraherent
3633 5199 3766 5266 (Lib.
3798 5212 3842 5249 ιν

2180 5307 2260 5361 ep.
2297 5293 2406 5360 30).

2252 5380 2521 5436 Piissima
2557 5382 2820 5452 Augusta
2861 5379 3240 5435 basilicamin
3290 5379 3575 5434 honorem
3623 5383 3674 5431 S.
3719 5371 3857 5430 Pauli

2175 5469 2420 5542 apostoli
2455 5468 2852 5524 mdiﬁcandam
2913 5471 3210 5523 curaverat
3260 5467 3314 5521 in
3354 5469 3487 5538 ipso
3530 5467 3694 5538 regis
3717 5460 3857 5518 urbis

2177 5560 2420 5630 palatio;
2456 5575 2631 5629 quam
2662 5563 2723 5614 ut
2748 5558 2928 5613 sacris
2948 5559 3211 5628 ejusdem
3237 5556 3504 5626 reliquiis
3527 5557 3748 5622 ditaret,
3770 5567 3853 5624 po-

2174 5648 2418 5704 stulavit
2448 5665 2480 5700 a
2511 5648 2781 5717 Gregorio
2814 5657 2873 5702 ut
2905 5648 3016 5702 sibi
3047 5647 3445 5702 transmittere
3472 5647 3556 5700 vel
3575 5639 3855 5699 beatissimi

2172 5737 2408 5809 apostoli
2437 5745 2615 5810 caput,
2671 5738 2752 5792 vel
2778 5737 2935 5792 aliud
2981 5736 3116 5808 quid
3158 5737 3223 5793 de
3252 5735 3430 5806 ipsius
3474 5749 3694 5806 corpore
3720 5728 3854 5787 festi-

3975 5939 3985 6063 l
