4106 6174
262 243 375 299 337

707 247 771 303 S.
821 241 1192 302 GREGOBII
1240 243 1471 304 MAGNI
1525 246 1730 315 VITA,
1778 246 1879 306 EX
1928 244 2113 305 EJUS
2157 243 2506 305 SCRlP'l‘lS
2552 240 3009 301 ADORNATA.
3058 242 3205 302 LIB.
3254 242 3325 301 ll.

3652 240 3770 297 338

263 379 438 431 naret.
472 376 650 448 Cujus
682 379 936 449 jussioni
989 379 1286 448 respondit
1317 397 1378 435 se
1427 380 1823 452 obtemperare
1855 397 1958 435 nec
1995 386 2041 450 Α
2077 382 2273 449 factas,
2308 398 2455 452 quas
2495 380 2806 452 Gregorius
2854 380 3121 451 ignorare
3172 380 3414 437 minime
3461 378 3666 451 potuit.
3695 378 3776 433 De

261 482 426 536 posse
458 485 560 523 nec
593 470 828 536 audere,
863 470 1012 541 quod
1047 473 1384 524 sanctorum
1419 471 1814 540 apostolorum
1839 488 1959 527 cor-

259 571 398 626 pora
430 559 740 628 nequidem
778 560 900 614 loco
960 559 1175 616 moveri
1211 559 1472 629 impune,
1517 561 1602 615 vel
1638 560 1794 629 tangi
1827 578 1960 632 pos-

257 651 424 711 sent;
459 647 635 717 idque
668 647 867 702 multis
901 647 1199 702 miraculis
1233 648 1446 704 ibidem
1491 651 1961 705 commemoratis

256 735 584 790 confirmat.
621 736 866 792 Petierat
897 739 1072 792 etiam
1105 738 1484 794 Constantina
1517 739 1668 794 beati
1713 738 1958 811 apostoli

253 819 561 890 sudarium,
589 838 699 892 quo
731 824 975 878 fortasse
1002 825 1234 879 nomine
1258 825 1506 897 intelligi
1526 827 1694 881 debet
1717 827 1958 881 linteum

255 910 489 980 aliquod
520 913 647 981 ejus
680 929 882 968 cruore
914 928 1078 968 sacro
1108 914 1382 980 tinctum,
1415 921 1470 970 et
1503 917 1558 969 in
1591 916 1962 986 sepulcroin-

254 998 503 1055 clusum.
539 1001 650 1055 Sed
699 1003 839 1071 quia
887 1002 1110 1058 extrahi
1154 1019 1264 1057 non
1317 1008 1539 1073 poterat
1588 1003 1700 1058 nisi
1751 1021 1961 1075 corpus

254 1087 503 1157 apostoli
551 1091 894 1161 detegendo,
928 1096 984 1146 et
1037 1090 1159 1146 loco
1220 1091 1522 1153 movendo,
1584 1094 1736 1163 quod
1801 1095 1960 1149 nefas

253 1184 396 1237 erat,
433 1181 828 1251 piaeAugustie
857 1183 1128 1251 precibus
1151 1200 1406 1237 annuere
1433 1200 1544 1238 non
1575 1185 1760 1253 potuit
1789 1201 1958 1256 papa.

253 1267 310 1322 In
344 1272 597 1340 epistola
629 1288 804 1342 quam
841 1272 1154 1342 Gregorius
1184 1274 1249 1327 ad
1285 1289 1411 1328 eam
1456 1273 1636 1340 misit,
1672 1274 1788 1329 ait:
1827 1275 1963 1341 Quia

250 1359 513 1414 Romanis
550 1361 874 1416 consuetudo
905 1377 1010 1416 non
1050 1364 1148 1427 est,
1197 1362 1412 1435 quando
1459 1370 1776 1417 sanctorum
1825 1364 1963 1418 reli-

248 1451 412 1517 quias
435 1449 593 1518 dant,
619 1459 676 1506 ut
697 1450 1008 1522 quidquam
1026 1456 1251 1521 tangere
1265 1452 1678 1520 prxsumantde
1708 1468 1962 1521 corpore;

243 1539 334 1591 sed
366 1540 749 1594 tantummodo
795 1542 852 1594 in
889 1539 1078 1610 pixide
1111 1540 1410 1596 brandeum
1444 1540 1528 1611 [Id
1569 1546 1653 1596 est
1694 1542 1960 1611 uelamen]

245 1629 518 1698 mittitur,
551 1636 716 1700 atque
748 1629 816 1682 ad
857 1629 1199 1684 sanctissima
1249 1646 1475 1702 corpom
1521 1638 1836 1686 sanctorum
1872 1647 1964 1702 po-

245 1721 427 1772 nitur.
476 1718 627 1785 Quod
678 1719 940 1786 levatum,
991 1721 1047 1772 in
1093 1720 1315 1774 ecclesia
1362 1737 1480 1790 quae
1520 1728 1596 1775 est
1645 1720 1963 1793 dedicanda,
1999 1736 2044 1800 Β

244 1808 445 1863 dei-tota
474 1823 596 1862 cum
631 1810 978 1863 veneratione
1009 1809 1336 1864 reconditur.
1389 1809 1565 1863 Addit
1611 1808 1860 1880 plurima
1894 1811 1962 1864 iis

244 1897 304 1950 in
339 1897 515 1963 locis,
551 1914 617 1952 ac
648 1898 696 1952 si
729 1903 1064 1952 sanctorum
1098 1898 1438 1968 corporibus
1478 1900 1824 1969 potirentur,
1859 1917 1962 1971 pa-

245 1989 390 2041 trari
429 1986 598 2042 solita
633 1987 934 2043 miracula.
985 1991 1228 2060 Insuper
1271 1989 1432 2043 docet
1464 1989 1520 2043 in
1571 1990 1751 2044 totius
1798 1991 1959 2044 Occi-

243 2078 444 2131 dentis
465 2077 726 2146 partibus
758 2079 996 2132 omnino
1019 2078 1371 2132 intolerabile
1400 2093 1515 2133 esse
1531 2095 1594 2133 ac
1612 2080 1961 2150 sacrilegum,

242 2167 293 2219 si
320 2171 648 2220 sanctorum
695 2183 928 2237 corpora
976 2175 1195 2237 tangere
1243 2169 1532 2238 quisquam
1583 2170 1817 2237 fortasse
1875 2185 1963 2224 vo-

242 2255 436 2310 luerit.
474 2254 705 2310 Utinam
739 2271 870 2311 vero
901 2256 1052 2327 piam
1079 2257 1228 2311 hanc
1260 2260 1316 2311 et
1332 2260 1668 2311 sanctorum
1689 2258 1962 2328 reliquia-

241 2361 378 2399 rum
415 2345 768 2400 venerationi
803 2351 1264 2401 consentaneum
1296 2347 1778 2402 consuetudinem
1834 2364 1961 2418 per-

240 2439 428 2505 petuo
463 2435 936 2490 retinuissemus.
969 2435 1110 2490 Cum
1136 2437 1458 2490 Graecorum
1485 2437 1811 2491 contrarius
1836 2453 1961 2491 mos

239 2529 451 2592 posset
483 2523 680 2594 objici,
715 2525 930 2595 quibus
961 2525 1222 2580 videlicet
1265 2523 1426 2580 nulla
1464 2529 1587 2579 erat
1634 2541 1797 2580 sacra
1827 2541 1962 2580 cor-

241 2627 390 2680 pora
422 2610 656 2668 levandi
688 2630 752 2668 ac
803 2612 914 2669 alio
959 2613 1344 2669 transferendi
1395 2612 1620 2684 religio,
1669 2614 1962 2684 respondit

240 2703 302 2758 S.
339 2701 660 2773 Gregorius
691 2703 880 2757 dubiae
915 2703 1043 2758 fidei
1076 2702 1182 2758 sibi
1215 2703 1415 2771 videri,
1448 2718 1591 2772 quas
1643 2703 1960 2758 transfere-

243 2793 393 2846 bant
419 2801 472 2846 et
493 2793 893 2848 distrahebant
918 2792 1196 2863 reliquias
1221 2809 1235 2859 ;
1259 2792 1769 2863 suspicionemque
1791 2809 1958 2847 suam

243 2880 356 2935 hoc
393 2881 664 2952 exemplo
697 2882 1019 2936 confirmat.
1053 2881 1340 2936 Nimirum
1374 2882 1609 2952 quidam
1634 2881 1809 2936 Graeci
1836 2898 1961 2937 mo-

246 2971 426 3026 nachi
459 2975 594 3027 ante
624 2965 924 3026 biennium
959 2971 1151 3026 Roma:
1192 2971 1538 3042 deprehensi
1592 2971 1821 3027 fuerant
1850 2988 1957 3027 no-

245 3069 457 3116 cturno
489 3059 912 3131 silentiojuxta
944 3061 1245 3115 ecclesiam
1299 3060 1446 3115 beati
1483 3061 1663 3128 Pauli,
1715 3078 1954 3133 corpora

247 3155 620 3205 mortuorum
653 3150 711 3205 in
744 3166 944 3219 campo
968 3149 1227 3219 jacentia
1256 3148 1606 3219 etiodientes,
1657 3157 1831 3221 atque
1863 3151 1954 3223 ip-

244 3255 447 3294 sorum
483 3256 617 3294 ossa
641 3240 1040 3294 recondentes.
1067 3239 1328 3302 Quicum
1358 3239 1690 3311 interrogati
1715 3240 1957 3298 fuissent

243 3345 354 3398 quo
388 3328 447 3382 id
483 3329 730 3384 consilio
761 3329 1035 3395 facerent,
1069 3327 1315 3383 confessi
1347 3333 1487 3383 sunt
1532 3329 1672 3400 quod
1708 3331 1808 3386 illa
1838 3346 1959 3386 ossa

238 3420 316 3472 ad
345 3420 624 3475 Graeciam
653 3426 832 3473 essent
872 3425 1135 3489 tanquam
1161 3424 1482 3474 sanctorum
1538 3419 1801 3491 reliquias
1828 3437 1958 3492 por-

237 3512 445 3563 taturi.
481 3510 643 3579 Apud
677 3508 1021 3579 Gregorium
1055 3508 1456 3563 Turonensem
1488 3515 1542 3564 et
1573 3509 1716 3565 alios
1739 3511 1958 3582 passim

239 3600 314 3668 (a)
331 3599 681 3670 scriptores,
703 3602 1017 3654 occurrunt
1035 3596 1196 3664 tales,
1219 3614 1331 3653 non
1351 3599 1460 3669 pia:
1476 3602 1565 3667 (ut
1584 3598 1750 3670 vulgo
1770 3599 1960 3654 vocari

242 3686 462 3757 solenl)
494 3689 596 3743 sed
630 3688 918 3757 sacrilegae
952 3686 1203 3756 fraudes,
1237 3703 1363 3758 quae
1398 3687 1602 3742 dubias
1649 3689 1961 3743 effecerunt

247 3777 538 3847 plurimas
555 3777 814 3848 alioquin
831 3775 1117 3849 genuinas
1130 3785 1465 3832 sanctorum
1483 3777 1780 3847 reliquias.
1800 3777 1960 3833 Unde

246 3865 439 3937 liquet
474 3865 697 3921 nullam
731 3867 1008 3937 majorem
1042 3869 1142 3920 aut
1163 3866 1466 3920 certiorem
1490 3865 1705 3920 sanctis
1732 3881 1962 3920 venera-

251 3956 472 4011 tionem
508 3955 807 4026 procurari
840 3971 1027 4025 posse,
1061 3971 1236 4026 quam
1267 3970 1468 4010 eorum
1501 3970 1664 4010 sacra
1697 3954 1960 4025 pignora,

252 4045 308 4100 in
343 4046 646 4117 prioribus
675 4044 956 4116 sepulcris
983 4045 1129 4114 (quis
1162 4049 1357 4100 tamen
1390 4045 1580 4098 ornari
1610 4044 1791 4112 decet)
1822 4044 1964 4099 inte-

254 4152 352 4205 gra
381 4144 436 4191 et
467 4135 686 4190 intacta
720 4134 1102 4205 relinquendo
1131 4151 1143 4201 ;
1185 4134 1337 4203 quod
1371 4133 1544 4188 etiam
1589 4134 1664 4204 (b)
1696 4133 1965 4190 civilibus

257 4229 492 4282 cavetur
525 4225 771 4296 legibus.

325 4317 379 4372 8.
441 4315 609 4370 Absit
668 4320 860 4368 tamen
910 4329 942 4368 a
1001 4311 1187 4378 nobis,
1247 4316 1310 4365 ut
1367 4328 1570 4367 omnes
1627 4317 1962 4369 sanctorum

259 4401 671 4459 translationes
703 4401 1052 4455 damnemus
1086 4399 1178 4470 pio
1203 4399 1448 4453 consilio
1474 4400 1674 4454 factas.
1699 4400 1772 4470 (c)
1795 4400 1961 4455 Tem-

257 4511 394 4566 pore
424 4492 758 4563 _Constantii
808 4491 1051 4561 Augusti
1101 4489 1348 4562 legimus
1399 4489 1962 4560 Constantinopolim

260 4584 516 4639 delatum
552 4583 732 4638 fuisse
762 4585 818 4636 S.
852 4579 1136 4636 Timothei
1178 4596 1388 4650 corpus
1440 4579 1646 4648 Ephesi
1679 4580 1841 4650 prius
1873 4596 1964 4635 se-

262 4675 514 4744 pultum,
550 4689 617 4726 ac
646 4672 703 4726 in
735 4671 972 4726 basilica
1003 4673 1334 4724 sanctorum
1372 4668 1768 4739 apostolorum
1794 4668 1964 4724 collo-

264 4770 458 4820 catum
491 4779 641 4819 esse.
693 4761 870 4816 Paulo
929 4763 1060 4830 post
1106 4759 1280 4813 etiam
1313 4757 1570 4828 reliquiae
1631 4763 1966 4812 sanctorum

263 4857 503 4911 Andree
537 4850 782 4924 apostoli
817 4854 872 4905 et
903 4850 1067 4904 Lucae
1099 4848 1459 4918 evangelistaa
1503 4847 1704 4903 delata:
1735 4851 1872 4903 sunt
1901 4863 1968 4902 ex

260 4946 502 5011 Achaia,
536 4948 591 4999 et
621 4942 819 4997 eodem
870 4941 927 4996 in
959 4939 1083 4995 loco
1132 4939 1442 5010 depositae;
1492 4940 1645 5008 quod
1698 4938 1872 4993 refert
1902 4953 1967 4992 ac

256 5038 458 5092 laudat
529 5034 913 5104 Hieronymus
988 5031 1327 5099 (Hieronym.
1384 5038 1571 5084 contra
1656 5027 1962 5098 Vigilant.).

262 5129 404 5198 Lege
435 5125 588 5196 apud
625 5121 1027 5179 Mabillonium
1059 5121 1306 5190 (Prae/at.
1338 5120 1406 5174 ad
1438 5128 1567 5174 tom.
1619 5119 1664 5173 II
1699 5120 1811 5174 Act.
1844 5118 1963 5185 $3.,

259 5219 522 5276 observat.
559 5214 614 5285 8)
649 5211 928 5283 plurimas
960 5214 1289 5265 sanctorum
1326 5208 1730 5264 translationes
1758 5212 1963 5279 quarto

261 5313 318 5364 et
357 5306 561 5379 quinto
608 5301 817 5358 sreculo
876 5301 933 5356 in
993 5299 1324 5369 Occidente,
1385 5298 1629 5370 ipsaque
1686 5297 1744 5352 in
1803 5296 1963 5352 Italia

330 5527 408 5594 (a)
437 5521 568 5577 Vide
589 5520 935 5576 Guibertum
956 5517 1025 5572 de
1048 5514 1366 5585 Novigento
1391 5514 1490 5568 lib.
1526 5513 1596 5567 de
1617 5511 1962 5584 Pignoribus

261 5601 619 5652 sanctorum.

328 5668 402 5738 (b)
432 5666 572 5737 Lege
601 5662 811 5738 ultima
828 5662 897 5738 de
911 5661 1306 5732 sepulcrorum
1327 5657 1764 5727 violat.,estque
1778 5654 1963 5709 Theo-

268 5733 406 5797 dosii
435 5733 622 5807 Magni
656 5750 750 5789 an.
784 5733 908 5787 386.

2072 473 2162 529 his
2195 489 2427 545 quoque
2459 471 2698 529 consule
2724 477 2891 528 notas
2931 475 2999 528 ad
3036 489 3124 544 ep.
3158 474 3227 528 30
3268 472 3399 526 libri
3431 470 3648 542 quarti,
3679 485 3781 524 ve-

2073 579 2200 617 rum
2228 564 2316 618 his
2341 564 2397 617 in
2423 562 2904 618 translationibus
2926 579 2955 618 e
2979 563 3228 619 tumulis
3246 562 3368 617 suis
3386 560 3783 616 edocebantur

2072 668 2236 706 sacra
2295 651 2396 707 illa
2453 652 2716 723 pignora,
2781 651 2944 705 utin
3022 650 3219 722 aliquo
3277 647 3596 706 decentiori
3657 646 3784 702 loco

2072 742 2459 811 quiescerent,
2495 757 2680 811 neque
2713 739 2909 811 procul
2944 740 3373 796 deferebantur.

2144 829 2302 884 Haud
2337 829 2682 900 improbavit
2732 828 2969 900 quidem
3020 836 3254 884 sanctus
3304 829 3504 884 doctor
3551 825 3781 898 episco-

2072 934 2209 987 pum
2233 923 2288 972 ct
2309 918 2527 973 clerum
2554 918 2718 972 urbis
2737 917 2923 972 Euriie
2940 916 3076 972 inde
3095 916 3545 988 commigrautes
3563 929 3778 985 corpus

2071 1006 2127 1061 S.
2163 1006 2371 1062 Donati
2403 1023 2598 1062 secum
2633 1006 2963 1074 abstulisse,
2997 1011 3053 1061 et
3080 1005 3140 1060 in
3172 1004 3432 1075 Cassiopi
3463 1003 3663 1059 Castro
3685 1004 3776 1057 in-

2072 1097 2209 1151 sulze
2243 1097 2496 1168 Corcyrae
2528 1097 2869 1165 deposuisse
2901 1095 3041 1167 (Lib.
3099 1111 3215 1159 xiv,
3246 1111 3365 1164 epp.
3406 1094 3439 1144 7
3468 1097 3518 1148 et
3570 1092 3674 1161 13).
3707 1094 3781 1144 At

2073 1203 2204 1241 vero
2237 1187 2647 1258 migrationem
2678 1187 2848 1242 istam
2882 1187 3269 1240 necessariam
3303 1183 3614 1239 etfecerant
3653 1182 3784 1236 bar-

2075 1277 2306 1331 baricus
2339 1274 2566 1346 gladius
2597 1280 2654 1330 et
2685 1275 2926 1330 hostiles
2965 1276 3260 1330 incursus.
3294 1275 3613 1329 Metuentes
3644 1286 3781 1341 ergo

2073 1367 2396 1420 sacerdotes
2428 1372 2481 1421 et
2512 1365 2706 1420 clerici
2740 1364 2988 1420 civitatis
3020 1364 3219 1434 hujus,
3252 1379 3323 1418 ne
3365 1379 3540 1418 sacra:
3574 1360 3632 1416 S.
3665 1360 3782 1415 Do-

2075 1455 2192 1509 nati
2231 1455 2480 1525 reliquiae
2517 1455 2571 1509 in
2604 1454 2846 1509 ecclesia
2875 1455 3104 1509 deserta
3138 1458 3194 1508 et
3225 1456 3454 1523 patente
3475 1451 3725 1522 aliquam
3749 1466 3783 1504 a

2073 1545 2338 1600 barbaris
2370 1544 2647 1615 injuriam
2681 1549 3036 1616 paterentur,
3073 1544 3402 1599 maluerunt
3431 1557 3525 1598 eas
3577 1555 3778 1596 secum

2072 1640 2390 1706 asportare.

2147 1726 2276 1789 Quae
2308 1728 2376 1781 de
2408 1727 2625 1781 sanctis
2658 1726 2999 1798 corporibus
3041 1724 3166 1779 loco
3211 1739 3322 1778 non
3377 1721 3675 1777 movendis
3707 1723 3778 1776 ad

2074 1821 2326 1872 mentem
2361 1818 2418 1871 S.
2454 1815 2710 1886 Gregorii
2745 1815 3023 1882 diximus,
3054 1814 3123 1868 de
3155 1828 3358 1869 eorum
3389 1810 3648 1867 vestibus
3681 1815 3780 1865 aut

2073 1907 2202 1961 aliis
2237 1909 2407 1962 rebus
2439 1908 2509 1960 ad
2557 1907 2716 1978 ipsos
2751 1911 2982 1961 sanctos
3038 1901 3488 1976 pertinentibus,
3541 1897 3781 1953 minime

2073 1995 2315 2067 intelligi
2363 1997 2533 2052 debet
2559 2013 2571 2048 :
2607 2013 2741 2051 nam
2780 2011 2911 2050 cum
2941 1994 3258 2064 accepisset
3278 2008 3310 2047 a
3331 1990 3555 2046 Joanne
3576 1987 3784 2043 abbate

2073 2087 2327 2142 tunicam
2359 2087 2416 2141 S.
2451 2087 2695 2141 Joannis
2730 2093 3037 2156 repertam,
3091 2088 3154 2138 ut
3202 2098 3327 2138 eam
3376 2080 3446 2135 ad
3483 2096 3544 2136 se
3592 2083 3784 2134 trans-

2072 2177 2304 2232 mittere
2335 2184 2561 2231 curaret
2594 2175 2834 2246 rogavit.
2868 2175 3151 2229 Tunicam
3185 2170 3342 2227 245
3397 2169 3550 2226 hanc
3601 2167 3783 2222 fuisse

2072 2268 2130 2322 S.
2162 2268 2406 2322 Joannis
2437 2265 2682 2337 apostoli
2714 2263 3168 2334 etevangelistaa,
3193 2261 3561 2332 positamque
3583 2263 3776 2314 Romae

2071 2357 2128 2410 in
2161 2356 2404 2411 basilica
2432 2355 2932 2421 Constantiniana,
2967 2354 3131 2408 docet
3179 2351 3435 2406 Joannes
3487 2347 3777 2402 Diaconus

2071 2446 2213 2512 (Lib.
2249 2461 2461 2512 1n,nn.
2523 2446 2613 2511 57,
2673 2446 2763 2511 58,
2823 2445 2932 2513 59),
2966 2442 3063 2497 ubi
3121 2457 3245 2497 eam
3307 2439 3517 2495 asserit
3575 2436 3775 2492 multis

2071 2551 2410 2590 coruscasse
2460 2534 2783 2590 miraculis.
2838 2534 3040 2589 Utrum
3094 2533 3215 2588 haec
3264 2547 3423 2602 papa:
3475 2527 3774 2599 responsio

2069 2624 2460 2680 Constantina:
2493 2629 2762 2695 Augustae
2816 2623 3182 2688 satisfecerit,
3243 2623 3602 2691 compertum
3657 2631 3773 2671 non

2069 2715 2378 2770 habemus.
2417 2719 2650 2771 Exstant
2698 2721 2890 2770 tamen
2941 2711 3204 2784 plurimas
3248 2708 3430 2765 sancti
3483 2705 3777 2780 pontiﬁcis

2069 2807 2326 2878 epistolae
2359 2805 2430 2860 ad
2462 2805 2725 2861 eamdem
2759 2808 2958 2876 postea
2989 2802 3239 2874 scriptae,
3272 2815 3339 2855 ex
3367 2799 3583 2870 quibus
3615 2796 3781 2851 intel-

2069 2895 2273 2967 ligitur
2303 2912 2428 2951 eam
2464 2896 2616 2966 quod
2649 2895 2758 2951 sibi
2791 2894 3087 2965 denegatae
3107 2889 3436 2947 fuissentS.
3459 2885 3628 2944 Pauli
3651 2886 3779 2943 reli-

2071 2987 2239 3056 quise,
2274 3002 2390 3042 non
2422 2985 2660 3058 indigne
2691 2984 2918 3052 tulisse,
2951 2983 3046 3038 sed
3097 2997 3237 3054 erga
3269 2980 3463 3036 sedem
3497 2975 3778 3049 apostoli-

2069 3091 2195 3131 cam
2230 3076 2322 3145 pio
2353 3091 2581 3146 semper
2611 3075 2892 3146 ﬂagrasse
2921 3071 3138 3128 studio.

2736 3179 2951 3230 CAPUT
2985 3179 3092 3227 XII.

2067 3268 2264 3316 Ancon.
2295 3293 2357 3301 -
2387 3267 2430 3315 1.
2465 3263 2831 3314 'I‘heodelinda
2867 3263 3198 3316 Constantio.
3242 3257 3627 3310 Mediolaneusi
3656 3257 3768 3319 epi-

2128 3344 2306 3392 scopo.
2330 3330 2540 3378 infensa
2561 3342 2657 3390 pro
2669 3340 2837 3392 causa
2852 3328 3011 3374 trium
3034 3324 3490 3392 capi_tuloru‘m.ﬁ—
3508 3319 3556 3368 2.
3576 3321 3774 3392 Grego-

2132 3383 2240 3441 rius
2269 3383 2332 3440 ad
2347 3406 2460 3440 eam
2483 3383 2686 3453 leg'atos
2707 3389 2866 3438 mittit
2886 3394 2945 3453 et_
2960 3383 3243 3453 epistolas.
3259 3412 3320 3453 τέ-
3335 3383 3381 3433 3.
3405 3384 3519 3453 on
3534 3387 3768 3453 .eventu:

2128 3481 2189 3490 —
2217 3456 2262 3502 4.
2298 3445 2595 3503 Idololatrix;
2625 3445 3017 3500 convertendis'
3050 3449 3323 3498 incumbit.
3356 3473 3418 3482 --
3444 3446 3492 3493 5.
3524 3445 3770 3492 Januarii

2131 3523 2184 3566 et
2211 3518 2447 3586 aliorum
2468 3516 2728 3586 Sardiniae
2759 3515 3134 3586 episcoporum
3165 3509 3446 3586 socordia.“
3455 3506 3593 3586 :15:
3616 3505 3770 3586 [zeli-

2130 3580 2305 3629 centia
2338 3579 2621 3626 chrismate
2657 3569 3012 3638 consiguaddi
3042 3573 3367 3638 presbyteris
3415 3569 3608 3638 Sar_dis_
3626 3569 3768 3617 data.

2130 3669 2191 3678 -
2217 3641 2383 3691 7.Res
2402 3641 2502 3689 hoc
2529 3652 2672 3705 anno
2698 3639 2752 3705 in
2780 3631 3166 3686 monachorum
3190 3631 3478 3705 gratiam-ia
3500 3631 3550 3680 S.
3575 3631 3770 3692 Grego-

2131 3705 2212 3752 rio
2243 3707 2514 3766 gestae.7-_-—
2543 3702 2589 3766 8.
2614 3701 2866 3766 Mulieres
2899 3714 2929 3747 a
2957 3700 3399 3766 monasteriorum
3423 3700 3771 3766 ingressus}:-

2133 3758 2324 3827 cet.7"—
2351 3765 2398 3814 9.
2431 3764 2738 3813 Monialium
2763 3763 3028 3811 honestati
3046 3766 3098 3827 et
3113 3758 3480 3827 tranquillitati
3504 3758 3774 3827 prospicit.

2131 3854 2190 3865 —
2228 3826 2302 3875 10.
2338 3829 2407 3876 De
2439 3827 2828 3876 abbatissarum
2861 3827 3013 3872 {etate
3049 3817 3300 3871 decernit.
3331 3847 3388 3856 -—
3420 3817 3774 3879 “(Ejusdem

2133 3875 2404 3939 decretum
2449 3891 2513 3937 de
2581 3887 2781 3936 clericis
2831 3885 3112 3935 abbatibus
3156 3883 3464 3945 explicatur.
3506 3875 3625 3940 (Αἰ).
3685 3875 3778 3925 593

2135 3958 2186 4002 et
2212 3952 2352 4012 594.)

2145 4045 2193 4098 1.
2229 4043 2441 4097 Eodem
2478 4041 2593 4096 fere
2631 4047 2888 4109 tempore
2931 4038 2984 4091 S.
3033 4033 3344 4107 Gregorius
3401 4032 3469 4088 ad
3520 4029 3776 4086 Theode-

2072 4133 2316 4199 lindam,
2353 4130 2860 4202 Langobardorum
2912 4127 3191 4197 reginam,
3244 4124 3496 4180 scribere
3544 4122 3774 4177 coactus

2073 4227 2182 4285 est,
2219 4226 2281 4277 ut
2309 4221 2438 4291 ejus
2467 4219 2730 4275 animum
2773 4215 3130 4279 Constantio,
3178 4211 3589 4269 Mediolanensi
3641 4207 3772 4278 epi-

2073 4328 2270 4383 scopo,
2301 4310 2616 4376 infensum,
2649 4308 2720 4362 ad
2753 4322 2953 4379 pacem
2986 4309 3042 4360 et
3081 4302 3450 4359 concordiam
3481 4303 3776 4356 revocaret

2075 4403 2215 4474 (Lib.
2251 4419 2338 4467 IlI,
2368 4417 2484 4472 epp.
2533 4400 2625 4465 29,
2675 4398 2764 4463 30,
2815 4398 2928 4467 31).
2981 4393 3313 4463 Laurentio,
3363 4388 3776 4449 Mediolanensi

1997 4472 2040 4534 Ῑ)
2071 4472 2365 4563 episcopo,
2397 4507 2427 4544 e
2449 4489 2588 4544 vivis
2615 4486 2846 4542 sublato
2867 4501 3021 4542 anno
3042 4483 3346 4556 superiori,
3382 4480 3780 4548 Constantius,

2074 4583 2336 4652 ejusdem
2367 4577 2632 4634 Ecclesiae
2656 4576 2957 4643 diaconus,
2980 4575 3248 4629 unanimi
3266 4572 3460 4644 _totius
3480 4569 3618 4627 cleri
3641 4585 3783 4625 con-

2081 4686 2249 4728 sensu
2297 4683 2599 4724 successor
2621 4668 2789 4721 datus
2813 4665 3017 4729 fuerat,
3052 4663 3328 4734 Gregorio
3359 4660 3582 4716 dudum
3607 4658 3783 4730 probe

2079 4760 2368 4831 cognitus,
2403 4757 2493 4812 cui
2525 4757 2692 4811 etiam
2727 4755 2867 4808 dum
2899 4749 3403 4822 Constantinopoli
3434 4754 3780 4812 moraretur,

2079 4851 2249 4920 longo
2281 4853 2536 4918 tempore
2567 4844 2906 4899 adhaaserat.
2933 4844 2997 4898 Et
3025 4841 3294 4913 quamvis
3318 4842 3376 4893 in
3406 4840 3520 4909 ejus
3538 4838 3779 4891 moribus

2075 4938 2220 4996 nihil
2249 4937 2389 5010 quod
2418 4933 2741 5007 reprehendi
2756 4933 3040 5004 potuisset,
3065 4932 3359 4986 invenisset
3382 4945 3394 4994 ;
3421 4927 3558 4998 quia
3581 4930 3774 4979 tamen

2076 5031 2134 5084 in
2165 5029 2423 5084 animum
2469 5041 2643 5083 suum
2678 5025 2901 5095 pridem
2950 5023 3280 5087 induxerat,
3310 5018 3381 5073 ad
3427 5013 3776 5085 suscipienda

2072 5118 2371 5190 pastoralis
2399 5131 2549 5173 curae
2569 5131 2757 5180 onera,
2774 5129 2875 5184 pro
2895 5112 3106 5166 nullius
3129 5124 3374 5178 unquam
3400 5104 3623 5160 misceri
3658 5119 3778 5190 per-

2074 5221 2228 5272 sona,
2263 5205 2332 5258 ab
2361 5203 2491 5272 ejus
2541 5200 2822 5255 electione
2872 5195 3262 5267 promovenda
3314 5190 3544 5261 penitus
3592 5189 3776 5245 absti-

2074 5298 2311 5352 nuerat:
2360 5294 2544 5362 ipsam
2576 5288 2714 5344 solis
2752 5287 2902 5355 apud
2949 5285 3133 5339 Deum
3189 5280 3456 5354 precibus
3507 5281 3778 5353 prosequi

2144 5505 2214 5574 (ε)
2240 5494 2951 5574 Consule_Tillemontiu_m
2973 5492 3042 5574 in
3073 5489 3618 5574 Constantiohartli,
3645 5505 3776 5574 pag,

2071 5563 2685 5630 “SITranslationem
2707 5568 2853 5624 hanc
2876 5567 3088 5624 factam
3110 5565 3391 5638 vigesimo
3412 5563 3780 5620 Constantini

2073 5645 2264 5718 Magni
2299 5658 2472 5714 anno,
2507 5642 2646 5698 dicit
2676 5639 3081 5711 Hieronymus.
