4106 6174
357 240 474 297 339

798 235 860 294 S.
909 231 1269 294 GREGORII
1318 229 1567 291 MAGNI
1615 231 1819 300 Vl'l‘A,
1869 233 1969 290 EX
2020 231 2196 292 EJUS
2247 227 2595 289 St’IRlPTlS
2647 222 3099 284 ADORNATA.
3151 219 3301 277 LIB.
3357 218 3425 277 ll.

3724 216 3826 274 340

357 374 699 436 contentus;
733 369 964 426 assidue
997 384 1172 424 orans
1205 371 1268 422 ut
1318 383 1587 422 summus
1637 371 1835 436 pastor
1884 367 2059 422 talem
2094 370 2143 434 Α
2177 365 2430 420 schisma
2460 361 2763 418 occasione
2793 353 3292 414 condemnationis
3321 351 3543 406 illorum
3575 348 3829 420 capitulo-

360 460 896 518 Mediolanensibus
927 463 1212 531 pastorem
1250 457 1551 528 praeberet,
1593 456 1652 510 in
1677 461 1836 527 cujus
1869 456 2068 524 lingua

357 557 408 608 et
437 551 680 607 moribus
711 550 1116 605 exhortationis
1154 547 1356 601 divinae
1394 561 1596 616 pascua
1644 547 1888 601 valerent
1916 550 2067 601 inre-

359 646 517 698 nire:
549 642 607 696 in
636 641 792 711 cujus
820 645 1003 695 mente
1029 645 1081 692 et
1107 637 1392 692 humilitas
1423 652 1545 690 cum
1579 636 1911 691 rectitudine
1955 637 2070 706 ful-

362 739 533 800 geret,
567 735 620 785 et
665 732 926 785 severitas
955 743 1076 782 cum
1108 728 1307 797 pietate
1336 741 1348 777 :
1383 727 1478 795 qui
1508 727 1585 779 eis
1615 726 1761 780 viam
1804 728 1934 782 vitae
1963 741 2071 780 non

361 821 543 876 solum
575 817 862 889 loquendo,
894 814 984 871 sed
1030 817 1202 870 etiam
1251 814 1478 870 vivendo
1525 820 1700 885 posset
1748 814 2070 880 ostendere;

365 912 644 978 quatenus
673 905 919 976 exemplo
969 903 1130 958 illius
1179 902 1448 958 discerent
1497 902 1564 956 ad
1611 906 1830 959 aeterna
1875 904 2073 973 patriar

364 997 695 1052 desiderium
725 995 1034 1065 suspirare.
1074 991 1274 1060 Itaque
1323 990 1556 1059 quando
1603 990 2074 1059 sapientissimus

367 1085 646 1156 pontiﬁex
678 1083 908 1153 aliquas
938 1081 1343 1150 episcoporum
1377 1077 1688 1134 electiones
1732 1078 1841 1134 sibi
1876 1078 2072 1133 vendi-

367 1175 535 1244 cavit,
562 1173 797 1230 nonnisi
821 1170 1186 1243 gravissimis
1207 1169 1532 1225 rationibus
1552 1171 1805 1236 coactus,
1842 1185 1873 1223 a
1896 1168 2072 1238 priori

367 1266 664 1337 proposito
697 1263 960 1319 recessit.
990 1261 1280 1316 Nimirum
1313 1259 1459 1315 satis
1503 1260 1778 1326 habebat,
1831 1265 1892 1312 ut
1925 1260 2076 1314 anti-

370 1373 543 1428 quam
575 1358 832 1411 servaret
863 1351 1368 1415 consuetudinem,
1403 1349 1658 1420 aliquem
1694 1349 1918 1404 mittere
1969 1349 2074 1403 Ec—

371 1447 559 1501 clesiae
610 1447 882 1499 Romanae
930 1442 1163 1496 militem
1213 1440 1343 1508 (hoc
1379 1440 1614 1494 nomine
1663 1438 1919 1503 clericos,
1980 1439 2075 1492 Ec-

373 1537 568 1592 clesim
601 1534 918 1589 militentes
939 1537 993 1586 et
1015 1530 1332 1586 servientes
1356 1529 1666 1598 signiﬁcat)
1692 1529 1784 1599 qui
1813 1527 2077 1582 clecticni

369 1625 697 1687 interesset,
716 1631 766 1677 et
784 1623 856 1677 ab
875 1620 1164 1690 episcopis
1189 1617 1663 1689 provincialibus,
1683 1633 1815 1671 cum
1837 1633 2077 1672 assensu

2179 471 2308 511 rum
2339 457 2623 518 exortum,
2659 467 2770 505 non
2803 449 2860 503 in
2894 465 2959 503 eo
2994 445 3248 519 positum
3290 447 3427 506 erat,
3462 441 3603 512 quod
3634 439 3699 494 ab
3729 436 3830 491 illis

2179 543 2638 603 condemnandis
2669 540 3077 606 abstineretur,
3112 534 3212 592 sed
3245 534 3391 604 quod
3423 549 3454 586 a
3482 530 3838 586 condemnan-

2181 638 2327 691 tinm
2380 631 2788 689 communione
2838 628 3084 684 secessio
3137 625 3314 680 ﬁeret.
3366 618 3660 692 Gregorius
3703 616 3838 672 enim

2183 741 2286 798 pro
2306 724 2458 781 veris
2483 721 2747 778 Ecclesiae
2773 718 2907 773 ﬁliis
2931 731 3161 787 semper
3177 711 3468 781 habuit(a)
3487 707 3841 798 ecstquicum

2181 794 2294 870 tria
2325 813 2425 868 illa
2473 809 2722 882 capitula
2772 807 3006 878 rejicere
3058 801 3452 862 formidarent,
3504 797 3559 852 in
3608 794 3844 850 Ecclesia

2159 905 2371 958 ‘tamen
2407 902 2627 956 unitate
2659 897 3119 969 permanserunt,
3155 897 3211 946 et
3240 905 3368 944 cum
3397 886 3535 956 ipsis
3561 882 3843 953 benignius

2182 995 2301 1062 egit
2331 1005 2582 1060 semper,
2614 1003 2761 1058 quos
2793 985 2963 1050 inter,
2999 985 3205 1054 praater
3257 972 3715 1036 Theodelindam,
3747 976 3850 1062 erat

2182 1059 2547 1137 Secundinus
2604 1075 2824 1132 eximiae
2879 1069 3198 1128 sanctitatis
3271 1064 3607 1130 monachus,
3666 1059 3849 1129 reginae

2183 1169 2653 1243 acceptissimus.

2259 1264 2552 1318 Redeunte
2583 1259 2652 1314 ad
2686 1255 3011 1313 Constantii
3037 1249 3502 1308 communionem
3529 1245 3858 1316 regina,trcs

2187 1353 2255 1407 de
2287 1351 2498 1422 quibus
2525 1348 2645 1419 jam
2681 1346 2857 1402 locuti
2888 1358 3087 1399 sumus
3120 1338 3399 1410 episc0pi,
3433 1339 3495 1390 ut
3541 1349 3667 1389 vero
3697 1330 3861 1387 simile

2188 1420 2667 1511 esu—quieverunt
2691 1457 2703 1504 ;
2731 1451 2834 1490 nec
2858 1434 3013 1488 ultra
3034 1446 3166 1487 eum
3191 1446 3224 1484 a
3247 1424 3640 1482 Brixiensibus
3663 1420 3860 1476 civibus

2188 1536 2449 1587 vexatum
2485 1527 2662 1582 fuisse
2695 1531 2758 1580 ut
2787 1525 3221 1580 sacramentum
3257 1518 3327 1572 de
3359 1515 3543 1570 tribus
3569 1510 3865 1584 capitulisa

2190 1638 2248 1677 se
2279 1633 2579 1689 nunquam
2614 1614 2906 1670 damnatis
2943 1613 3262 1682 praestaret,
3297 1607 3430 1661 inde
3462 1606 3648 1675 potest
3675 1599 3865 1670 colligi,

373 1719 565 1767 tamen
599 1712 814 1767 summi
847 1689 1156 1779 pontiﬁcis,
1183 1707 1505 1762 consecrari
1548 1711 1898 1778 procuraret.
1933 1705 2079 1760 Con-
2113 1737 2159 1802 Β
2194 1711 2346 1783 quod
2380 1707 2646 1780 plurimis
2680 1705 2736 1759 in
2765 1701 3024 1775 epistolis
3051 1701 3118 1756 ad
3147 1700 3339 1770 ipsum
3368 1693 3636 1763 deinceps
3667 1689 3871 1759 scriptis

373 1799 626 1855 stantius
659 1798 716 1853 in
750 1799 874 1868 ipso
908 1796 1277 1866 episcopatus
1307 1794 1542 1849 exordio
1574 1810 1736 1848 suam
1781 1793 1912 1849 fidei
1946 1809 2080 1848 con-

378 1890 721 1951 fessionem,
756 1893 819 1941 ut
853 1885 1030 1941 moris
1061 1890 1205 1954 erat,
1240 1901 1397 1956 papae
1429 1883 1676 1951 obtulit;
1716 1884 1773 1937 in
1806 1899 1920 1953 qua
1951 1899 2085 1937 con-

376 1982 655 2036 demnata
688 1978 872 2032 fuisse
905 1977 1015 2030 tria
1046 1975 1317 2046 capitula,
1353 1973 1668 2044 lassamque
1702 1989 1767 2028 ac
1790 1972 2083 2044 pulsatam

377 2069 612 2127 concilii
661 2067 1146 2124 Chalcedonensis
1210 2064 1614 2120 auctoritatem
1665 2069 1781 2120 tres
1830 2063 2087 2135 episcopi

378 2159 793 2233 pervulgarunt
818 2175 830 2224 ;
868 2173 1113 2228 quorum
1150 2155 1320 2210 malis
1344 2154 1564 2210 artibus
1585 2154 1816 2225 decepta
1837 2153 2090 2208 Theode-

381 2251 562 2316 linda,
595 2246 1114 2319 Langobardorum
1166 2243 1385 2315 regina,
1437 2242 1843 2298 Constantium
1893 2241 2087 2295 statim

383 2343 642 2396 aversata
663 2342 754 2394 est
775 2344 834 2391 ut
857 2336 1129 2406 legitimae
1152 2334 1286 2390 ﬁdei
1327 2334 1703 2389 desertorem.
1739 2332 2091 2388 Brixiensem

383 2432 722 2501 episcopum
749 2443 934 2482 unum
958 2442 1024 2480 ex
1048 2425 1235 2480 tribus
1257 2424 1327 2478 iis
1346 2422 2094 2494 schismaticispraasulibus

390 2520 592 2588 fuisse,
626 2534 744 2573 non
775 2517 1016 2572 obscure
1046 2514 1263 2570 indicat
1294 2511 1541 2583 epistola
1564 2513 1634 2567 39
1655 2512 1914 2582 ejusdem
1939 2510 2095 2578 libri,

387 2626 454 2665 ex
486 2625 602 2680 qua
635 2607 923 2662 habemus
969 2605 1163 2676 ipsum
1212 2607 1269 2658 et
1315 2602 1516 2657 Brixiae
1566 2601 1718 2657 cives
1769 2602 2099 2671 importune

390 2696 721 2768 postulasse
752 2702 813 2749 ut
857 2693 1228 2748 Constantius
1264 2690 1643 2761 jurejurando
1691 2689 2010 2744 afﬁrmaret
2039 2701 2101 2742 se

390 2788 504 2842 tria
536 2803 648 2841 non
682 2785 992 2840 damnasse
1025 2780 1298 2852 capitula.
1331 2779 1485 2849 (Vide
1513 2780 1606 2834 lib.
1643 2796 1719 2845 1v,
1751 2793 1869 2848 epp.
1901 2778 2006 2832 2st
2027 2777 2101 2845 4.)

463 2880 517 2930 2.
554 2875 682 2929 Haec
716 2873 962 2928 audiens
993 2870 1329 2941 Gregorius,
1363 2873 1424 2923 ut
1456 2885 1624 2939 opem
1648 2869 1882 2938 utrique
1911 2868 2102 2929 ferret,

399 2963 629 3019 scilicet
656 2961 1094 3031 archiepiscopo
1128 2958 1484 3014 calumniam
1509 2973 1698 3027 passo,
1723 2960 1779 3011 et
1799 2955 2009 3025 reginis
2032 2955 2103 3008 ob

401 3055 658 3125 spretam
703 3051 832 3119 ejus
873 3049 1349 3103 communionem
1391 3047 1459 3102 de
1505 3045 1690 3100 salute
1731 3044 2106 3114 periclitanti,

2194 1819 2256 1857 ea
2293 1800 2361 1855 de
2394 1815 2454 1853 rc
2485 1797 2656 1868 plane
2688 1794 2856 1848 sileat
2888 1795 3128 1846 sanctus
3163 1787 3436 1859 pontifex.

2267 1892 2318 1944 [ι.
2355 1867 2719 1944 Noniminori
2754 1882 2949 1936 labore
2983 1895 3043 1934 ac
3077 1875 3263 1932 studio
3295 1875 3356 1928 in
3389 1871 3662 1927 vocandis
3691 1869 3753 1922 ad
3787 1867 3870 1921 Ec-

2198 1978 2434 2035 clesium
2471 1973 2824 2037 inﬁdelibus,
2865 1985 3036 2040 quam
3071 1968 3127 2022 in
3154 1962 3493 2020 revocandis
3517 1956 3873 2014 schismaticis

2199 2069 2352 2124 246
2384 2063 2727 2120 desudabat.
2756 2059 3037 2115 Sardiniae
3063 2060 3284 2128 partem
3309 2051 3641 2107 incolebant
3664 2045 3875 2118 quidam

2201 2153 2421 2227 populi,
2457 2148 2807 2205 Barbaricini
2841 2145 2998 2214 dicti,
3033 2144 3132 2216 qui
3165 2143 3232 2197 ad
3263 2142 3388 2195 haec
3434 2139 3880 2227 usquertempora

2201 2221 2421 2300 cultum
2457 2239 2742 2296 idolorum
2777 2235 3151 2291 retinuerant.
3186 2232 3292 2286 Eos
3323 2249 3355 2285 a
3379 2225 3677 2282 Wandalis
3707 2221 3881 2293 pulsos

2203 2351 2268 2389 ex
2300 2333 2509 2397 Africa,
2545 2330 2603 2383 in
2637 2327 2966 2382 Sardiniam
3001 2325 3308 2393 migrasse,
3341 2317 3674 2386 conjectura
3715 2310 3884 2382 potius

2205 2439 2381 2494 quam
2417 2419 2587 2476 certis
2620 2417 2912 2473 rationum
2946 2409 3258 2468 momentis
3308 2408 3578 2462 habetur.
3623 2401 3884 2456 Barbaro—

2206 2490 2330 2568 rum
2367 2510 2596 2565 illorum
2631 2522 2819 2563 mores
2854 2500 3127 2574 exprimit
3172 2498 3262 2552 his
3311 2495 3507 2551 verbis
3555 2490 3840 2563 Gregorius
3872 2504 3880 2540 :

2212 2605 2275 2660 Ut
2306 2605 2584 2656 insensata
2614 2595 2884 2651 animalia
2932 2591 3142 2659 vivunt,
3193 2588 3363 2642 Deum
3415 2599 3601 2641 verum
3647 2579 3887 2638 nesciunt,

2210 2693 2371 2764 tigna
2401 2693 2582 2744 autem
2615 2695 2663 2742 et
2696 2682 2904 2755 lapides
2928 2682 3173 2736 adorant
3200 2677 3337 2764 (Lib.
3379 2690 3458 2745 IV,
3483 2690 3599 2745 epp.
3632 2669 3697 2724 23
3717 2675 3764 2764 et
3790 2667 3887 2736 2i).

2212 2757 2467 2834 Arduum
2501 2775 2678 2847 igitur
2710 2777 2832 2827 erat
2862 2785 2956 2826 eos
2988 2769 3056 2823 ad
3090 2781 3282 2822 veram
3317 2763 3493 2819 ﬁdem
3554 2757 3891 2831 protrahere;

2213 2869 2366 2940 quod
2404 2845 2592 2922 tamen
2626 2876 2937 2934 aggressus
2968 2861 3056 2913 est
3105 2852 3525 2912 sanctissimus
3557 2865 3717 2922 papa,
3747 2845 3894 2912 cujus

2215 2933 2479 3014 charitati
2511 2933 2810 3009 nihilerat
2842 2949 3116 3015 difﬁcile;
3152 2954 3325 3017 atque
3359 2943 3435 2999 ad
3458 2943 3564 2997 hoc
3590 2955 3726 3011 opus
3747 2933 3895 3004 elegit

2223 3050 2464 3104 Felicem
2500 3046 2814 3116 quemdam
2845 3040 3208 3112 episcopum,
3240 3039 3298 3091 et
3341 3034 3648 3106 Cyriacum
3696 3038 3895 3116 servum

406 3111 656 3197 misitad
682 3111 1134 3194 Theodelindam
1161 3135 1530 3208 Hippolytum
1556 3111 1843 3189 notarium
1867 3111 2108 3188 etJoan-
2140 3112 2190 3177 Ct
2224 3137 2340 3203 Dei,
2377 3111 2646 3190 abba-tem
2675 3136 2732 3186 S.
2789 3111 3046 3184 Andreas.
3097 3125 3178 3180 Ab
3228 3123 3445 3178 iisdem
3494 3123 3685 3192 postea
3723 3111 3898 3208 didicit

407 3247 539 3287 nem
572 3229 866 3288 abbatem,
900 3227 1000 3298 qui
1030 3242 1156 3281 eam
1206 3228 1540 3280 revocarent
1588 3225 1658 3279 ab
1691 3239 1917 3291 errore;
1954 3223 2109 3293 quod

406 3329 462 3377 et
495 3319 702 3375 litteris
734 3319 858 3372 suis
891 3324 1164 3387 praestare
1195 3322 1436 3370 conatus
1468 3322 1550 3369 est
1603 3316 1737 3385 (Lib.
1792 3330 1867 3381 ιν,
1897 3329 1978 3383 ep.
2032 3313 2108 3382 4).

407 3410 636 3466 Priores
667 3408 899 3478 quidem
935 3406 1118 3478 ipsius
1151 3405 1372 3460 litteras
1409 3405 1615 3474 reginae
1647 3403 1972 3458 offerendas
1997 3418 2110 3457 non

409 3498 636 3554 censuit
666 3496 1064 3561 Constantius,
1097 3494 1248 3565 quod
1281 3493 1339 3547 in
1373 3495 1454 3547 cis
1481 3509 1668 3548 rerum
1696 3498 1956 3563 tempore
1977 3491 2112 3546 Jus-

411 3588 643 3643 stiniani
677 3584 928 3656 Augusti
960 3591 1283 3655 gestarum,
1317 3593 1363 3636 ct
1403 3583 1614 3653 quinta:
1649 3582 1850 3652 synodi
1876 3580 2112 3635 mentio-

410 3696 542 3734 nem
576 3677 892 3747 injecisset,
937 3690 1052 3745 qua
1099 3674 1310 3728 oil‘cndi
1366 3674 1647 3744 potuisset
1681 3673 1807 3742 ejus
1861 3672 2110 3724 animus.

411 3767 635 3823 Alteras
669 3781 800 3820 vero
862 3764 1023 3818 misit
1057 3763 1114 3817 in
1176 3762 1387 3833 quibus
1445 3762 1786 3816 Constantio
1845 3759 2110 3814 suadenti

411 3874 634 3912 morem
668 3872 894 3926 gerens,
927 3854 1127 3919 deilla
1162 3855 1379 3925 synodo
1412 3851 1590 3919 siluit,
1615 3859 1667 3906 et
1691 3857 1938 3923 quatuor
1964 3851 2115 3921 prio-

411 3965 501 4003 res
534 3953 758 4002 tantum
792 3944 1068 4014 laudavit,
1102 3944 1507 4015 imprimisque
1556 3943 2110 4006 Chalcedonensem,

410 4038 580 4108 cujus
606 4034 934 4092 auctoritati
957 4034 1281 4089 detractum
1310 4035 1374 4088 iri
1402 4051 1498 4105 per
1522 4035 1696 4087 trium
1722 4032 2114 4102 capitulorum

411 4127 846 4181 damnationem
872 4123 1227 4178 schismatici
1251 4123 1665 4178 causabantur.
1694 4125 1902 4176 Amoto
1921 4120 2117 4188 itaque

411 4219 518 4274 hoc
549 4216 844 4287 scrupulo,
878 4215 1285 4270 sanctissimus
1332 4213 1587 4285 pontifex
1635 4213 1895 4266 hortatur
1927 4209 2118 4279 piissi-

415 4323 566 4360 mam
601 4305 882 4375 reginam,
919 4309 985 4360 ut
1016 4304 1636 4375 imperitisstultisque
1661 4301 1992 4356 hominibus
2021 4297 2116 4352 mi-

417 4394 574 4448 nime
605 4393 822 4458 credat,
855 4397 1167 4464 caveatque
1197 4394 1267 4447 ab
1301 4392 1592 4447 catholicae
1638 4390 1906 4446 Ecclesiae
1955 4405 2118 4443 com-

2218 3243 2335 3284 non
2367 3225 2521 3280 solos
2553 3220 2966 3286 Barbaricinos,
3015 3216 3110 3271 sed
3169 3213 3424 3268 rusticos
3475 3212 3588 3266 fere
3635 3219 3819 3263 omnes
3847 3200 3897 3254 in

2217 3316 2487 3374 Sardinia
2518 3311 2855 3368 idololatriae
2887 3307 3112 3363 deditos
3148 3303 3313 3376 (Ibid.
3365 3318 3452 3373 ep.
3502 3300 3614 3371 25).
3666 3297 3900 3363 Quapro-

2217 3417 2341 3479 pter
2371 3404 2602 3476 scripsit
2629 3399 2933 3456 confestim
2984 3399 3055 3451 ad
3114 3393 3338 3451 nobiles
3397 3395 3458 3448 at
3490 3391 3558 3445 ad
3607 3394 3822 3442 ceteros
3851 3381 3897 3434 in

2215 3475 2882 3564 Sardiniaipossessores,
2944 3492 3006 3542 ut
3063 3484 3298 3540 rusticis
3332 3500 3366 3537 a
3427 3481 3583 3537 cultu
3642 3475 3900 3530 idolorum

2220 3563 2545 3643 avertendis
2595 3586 2651 3637 et
2697 3576 3060 3635 retrahendis
3108 3570 3538 3644 invigilarent;
3592 3563 3902 3637 significans

2219 3676 2364 3732 nihil
2380 3674 2487 3730 sibi
2513 3671 2734 3745 gratius
2756 3665 3190 3738 autjucundius
3209 3663 3278 3718 ab
3295 3662 3446 3733 ipsis
3468 3674 3635 3732 posse
3655 3648 3898 3745 nuntiari.

2221 3783 2393 3838 quam
2420 3737 2557 3835 qudt
2581 3762 2824 3832 quisque
2846 3737 3184 3812 idololatras
3210 3752 3280 3807 ad
3308 3751 3609 3806 Christum
3636 3737 3900 3838 perduxis-

2222 3830 2328 3911 set.
2363 3830 2672 3909 Strenuam
2704 3849 2773 3904 ad
2807 3847 2914 3901 hoc
2947 3859 3183 3914 cperam
3224 3840 3464 3895 navavit
3504 3834 3756 3892 Zabarda
3783 3830 3904 3884 Sar—

2223 3947 2391 4001 dinia:
2424 3946 2556 4010 dux,
2590 3942 2656 3995 de
2699 3953 2812 4008 quo
2861 3934 3018 3990 Felix
3046 3938 3101 3988 et
3150 3932 3426 4004 Syriacus
3475 3929 3546 3983 ad
3597 3920 3904 3995 Gregorium

2224 4036 2596 4106 scripserant,
2631 4046 2762 4085 eum
2803 4043 2936 4084 cum
2987 4021 3377 4079 Barbaricinis
3414 4036 3481 4075 eo
3536 4019 3699 4090 pacto
3745 4011 3907 4066 facere

2225 4139 2420 4196 pacem
2456 4122 2776 4191 disponere,
2807 4121 2869 4171 ut
2895 4114 3109 4172 Christi
3141 4112 3312 4166 ﬁdem
3345 4114 3402 4164 et
3442 4108 3771 4165 servitutem
3798 4112 3911 4196 emi

2227 4183 2617 4286 plecterentur
2649 4209 2837 4280 (Ibid,
2869 4224 2953 4278 ep.
2987 4206 3097 4274 24).
3129 4203 3206 4258 Ea
3237 4202 3306 4256 de
3329 4217 3513 4257 causa
3538 4194 3782 4269 piissimo
3798 4183 3911 4245 duci

2226 4303 2440 4376 gratias
2474 4301 2587 4371 egit
2619 4299 2871 4370 pontifex
2905 4293 3336 4357 sanctissimus,
3385 4295 3442 4346 et
3474 4287 3913 4376 pradicatcrese

2229 4411 2290 4449 se
2323 4392 2532 4447 missos
2562 4385 3012 4444 commendavit.
3046 4388 3207 4437 Tunc
3241 4381 3626 4450 Hospitonem
3677 4367 3911 4428 Barbari-

420 4483 700 4538 municne
748 4483 1043 4553 separari;
1091 4499 1163 4538 ne
1213 4487 1291 4537 tot
1340 4483 1464 4552 ejus
1514 4482 1799 4552 lacrymaa,
1846 4485 2121 4549 tantaque
2153 4481 2196 4543 D
2231 4485 2492 4538 cinorum
2526 4481 2723 4534 ducem
2765 4478 2887 4548 jam
2938 4473 3330 4529 Christianum
3381 4469 3627 4534 factum,
3675 4467 3818 4535 patet
3860 4471 3917 4511 ex

421 4573 573 4627 bona
604 4587 778 4642 opera
808 4573 1082 4642 perirent,
1111 4572 1161 4625 si
1189 4588 1221 4625 a
1251 4587 1384 4625 vera
1417 4572 1527 4625 ﬁde
1557 4571 1745 4625 aliena
1785 4570 2121 4624 inveniren—

420 4668 535 4717 tur.
567 4662 718 4715 Decet
747 4675 900 4730 ergo,
933 4660 1144 4730 inquit,
1181 4659 1425 4714 Gloriam
1471 4669 1723 4725 vestram,
1755 4658 1824 4714 ad
1871 4674 2120 4714 reveren-

419 4751 712 4806 dissimum
740 4751 965 4818 fratrem
995 4756 1050 4804 et
1095 4752 1464 4820 coepiswpum
1493 4766 1676 4804 meum
1722 4749 2122 4815 Constantium,

420 4843 577 4914 cujus
608 4848 660 4898 et
687 4840 836 4910 ﬁdes,
869 4849 918 4895 et
948 4839 1060 4896 vita
1094 4840 1228 4894 bene
1258 4839 1386 4893 olim
1419 4839 1560 4894 mihi
1588 4844 1892 4911 approbata
1913 4838 2124 4903 est,sub

421 4935 573 4990 omni
601 4933 878 4989 celeritate
927 4933 1322 4998 transmittere,
1355 4933 1510 5001 eique
1539 4930 1754 4987 directis
1785 4929 1975 4985 vestris
2014 4930 2127 4999 epi-

422 5027 572 5080 stolis
601 5023 852 5079 indicare
888 5021 1299 5078 ordinationem
1348 5021 1464 5088 eius
1495 5036 1655 5090 quam
1690 5021 1917 5089 benigne
1946 5034 2128 5074 susce-

425 5115 601 5182 pistis,
635 5119 686 5168 et
715 5116 845 5183 quia
873 5114 943 5168 ad
985 5114 1100 5180 eius
1150 5111 1406 5167 Ecclesije
1450 5111 1832 5165 communione
1862 5109 1923 5162 in
1970 5091 2127 5162 nullo

426 5203 787 5268 separamini.

500 5289 554 5342 3.
586 5289 771 5343 Rediit
820 5290 890 5344 ad
942 5291 1219 5346 unitatem
1273 5290 1538 5348 Ecclesia
1591 5287 2042 5361 prudentissima
2072 5291 2130 5342 et

431 5375 928 5432 Christianissima
952 5379 1168 5449 regina,
1190 5383 1454 5452 quamvis
1470 5380 1542 5436 ad
1559 5377 2003 5435 condemnanda
2022 5377 2131 5432 tria

433 5464 687 5533 capitula
715 5465 958 5521 minime
989 5467 1198 5524 adduci
1231 5472 1513 5540 potuerit;
1547 5475 1648 5526 aut
1679 5474 1831 5525 certe
1862 5468 1919 5522 id
1952 5468 1999 5522 si
2023 5466 2128 5521 ali-

433 5553 669 5624 quando
700 5553 1072 5624 impetratum
1105 5561 1193 5611 est
1223 5559 1294 5612 ab
1335 5576 1422 5628 ea,
1471 5560 1698 5614 tradius
1749 5556 2010 5628 contigit.
2062 5556 2132 5610 At

506 5714 581 5790 (a)
611 5713 749 5773 Vide
779 5730 958 5787 supra
988 5728 1112 5785 cap.
1143 5715 1199 5782 5,
1232 5732 1393 5771 num.
1427 5718 1514 5775 11.

2231 4571 2473 4644 epistola
2504 4570 2574 4624 ad
2607 4569 2800 4638 ipsum
2834 4564 3050 4634 scripta
3100 4561 3290 4631 (Ibid.,
3337 4574 3420 4630 ep.
3470 4557 3589 4626 23),
3640 4548 3914 4644 quaGte-

2231 4636 2425 4731 gorius
2457 4660 2526 4714 de
2557 4636 2712 4712 recta
2744 4655 2854 4709 ﬁde
2895 4655 2965 4708 ab
3018 4668 3082 4707 eo
3136 4654 3412 4720 suscepta
3461 4662 3596 4702 eum
3648 4636 3914 4697 laudavit;

2233 4730 2537 4805 admonuit
2567 4749 2760 4799 autem
2795 4758 2979 4797 veram
3031 4739 3205 4794 ﬁdem
3267 4736 3437 4791 bonis
3499 4730 3767 4803 operibus
3809 4735 3919 4778 esse

2235 4835 2747 4909 comprobandum,
2772 4833 3011 4902 insuper
3032 4831 3162 4899 ejus
3184 4826 3361 4882 officii
3388 4840 3519 4879 esse
3549 4826 3614 4877 ut
3636 4828 3919 4890 quoscum-

2236 4947 2344 5003 que
2385 4936 2577 5001 posset
2627 4943 2694 4980 ex
2744 4922 2994 4978 subditis
3045 4922 3113 4975 ad
3165 4919 3462 4973 Christum
3516 4910 3834 5003 adduceret,
3863 4916 3918 5000 ac

2237 5021 2642 5094 praedicatores
2690 5029 2891 5070 eorum
2940 5008 3308 5066 conversioni
3355 5005 3703 5062 insudantes
3751 4991 3920 5053 solatii

2236 5109 2451 5162 foveret
2485 5102 2853 5160 necessariis.

2308 5198 2452 5262 Quid
2491 5195 2573 5250 illi
2607 5203 2739 5248 tunc
2774 5189 3101 5263 profuerint
3132 5189 3271 5243 satis
3315 5201 3426 5241 non
3465 5183 3671 5252 liquet.
3724 5177 3796 5232 Ex
3826 5171 3922 5227 alia

2239 5286 2484 5360 epistola
2517 5286 2610 5339 diu
2647 5287 2847 5355 postea
2879 5279 3095 5351 scripta
3145 5277 3289 5350 (Lib.
3338 5292 3415 5341 xx,
3444 5270 3680 5360 ep.‘22)_
3720 5265 3923 5360 constat

2240 5356 2456 5433 inultos
2487 5375 2673 5429 adhuc
2705 5371 2980 5426 barbaros
3012 5369 3070 5423 in
3095 5365 3363 5423 Sardinia
3391 5356 3778 5417 idololatriam
3801 5356 3923 5406 tunc

2241 5468 2483 5524 minime
2514 5464 2818 5536 abjecisse,
2851 5453 3001 5532 quos
3031 5463 3225 5519 tamen
3259 5456 3330 5512 ad
3357 5452 3534 5508 ﬁdem
3556 5445 3926 5536 Christiana-tn

2240 5527 2701 5627 amplectendam
2754 5527 3029 5606 festinare
3076 5546 3278 5603 scribit
3323 5540 3533 5600 insulas
3591 5531 3831 5610 praesidi.
3863 5527 3928 5584 Eo
