4106 6174
286 274 403 333 341

737 278 800 339 S.
849 280 1217 341 GREGORII
1266 280 1521 341 MAGNI
1570 278 1787 352 VITA,
1834 279 1933 339 EX
1978 278 2161 341 EJUS
2208 276 2560 338 SCRIPTIS
2605 279 3059 342 ADORNA'I‘A.
3108 284 3251 345 LIB.
3300 285 3378 350 II.

3697 286 3816 349 342

284 421 424 477 dem
447 425 898 496 temporejussit
923 427 1063 497 (Lib.
1091 443 1164 495 ut,
1200 442 1282 497 ep.
1308 426 1399 497 23)
1429 428 1493 481 ut
1512 422 1716 480 Vitalis
1754 422 1812 477 in
1852 421 1993 478 Sar-
2026 422 2080 488 Α
2109 422 2164 475 et
2197 420 2536 492 presbyteri,
2570 422 2669 477 sed
2704 422 2783 477 ita
2831 422 3211 496 negligenter,
3244 428 3309 482 ut
3357 425 3533 483 etiam
3563 426 3659 484 die
3702 428 3818 485 Do-

284 510 454 567 dinia
485 513 757 570 defensor
781 516 1151 571 Barbaricina
1191 516 1483 588 mancipia
1508 516 1903 586 compararet;
1931 528 2004 567 an

288 610 459 656 utea
502 602 559 656 in
595 603 709 658 ﬁde
759 605 1080 661 erudienda
1129 613 1377 675 curaret,
1430 604 1753 674 iisdemque
1804 605 2007 673 postea

288 695 556 746 uteretur
585 694 653 747 ad
681 708 875 749 eorum
903 696 1213 768 p0pulares
1250 695 1579 750 Christiana
1617 692 2008 748 ﬁdeimbuen-

286 779 395 833 dos
423 779 451 833 ?
474 781 688 837 Eodem
713 799 854 838 sane
893 784 1136 840 consilio
1174 784 1423 856 legimus
1465 800 1673 855 pueros
1704 781 1919 852 Anglos
1939 780 2006 835 ab

287 869 459 921 annis
489 868 674 924 decem
702 877 755 924 et
785 877 1008 942 septem,
1039 874 1121 927 vel
1152 872 1332 927 decem
1363 879 1414 927 et
1453 880 1591 937 octo,
1623 872 1751 942 ejus
1783 884 1921 925 cura
1950 871 2007 922 et

290 957 703 1014 muniﬁcentia
742 964 991 1032 emptos,
1034 978 1099 1017 ac
1138 962 1196 1024 in
1233 962 1622 1029 monasteriis,
1655 968 1716 1015 ut
1748 960 1803 1013 in
1836 957 2008 1013 Chri-

290 1046 488 1101 stiana
537 1046 817 1120 religione
865 1050 1331 1118 instituerentur,
1368 1051 1591 1122 positos
1638 1049 1783 1120 (Lib.
1812 1064 1888 1115 vr,
1920 1063 2004 1119 ep.

290 1136 390 1203 7);
454 1152 702 1206 quorum
756 1148 955 1211 postea
1004 1141 1328 1197 ministerio
1360 1157 1505 1196 usus
1562 1144 1671 1207 est,
1710 1139 1779 1193 ad
1828 1138 2007 1193 totius

294 1225 623 1296 Anglorum
657 1229 843 1296 gentis
874 1232 1329 1297 conversionem,
1361 1230 1430 1285 de
1463 1246 1578 1301 qua
1609 1229 1807 1297 intrat

362 1316 581 1372 5.1deo
614 1318 923 1390 Gregorius
982 1320 1151 1376 Felici
1201 1324 1255 1376 et
1310 1319 1543 1391 Cyriaco
1592 1323 1785 1391 partes
1816 1318 2007 1389 impo-

294 1403 418 1457 suit
450 1406 845 1462 annuntiandi
880 1408 936 1463 in
987 1408 1253 1464 Sardinia
1296 1407 1585 1479 Evangelii
1642 1406 1904 1463 barbaris
1953 1410 2008 1462 et

298 1494 557 1564 rusticis,
590 1497 729 1568 quia
785 1498 990 1554 insulas
1049 1499 1226 1571 hujus
1282 1498 1539 1571 episcopi
1573 1513 1777 1571 parum
1811 1497 1879 1553 de
1910 1512 2008 1553 eo-

298 1600 434 1638 rum
468 1584 651 1641 salute
699 1587 934 1644 solliciti
979 1588 1344 1644 videbantur.
1398 1588 1499 1644 His
1530 1588 1722 1643 verbis
1751 1587 2010 1658 increpat

300 1672 561 1730 Januarii
593 1674 908 1732 Calaritani
940 1677 1216 1750 episcOpi,
1259 1682 1317 1733 et
1348 1678 1521 1733 totius
1554 1676 1758 1732 insulae
1793 1680 2006 1731 metro-

305 1762 537 1833 politani
595 1766 918 1822 socordiam
975 1773 1030 1824 et
1088 1767 1394 1841 segnitiem
1442 1785 1455 1825 :

306 1858 454 1913 aliud
478 1860 637 1915 valde
668 1861 967 1930 lugendum
988 1880 1006 1917 :
1052 1863 1182 1933 quia
1226 1864 1371 1933 ipsos
1400 1864 1651 1928 rusticos,
1686 1878 1813 1934 quos
1845 1861 2005 1916 habet

312 1947 539 2003 Ecclesia
578 1957 697 2021 tua,
747 1967 1065 2024 nuncusque
1111 1953 1170 2006 in
1222 1951 1543 2022 inﬁdelitate
1590 1966 1872 2007 remanere
1912 1966 2006 2006 ne-

311 2036 565 2107 gligentia
594 2040 971 2110 fraternitatis
1002 2050 1195 2098 vestrae
1222 2041 1490 2113 permisit.
1521 2041 1592 2096 Et
1618 2041 1758 2113 quid
1786 2056 1880 2095 vos
1908 2038 2010 2093 ad-

312 2141 497 2180 moneo
527 2132 583 2183 ut
612 2134 904 2185 extraneos
931 2130 1006 2185 ad
1035 2133 1206 2186 Deum
1250 2130 1557 2197 adducatis,
1589 2131 1686 2201 qui
1713 2133 1912 2185 vestros
1941 2128 2009 2183 ab

313 2216 624 2284 inﬁdelitate
664 2218 939 2289 corrigere
983 2220 1323 2294 negligitis?
1366 2219 1512 2277 Unde
1560 2235 1769 2275 necesse
1813 2223 1889 2274 est
1922 2234 2010 2274 vos

309 2321 408 2375 per
442 2310 627 2363 omnia
674 2311 730 2364 in
779 2326 968 2367 eorum
1022 2312 1427 2368 conversionem
1472 2311 1723 2381 vigilare.
1773 2313 1916 2367 Nam
1963 2312 2013 2364 si

309 2398 590 2467 cujuslibet
623 2398 860 2471 episcopi
890 2401 948 2455 in
996 2399 1257 2457 Sardinia
1300 2400 1483 2455 insula
1524 2417 1804 2472 paganum
1832 2400 2012 2454 rusti-

306 2502 430 2542 cum
477 2488 724 2546 invenire
769 2495 1016 2561 potuero,
1048 2490 1109 2546 in
1149 2489 1400 2546 eumdem
1448 2494 1757 2564 episcOpum
1789 2492 2012 2561 fortiter

299 2576 585 2634 vindicabo
614 2580 756 2649 (Lib.
792 2597 865 2646 1v,
899 2598 981 2653 ep.
1015 2581 1131 2652 26).

376 2666 426 2722 ὃ.
455 2666 797 2724 Januarium
834 2669 1236 2742 despiciebant
1263 2672 1393 2743 ejus
1425 2670 1678 2725 ministri
1701 2675 1758 2726 et
1786 2668 2006 2737 clerici,

297 2755 449 2824 quod
486 2757 678 2813 nimiae
709 2767 860 2814 esset
894 2759 1329 2831 simplicitatis;
1380 2760 1536 2815 unde
1587 2760 1883 2816 oriebatur
1913 2775 2009 2815 ec-

298 2840 627 2899 clesiastica
682 2844 1012 2915 disciplinae
1060 2846 1356 2919 neglectus
1411 2850 1466 2902 et
1524 2845 1810 2902 remissio.
1863 2846 2009 2901 Hinc

303 2929 541 2988 fortasse
573 2935 698 2988 data
724 2936 1074 3007 presbyteris
1125 2936 1354 2993 occasio
1404 2935 1810 3008 pmsumendi,
1844 2950 2007 2992 sacro

314 3022 617 3081 chrismate
649 3025 923 3096 parvulos
946 3026 1006 3083 in
1040 3027 1229 3083 fronte
1259 3026 1515 3099 signare,
1552 3027 1705 3098 quod
1752 3042 1824 3082 ne
1856 3026 2006 3083 ultra

315 3111 467 3169 tieret
497 3114 795 3186 prohibuit
841 3116 1154 3188 Gregorius
1195 3117 1334 3189 (Lib.
1386 3134 1461 3178 1v,
1512 3134 1600 3188 ep.
1633 3116 1711 3188 9).
1743 3116 1888 3180 Quia
1916 3121 2002 3170 ta-

319 3216 442 3257 men
474 3203 686 3277 accepit
718 3209 918 3274 postea
940 3208 1225 3277 quosdam
1259 3207 1331 3262 ob
1370 3206 1521 3262 hanc
1552 3205 2006 3279 prohibitionem

317 3291 473 3349 valde
500 3296 769 3363 offensos,
800 3295 958 3352 aliud
1006 3296 1396 3369 promulgavit
1444 3297 1742 3353 decretum
1787 3296 1847 3351 in
1886 3294 2006 3350 haec

316 3386 514 3443 verba:
548 3389 801 3444 Pervenit
848 3403 1060 3460 quoque
1098 3388 1170 3444 ad
1208 3404 1307 3444 nos
1349 3388 1611 3460 quosdam
1655 3386 2005 3443 scandaliza-

314 3476 390 3526 tos
414 3474 580 3545 fuisse
609 3476 753 3547 quod
799 3477 1143 3549 presbyteros
1190 3479 1486 3534 chrismate
1531 3482 1756 3549 tangere
1795 3491 1881 3533 eos
1911 3475 2010 3548 qui

319 3561 617 3632 baptizandi
664 3572 810 3634 sunt,
860 3565 1256 3637 prohibuimus.
1307 3568 1368 3622 Et
1412 3583 1508 3622 nos
1556 3565 1775 3637 quidem
1814 3580 2008 3621 secun-

316 3649 437 3707 dum
480 3670 640 3709 usum
686 3662 920 3711 veterem
970 3656 1230 3713 Ecclesia:
1283 3660 1488 3712 nostra:
1513 3655 1787 3726 fecimus;
1823 3653 1912 3710 sed
1957 3652 2008 3708 si

318 3746 522 3798 omnino
554 3745 661 3800 hac
689 3747 757 3802 de
785 3761 846 3801 re
874 3746 1058 3817 aliqui
1086 3748 1497 3813 contristantur,
1530 3746 1627 3800 ubi
1655 3743 1896 3816 episwpi
1923 3742 2006 3798 de-

320 3841 452 3900 sunt,
508 3839 564 3889 ut
607 3834 923 3906 presbyteri
971 3837 1141 3891 etiam
1199 3838 1263 3892 in
1307 3835 1582 3906 frontibus
1641 3833 2004 3904 baptizandos

322 3919 595 3979 chrismate
627 3932 858 3995 tangere
886 3923 1133 3994 debeant,
1174 3924 1515 3981 concedimus
1566 3922 1745 3995 (lbid.,
1778 3938 1861 3993 ep.
1891 3921 2004 3991 26).

327 4009 393 4065 De
420 4011 589 4084 hujus
641 4014 852 4070 decreti
901 4030 1073 4071 sensu
1123 4014 1523 4085 digladientur
1570 4012 1843 4084 theologi,
1875 4012 2006 4067 aliis

325 4102 645 4169 permissum
681 4103 1036 4176 presbyteris
1067 4106 1131 4158 ut
1161 4108 1591 4159 sacramentum
1623 4102 2007 4158 conﬁrmatio-

326 4189 403 4245 nis
448 4191 853 4250 administrent
892 4192 1398 4261 contendentibus,
1454 4192 1584 4247 aliis
1634 4191 2002 4264 negantibus.

322 4278 545 4339 Mentem
576 4288 841 4341 nostram
872 4282 1026 4339 circa
1055 4284 1433 4355 quaestionem
1467 4286 1524 4339 et
1553 4283 2005 4339 controversiam

318 4366 455 4423 hanc
484 4370 623 4425 satis
653 4369 994 4442 aperuimus
1025 4370 1085 4425 in
1118 4368 1271 4425 notis
1303 4370 1374 4425 ab
1415 4370 1680 4425 laudatas
1710 4368 2002 4440 epistolas,

314 4474 451 4530 quas
479 4459 813 4532 diligentem
839 4458 1113 4516 lectorem
1147 4458 1449 4515 consulere
1481 4476 1593 4514 non
1626 4458 1835 4530 pigeat.

1513 1766 1741 1836 Accidit,
1790 1766 2003 1837 inquit,
2039 1799 2082 1863 Β

2116 509 2327 566 minico
2348 511 2546 565 nullus
2568 511 2792 567 adesset
2824 514 3126 587 presbyter
3146 516 3243 588 qui
3268 516 3583 573 missarum
3605 518 3816 576 solem-

2115 598 2212 653 nia
2268 599 2605 655 celebraret.
2666 601 3173 660 Murmurantihus
3223 604 3330 661 hac
3358 606 3429 662 de
3476 623 3538 662 re
3564 608 3816 680 populis,

2116 685 2217 757 qui
2252 686 2400 742 istuc
2449 688 2770 744 devotionis
2819 692 3008 761 gratia
3063 692 3452 762 conﬂuebant,
3513 694 3819 768 Gregorius

2116 783 2345 830 matura
2376 776 2793 835 deliberatione
2815 780 3103 850 judicavit
3128 786 3398 840 socordes
3429 784 3560 841 illos
3582 785 3821 842 clericos

2114 862 2251 919 inde
2280 867 2652 933 amovendos,
2685 873 2743 922 et
2790 869 2848 923 in
2883 871 3232 928 monasterio
3264 873 3401 929 huic
3431 873 3691 931 ecclesias
3720 891 3821 931 co-

2118 953 2369 1009 haerente
2392 955 2809 1013 instituendam
2837 974 2967 1015 esse
2990 962 3407 1018 monachorum
3440 966 3820 1036 congregatio-

2115 1059 2260 1112 nem,
2293 1044 2385 1099 cui
2414 1045 2678 1102 abbatem
2712 1048 2965 1117 praefecit
3012 1049 3271 1106 Maurum
3306 1053 3446 1123 (Lib.
3482 1070 3559 1121 ιν,
3592 1071 3675 1127 ep.
3712 1055 3819 1127 18).

2118 1131 2379 1202 Legenda
2410 1139 2498 1189 est
2532 1150 2595 1189 ea
2626 1135 2698 1190 de
2729 1151 2787 1190 re
2834 1137 3075 1208 epistola
3114 1140 3185 1194 ad
3220 1142 3492 1196 eumdem
3543 1142 3819 1199 Maurum

2116 1237 2231 1291 qua
2256 1221 2307 1276 ei
2339 1226 2642 1293 terrarum,
2689 1226 3005 1293 redituum,
3040 1228 3398 1285 oblationum
3448 1230 3610 1288 illius
3641 1232 3824 1289 eccle-

2117 1312 2217 1367 sia:
2249 1329 2541 1369 summam
2572 1316 3135 1374 administrationem
3167 1319 3507 1377 tribuitsive
3527 1322 3599 1377 ed
3618 1338 3821 1380 mona-

2116 1401 2353 1459 chorum
2386 1404 2626 1472 victum,
2681 1406 2801 1461 sive
2849 1407 2922 1462 ad
2965 1416 3119 1465 sarta
3166 1415 3336 1466 tecta.
3387 1410 3661 1469 Observat
3711 1413 3821 1470 hoc

2117 1490 2240 1547 loco
2276 1492 2657 1550 Mabillonius
2682 1496 2750 1551 ad
2786 1495 3046 1553 ﬁdelium
3079 1498 3513 1556 aediﬁcationem
3547 1501 3822 1573 aliquan-

2116 1582 2187 1636 do
2217 1583 2560 1649 conducere,
2596 1589 2660 1639 ut
2690 1586 2962 1641 monachi
2995 1586 3052 1641 in
3096 1586 3241 1643 locis
3272 1589 3676 1661 frequentibus
3705 1593 3823 1647 ins-

2115 1668 2424 1725 tituantur.
2459 1671 2571 1741 (Cf.
2605 1672 2811 1730 Mabitl.
2849 1673 2963 1730 loco
2995 1675 3169 1742 laud,
3199 1677 3269 1731 ad
3298 1693 3390 1732 an.
3417 1678 3567 1750 594.)

2185 1761 2237 1814 8.
2280 1761 2532 1817 Aliunde
2560 1767 2753 1819 tamen
2779 1763 3028 1820 sollicite
3053 1768 3293 1823 cavebat
3330 1767 3821 1839 vigilantissimus

2117 1854 2376 1924 pater(a)
2409 1870 2477 1908 ne
2508 1869 2575 1909 ex
2634 1854 2945 1913 mulierum
2998 1858 3286 1914 consortio
3336 1858 3623 1931 regularis
3667 1866 3821 1933 apud

2118 1942 2432 1998 monachos
2448 1944 2757 2016 disciplina
2780 1945 3249 2003 labefactaretur.
3266 1947 3430 2004 Unde
3446 1949 3821 2009 Valentinum

2118 2030 2387 2086 abbatem
2436 2033 2699 2104 increpat
2745 2036 2900 2106 quod
2954 2036 3231 2093 mulieres
3281 2038 3341 2093 in
3398 2043 3822 2099 monasterium

2119 2136 2287 2175 suum
2312 2123 2929 2193 ascenderesineret,ac
2963 2126 3084 2181 fieri
3120 2127 3538 2185 monachorum
3570 2146 3825 2190 comma-

2120 2214 2271 2279 tres;
2303 2212 2480 2282 idque
2524 2229 2593 2268 ne
2625 2213 2866 2270 ulterius
2913 2215 3230 2289 contingat,
3280 2234 3412 2273 eum
3444 2222 3823 2279 severissimae

2122 2299 2364 2355 ultionis
2418 2301 2870 2360 comminatione
2928 2305 3197 2376 prohibet
3250 2309 3391 2379 (Lib.
3444 2325 3518 2378 iV,
3578 2326 3659 2382 ep.
3711 2313 3819 2381 42).

2124 2388 2326 2444 Utrum
2361 2392 2639 2448 arcendas
2677 2391 2947 2449 mulieres
2976 2395 3047 2449 ad
3079 2393 3455 2454 ecclesiarum
3488 2397 3584 2453 ubi
3621 2414 3824 2457 mona-

2121 2479 2210 2534 chi
2230 2479 2615 2537 observabant
2640 2488 2698 2537 et
2728 2499 2924 2539 sacras
2947 2484 3148 2541 laudes
3184 2486 3589 2557 persolvebant
3621 2488 3825 2547 introi-

2120 2574 2202 2636 tu,
2228 2571 2521 2625 censuerit
2561 2571 2891 2643 Gregorius,
2933 2574 3156 2644 hocque
3178 2576 3245 2629 ad
3270 2575 3642 2634 Valentinum
3677 2596 3825 2653 pra:-

2120 2664 2285 2731 cepto
2306 2660 2585 2724 sanxerit,
2610 2662 2975 2733 exploratum
3008 2679 3121 2719 non
3153 2668 3261 2719 est.
3294 2664 3444 2721 Sane
3486 2665 3542 2721 in
3576 2668 3823 2740 epistola

2118 2749 2176 2805 41
2213 2750 2346 2805 libri
2395 2752 2635 2808 secundi
2673 2752 3123 2824 frequentiorem
3182 2759 3412 2811 tantum
3470 2757 3821 2815 feminarum

2118 2857 2415 2898 accessum
2440 2845 2508 2899 ad
2537 2843 3024 2900 monasteriorum
3048 2844 3322 2902 ecclesias
3345 2848 3566 2904 videtur
3588 2849 3824 2905 interdi-

2117 2947 2264 2988 cere.
2299 2936 2573 2990 Prieterea
2613 2933 2915 2991 basilicam
2957 2936 3015 2990 S.
3064 2935 3353 2993 Pancratii
3409 2939 3679 3008 martyris
3710 2940 3822 2995 fre-

2116 3022 2429 3092 quentabat
2452 3022 2821 3093 promiscuus
2839 3040 3035 3088 sexus,
3068 3024 3126 3079 in
3149 3025 3318 3095 cujus
3348 3026 3597 3098 gratiam
3626 3027 3824 3100 singu—

2116 3110 2189 3167 lis
2225 3112 2535 3168 Dominicis
2567 3113 2785 3170 ibidem
2818 3114 3129 3170 missarum
3166 3116 3453 3172 solemnia
3478 3116 3825 3175 celebranda

2046 3170 2089 3237 c
2117 3202 2405 3269 decrevit;
2436 3202 2491 3257 in
2520 3214 2655 3274 ‘qua
2701 3207 2898 3262 tamen
2950 3205 3268 3262 monachos
3318 3207 3528 3263 maluit
3573 3206 3824 3265 militare

2116 3305 2295 3361 quam
2325 3290 2587 3347 clericos.

2188 3376 2359 3435 241
2407 3380 2462 3436 9.
2519 3381 2669 3453 Erga
2717 3381 3022 3450 moniales,
3071 3385 3144 3440 ob
3193 3402 3391 3442 sexum
3444 3385 3821 3458 fragiliorem,

2116 3468 2393 3539 majorem
2435 3469 2888 3529 sollicitudinem
2917 3479 2974 3529 et
2996 3475 3338 3531 severiorem
3366 3476 3695 3533 custodiam
3728 3479 3827 3533 ad-

2115 3557 2430 3614 hibendam
2460 3564 2641 3628 ratus,
2667 3560 2787 3618 haec
2809 3562 2881 3617 ad
2905 3561 3254 3619 Januarium
3277 3564 3693 3635 Caralitanum,
3714 3566 3821 3623 hoc

2116 3645 2232 3702 fere
2262 3646 2497 3704 ineunte
2530 3665 2679 3705 anno
2711 3650 2983 3723 scripsit:
3026 3652 3285 3709 Pervenit
3334 3654 3403 3708 ad
3432 3669 3531 3711 nos
3561 3655 3743 3710 minus
3774 3664 3822 3712 te

2113 3740 2465 3793 monasteriis
2495 3739 2830 3795 ancillarum
2870 3740 2972 3795 Dei
3012 3743 3067 3797 in
3117 3742 3380 3799 Sardinia
3409 3745 3534 3799 sitis
3561 3743 3821 3801 tuitionis

2116 3825 2464 3899 impendere:
2493 3832 2543 3883 et
2574 3845 2694 3884 cum
2726 3829 3048 3900 dispositum
3089 3848 3121 3887 a
3155 3832 3266 3887 tuis
3290 3834 3597 3904 prudenter
3621 3836 3821 3905 fuisset

2115 3917 2509 3988 decessoribus,
2540 3926 2601 3973 ut
2627 3917 2852 3989 quidam
2882 3919 2947 3974 de
2967 3921 3110 3977 clero
3138 3922 3357 3991 probati
3374 3922 3485 3977 viri
3507 3939 3697 3978 curam
3726 3939 3819 3992 ge-

2115 4011 2313 4077 rentes,
2347 4023 2537 4062 earum
2561 4023 2616 4064 se
2631 4008 3038 4065 necessitatibus
3058 4010 3412 4065 adhiberent:
3434 4028 3581 4066 nunc
3596 4014 3672 4067 ita
3692 4014 3821 4082 fun-

2113 4096 2260 4152 ditas
2279 4112 2390 4153 esse
2408 4097 2731 4168 neglectum,
2771 4102 2830 4154 ut
2871 4113 2978 4170 per
3013 4098 3257 4170 publicas
3283 4114 3542 4171 personas
3576 4116 3675 4173 pro
3705 4100 3819 4156 tri-

2116 4186 2259 4242 bulis
2289 4186 2522 4259 aliisque
2554 4188 2760 4243 muniis
2791 4190 2905 4260 ipse
2934 4206 3031 4263 per
3057 4206 3115 4246 se
3131 4190 3523 4262 principaliter
3542 4191 3645 4247 Deo
3673 4190 3821 4247 dica-

2116 4279 2189 4333 tae
2211 4279 2432 4348 feminae
2477 4279 2878 4350 compellantur
2922 4282 3024 4351 ire,
3053 4281 3541 4353 necessitatemque
3585 4281 3824 4338 habeant

2114 4382 2210 4438 pro
2231 4367 2548 4439 supplendis
2574 4368 2852 4437 ﬁscalibus
2881 4385 2980 4441 per
3008 4371 3168 4426 villas
3193 4371 3507 4443 przdiaque
3535 4370 3818 4429 discurre-

2116 4471 2193 4524 re,
2225 4466 2385 4529 atque
2416 4459 2669 4516 virilibus
2725 4462 3151 4533 incompetenter
3204 4478 3262 4518 se
3303 4463 3530 4519 miscere
3563 4464 3817 4532 negotiis.

375 4552 429 4605 7.
464 4550 534 4605 Ut
566 4567 657 4606 res
690 4551 1057 4618 monasticae,
1100 4565 1223 4621 quae
1273 4550 1548 4622 Gregorio
1579 4566 1810 4621 semper
1849 4549 2005 4606 cordi
2038 4547 2084 4613 D
2118 4546 2267 4614 Quod
2311 4548 2520 4604 malum
2566 4551 2889 4621 fraternitas
2931 4558 3027 4607 tua
3071 4551 3232 4622 faciti
3277 4554 3610 4610 correctione
3637 4569 3821 4609 remo-

311 4640 557 4709 fuerunt,
593 4655 750 4697 nunc
779 4640 1152 4711 attingamus,
1187 4641 1255 4694 ad
1289 4643 1562 4711 quartum
1606 4640 1730 4710 ejus
1760 4639 2004 4711 pontifi—

308 4736 465 4787 catus
503 4747 723 4787 annum
759 4732 1042 4802 pertinere
1090 4729 1313 4786 videtur
1344 4722 1494 4802 quod
1537 4730 1607 4786 de
1657 4731 1839 4801 ipsius
1869 4746 2003 4802 erga

307 4822 723 4878 monasterium
747 4821 1105 4877 Sublacense
1126 4819 1264 4877 olim
1287 4838 1321 4876 a
1359 4821 1416 4876 S.
1454 4819 1762 4877 Benedicto
1794 4820 2003 4875 condi-

308 4919 445 4977 tum,
477 4916 535 4968 et
583 4912 937 4968 Honoratum
982 4911 1274 4977 abbatem,
1310 4910 1711 4966 muniﬁcentia
1753 4909 1998 4980 legitur:

310 5001 576 5057 nimirum
625 5018 759 5057 eum
808 5016 941 5055 cum
993 5018 1101 5056 sua
1148 5009 1326 5056 matre
1374 4999 1548 5056 Silvia
1581 5001 1715 5055 huic
1746 4999 2000 5057 caenobio

308 5094 565 5147 Castrum
614 5089 986 5163 Apollonium
1036 5095 1092 5145 et
1143 5090 1254 5145 alia
1287 5089 1467 5145 multa
1507 5091 1656 5145 bona
1687 5090 2002 5147 contulisse

308 5181 595 5251 (Habitlon.
630 5181 830 5236 Annal.
864 5179 1061 5236 Bened.
1099 5180 1190 5235 lib.
1234 5196 1352 5248 vm,
1384 5196 1537 5235 num.
1573 5180 1660 5250 44,
1692 5197 1817 5253 pag.
1849 5180 1997 5253 231).

370 5271 565 5344 Neque
595 5269 1001 5344 praetereunda
1030 5287 1158 5342 qua:
1189 5270 1295 5326 hoc
1326 5287 1479 5326 anno
1503 5271 1763 5342 contigit,
1786 5270 1999 5327 admis-

310 5367 386 5422 sio
408 5362 826 5420 monachorum
850 5362 911 5418 in
942 5360 1243 5419 ecclesiam
1273 5362 1329 5417 S.
1363 5360 1679 5431 Pancratii,
1719 5378 1848 5433 quae
1883 5362 1998 5418 Ro-

310 5472 401 5513 me
423 5454 514 5512 via
531 5454 767 5511 Aurelia
796 5453 969 5509 etiam
992 5468 1145 5508 nunc
1171 5455 1378 5508 exstat.
1414 5452 1476 5507 In
1498 5469 1567 5509 ea
1598 5452 1761 5524 prius
1793 5453 1998 5509 minis-

311 5548 584 5605 traverant
603 5548 661 5601 et
692 5558 815 5599 rem
848 5558 1069 5600 sacram
1095 5543 1437 5599 curaverant
1465 5540 1660 5599 clerici
1689 5541 1999 5599 saculares

369 5790 440 5861 (α)
471 5786 620 5843 Vide
646 5786 750 5842 lib.
783 5802 861 5858 ιι,
893 5801 983 5859 ep.
1025 5786 1113 5854 25,
1145 5786 1283 5843 olim
1312 5787 1384 5842 20
1411 5785 1543 5843 libri
1574 5803 1650 5843 ut.

2121 4644 2260 4707 veat,
2291 4640 2349 4692 ut
2377 4655 2548 4694 unum
2578 4641 2866 4711 probatum
2893 4640 3077 4697 virum
3106 4643 3221 4697 vita
3265 4642 3633 4714 moribusque,
3665 4641 3822 4713 cujus

2111 4734 2248 4784 artas
2272 4736 2438 4799 atque
2453 4728 2599 4785 locus
2626 4729 2769 4785 nihil
2797 4730 2862 4785 de
2890 4747 2947 4786 se
2987 4747 3170 4803 prave
3204 4733 3527 4804 suspicionis
3574 4729 3818 4801 objiciet,

2110 4817 2346 4874 sollicite
2370 4820 2603 4891 deputet,
2635 4822 2732 4893 qui
2756 4823 2834 4876 sic
2872 4822 3223 4879 monasteriis
3272 4824 3406 4895 ipsis
3460 4839 3581 4878 cum
3616 4822 3713 4877 Dei
3741 4820 3815 4875 ti-

2109 4922 2263 4964 more
2288 4912 2455 4980 possit
2480 4913 2771 4968 assistere:
2801 4916 3071 4983 quatenus
3098 4912 3334 4969 ulterius
3362 4915 3444 4969 eis
3471 4928 3569 4982 pro
3597 4912 3821 4984 quibus-

2111 4997 2244 5053 libet
2262 4998 2443 5055 causis
2476 5002 2710 5070 privatis
2739 5002 2823 5058 vel
2850 5003 3091 5073 publicis
3124 5008 3288 5059 extra
3330 5002 3670 5058 venerabilia
3700 5000 3817 5057 loca

2109 5093 2303 5144 contra
2334 5089 2580 5159 regulam
2638 5094 2830 5163 vagari
2856 5108 2964 5148 non
3001 5091 3185 5158 liceat,
3206 5091 3297 5147 sed
3326 5090 3593 5163 quidquid
3608 5106 3708 5163 pro
3732 5092 3817 5147 his

2110 5179 2384 5249 agendum
2413 5189 2508 5250 est,
2538 5197 2636 5253 per
2662 5197 2784 5237 eum
2811 5196 2972 5252 quem
3000 5180 3374 5252 deputaveris,
3405 5180 3817 5238 rationabiliter

2107 5279 2423 5341 peragatur.
2474 5272 2616 5341 Ipsm
2661 5286 2785 5327 vero
2832 5272 3131 5340 referentes
3178 5272 3288 5325 Deo
3316 5269 3501 5327 laudes
3538 5279 3698 5344 atque
3724 5287 3816 5330 co-

2108 5365 2346 5417 ercentes
2371 5363 2692 5432 semetipsos
2721 5361 2781 5417 in
2828 5360 3176 5418 monasteriis
3222 5364 3357 5429 suis,
3397 5360 3620 5419 nullam
3658 5379 3814 5421 occa-

2105 5450 2311 5506 sionem
2362 5452 2594 5506 ulterius
2640 5451 2887 5521 ﬁdelium
2937 5450 3211 5509 mentibus
3256 5468 3439 5525 prave
3486 5454 3815 5527 suspicionis

2107 5542 2366 5611 inﬁciunt
2393 5540 2538 5615 (Lib.
2572 5556 2649 5612 tv,
2680 5556 2765 5615 ep.
2796 5540 2872 5615 9).
