4106 6174
18 5754 37 5947 ᾖ

215 231 319 291 315
640 233 703 293 S.
750 233 1120 293 GREGORII
1170 233 1416 293 MAGNI
1462 232 1659 302 Vl'l‘A,
1708 230 1806 289 EX
1853 228 2036 290 EJUS
2083 228 2432 291 SCRIPTIS
2476 232 2928 294 ADORNATA.
2979 236 3128 296 LIB.
3176 236 3279 299 ill.

3609 228 3727 297 346

212 366 367 439 τῇ.
507 366 591 439 ab.
626 366 1192 439 Anastasioﬁntioch.
1228 394 1289 403 —
1332 366 1404 439 l3.
1446 367 1527 439 _De
1574 366 1911 439 i‘nterpolatis
1942 365 1997 432 Α
2029 366 2276 431 menica,
2338 365 2612 422 nimirum
2666 368 2975 424 accedente
3023 371 3215 439 postea
3267 370 3723 428 orthodoxorum

208 428 256 493 ξ,
289 429 478 491 lgnatii
509 430 766 493 epistolis.
791 455 847 468 —
881 429 977 493 14.
1004 430 1226 479 Summa
1270 429 1509 493 epistolae
1538 428 1603 493 ad
1647 429 1913 493 Joannem

210 490 558 555 CPIscripttel
600 519 649 528 —
683 493 756 541 15.
791 492 929 542 Irriti
959 492 1011 542 S.
1044 506 1199 555 papa
1237 490 1461 542 conatus
1490 491 1727 555 ingloan.
1750 553 1756 555 _
1779 495 1831 539 et
1860 490 1914 538 in

210 554 317 619 eius
348 553 741 619 successorem.
797 582 858 591 —
898 555 972 603 16.
1030 553 1199 619 Hujus
1248 553 1915 619 controversias‘ﬁnisn—

212 616 282 663 l7.
340 618 675 666 Betelluntur
731 617 964 666 haeretici
1019 618 1070 666 S.
1111 616 1370 675 Gregorii
1427 616 1741 665 modestiam
1799 616 1914 677 ejus

206 680 610 729 successoribus
644 680 979 742 objicientes.
1017 680 1139 743 (An.
1176 679 1270 729 594
1301 685 1353 729 et
1380 680 1515 742 595.)

281 814 329 866 1.
348 811 662 868 Exordium
682 812 715 866 b
728 813 862 883 ujus
879 812 1013 867 libri
1035 814 1246 868 sumini
1259 830 1325 868 us
1338 832 1369 868 a
1382 809 1770 868 controversia
1784 826 1910 881 quae

209 902 545 974 Gregorium
570 903 719 959 inter
749 908 805 959 et
824 904 1105 960 Joannem
1131 904 1232 959 ΟΡ.
1262 902 1641 974 patriarcham
1674 901 1909 966 exarsit,

210 991 277 1045 ob
294 990 612 1061 superbum
637 992 982 1047 mcumenici
1008 991 1349 1064 patriarchae
1374 990 1611 1047 titulum
1634 1007 1665 1045 a
1685 990 1911 1045 Joanne

211 1084 606 1151 assumptum,
632 1085 689 1135 et
706 1080 930 1136 favente
952 1081 1087 1136 huic
1110 1082 1336 1151 injustas
1361 1078 1728 1151 usurpationi
1746 1078 1907 1133 Mau-

211 1170 369 1235 ricio,
416 1169 1043 1241 dissimulantibusque
1080 1169 1303 1225 illatam
1345 1169 1457 1224 sibi
1487 1168 1770 1224 invidiosa
1801 1168 1908 1222 hac

207 1257 593 1329 appellatione
637 1260 912 1331 injuriam
947 1259 1166 1314 caeteris
1211 1258 1583 1329 patriarchis,
1617 1261 1907 1313 assertum

208 1354 257 1402 et
286 1354 713 1405 conservatum.
749 1351 1022 1416 Quamvis
1054 1349 1209 1405 vocis
1243 1349 1413 1418 hujus
1444 1347 1757 1403 insolentia
1787 1351 1908 1402 tur-

210 1438 306 1492 bas
346 1445 402 1493 et
450 1439 851 1509 gravissimam
884 1438 1265 1495 offensionem
1316 1439 1416 1493 diu
1463 1442 1597 1493 ante
1644 1437 1903 1508 Gregorii

210 1528 613 1599 pontiﬁcatum
667 1529 996 1597 excitasset,
1031 1529 1099 1583 de
1131 1527 1230 1583 illa
1257 1532 1452 1583 tamen
1483 1543 1513 1582 e
1557 1525 1748 1581 medio
1792 1526 1906 1581 tol-

214 1618 377 1673 lenda
408 1619 560 1673 serio
596 1633 712 1674 non
743 1618 1014 1690 cogitavit
1042 1625 1173 1673 ante
1205 1618 1358 1672 hunc
1385 1634 1605 1672 annum
1648 1616 1905 1689 pontifex

2025 455 2290 510 omnium
2326 472 2633 512 consensu.

2096 545 2155 599 Si
2177 561 2244 599 ex
2262 544 2369 600 hoc
2392 545 2718 616 signiﬁcatu
2743 547 2881 619 quid
2908 548 2983 603 sit
3006 549 3403 606 oecumenicus
3422 552 3726 623 episcopus

2025 638 2127 689 aut
2153 635 2478 705 patriarcha
2502 638 2949 708 constituamus,
2974 641 3172 696 statim
3198 640 3439 712 qualein
3457 640 3728 713 religione

2023 724 2355 779 Christiana
2379 730 2698 782 monstrum
2730 727 2876 782 foret
2902 728 3239 798 hujusmodi
3274 731 3582 803 episcopus
3608 749 3726 787 ma-

2021 812 2300 867 nifestum
2326 814 2441 869 ﬁet.
2466 814 2672 871 Nullus
2706 816 2855 871 enim
2892 816 3239 873 universalis
3267 819 3577 890 episcopus
3604 820 3727 877 ﬁeri

2022 902 2252 973 prOprie
2284 907 2491 975 potest,
2538 904 2645 959 nisi
2677 904 2928 960 exclusis
2968 907 3191 962 caeteris
3232 907 3364 963 aliis
3408 909 3724 982 episcopis,

2017 995 2227 1050 etenim
2264 993 2308 1050 si
2340 995 2514 1050 totius
2545 995 2702 1051 orbis
2735 995 3040 1052 Christiani
3076 1014 3229 1052 unus
3254 998 3548 1070 quispiam
3576 1000 3719 1056 foret

2017 1084 2343 1155 episcopus,
2367 1086 2459 1141 cui
2492 1085 2655 1141 alteri
2691 1085 2850 1141 locus
2884 1086 3355 1159 relinqueretur?
3388 1088 3449 1143 Id
3473 1105 3607 1145 vero
3630 1107 3719 1145 sa-

2015 1190 2124 1230 cras
2156 1174 2467 1246 Scriptum
2500 1175 2712 1231 diserte
2744 1178 3100 1244 adversatur,
3129 1194 3262 1248 quis
3306 1194 3418 1234 non
3480 1178 3723 1234 obscure

2019 1281 2125 1319 nos
2156 1265 2321 1320 docet
2354 1264 2632 1335 Spiritum
2654 1270 2919 1321 sanctum
2941 1267 3203 1336 posuisse
3239 1283 3349 1324 non
3376 1284 3580 1333 unum,
3617 1268 3721 1325 sed

2017 1352 2213 1424 plures
2261 1354 2561 1425 episcopos
2621 1370 2818 1426 regere
2866 1355 3182 1411 Ecclesiam
3243 1355 3345 1411 Dei
3403 1357 3544 1427 (Act.
3596 1359 3715 1429 xx).

2016 1442 2173 1497 Unus
2205 1444 2437 1514 quidem
2461 1448 2545 1498 est
2565 1460 2701 1514 grex
2727 1444 2956 1511 Christi,
2980 1445 3078 1500 sed
3106 1445 3300 1515 plures
3323 1446 3516 1517 gregis
3539 1445 3719 1516 hujus

2016 1538 2280 1606 pastores
2310 1538 2467 1599 sunt,
2494 1533 2591 1604 qui
2627 1533 2840 1604 singuli
2869 1551 3044 1589 unam
3071 1534 3248 1605 hujus
3279 1535 3475 1607 gregis
3506 1535 3719 1606 portio-

2018 1642 2151 1681 nem
2185 1625 2535 1696 pascendam
2570 1628 2626 1679 et
2659 1625 2966 1694 regendam
3001 1629 3403 1696 susceperunt.

216 1708 720 1779 prudentissimus,
750 1708 849 1779 qui
882 1708 1027 1764 nihil
1062 1708 1173 1764 nisi
1218 1712 1445 1763 maturo
1491 1724 1620 1763 cum
1661 1705 1904 1762 consilio
1938 1735 1986 1800 B
2084 1717 2137 1770 5,
2169 1715 2294 1771 Non
2327 1714 2552 1770 inﬁcior
2610 1714 2807 1785 aliquo
2867 1732 3038 1770 sensu
3074 1730 3177 1771 nec
3236 1733 3269 1770 α
3327 1715 3459 1771 ﬁdei
3511 1716 3719 1787 regula

222 1798 438 1869 aggredi
462 1798 701 1854 solebat.

277 1890 325 1942 2.
359 1888 516 1952 Quod
550 1893 775 1961 spectat
831 1891 901 1945 ad
968 1890 1157 1960 ipsum
1229 1888 1571 1945 cecumenici
1640 1889 1903 1957 titulum,

228 1983 429 2034 constat
453 1995 587 2034 eum
622 1978 869 2034 concilia
910 1979 1200 2049 generalia
1231 1979 1341 2034 sibi
1383 1978 1554 2050 longe
1594 1985 1766 2035 antea
1808 1978 1908 2033 tri-

234 2069 419 2125 buisse.
442 2074 588 2126 Ante
605 2070 785 2141 synod
798 2086 893 2125 um
920 2074 1114 2125 tamen
1138 2070 1665 2125 Chaicedonensem
1682 2069 1904 2125 nullam

238 2158 379 2213 aliam
417 2159 525 2216 hoc
554 2159 722 2215 titulo
776 2160 1052 2215 donatam
1116 2160 1294 2215 fuisse
1350 2159 1527 2214 tradit
1555 2161 1617 2215 P.
1651 2159 1905 2215 Gussan-

241 2249 427 2307 vitians
463 2251 550 2322 (In
584 2250 726 2306 notis
753 2250 823 2304 ad
852 2267 933 2321 sp.
960 2251 1029 2304 32
1050 2251 1145 2306 lib.
1174 2251 1268 2321 tv),
1301 2249 1592 2322 etlegatos
1613 2250 1670 2306 S.
1696 2249 1904 2306 Leonis

244 2356 373 2411 papa:
398 2342 568 2411 hujus
617 2358 745 2397 esse
798 2341 1047 2396 nominis
1098 2346 1385 2397 auctores.
1419 2343 1489 2397 At
1519 2342 1640 2398 haec
1671 2342 1781 2414 ipsi
1816 2342 1903 2396 in-

243 2438 373 2485 cauto
402 2430 674 2502 aliudque
708 2430 898 2502 agenti
947 2429 1230 2485 excidisse
1276 2430 1569 2498 fatebitur,
1630 2430 1901 2503 quisquis

241 2520 549 2590 Bphesinum
574 2520 875 2577 concilium
894 2524 1112 2577 attente
1138 2520 1381 2592 legerit:
1416 2521 1629 2576 etenim
1654 2525 1800 2592 part.
1837 2538 1900 2585 ιι,

239 2610 423 2665 actione
451 2611 500 2677 3,
536 2610 822 2666 occurrit:
875 2611 1191 2682 Exemplum
1224 2612 1499 2682 Epistolas,
1528 2616 1662 2677 ctc.,
1713 2616 1901 2665 sancta

238 2703 276 2752 et
302 2717 479 2770 magna
514 2710 567 2756 et
614 2700 943 2757 wcumenica
995 2702 1254 2772 synodus.
1306 2706 1430 2757 Act.
1462 2702 1492 2755 4
1538 2701 1593 2755 in
1655 2700 1902 2771 epistola

240 2788 401 2859 Cyrilli
429 2796 483 2846 et
513 2791 838 2847 Memnonis
872 2791 940 2845 ad
973 2793 1259 2863 synodum
1287 2808 1298 2846 :
1337 2793 1537 2846 Contra
1568 2791 1733 2859 hujus
1763 2808 1902 2847 cecu-

239 2882 428 2934 menicz
473 2879 668 2951 synodi
696 2879 973 2951 prmities.
1024 2879 1086 2934 In
1120 2880 1397 2935 relatione
1438 2880 1673 2952 synodi:
1711 2883 1901 2936 Piissi-

239 2968 321 3021 mis
341 2966 936 3038 Christianissimisque
965 2968 1268 3039 Theodosio,
1301 2973 1435 3039 etc.,
1466 2985 1627 3025 sacra
1664 2985 1899 3025 cocicme-

238 3054 340 3110 nica
370 3058 621 3127 synodus.
644 3058 703 3112 In
728 3058 1010 3114 relatione
1024 3058 1093 3114 de
1110 3058 1578 3129 subscriptione:
1604 3059 1877 3115 Piissimis

241 3148 540 3213 etc.,sancta
573 3156 624 3203 et
646 3149 979 3202 mcumenica
1007 3148 1273 3217 synodus.
1298 3148 1439 3203 Tam
1465 3148 1712 3218 graviter
1734 3149 1898 3205 aber-

237 3238 431 3292 rantem
455 3235 935 3293 Gussanvillasum
956 3236 1338 3292 nihilominus
1356 3242 1690 3294 secutusest
1716 3239 1903 3295 Ludo-

236 3324 372 3382 vicus
412 3327 751 3400 Membourg
784 3326 987 3385 histor.
1037 3327 1249 3385 Pontif.
1288 3327 1347 3384 S.
1399 3328 1657 3400 Gregorii
1707 3329 1902 3402 Magni

230 3413 311 3469 lib.
343 3433 398 3472 ιι.
949 3409 955 3414 ’

290 3505 335 3559 3.
364 3504 631 3562 Oblatum
667 3505 927 3562 Romano
960 3505 1242 3579 pontiﬁci,
1301 3507 1578 3564 nimirum
1611 3509 1670 3564 S.
1727 3509 1901 3566 Leoni

218 3591 427 3665 Magno,
463 3611 562 3666 pro
611 3594 757 3650 beati
785 3596 941 3650 Petri
978 3597 1351 3668 apostolorum
1393 3598 1664 3668 principis
1702 3597 1903 3654 honore

218 3683 532 3739 meumsnici
566 3682 799 3739 titulum
848 3699 954 3755 per
996 3688 1371 3741 venerandam
1412 3686 1897 3742 Chalcedonensem

210 3772 460 3839 synodum
500 3776 747 3829 testatur
794 3773 851 3829 S.
906 3772 1215 3844 Gregorius
1252 3800 1265 3843 ;
1298 3776 1389 3830 sed
1419 3776 1629 3846 nullus,
1687 3775 1898 3846 inquit,

205 3873 382 3917 eorum
408 3878 649 3935 unquam
705 3861 803 3918 hoc
857 3862 1264 3934 singularitatis
1318 3881 1517 3921 nomen
1571 3867 1888 3935 assumpsit,

208 3964 303 4005 nec
346 3954 428 4007 uti
454 3953 723 4009 consensit
774 3953 917 4023 (Lib.
968 3970 1023 4023 ν,
1054 3969 1136 4024 ep.
1168 3954 1282 4025 20.)
1341 3957 1402 4009 In
1444 3954 1898 4010 Cbalcedonensi

206 4053 336 4094 sane
353 4040 591 4097 concilio
614 4040 745 4096 lecti
768 4045 904 4097 sunt
926 4042 1191 4098 nonnulli
1220 4041 1396 4099 libelli
1418 4044 1714 4116 supplices
1737 4060 1895 4115 papas

203 4125 392 4199 oblati,
422 4131 476 4185 in
510 4131 727 4202 quibus
757 4130 865 4186 hoc
899 4131 1215 4188 honoriﬁco
1246 4132 1522 4189 vocabulo
1555 4133 1891 4205 insignitur.

203 4215 268 4270 Et
295 4217 353 4275 in
410 4223 532 4276 Act.
564 4223 724 4277 sexta
755 4220 1149 4278 Paschasinus
1182 4223 1486 4294 episcOpus
1520 4240 1676 4279 unus
1716 4240 1784 4280 ex
1832 4224 1891 4279 S.

204 4304 400 4364 Leonis
429 4309 658 4383 legatis,
678 4309 880 4367 habita
910 4325 1103 4367 coram
1135 4316 1339 4367 sancta
1370 4313 1589 4384 synodo
1610 4312 1894 4383 oratione,

202 4410 490 4454 summum
520 4398 851 4471 pontiﬁcem
880 4401 1277 4455 cacumenicum
1299 4400 1610 4472 appellavit
1634 4419 1649 4470 ;
1682 4401 1896 4474 quibus

1882 3102 1897 3129 ’
1929 3104 1973 3172 C

2019 1806 2400 1872 exorbitante,
2456 1806 2745 1860 Romanos
2798 1805 3099 1875 pontiﬁces
3154 1804 3547 1861 mcumenicos
3605 1804 3718 1859 dici

2018 1894 2291 1966 potuisse,
2326 1900 2561 1966 prepter
2591 1894 2944 1966 singularem
2979 1911 3156 1966 quam
3190 1894 3457 1950 obtinent
3496 1893 3555 1948 in
3600 1897 3721 1949 tota

2014 1980 2749 2052 Ecclesiajurisdictionem
2767 1999 2781 2047 ;
2798 1980 2888 2035 cui
2905 1978 3117 2050 singuli
3136 1979 3718 2051 subjiciunturetiam

2015 2071 2293 2142 episcopi.
2346 2073 2417 2125 At
2465 2086 2595 2124 cum
2633 2068 2705 2123 ab
2754 2068 2854 2124 illo
2902 2069 3073 2123 titulo
3126 2069 3382 2124 modeste
3425 2068 3719 2125 abstinere

2016 2160 2357 2230 voluissent,
2444 2176 2560 2231 qua
2627 2158 2818 2214 fronte
2874 2157 3499 2227 ConstantinOpolitani
3561 2158 3712 2214 249

2013 2250 2270 2321 episcopi
2316 2250 2585 2304 eumdem
2637 2248 2747 2303 sibi
2810 2248 3105 2303 vindicare
3166 2264 3281 2303 non
3323 2246 3717 2302 verebantur?

2013 2339 2191 2403 Quasi
2238 2355 2370 2395 vero
2419 2342 2585 2394 extra
2632 2338 2722 2393 sui
2774 2335 3197 2409 patriarchatus
3252 2336 3394 2391 ﬁnes
3453 2334 3712 2408 aliquam

2012 2426 2398 2499 episcopalem
2460 2427 2858 2482 auctoritatem
2891 2441 3153 2481 exercere
3183 2428 3441 2498 possent,
3479 2429 3579 2479 aut
3610 2440 3714 2495 pa-

2012 2516 2367 2572 triarchatus
2397 2513 3078 2587 Constantinopolitanus
3110 2530 3209 2584 pro
3240 2519 3357 2570 toto
3390 2512 3528 2569 orbe
3556 2512 3715 2567 chri-

2012 2606 2199 2661 stiano
2231 2622 2345 2660 non
2366 2604 2588 2660 insulse
2618 2603 3041 2675 intelligeretur
3061 2607 3119 2658 et
3141 2606 3474 2658 sumeretur
3501 2601 3529 2658 ?
3558 2602 3713 2657 Satis

2012 2711 2148 2767 ergo
2194 2695 2392 2751 mirari
2436 2712 2548 2750 non
2600 2710 2840 2766 possum
2883 2694 3168 2766 quosdam
3205 2692 3537 2764 scriptores,
3580 2692 3713 2748 licet

2011 2785 2387 2841 orthodoxam
2430 2785 2603 2838 ﬁdem
2652 2782 3011 2855 proﬁtentes,
3052 2781 3310 2853 Gregorii
3354 2780 3545 2853 Magni
3588 2784 3711 2836 stu-

2011 2875 2174 2930 dium
2206 2874 2265 2929 in
2306 2874 2698 2945 oppugnando
2738 2873 2846 2927 hoc
2885 2872 3135 2942 superbo
3174 2870 3344 2927 titulo
3385 2870 3709 2938 vellicasse,

2008 2965 2095 3020 vel
2128 2965 2303 3021 etiam
2335 2968 2530 3036 aperte
2560 2964 2870 3019 damnasse
2895 2980 2906 3017 :
2930 2962 3094 3033 quasi
3128 2963 3197 3017 de
3221 2961 3453 3017 nomine
3481 2965 3711 3017 tantum

2009 3056 2067 3108 et
2098 3068 2210 3109 non
2245 3053 2314 3107 de
2346 3068 2405 3107 re
2446 3051 2636 3123 gravis
2668 3050 2947 3106 momenti
2993 3049 3187 3105 acrius
3225 3064 3397 3120 quam
3438 3064 3543 3120 par
3589 3052 3715 3104 erat

2011 3141 2401 3199 decertaverit.
2437 3141 2579 3212 Ipsis
2619 3140 2888 3211 equidem
2933 3138 3078 3195 ultro
3120 3153 3507 3195 concessurus
3554 3153 3710 3207 sum,

2012 3232 2147 3288 huic
2168 3232 2291 3287 voci
2317 3237 2371 3286 et
2388 3229 2835 3287 nomenclaturae
2860 3228 3173 3286 nonnullos
3195 3227 3395 3300 attingi
3418 3232 3474 3284 et
3490 3242 3713 3285 accom-

2014 3322 2238 3378 modari
2270 3320 2530 3394 potuisse
2562 3336 2772 3377 sensus
2794 3320 3099 3376 innocuos.
3126 3322 3199 3375 At
3230 3335 3362 3374 cum
3396 3319 3561 3389 longe
3592 3318 3715 3390 plu-

2011 3411 2172 3468 ribus
2206 3411 2391 3467 noxiis
2420 3419 2525 3467 eta
2548 3410 2660 3466 ﬁde
2692 3409 2897 3466 alienis
2930 3411 3257 3481 subjacent,
3295 3409 3484 3480 iisque
3506 3408 3713 3479 obviis,

2010 3503 2151 3559 dum
2176 3518 2206 3559 ο
2237 3501 2525 3558 contrario
2556 3502 2655 3574 qui
2687 3502 2815 3557 sani
2848 3504 3003 3569 sunt,
3031 3500 3264 3556 aliunde
3309 3498 3575 3556 accersiti
3620 3500 3716 3554 vi-

2010 3594 2243 3661 dentur,
2277 3593 2410 3664 quis
2443 3592 2553 3648 nisi
2606 3597 2823 3649 temere
2853 3592 3183 3663 improbare
3226 3592 3437 3647 audeat
3479 3594 3711 3647 tantum

2008 3683 2341 3754 pontiﬁcem
2386 3683 2458 3738 de
2487 3698 2634 3739 novo
2685 3682 3077 3753 insolentique
3124 3681 3405 3738 vocabulo
3435 3685 3491 3737 et
3521 3698 3554 3737 a
3593 3697 3713 3737 mo-

2009 3773 2202 3829 destia
2251 3771 2567 3844 episcopali
2618 3788 2859 3843 prorsus
2908 3772 3097 3827 alieno
3148 3771 3508 3843 proﬁigando
3548 3770 3709 3828 solli-

2008 3863 2183 3919 citum
2217 3863 2245 3916 ‘t

2078 3954 2259 4010 Aiunt
2285 3952 2604 4009 Aristarchi
2630 3953 2811 4009 nostri
2843 3953 3105 4008 eamdem
3128 3967 3248 4007 esse
3272 3951 3600 4007 mcumsuicz‘
3631 3951 3709 4006 si-

2006 4043 2441 4116 gniﬁcationem
2463 4059 2528 4099 ac
2548 4041 2842 4117 generalis,
2868 4028 3040 4111 cujus
3067 4038 3273 4096 titulus
3298 4047 3376 4096 tot
3400 4039 3706 4110 praefectis,

2006 4134 2128 4189 sive
2160 4132 2538 4200 militaribus,
2570 4132 2689 4189 sive
2719 4130 2989 4187 civilibus
3011 4128 3359 4203 etpoliticis,
3382 4128 3502 4184 sive
3532 4127 3704 4183 etiam

2005 4223 2415 4279 ecclesiasticis
2448 4239 2512 4278 ac
2540 4220 2895 4287 monasticis,
2918 4220 3212 4275 tribuitur.
3237 4220 3310 4274 At
3334 4218 3500 4290 longe
3531 4216 3710 4272 latius

2004 4316 2163 4384 patet
2190 4313 2533 4370 mcumenici
2567 4312 2949 4384 signiﬁcatus.
2984 4309 3069 4365 Illi
3098 4316 3289 4365 autem
3322 4306 3578 4364 ministri
3610 4310 3712 4363 aut

2004 4404 2261 4476 praefecti
2290 4404 2348 4460 in
2373 4403 2703 4475 exemplum
2733 4401 2991 4471 adducti,
3013 4398 3307 4474 generales
3328 4398 3622 4465 dicuntur,
3648 4401 3711 4453 ut

203 4501 328 4542 cum
362 4505 471 4546 non
506 4489 942 4546 intercesserint
970 4491 1176 4562 synodi
1208 4494 1429 4557 Patres,
1468 4506 1536 4547 ea
1569 4492 1811 4563 probare
1841 4496 1899 4548 et
1927 4482 1974 4548 D
2006 4512 2039 4552 a
2057 4494 2785 4567 particularibus,quorum
2810 4492 3003 4548 minor
3023 4495 3111 4548 est
3132 4490 3471 4558 auctoritas,
3492 4489 3712 4545 discer-

204 4579 327 4632 rata
359 4576 561 4635 habere
589 4578 700 4634 visi
732 4582 873 4635 sunt
904 4596 917 4635 :
952 4578 1203 4635 maxime
1235 4594 1366 4635 cum
1395 4578 1517 4636 haec
1559 4588 1682 4636 acta
1713 4580 1771 4635 in
1802 4596 1895 4653 sy-

205 4664 335 4720 nodi
365 4668 591 4723 tabulas
620 4668 802 4724 relata
832 4668 1065 4725 fuerint.

273 4755 323 4809 4.
374 4758 529 4822 Quod
569 4760 795 4829 spectat
840 4756 913 4813 ad
942 4757 1101 4815 vocis
1158 4757 1337 4830 hujus
1396 4758 1899 4832 signiﬁcationem,

211 4839 351 4899 idem
382 4851 468 4902 est
522 4847 942 4903 mcumenicum
977 4863 1043 4903 ac
1082 4846 1409 4904 universale
1438 4862 1451 4914 ;
1495 4852 1553 4904 et
1586 4848 1899 4904 concilium

214 4936 619 4992 meumsnicum
651 4936 883 5007 dicitur,
909 4938 1059 5007 quod
1088 4954 1157 4994 ex
1178 4937 1450 4995 omnibus
1474 4938 1679 4994 mundi
1716 4939 1903 5010 parti-

214 5018 309 5076 bus
348 5023 762 5081 habitabilibus
813 5027 880 5082 ad
924 5042 1066 5097 quas
1118 5026 1458 5099 religionem
1509 5027 1899 5084 Christianam

220 5112 482 5171 credimus
532 5114 863 5187 pervenisse
894 5121 1247 5172 convocatur
1292 5121 1349 5173 et
1393 5120 1798 5188 congregatur.
1833 5117 1901 5174 Et

220 5204 461 5267 quamvis
490 5205 601 5261 has
629 5206 699 5260 ad
755 5206 1008 5277 synodos
1050 5221 1118 5261 ex
1167 5206 1327 5261 omni
1377 5204 1513 5263 orbe
1568 5204 1900 5263 Christiano

220 5288 450 5365 episcopi
480 5298 583 5350 aut
627 5296 829 5351 eorum
863 5294 1033 5366 legati
1066 5295 1311 5352 fortasse
1342 5312 1456 5352 non
1504 5296 1900 5365 convenerint,

222 5379 508 5452 aliquando
541 5401 671 5457 quas
701 5387 758 5441 in
789 5389 1195 5444 convocatione
1234 5392 1290 5444 et
1319 5388 1762 5460 congregatione
1785 5406 1899 5446 non

220 5477 325 5528 erat
353 5477 606 5549 synodus
638 5476 1005 5545 universalis,
1037 5478 1184 5533 facta
1228 5482 1316 5534 est
1346 5477 1631 5550 generalis
1661 5483 1717 5537 et
1743 5496 1897 5536 ascu-

2006 4590 2241 4643 nantur.
2263 4584 2480 4641 Verum
2508 4583 2618 4641 hoc
2648 4599 2825 4641 sensu
2860 4582 3196 4656 patriarcha
3227 4580 3712 4653 Constantinopo-

2005 4674 2170 4730 litani
2202 4689 2571 4746 nequaquam
2605 4670 2903 4745 generales
2933 4672 3046 4728 dici
3079 4673 3366 4744 poterant.
3386 4672 3521 4727 Peto
3552 4668 3709 4725 enim

2009 4764 2110 4835 qui
2141 4762 2355 4820 fuerint
2386 4763 2468 4818 illi
2504 4761 2842 4834 patriarchas
2876 4760 3253 4833 particulares
3283 4776 3314 4815 a
3346 4758 3557 4829 quibus
3601 4755 3710 4812 hoc

2006 4853 2292 4911 vocabulo
2324 4854 2551 4911 secerni
2583 4851 2939 4911 debuerint?

2080 4945 2363 5000 Praeterea
2391 4958 2521 5001 cum
2553 4944 2611 4998 in
2644 4941 2888 5015 ancipiti
2913 4942 3073 5008 foret,
3100 4956 3215 5012 quo
3247 4953 3417 4995 sensu
3450 4950 3712 4991 cacume-

2009 5034 2171 5091 nicos
2202 5050 2329 5091 esse
2360 5050 2422 5089 se
2444 5034 2755 5105 jactarent,
2776 5031 3157 5088 metuendum
3191 5031 3316 5083 erat
3348 5041 3417 5081 ne
3446 5025 3711 5097 ipsorum

2009 5123 2245 5180 ambitio
2277 5123 2419 5179 satis
2452 5129 2607 5191 nota,
2641 5120 2805 5177 illum
2840 5119 2940 5191 qui
2987 5118 3163 5173 latius
3215 5118 3454 5187 pateret,
3484 5112 3593 5169 hoc
3624 5116 3714 5169 est

2008 5213 2335 5287 pessimum
2370 5216 2426 5268 et
2447 5210 2781 5267 hat-relicum
2795 5211 3122 5264 assumeret
3145 5224 3158 5261 :
3192 5204 3319 5277 quis
3342 5204 3513 5260 modo
3534 5218 3715 5258 sanus

2007 5303 2295 5375 vituperet
2320 5309 2585 5358 sanctum
2617 5300 2828 5365 virum,
2862 5296 3016 5366 quod
3046 5310 3179 5351 cum
3204 5294 3326 5368 ipse
3346 5294 3404 5349 in
3427 5295 3708 5365 praestan-

2007 5392 2239 5449 tissima
2282 5405 2629 5459 summaque
2664 5386 2933 5443 Ecclesiae
2973 5384 3254 5458 dignitate
3317 5382 3713 5439 humilitatem

2018 5482 2162 5537 adeo
2195 5480 2426 5546 coleret,
2448 5477 2853 5550 superbientes
2873 5474 3177 5549 episcopos
3194 5475 3261 5533 ad
3286 5490 3414 5533 eam
3437 5474 3716 5531 virtutem
