4106 6174
363 248 477 308 347

790 243 850 304 s.
902 241 1275 304 oaeooau
1321 240 1569 300 MAGNI
1618 237 1823 313 Vl'l‘A,
1873 239 1968 296 ex
2018 237 2200 298 esus
2249 236 2596 296 SCRIPTIS
2643 241 3097 302 ADORNATA.
3151 244 3297 304 LIB.
3345 248 3441 306 ur.

3721 252 3821 311 348

365 398 539 455 quam
573 379 839 435 Christus
880 394 912 430 a
961 392 1021 430 se
1060 391 1169 430 nos
1201 374 1424 429 discere
1456 373 1824 442 potissimum
1860 372 2056 442 voluit,
2093 380 2142 441 Α
2175 378 2484 442 gnomento
2537 374 2914 444 Jejunatoris.
2952 380 3196 436 Additur
3223 398 3356 438 eum
3393 385 3692 457 Liturgiam
3722 406 3830 460 quae

361 483 669 545 provocare
701 470 755 522 et
788 481 1050 522 revocare
1083 462 1434 520 conaretur?

432 565 485 616 6.
514 559 614 615 Hic
641 571 829 628 operae
854 556 1098 626 pretium
1114 559 1202 609 est
1223 553 1527 608 observare
1551 553 1764 622 quibus
1787 552 2062 624 gradibus

365 644 1044 717 Constantinopolitanus
1087 643 1396 714 episcopus
1429 641 1498 696 ad
1552 647 1718 697 tanta:
1765 641 2064 712 dignitatis

368 739 661 809 fastigium
710 736 1082 809 pervenisset,
1127 739 1190 789 ut
1239 733 1383 790 nulli
1447 731 1543 788 alii
1577 749 1750 802 quam
1814 734 2067 787 Romano

367 829 625 901 pontiﬁci
657 827 968 882 haberetur
1001 825 1252 879 inferior.
1290 824 1543 878 Primum
1572 824 1765 894 itaque
1796 825 2067 894 episcopo

366 917 727 975 Heracleensi
776 916 1075 982 subditus,
1113 917 1310 984 postea
1352 914 1451 982 jus
1489 912 1975 983 metropoliticum
2017 917 2073 967 et

366 1009 732 1067 exarchicum
768 1007 825 1062 in
851 1005 1286 1060 Heracleensem
1315 1001 1572 1074 aliosque
1607 1003 1886 1074 plurimos
1918 1003 2071 1073 epis-

365 1117 538 1174 copos
570 1098 842 1162 exercuit.
879 1095 1095 1150 Deinde
1118 1093 1372 1164 antiquis
1409 1092 1752 1164 patriarchis
1785 1108 2074 1148 annume-

365 1197 525 1245 ratus
576 1192 704 1256 est;
756 1202 821 1242 ac
861 1201 976 1240 non
1020 1182 1203 1238 multo
1245 1187 1374 1253 post
1414 1181 1594 1236 fultus
1654 1181 2072 1253 imperatorum

366 1283 666 1352 potestate,
724 1273 1167 1344 cousentireque
1223 1272 1436 1327 coactis
1477 1273 1762 1343 episcOpis
1823 1277 1878 1327 et
1930 1272 2076 1340 ipsis

364 1371 536 1426 etiam
587 1365 954 1440 patriarchis,
1006 1365 1105 1436 qui
1155 1364 1281 1433 ejus
1331 1378 1505 1433 opera
1563 1368 1618 1418 et
1676 1363 1863 1435 gratia
1923 1365 2075 1434 apud

366 1464 682 1534 Augustos,
710 1457 765 1512 in
788 1455 963 1511 variis
983 1453 1357 1509 ecclesiarum
1390 1470 1627 1508 suarum
1663 1453 1906 1525 negotiis
1931 1453 2080 1508 indi-

367 1552 598 1622 gebant,
626 1551 680 1603 id
714 1551 1062 1604 consecutus
1096 1548 1184 1599 est
1222 1543 1282 1599 in
1315 1543 1557 1600 concilio
1601 1543 2082 1614 Constantinopo-

2169 461 2560 532 Chrysostomi
2619 467 2873 521 creditur
2940 469 3165 526 meliori
3239 473 3437 528 ordine
3492 476 3838 547 disposuisse,

2173 554 2340 621 atque
2373 552 2428 606 in
2463 568 2531 607 ea
2560 569 2620 609 se
2652 555 2887 612 nomine
2929 560 3076 613 sacri
3121 561 3389 616 monachi
3435 568 3529 618 aut
3556 567 3841 622 sacerdotis

2176 641 2444 696 monachi
2477 642 2920 714 ἱερομονάζοντος
2983 648 3347 721 designasse.
3378 654 3447 706 At
3477 653 3568 709 illa
3604 655 3768 710 oratio
3795 656 3843 708 in

2175 747 2286 800 qua
2317 732 2663 788 vocabulum
2697 734 2804 790 hoc
2837 737 3062 808 legitur,
3091 739 3251 794 abest
3280 759 3308 794 a
3345 741 3850 814 LiturgiaS.Cbry-

2178 822 2417 876 sostomi
2464 839 2641 893 quam
2702 825 2936 881 exhibet
2987 828 3358 885 doctissimus
3404 830 3650 886 Jaeohus
3703 837 3850 888 GOur.

2177 912 2374 983 Neque
2423 918 2649 970 constat
2699 915 3018 988 Liturgiam
3067 918 3215 973 hanc
3251 922 3489 976 Joannis
3528 922 3855 993 Jejunatoris

2180 1018 2352 1072 opera
2386 1003 2559 1057 fuisse
2592 1005 2938 1060 ordinatam.
2974 1007 3230 1062 Fuerunt
3255 1015 3449 1065 autem
3477 1012 3704 1082 plurimi
3726 1015 3857 1085 epis-

2182 1093 2310 1164 copi
2356 1093 2460 1148 CP.
2513 1093 2609 1164 qui
2652 1110 2779 1148 cum
2825 1096 2985 1166 prius
3030 1097 3205 1153 vitam
3265 1102 3646 1156 monasticam
3690 1112 3860 1159 essent

2183 1181 2454 1252 amplexi,
2483 1182 2926 1254 ἱερομονάζοντος
2951 1188 3218 1241 autsacri
3247 1190 3515 1245 monachi
3536 1191 3654 1246 dici
3688 1197 3863 1263 potue-

2186 1275 2344 1327 runt.
2379 1272 2458 1326 Ex
2479 1272 2804 1329 Graecorum
2828 1274 3060 1330 Menaeis
3080 1276 3337 1333 Joannes
3367 1278 3664 1350 Jejunalor
3705 1282 3864 1337 Cons-

2186 1361 2532 1434 tantinopoli
2586 1368 2750 1418 ortus
2796 1365 2874 1434 (b)
2921 1369 3067 1431 erat,
3113 1365 3207 1422 ubi
3250 1369 3510 1439 primum
3551 1372 3865 1426 statuariam

2186 1452 2424 1520 (melius
2473 1453 2753 1528 λαράκτης
2802 1455 3206 1530 sculptoriam)
3256 1465 3442 1516 artem
3495 1463 3755 1518 exercuit.
3811 1467 3872 1518 At

2188 1543 2259 1597 ob
2294 1549 2639 1614 praestantes
2692 1547 2932 1603 virtutes
2970 1562 3003 1600 a
3044 1549 3376 1618 patriarcha
3409 1550 3585 1622 hujus
3627 1552 3776 1606 urbis
3823 1553 3871 1608 in

369 1642 546 1696 litano
613 1640 867 1695 secundo
927 1635 1202 1709 generali,
1253 1638 1309 1688 et
1369 1633 1428 1689 in
1481 1633 1959 1702 Chalcedonensi,
2019 1637 2083 1689 ut
2192 1632 2411 1688 clerum
2470 1636 2577 1691 fuit
2624 1644 2923 1710 coeptatus
2972 1646 3028 1696 et
3067 1642 3346 1696 diaconus
3399 1640 3606 1695 factus.
3669 1641 3868 1696 Mortuo

372 1731 628 1784 secundo
670 1731 797 1798 post
860 1726 1185 1781 Romanum
1238 1723 1570 1795 pontiﬁcem
1623 1722 1746 1778 loco
1796 1723 2020 1777 sederet
2063 1743 2077 1791 ς
2117 1743 2161 1807 Β
2193 1722 2429 1776 tandem
2481 1727 2781 1797 Eutychio,
2830 1729 2899 1783 ad
2958 1730 3390 1800 suscipiendam
3453 1728 3869 1800 patriarchalem

373 1820 734 1892 repugnante
758 1815 888 1871 licet
910 1815 966 1871 S.
997 1815 1196 1882 Leone,
1223 1813 1320 1885 qui
1345 1828 1622 1868 canonem
1657 1811 2085 1868 Chalcedonen-

376 1925 497 1964 sem
528 1924 595 1963 ea
624 1907 693 1961 de
727 1920 785 1962 re
811 1902 1272 1976 promulgatum,
1307 1908 1588 1973 tanquam
1622 1902 2081 1975 supposititium,

377 2004 434 2053 et
464 1995 728 2053 absoluto
774 1995 885 2064 jam
921 1991 1162 2049 concilio
1210 2009 1308 2062 per
1350 1993 1608 2047 fraudem
1655 1993 1948 2062 adjectum
1993 2009 2082 2046 re-

379 2089 662 2161 probavit.
715 2089 913 2163 Neque
973 2087 1079 2143 hoc
1129 2085 1186 2141 in
1241 2084 1421 2157 gradu
1471 2089 1623 2140 stare
1686 2088 1742 2139 et
1791 2084 2083 2154 quiescere

375 2180 562 2249 potuit
595 2180 853 2237 ambitus
909 2181 1084 2252 hujus
1125 2181 1383 2254 praesulis
1440 2182 1508 2236 de
1556 2178 1828 2234 cathedra
1874 2192 1977 2231 sua
2021 2177 2080 2230 in

365 2271 528 2341 regis
587 2271 729 2325 urbe
776 2286 902 2340 qua:
962 2288 1104 2325 nova
1153 2271 1334 2325 Roma
1393 2269 1708 2333 dicebatur,
1742 2267 2078 2330 constituta,

370 2359 519 2414 ultra
551 2361 789 2414 modum
833 2359 944 2415 sibi
992 2359 1345 2416 blandientis
1377 2364 1434 2415 et
1473 2358 1863 2429 superbientis
1896 2374 1907 2411 :
1949 2371 2081 2410 nam

363 2451 706 2506 cecumenici
739 2450 976 2505 titulum
1010 2455 1110 2505 aut
1145 2453 1346 2521 sponte
1383 2452 1849 2520 assumpserunt,
1876 2450 1976 2502 aut
2008 2447 2078 2500 ab

369 2540 770 2596 adulatoribus
815 2540 1073 2596 oblatum
1114 2541 1399 2596 ambabus
1433 2539 1698 2594 manibus
1731 2542 2081 2607 acceperunt

367 2634 849 2704 retinueruntque
895 2634 1150 2690 Joannes
1221 2633 1322 2699 ΙΙΙ,
1385 2632 1769 2704 Epiphanius,
1826 2635 2080 2709 Mennas,

367 2725 753 2780 meumenicus
784 2724 1111 2796 patriarcha
1142 2741 1294 2794 saepe
1325 2740 1355 2777 a
1387 2722 1606 2795 synodo
1637 2723 2075 2794 Conslantinop.

367 2815 478 2869 sub
528 2815 653 2886 ipso
703 2813 903 2868 habita
932 2818 1193 2879 vocatus,
1235 2813 1448 2884 aliique
1494 2813 1769 2885 deinceps
1811 2813 2076 2882 ejusdem

366 2904 527 2959 urbis
558 2904 832 2974 episc0pi,
867 2903 1247 2958 universalem
1284 2905 1682 2975 praefecturam
1727 2903 1964 2958 forsitan
2017 2903 2076 2958 in

367 2998 551 3048 totum
601 2994 798 3049 orbem
856 2993 1248 3048 Christianum
1291 2997 1348 3048 et
1392 2994 1450 3047 in
1514 2992 1700 3062 ipsam
1753 2993 2074 3048 Romanam

2195 1811 2536 1882 dignitatem
2577 1817 2795 1874 invitus
2827 1820 3073 1892 cogitur,
3109 1836 3287 1891 quam
3331 1818 3481 1874 mira
3530 1819 3871 1885 abstinentia,

2195 1899 2371 1972 largis
2405 1904 2805 1979 eleemosynis,
2836 1908 3082 1980 aliisque
3123 1909 3234 1980 piis
3268 1908 3545 1980 operibus
3586 1909 3871 1965 decoravit.

2194 1987 2332 2060 Ejus
2360 1993 2487 2050 vita:
2517 1997 2791 2053 sanctitas
2824 2000 2943 2055 sive
2974 2001 3197 2055 sincera
3229 1997 3429 2063 fuerit,
3459 2001 3522 2052 ut
3553 1999 3724 2054 Grieci
3755 2015 3873 2052 con-

2194 2082 2460 2153 tendunt,
2521 2086 2638 2142 sive
2678 2088 2889 2156 fucata,
2945 2094 3007 2144 ut
3064 2087 3361 2161 plerisque
3423 2087 3643 2143 Latinis
3690 2086 3870 2159 placet,

2191 2171 2342 2239 quod
2389 2172 2683 2230 humilitas
2730 2178 3012 2233 virtutum
3053 2179 3320 2235 omnium
3367 2178 3794 2234 fundamentum
3831 2177 3873 2231 ei

2191 2260 2445 2315 defuisse
2475 2264 2766 2334 videatur;
2788 2266 2929 2335 haec,
2964 2267 3534 2340 inquam,sanctitas
3566 2273 3663 2325 aut
3693 2266 3875 2322 sancti-

2192 2350 2328 2403 tatis
2360 2352 2602 2422 species,
2630 2371 2740 2409 non
2765 2372 2970 2425 parum
2999 2358 3246 2413 contulit
3271 2361 3347 2415 ad
3387 2360 3798 2417 conciliandum
3831 2361 3874 2413 ei

2190 2439 2528 2498 Mauricium
2564 2445 2996 2517 imperatorem,
3026 2464 3195 2519 quem
3237 2450 3296 2505 in
3342 2455 3462 2507 tota
3503 2452 3597 2507 illa
3637 2454 3702 2508 de
3743 2469 3876 2507 tecu-

2190 2534 2398 2588 menici
2431 2535 2598 2590 titulo
2621 2538 3009 2594 controversia
3040 2539 3510 2598 infensissimum
3535 2551 3786 2615 expertus
3802 2546 3877 2597 est

2189 2624 2245 2678 S.
2280 2623 2613 2696 Gregorius.

2258 2715 2310 2767 9.
2347 2715 2408 2767 lu
2443 2716 2626 2786 prima
2659 2732 2830 2787 quam
2867 2717 2935 2771 de
2969 2717 3073 2773 hoc
3105 2726 3458 2790 argumento
3489 2721 3709 2793 scripsit
3737 2721 3874 2793 epis-

2187 2803 2326 2870 tola,
2358 2805 2512 2876 apud
2562 2805 2900 2862 Mauricium
2941 2809 3266 2881 Augustum
3309 2816 3664 2882 conquestus
3698 2815 3776 2868 est
3810 2810 3871 2864 de

2188 2892 2430 2948 Joannis
2461 2893 2754 2964 superbia,
2790 2911 2899 2966 qua
2931 2914 3038 2968 pax
3068 2898 3214 2954 inter
3243 2899 3555 2973 episcopos
3587 2903 3791 2956 turbata
3822 2901 3869 2951 ct

2186 2983 2529 3040 labefactata
2578 2985 2783 3052 fuerat,
2824 3003 3008 3057 quave
3057 2989 3200 3044 dicit
3245 2989 3628 3048 barbarorum
3673 2989 3870 3061 gladios

367 3082 676 3138 Ecclesiam
709 3082 820 3139 sibi
851 3082 1226 3150 vindicaturi,
1250 3081 1362 3138 nisi
1394 3099 1596 3138 eorum
1629 3082 1914 3153 superbiae
1947 3098 2073 3153 qua
2107 3116 2149 3182 C
2187 3072 2248 3128 in
2290 3072 2710 3146 rempublicam
2759 3077 2978 3131 exacui.
3027 3078 3172 3132 Eum
3216 3094 3349 3134 vero
3400 3080 3492 3136 his
3527 3080 3704 3136 verbis
3744 3078 3868 3134 mire

365 3187 597 3243 semper
629 3171 975 3227 ascendebat
1005 3171 1248 3226 Romani
1282 3172 1582 3243 pontifices
1612 3170 1988 3226 obstitissent.

438 3263 494 3316 7.
516 3262 596 3318 Ex
619 3261 891 3317 omnibus
906 3248 1096 3316 autem
1114 3259 1774 3331 Conetantinopolitanis
1788 3260 2074 3332 episcopis

367 3351 568 3406 nullus
601 3355 760 3407 tanta
786 3351 1098 3423 cupiditate
1123 3350 1401 3423 aucupari
1424 3350 1585 3406 visus
1615 3354 1703 3405 est
1731 3350 2075 3406 oeeumenioi

370 3442 920 3513 nomenclationem,
963 3446 1180 3513 quanta
1209 3441 1460 3498 Joannes
1500 3445 1885 3513 cognomento
1917 3440 2076 3512 Jeju-

365 3537 556 3600 nator,
590 3535 690 3605 qui
734 3549 800 3588 ea
832 3534 901 3589 de
942 3549 1135 3600 causa,
1179 3533 1313 3587 licet
1345 3533 1516 3588 aliam
1552 3531 1949 3602 simularetur,
1989 3548 2073 3602 sy-

367 3623 587 3679 nodum
628 3623 804 3678 totius
855 3622 1110 3677 Orientis
1165 3620 1369 3676 habuit
1423 3620 1946 3692 Constantinopoli,
2018 3627 2076 3676 ut

373 3713 584 3767 docent
663 3727 766 3766 nos
835 3710 1147 3782 scriptores
1212 3726 1325 3766 non
1385 3711 1574 3781 pauci,
1640 3709 2078 3781 praesertimque

372 3802 425 3855 S.
459 3800 787 3871 Gregorius.
816 3798 965 3867 Quod
996 3815 1146 3868 mox,
1187 3799 1397 3871 inquit,
1441 3799 1583 3854 idem
1635 3798 1880 3854 decessor
1926 3815 2078 3854 meus

371 3890 691 3961 (Pelagius)
720 3894 781 3945 ut
839 3893 1081 3961 agnovit,
1134 3889 1354 3946 directis
1404 3890 1606 3946 litteris
1648 3906 1720 3945 ea:
1758 3893 2079 3946 auctoritate

372 3980 425 4034 S.
462 3981 615 4036 Petri
637 3980 871 4050 apostoli
892 3980 1128 4050 ejusdem
1147 3979 1342 4050 synodi
1373 3980 1451 4051 (a)
1482 3982 1604 4034 acta
1637 3981 1895 4034 cassavit.
1932 3981 2076 4046 Qua-

367 4087 491 4124 rum
522 4068 771 4126 videlicet
802 4070 1162 4141 epistolarum
1201 4068 1483 4124 sanctitati
1513 4074 1703 4123 vestrae
1733 4068 2080 4140 exemplaria

368 4162 558 4216 studui
585 4160 883 4216 destinare.
919 4161 1216 4216 Diaconum
1248 4175 1371 4216 vero
1403 4163 1495 4230 qui
1533 4161 1700 4230 juxta
1730 4175 1933 4214 morem
1978 4174 2078 4228 pro

369 4251 649 4321 responsis
726 4250 974 4306 Ecclesia
1001 4249 1267 4320 faciendis
1314 4249 1690 4320 piissimorum
1728 4251 2078 4304 dominorum

371 4341 622 4407 vestigiis
662 4339 1149 4409 adhwrebal,cum
1194 4344 1431 4412 prce/ato
1489 4339 1866 4397 consacerdote
1897 4345 2078 4397 nostro

374 4427 669 4483 missarum
697 4430 958 4485 solemnia
987 4432 1262 4486 celebrare
1301 4431 1582 4502 prohibuit
1611 4431 1754 4503 (Lib.
1789 4447 1837 4498 ν,
1871 4446 1952 4502 ep.
1987 4430 2076 4502 43)

379 4524 512 4575 Haec
558 4517 887 4589 Gregorius,
937 4520 1036 4591 qui
1087 4537 1222 4577 cum
1282 4494 1513 4592 iselagio
1564 4494 1867 4577 successor
1900 4494 2084 4576 'datus
2115 4494 2158 4559 D

378 4609 601 4676 fuisset,
631 4611 911 4666 Joannem
951 4627 1051 4682 per
1089 4611 1472 4667 Sabinianum
1508 4611 1760 4681 legatum
1795 4627 1966 4666 suum
2000 4628 2086 4666 ro-

373 4697 530 4769 gavit
563 4702 627 4754 ut
657 4697 727 4753 ab
759 4695 866 4754 hoc
889 4696 1054 4753 titulo
1082 4697 1416 4757 abstineret.
1441 4700 1510 4754 At
1531 4698 1675 4756 nihil
1700 4698 1790 4754 his
1813 4697 2080 4769 precibus

374 4787 656 4854 lucratus,
692 4785 804 4842 alia
834 4787 1077 4843 tentavit
1107 4789 1380 4844 remedia.

445 4879 498 4933 8.
549 4879 874 4950 Antequam
930 4878 998 4932 de
1047 4875 1312 4948 epistolis
1363 4878 1422 4932 in
1471 4877 1619 4934 hanc
1668 4895 1787 4934 rem
1821 4896 1851 4934 a
1882 4881 2078 4934 sancto

372 4969 642 5039 pontifice
675 4967 908 5039 scriptis
956 4968 1282 5039 loquamur,
1315 4967 1582 5038 quisnam
1617 4968 1791 5023 fuerit
1827 4969 2080 5024 Joannes

376 5061 696 5130 Jejunator,
731 5057 1146 5132 explorandum
1181 5066 1285 5115 est.
1308 5056 1581 5130 Vulgaris
1603 5062 1691 5114 est
1720 5057 1913 5130 opinio
1944 5074 2078 5113 eum

380 5146 556 5203 fuisse
604 5149 984 5218 monachum,
1031 5149 1349 5221 nititurque
1382 5153 1504 5204 tum
1554 5147 1797 5204 Joannis
1847 5146 2082 5204 Diaconi

379 5233 705 5292 testimonio
736 5239 880 5306 (Lib.
906 5256 986 5308 iu,
1016 5256 1060 5294 c.
1093 5238 1335 5308 51),tum
1369 5238 1746 5310 inscriptione
1777 5237 2081 5309 cujusdam

378 5327 665 5380 sermonis
696 5327 766 5382 de
789 5331 1146 5399 pcenitentia,
1178 5330 1278 5402 qui
1310 5329 1416 5403 ipsi
1446 5330 1739 5398 tribuitur,
1764 5329 1890 5388 etin
1915 5327 2084 5385 titulo

378 5413 606 5483 praefert
638 5431 846 5472 nomen
876 5418 1121 5475 Joannis
1154 5420 1423 5476 monachi
1466 5419 1802 5492 patriarchae
1848 5419 1952 5475 ΟΡ.
1995 5433 2084 5476 co-

450 5587 527 5664 (a)
557 5586 818 5664 Exceptis
853 5591 1053 5664 tamen
1085 5588 1178 5664 his
1225 5606 1349 5664 quis
1369 5592 1439 5664 _in
1463 5607 1645 5664 causa
1677 5591 1936 5664 Gregorii
1963 5595 2081 5646 Au-

390 5658 645 5734 tiocheni
689 5658 792 5734 hac
836 5659 910 5734 Ain
953 5658 1473 5734 synodo__absoluti
1516 5667 1572 5718 et
1617 5658 1868 5721 restituti
1918 5666 2083 5734 gesta

401 5733 626 5798 uerunt,
661 5732 727 5786 ut
754 5731 912 5800 patet
942 5745 1011 5787 ex
1039 5745 1132 5800 ep.
1161 5730 1231 5787 68
1261 5728 1365 5786 lib.
1398 5747 1474 5788 rx.

2189 3162 2473 3234 depingit:
2515 3163 2643 3218 Ossa
2666 3165 2904 3236 jejuniis
2934 3170 3268 3233 atteruntur,
3301 3173 3352 3223 et
3387 3178 3568 3226 mente
3597 3177 3865 3240 (urgemus.

2186 3253 2386 3324 Corpus
2435 3252 2692 3324 despectis
2748 3256 2978 3310 vestibus
3026 3259 3245 3328 tegitur,
3305 3264 3357 3314 et
3420 3258 3662 3316 elatione
3705 3256 3866 3313 cordis

2179 3358 2485 3413 purpuram
2547 3360 2887 3415 superamus.
2943 3347 3182 3402 Jacemus
3244 3349 3301 3402 in
3365 3351 3569 3416 cinere,
3634 3353 3683 3404 et
3733 3345 3867 3404 250

2183 3431 2395 3487 excelsa
2442 3431 2788 3504 despicimus.
2825 3435 3073 3491 Doctores
3120 3435 3440 3509 humilium,
3492 3438 3647 3494 duces
3691 3451 3866 3508 super-

2186 3521 2314 3587 biae,
2345 3526 2506 3578 ovina
2527 3527 2668 3594 facie
2697 3525 2914 3595 lupinos
2943 3526 3126 3582 dentes
3156 3527 3564 3586 abscondimus.
3611 3533 3675 3584 Et
3705 3526 3868 3583 multo

2185 3611 2554 3670 manifestius
2573 3612 2640 3666 de
2665 3613 2866 3668 eodem
2899 3612 3143 3684 loquens
3173 3614 3319 3669 infra
3347 3617 3481 3672 :llle
3509 3631 3656 3685 ergo,
3679 3613 3866 3686 inquit,

2185 3704 2362 3771 magis
2393 3708 2469 3757 est
2517 3703 2896 3770 piissimorum
2926 3703 3270 3758 dominorum
3297 3706 3658 3778 praeceptione
3685 3706 3872 3774 ﬂecten-

2185 3796 2306 3862 dus,
2339 3793 2439 3863 qui
2467 3797 2748 3866 praeceptis
2777 3794 3053 3850 canonicis
3091 3793 3466 3850 obedientiam
3501 3795 3740 3868 praebere
3768 3808 3873 3849 con-

2186 3886 2398 3942 temnit.
2452 3885 2548 3940 llle
2622 3884 2946 3940 coercendus
3015 3889 3112 3951 est,
3163 3886 3255 3955 qui
3320 3895 3533 3945 sanctae
3589 3881 3872 3942 universali

2186 3975 2441 4031 Ecclesiae
2472 3973 2735 4044 injuriam
2767 3975 2926 4043 facit,
2961 3974 3056 4044 qui
3100 3974 3268 4029 corde
3298 3984 3497 4045 tumet,
3531 3979 3623 4048 qui
3661 3972 3870 4047 gaudere

2186 4065 2249 4120 de
2299 4063 2520 4119 nomine
2565 4063 2979 4134 singularitatis
3030 4065 3255 4135 appetit,
3314 4068 3407 4136 qui
3451 4067 3642 4122 honori
3686 4075 3873 4136 quoque

2187 4155 2411 4225 imperii
2457 4155 2624 4208 vestri
2653 4169 2707 4208 se
2743 4169 2839 4224 per
2875 4153 3158 4224 privatum
3206 4155 3534 4210 vocabulum
3578 4153 3872 4227 superponit

2187 4244 2327 4316 (Lib.
2361 4259 2414 4310 v,
2457 4258 2542 4314 ep.
2575 4243 2687 4313 20).
2740 4241 2953 4312 Objiclt
2997 4241 3238 4298 Joannis
3275 4243 3450 4298 fastui
3502 4243 3871 4316 apostolorum

2189 4331 2468 4405 principis
2501 4331 2864 4398 modestiam,
2899 4331 2998 4402 qui
3039 4332 3144 4387 etsi
3180 4332 3355 4387 totius
3393 4332 3658 4390 Ecclesiae
3691 4347 3871 4388 curam

2188 4441 2219 4477 a
2273 4423 2499 4478 Christo
2559 4420 2899 4493 accepisset,
2950 4435 3264 4492 numquam
3307 4427 3504 4478 tamen
3556 4420 3874 4479 universalis

2193 4514 2488 4587 apostolus
2527 4514 2712 4570 vocari
2753 4514 2927 4570 voluit
2962 4530 2974 4578 ;
3011 4515 3178 4585 cujus
3220 4516 3485 4586 exemplo
3531 4515 3875 4572 adhaeserunt

2192 4605 2319 4674 ejus
2359 4604 2662 4675 dignitatis
2704 4603 2962 4658 heredes
3005 4603 3244 4658 Romani
3291 4605 3643 4676 pontifices;
3694 4608 3876 4677 postea

2191 4693 2506 4751 exclamat:
2562 4694 2606 4748 0
2653 4700 2914 4764 tempora,
2946 4709 2974 4748 ο
3005 4699 3232 4749 mores!
3280 4695 3408 4750 Ecce
3447 4701 3642 4751 cuncta
3688 4698 3745 4750 in
3784 4697 3876 4750 Eu-

2191 4802 2335 4858 ropae
2353 4786 2604 4858 partibus
2632 4784 3004 4839 Barbarorum
3048 4785 3162 4852 iuri
3188 4793 3315 4840 sunt
3348 4786 3578 4856 tradita,
3609 4786 3874 4841 destructa:

2192 4877 2368 4946 urbes,
2427 4891 2615 4932 eversa
2671 4877 2870 4941 castra,
2929 4873 3268 4945 depopulata
3324 4877 3652 4947 provinciaz,
3700 4873 3876 4930 nullus

2193 4977 2398 5025 terram
2438 4966 2618 5022 cultor
2661 4963 2937 5020 inhabitat
2972 4981 2986 5032 ;
3019 4964 3256 5021 saeviunt
3287 4971 3334 5020 et
3364 4966 3718 5023 dominantur
3752 4977 3874 5036 quo-

2194 5060 2336 5114 tidie
2365 5060 2423 5112 in
2451 5071 2635 5112 necem
2665 5053 2920 5125 fidelium
2961 5057 3195 5112 cultores
3253 5056 3524 5114 idolorum
3557 5077 3577 5123 ;
3615 5065 3665 5112 et
3706 5060 3876 5110 tamen

2191 5147 2514 5218 sacerdotes,
2573 5150 2670 5218 qui
2725 5144 2784 5200 in
2813 5149 3123 5217 pavimento
3153 5151 3204 5202 et
3234 5148 3415 5203 cinere
3443 5149 3632 5217 flentes
3705 5146 3873 5212 facere

2193 5236 2522 5302 debuerunt,
2563 5235 2831 5291 vanitatis
2877 5235 2983 5292 sibi
3036 5237 3264 5292 nomina
3312 5241 3594 5308 expetunt,
3647 5239 3697 5290 et
3737 5231 3875 5289 novis

2192 5340 2258 5381 ac
2282 5325 2529 5395 profanis
2556 5323 2831 5379 vocabulis
2865 5321 3206 5394 gloriantur.

2263 5411 2522 5468 Tandem
2557 5411 2712 5468 hunc
2744 5411 2978 5467 titulum
3002 5413 3205 5468 arietat
3236 5413 3436 5470 multis
3465 5410 3739 5469 rationum
3771 5421 3878 5463 mo-

2263 5587 2340 5658 (b)
2371 5586 2429 5658 S.
2454 5585 2716 5642 Isidorus
2745 5585 2845 5642 lib.
2867 5586 2938 5642 de
2958 5585 3109 5642 Viris
3134 5585 3318 5644 lllust.
3348 5603 3394 5642 c.
3420 5587 3488 5642 26
3517 5586 3678 5641 docet
3699 5590 3872 5638 tamen

2192 5672 2328 5715 eum
2361 5657 2540 5715 fuisse
2570 5658 2988 5730 Cappadocem.
