4106 6174
246 220 350 281 349

662 224 723 285 S.
771 227 1153 292 GREGORII
1200 233 1446 296 MAGNI
1493 237 1699 318 VI'I‘A,
1750 242 1850 301 EX
1900 244 2080 305 EJUS
2127 183 2474 309 SCItIt’TlS
2522 248 2978 310 ADORNATA.
3028 249 3175 310 LIB.
3223 248 3332 311 III.

3646 248 3766 308 350

245 367 472 432 mentis,
494 370 815 439 praesertim
831 385 898 426 ex
920 389 1094 443 pravo
1110 390 1283 432 sensu
1308 378 1399 432 cui
1423 378 1949 448 subest,deductis.
1981 388 2035 455 Α
2142 391 2222 446 tt.
2253 392 2609 465 Responsum
2643 393 2866 466 Eulogii
2910 393 3008 448 diu
3052 391 3400 466 exspectavit
3431 390 3764 464 Gregorius,

248 455 535 529 Praecipua
567 459 783 530 quibus
816 462 1101 519 Joannem
1138 471 1300 537 urget
1329 475 1693 540 argumenta,
1738 480 1859 530 tum
1894 476 1953 532 in

240 543 339 600 bac
372 546 622 617 epistola
642 554 769 604 tam
802 549 860 605 in
893 551 1045 620 aliis,
1080 570 1147 609 ea
1178 561 1356 612 sunt:
1391 566 1679 632 repugnat
1712 562 1955 620 humili-

241 634 335 689 tati
357 636 698 693 Christianae
723 657 853 711 quae
875 642 935 697 in
985 645 1275 717 episcopis
1300 648 1484 720 magis
1515 652 1734 724 fulgere
1764 655 1952 719 debet,

244 742 443 782 novum
472 728 813 785 oecumenici
845 747 1056 788 nomen
1084 751 1097 801 ;
1130 734 1474 793 charitatem
1506 741 1727 813 turbat,
1761 744 1955 800 unita-

242 821 353 871 tem
387 816 624 885 scindit,
659 823 896 877 caeteros
947 822 1251 896 episcopos
1281 842 1387 882 sua
1415 828 1691 901 dignitate
1722 833 1951 905 spoliat,

247 911 305 958 ut
334 922 518 962 unum
572 912 795 964 tantum
840 910 1007 967 faciat
1058 914 1415 987 episcOpum,
1451 934 1566 990 quo
1599 928 1803 978 ruente
1834 928 1955 980 tota

247 995 355 1050 ruit
385 996 666 1055 Ecclesia.
690 999 955 1073 Cumque
978 1003 1263 1075 plurimos
1282 1006 1953 1082 Constantinopolitanos

244 1084 541 1157 episcopos
566 1086 624 1143 in
676 1086 943 1146 haeresim
986 1091 1182 1163 lapsos
1223 1110 1346 1151 esse
1377 1095 1655 1169 legamus,
1691 1102 1825 1157 inde
1855 1117 1955 1158 se-

246 1180 515 1245 queretur
574 1192 607 1232 a
663 1194 799 1235 vera
846 1179 959 1235 ﬁde
1010 1183 1222 1253 saepius
1267 1186 1555 1243 excidisse
1607 1189 1948 1248 Ecclesiam.

244 1263 501 1336 Denique
552 1268 799 1324 Romani
850 1270 1145 1341 pontificis
1178 1273 1417 1330 titulum
1463 1276 1619 1333 hunc
1661 1278 1811 1336 ultro
1842 1282 1952 1338 sibi

244 1354 499 1410 oblatum
535 1364 902 1428 respuerant.

310 1444 521 1515 Papam
572 1446 841 1505 hortatus
886 1450 1073 1507 fuerat
1119 1454 1432 1525 imperator
1461 1460 1525 1512 ut
1568 1473 1698 1515 cum
1729 1460 1953 1517 Joanne

250 1533 475 1604 paciﬁca
507 1542 701 1608 ageret
729 1558 742 1598 ;
776 1540 847 1595 ad
880 1543 1036 1612 quod
1071 1546 1367 1615 reSpondit
1394 1564 1407 1602 :
1438 1548 1518 1604 Ad
1548 1552 1715 1607 vitam
1745 1560 1954 1608 rectam

253 1628 543 1680 revertatur
572 1630 765 1683 auctor
794 1630 1068 1700 scandali,
1094 1640 1144 1688 et
1174 1634 1363 1692 omnia
1392 1639 1732 1696 sacerdotum
1754 1641 1954 1713 iurgia

256 1714 537 1769 cessabunt.
600 1716 710 1787 Ego
773 1721 919 1774 enim
975 1729 1301 1779 cunctorum
1370 1729 1712 1785 sacerdotum
1768 1746 1953 1787 servus

258 1819 375 1871 sum,
424 1806 755 1875 inquantum
800 1809 902 1880 ipsi
946 1813 1370 1870 sacerdotaliter
1420 1820 1645 1874 vivunt:
1695 1838 1825 1876 nam
1859 1824 1954 1892 qui

263 1896 431 1948 contra
488 1897 910 1967 omnipotentem
943 1901 1239 1958 Dominum
1274 1920 1371 1975 per
1402 1907 1590 1962 inanis
1617 1909 1813 1979 gloriae
1860 1919 1950 1966 tu-

269 1998 470 2049 morem,
515 1993 680 2056 atque
724 1992 916 2043 contra
961 1993 1170 2047 statuta
1218 1995 1446 2051 Patrum
1485 2013 1643 2053 suam
1690 1999 1950 2055 cervicem

269 2077 422 2145 erigit,
456 2077 514 2130 in
544 2079 917 2148 omnipotenti
959 2081 1184 2139 Domino
1219 2085 1445 2155 conﬁdo,
1477 2090 1607 2159 quia
1636 2106 1819 2145 meam
1848 2093 1954 2145 sibi

269 2180 346 2218 nec
371 2182 487 2219 cum
515 2165 722 2234 gladiis
750 2168 939 2237 ﬂectit.

284 2263 293 2273 ’
327 2253 469 2309 Idem
520 2256 638 2310 fere
668 2261 758 2311 est
800 2270 1198 2329 argumentum
1232 2264 1483 2336 epistolis
1516 2268 1584 2323 ad
1616 2270 1948 2325 Constanti-

272 2359 381 2397 nam
411 2349 733 2416 Augustam
780 2348 1006 2419 scriptte
1039 2352 1226 2422 (Ibit,
1256 2370 1337 2426 ep.
1391 2357 1502 2425 21).
1541 2358 1949 2415 Vehementius

273 2437 435 2488 tamen
467 2435 722 2507 insurgit
753 2438 809 2492 in
832 2437 1141 2507 Joannem,
1174 2443 1343 2515 cujus
1372 2446 1719 2505 immensam
1752 2468 1951 2522 super-

270 2520 398 2576 biam
426 2522 503 2578 ait
549 2527 939 2595 praenuntiare
984 2532 1312 2604 propinqua
1355 2537 1696 2593 Antichristi
1727 2520 1951 2612 tempo-

270 2625 353 2677 ra;
383 2610 535 2667 illum
563 2614 778 2685 quippe
805 2615 1090 2688 imitatur,
1124 2621 1221 2692 qui
1267 2627 1463 2694 spretis
1493 2630 1547 2681 in
1591 2630 1784 2684 sociati
1810 2610 1949 2699 gau-

269 2698 339 2753 dio
362 2702 671 2769 angelorum
701 2705 1027 2777 legionibus,
1060 2710 1133 2765 ad
1161 2712 1373 2768 culmen
1405 2724 1636 2772 conatus
1660 2726 1738 2773 est
1764 2698 1948 2789 singu-

270 2790 495 2848 laritatis
524 2810 833 2867 erumpere,
867 2798 1085 2855 dicens:
1135 2802 1307 2875 Super
1354 2812 1504 2863 astra
1543 2810 1664 2863 casti
1691 2811 1947 2866 exaltabo

270 2880 443 2936 solium
470 2897 649 2939 meum
678 2886 807 2957 (lsa.
840 2904 953 2955 xxv,
993 2889 1101 2962 13).

326 2973 398 3027 10.
430 2972 566 3029 Cum
626 2976 1036 3050 episcoporum
1079 2983 1362 3056 omnium,
1410 2988 1659 3045 maxime
1688 3007 1819 3047 vero
1845 3009 1945 3062 pa-

268 3060 645 3133 triarcharum,
726 3065 914 3124 honor
970 3068 1079 3126 hac
1148 3075 1529 3145 usurpatione
1586 3060 1934 3151 pulsaretur,

265 3156 467 3209 sanctus
498 3153 803 3225 Gregorius
833 3158 905 3212 ad
941 3159 1245 3232 Eulogium
1280 3140 1757 3237 Alexandrinum,
1782 3175 1839 3226 et
1865 3140 1935 3227 ad
1969 3140 2012 3207 α

260 3241 599 3299 Anastasium
637 3246 1068 3304 Antiochenam
1119 3252 1531 3322 patriarcham,
1570 3273 1942 3317 communem

258 3331 463 3402 scripsit
486 3334 794 3406 epistolam
826 3337 1012 3408 (lbid.,
1048 3355 1136 3412 ep.
1178 3343 1293 3411 43),
1324 3345 1417 3400 cui
1451 3347 1718 3416 adjunxit
1746 3351 1941 3408 omnia

256 3416 358 3475 litis
378 3419 547 3493 hujus
574 3424 984 3497 instrumenta,
1011 3433 1066 3484 et
1091 3432 1443 3503 exemplaria
1462 3436 1789 3495 litterarum
1812 3445 1937 3497 tum

258 3524 287 3559 ι
311 3507 525 3583 Pelagio
577 3513 648 3580 ll,
682 3517 808 3570 tum
843 3532 876 3571 a
904 3533 964 3572 se
994 3517 1065 3573 ad
1104 3518 1390 3580 Joannem
1439 3526 1785 3598 scriptarum
1815 3548 1828 3598 ;
1876 3538 1939 3586 ut

256 3597 626 3673 intelligerent
657 3604 727 3660 de
757 3621 992 3663 summa
1042 3609 1433 3682 episcOpatus,
1464 3597 1724 3688 adeoque
1761 3597 1940 3676 totius

256 3686 523 3758 Ecclesia,
548 3693 641 3764 agi
682 3693 790 3749 hac
819 3694 879 3750 in
919 3702 1331 3757 controversia.
1365 3703 1511 3759 Tum
1544 3686 1647 3761 eos
1674 3707 1943 3764 hortatur

256 3783 310 3831 ut
343 3780 629 3837 neminem
682 3798 939 3854 unquam
971 3786 1094 3843 suis
1141 3788 1200 3844 in
1251 3791 1515 3863 epistolis
1550 3795 1937 3854 universalem

247 3868 530 3927 nominent
552 3872 916 3944 episcopum,
944 3891 1014 3931 ne
1030 3876 1143 3933 sibi
1166 3878 1427 3938 debitum
1452 3885 1776 3957 detrahant,
1800 3902 1935 3943 cum

242 3957 393 4015 alteri
438 3960 720 4019 honorem
771 3964 1020 4022 offerunt
1049 3968 1398 4028 indebitum.
1433 3975 1580 4042 Quia
1608 3993 1744 4032 vero
1775 3978 1935 4048 pacis

247 4052 297 4101 et
326 4052 552 4108 unitatis
577 4070 744 4110 amor
764 4054 1117 4115 intercedere
1135 4066 1358 4131 poterat
1380 4066 1696 4135 quominus
1725 4067 1935 4125 Joanni

244 4140 581 4211 resisterent,
633 4145 801 4201 docet
848 4162 962 4218 qua
1012 4149 1226 4206 ratione
1276 4152 1519 4210 fovenda
1566 4154 1640 4211 sit
1689 4174 1822 4230 pax,
1865 4176 1933 4214 ex

239 4226 492 4298 Apostolo
516 4232 778 4291 dicente:
811 4237 872 4292 Si
889 4234 1026 4307 ﬁeri
1041 4244 1232 4309 potest,
1257 4242 1395 4313 quod
1421 4258 1490 4300 ex
1509 4245 1657 4301 vobis
1685 4226 1784 4317 est,
1806 4264 1933 4304 cum

239 4319 473 4377 omnibus
530 4323 843 4382 hominibus
885 4344 1078 4399 pacem
1135 4329 1396 4389 habentes
1442 4335 1617 4404 (Rom.
1659 4354 1758 4407 xu,
1802 4338 1929 4411 18):

242 4405 371 4463 Vidit
400 4415 570 4481 enim,
603 4414 810 4486 inquit,
866 4434 1060 4489 pacem
1119 4421 1283 4478 bonos
1341 4439 1466 4479 cum
1521 4428 1681 4482 malis
1736 4405 1933 4485 habere

2066 484 2163 553 qui
2197 482 2266 537 de
2300 488 2456 539 tanta
2498 500 2654 539 mora
2684 500 2816 542 cum
2874 501 2939 539 eo
2998 481 3376 554 eXpostulavit
3422 480 3607 535 amice
3654 481 3768 536 alia

2064 572 2126 629 in
2181 573 2424 644 epistola
2483 574 2581 630 ubi
2625 582 3040 631 commemorat
3093 574 3305 629 beatum
3376 571 3765 643 evangelistam

2063 663 2304 719 Marcum
2331 681 2365 719 a
2393 674 2580 721 sancta
2612 667 2773 722 Petro
2810 664 3049 737 apostolo
3098 664 3361 733 magistro
3389 676 3487 717 suo
3518 661 3765 717 Alexan-

2062 752 2242 808 driam
2272 755 2442 824 fuisse
2496 757 2877 811 transmissum
2926 753 3067 825 (Lib.
3125 770 3202 821 v1,
3234 769 3316 823 ep.
3348 752 3458 822 60),
3494 750 3647 806 unde
3677 750 3764 804 in-

2062 842 2173 899 l‘ert
2213 844 2525 900 Ecclesium
2583 844 3031 900 Alexandrinam
3078 843 3290 898 arctius
3334 841 3610 896 Romanae
3639 856 3766 896 esse

2063 934 2425 989 adstrictam.
2458 934 2663 991 Postea
2694 939 2885 990 tamen
2920 932 3199 1005 Eulogius
3228 948 3394 1005 papze
3424 930 3763 1002 respondit:

2063 1039 2125 1080 se
2158 1030 2215 1079 ut
2240 1025 2449 1094 jussus
2480 1024 2683 1090 fuerat,
2708 1022 3012 1079 scribendo
3035 1023 3104 1078 ad
3136 1024 3417 1076 Joannem
3451 1018 3765 1074 abstinuis-

2062 1128 2122 1168 se
2153 1129 2186 1167 a
2216 1111 2483 1184 superbis
2514 1112 2834 1179 vocabulis,
2868 1129 2991 1182 quas
3025 1128 3090 1167 ex
3124 1108 3393 1166 vanitatis
3425 1107 3614 1163 radice
3633 1121 3764 1178 pro-

2063 1203 2309 1269 dierant,
2341 1217 2519 1273 eaque
2540 1217 2602 1256 se
2624 1200 2878 1274 amplius
2907 1217 3017 1257 non
3047 1202 3486 1270 usurpaturum.
3509 1198 3582 1251 At
3610 1194 3767 1249 laese-

2063 1293 2202 1344 runt
2231 1304 2521 1344 summam
2554 1286 2813 1359 Gregorii
2858 1286 3202 1341 modestiam
3250 1285 3426 1340 verba
3456 1283 3596 1352 haec,
3626 1282 3765 1337 sicut

2053 1379 2340 1450 jussistis:
2373 1377 2524 1443 Quod
2573 1378 2797 1432 verbum
2836 1377 3126 1445 jussionis,
3177 1374 3386 1443 inquit,
3426 1382 3549 1444 peto
3580 1389 3611 1428 α
3649 1388 3765 1427 meo

2061 1468 2249 1523 auditu
2272 1475 2579 1529 removete;
2602 1468 2729 1537 quia
2752 1468 2862 1521 scio
2886 1468 2982 1536 qui
3005 1481 3143 1534 sum,
3168 1465 3263 1536 qui
3289 1464 3436 1519 estis.
3466 1464 3597 1518 Loco
3619 1466 3767 1517 enim

2061 1557 2205 1613 mihi
2248 1559 2449 1626 fratres
2495 1558 2644 1625 estis,
2689 1555 2922 1610 moribus
2965 1559 3149 1625 patres
3188 1552 3330 1622 (Lib.
3380 1560 3497 1623 vin,
3529 1566 3613 1624 ep.
3653 1550 3759 1620 30).

2064 1647 2250 1719 Magis
2281 1662 2427 1720 aegre
2486 1646 2620 1701 tulit
2662 1662 2724 1701 se
2775 1644 2845 1700 ab
2896 1644 2994 1698 illo
3046 1641 3431 1698 universalem
3465 1656 3673 1712 papam
3703 1639 3763 1694 in

1988 1763 2030 1827 Β
2064 1737 2321 1812 epistola:
2370 1737 2747 1808 inscriptione
2795 1735 3174 1827 appellatum.
3225 1730 3765 1827 Becedant,_inquit,

2059 1829 2221 1884 verba
2254 1843 2378 1899 qua:
2410 1826 2706 1882 vanitatem
2746 1826 2969 1895 inﬂant,
3006 1833 3054 1880 et
3082 1824 3411 1879 charitatem
3440 1823 3761 1885 vulnerant,

2084 1917 2217 1974 Ibid.

2059 1918 2411 2073 (Ibile:)0uod
2444 2012 2665 2080 spectat
2695 2009 2764 2062 ad
2811 2005 3205 2071 Anastasium,
3240 2019 3355 2059 non
3387 2002 3650 2076 probavit
3680 2002 3767 2057 vir

2061 2098 2196 2169 pius
2228 2102 2443 2153 tantam
2477 2114 2581 2169 pro
2614 2095 2957 2152 oecumenici
2980 2093 3153 2149 titulo
3185 2096 3403 2148 motam
3435 2094 3767 2147 controver-

2059 2186 2231 2251 siam,
2268 2190 2333 2240 ut
2363 2188 2522 2256 patet
2576 2201 2646 2240 ex
2699 2183 2815 2239 alia
2870 2184 2944 2240 ad
3001 2184 3197 2255 ipsum
3243 2181 3459 2253 scripta
3497 2177 3763 2251 epistola.

2060 2276 2207 2332 Mira
2228 2280 2421 2333 autem
2453 2275 2635 2331 eluxit
2688 2274 2946 2347 Gregorii
2974 2273 3251 2331 modestia
3288 2277 3345 2328 et
3374 2270 3673 2327 humilitas
3705 2269 3765 2323 in

2057 2368 2401 2440 excipienda
2434 2366 2620 2422 libera
2650 2363 2760 2421 hac
2790 2364 2961 2421 amici
2990 2364 3410 2460 admonitione,
3441 2375 3585 2432 pene
3614 2358 3767 2460 dixe-

2058 2458 2167 2512 rim
2201 2455 2629 2528 increpatione;
2657 2454 2751 2511 his
2782 2454 2938 2511 enim
2961 2453 3151 2511 verbis
3173 2452 3512 2509 charitatem
3544 2452 3769 2522 spiran-

2057 2548 2216 2603 tibus
2247 2547 2473 2603 orditur
2518 2546 2821 2617 epistolam
2854 2561 2972 2617 qua
3007 2543 3317 2601 Anastasio
3358 2540 3621 2639 monenti
3638 2555 3764 2639 res-

2056 2638 2274 2708 pondet
2316 2655 2328 2692 :
2381 2636 2751 2693 Desideratam
2806 2634 3156 2691 suavissimae
3212 2639 3405 2688 vestrae
3446 2633 3757 2687 sanctitatis

2054 2727 2341 2799 epistolam
2385 2726 2668 2782 communi
2722 2724 2839 2794 ﬁlio
2891 2723 3199 2779 Sabiniano
3228 2721 3454 2777 diacono
3481 2720 3759 2790 deferente

2054 2818 2282 2887 suscepi,
2314 2819 2372 2870 in
2405 2832 2514 2887 qua
2543 2831 2653 2871 non
2697 2814 2921 2883 lingua,
2962 2812 3054 2869 sed
3081 2809 3489 2908 animae-verba
3513 2808 3756 2908 pro/lue:

2056 2906 2214 2961 bant.
2246 2907 2310 2961 Et
2331 2920 2441 2961 non
2471 2907 2673 2959 mirum
2698 2905 2747 2959 si
2792 2904 2927 2959 bene
2956 2903 3196 2974 loquitur
3222 2899 3319 2973 qui
3343 2902 3583 2972 perfecte
3621 2899 3758 2951 vivit

2053 2995 2195 3065 (Lib.
2227 3011 2322 3063 vn,
2355 3012 2436 3067 ep.
2470 2994 2583 3066 27).

2128 3085 2189 3140 Et
2241 3085 2507 3157 quamvis
2566 3084 2639 3140 ab
2693 3084 3035 3140 insectando
3077 3078 3422 3139 cecumenici
3479 3076 3757 3176 vocabulo

2054 3190 2352 3245 nunquam
2389 3172 2721 3242 cessaverit,
2753 3171 2905 3245 quod
2934 3170 3076 3226 illud
3110 3169 3440 3242 profanum,
3462 3168 3520 3223 et
3538 3168 3757 3238 episco-

2053 3262 2145 3334 pis
2175 3264 2449 3320 omnibus
2477 3263 2829 3334 iniuriosum
2856 3266 3112 3333 putaret;
3138 3257 3517 3315 nihilominus
3540 3273 3572 3311 a
3592 3270 3754 3311 com-

2052 3354 2331 3409 munione
2390 3352 2733 3425 patriarchae
2780 3352 2883 3407 CP.
2934 3367 3049 3408 non
3099 3347 3381 3406 recessit:
3426 3349 3480 3402 et
3525 3348 3753 3444 mortuo

2048 3444 2289 3513 Joanne,
2319 3442 2543 3516 Cyriaci
2595 3444 2722 3515 ejus
2770 3441 3127 3499 successoris
3176 3437 3483 3511 epistolam
3514 3434 3744 3508 synodi-

2049 3548 2198 3598 cam,
2248 3532 2305 3587 in
2337 3549 2453 3604 qua
2501 3530 2923 3589 tecumenicum
2955 3546 3017 3586 se
3048 3526 3438 3602 patriarebam
3480 3523 3751 3595 praefatus

2050 3621 2253 3689 fuerat,
2312 3622 2586 3691 suscepit,
2646 3637 2717 3677 ne
2774 3620 3056 3677 unitatem
3115 3616 3387 3676 Ecclesia:
3442 3613 3751 3671 scinderet.

2049 3712 2172 3775 Qua
2217 3728 2350 3769 vero
2373 3712 2445 3767 de
2474 3726 2655 3768 causa
2696 3711 2983 3782 patienter
3014 3709 3317 3765 terendum
3358 3706 3468 3763 hoc
3498 3703 3751 3760 vocabu-

2047 3802 2169 3856 lum
2187 3801 2429 3857 senserit
2464 3799 2833 3866 Anastasius,
2861 3799 3015 3855 haud
3057 3796 3293 3854 diﬂicile
3314 3798 3403 3851 est
3423 3794 3753 3850 subodora-

2048 3890 2333 3962 ri.Nuper
2370 3891 2549 3956 enim,
2576 3906 2607 3945 e
2637 3889 2780 3945 vivis
2814 3888 3044 3945 sublato
3076 3886 3352 3958 Gregorio
3385 3884 3746 3940 Antiocheno

2044 3980 2399 4052 patriarcha,
2424 3981 2495 4035 ab
2518 3978 2722 4035 exsilio
2753 3982 3054 4036 revocatus
3076 3978 3265 4034 fuerat
3292 3973 3657 4073 Anastasius,
3690 3976 3748 4027 et

2042 4070 2302 4142 pristinas
2333 4072 2449 4127 sedi
2482 4070 2821 4136 restitutus;
2853 4084 2969 4140 qua
2998 4067 3068 4123 de
3099 4083 3159 4123 re
3188 4063 3519 4165 gratulatus
3550 4062 3602 4164 ei
3629 4061 3750 4165 tue-

2042 4167 2133 4219 rat
2189 4166 2388 4219 noster
2443 4160 2757 4235 Gregorius
2815 4160 2953 4233 (Lib.
2988 4175 3043 4227 ν,
3091 4174 3174 4254 ep.
3206 4157 3315 4254 39).
3368 4158 3507 4254 Cum
3568 4156 3746 4254 igitur

2041 4258 2171 4326 post
2197 4254 2370 4325 longa
2415 4253 2586 4318 bella,
2635 4268 2777 4325 pace
2810 4251 3045 4308 tandem
3086 4251 3394 4315 frueretur,
3426 4248 3599 4316 atque
3629 4248 3743 4299 im-

2040 4344 2324 4415 peratoris
2353 4342 2654 4407 beneﬁcio,
2704 4342 3004 4398 annitente
3035 4353 3267 4410 quoque
3299 4342 3491 4393 forsan
3520 4334 3744 4391 Joanne

2038 4434 2145 4490 ΟΡ.
2178 4433 2530 4505 patriarcha,
2562 4447 2736 4504 quem
2796 4434 3097 4502 Augustus
3154 4431 3224 4485 de
3279 4426 3522 4501 negotiis
3562 4424 3742 4483 eccle-

238 4512 333 4552 non
363 4516 554 4570 posse;
587 4506 637 4559 et
686 4505 911 4573 idcirco,
956 4510 1099 4565 sicut
1147 4513 1339 4579 nostis,
1382 4514 1678 4584 praemisit,
1729 4516 1779 4573 si
1810 4517 1934 4574 ﬁeri

2061 4524 2299 4580 tiasticis
2327 4523 2632 4581 consulere
2656 4522 2900 4593 solebat,
2918 4537 3081 4578 suam
3099 4520 3295 4577 sedem
3328 4521 3741 4588 recuperasset,

240 4592 505 4654 potest...
540 4592 717 4661 Quam
744 4596 993 4654 videlicet
1020 4616 1205 4671 pacem
1239 4605 1369 4659 tunc
1397 4607 1659 4661 veraciter
1686 4609 1932 4664 tenemus

234 4687 348 4731 cum
384 4682 741 4751 superborum
785 4687 974 4758 culpas
1019 4688 1289 4747 charitate
1314 4694 1479 4749 simul
1523 4702 1577 4751 et
1587 4696 1815 4766 justitia
1846 4699 1931 4753 in-

234 4767 435 4826 sistente
457 4777 875 4846 prosequimur,
909 4794 1033 4834 cum
1062 4795 1147 4836 eos
1170 4781 1463 4854 diligimus
1492 4792 1546 4842 et
1573 4801 1760 4843 eorum
1788 4789 1931 4845 vitia

237 4855 647 4950 odiohabemus.
680 4865 799 4924 Hoc
827 4869 1023 4926 animo
1068 4871 1150 4928 ait
1180 4873 1400 4931 bellum
1433 4878 1722 4950 superbire
1751 4880 1930 4937 Joan-

240 4945 317 5001 nis
347 4948 717 5012 indicendum
748 4972 898 5028 esse,
921 4964 978 5016 et
1004 4976 1106 5033 pro
1128 4965 1344 5021 tuendo
1366 4945 1605 5024 suarum
1638 4969 1930 5027 Ecclesia-

243 5049 359 5093 rum
405 5041 641 5113 honore,
683 5063 786 5118 per
832 5048 981 5106 hanc
1028 5053 1361 5124 superbiam
1404 5060 1780 5129 pessumdato
1810 5059 1927 5117 illis

240 5139 354 5218 esse
383 5133 839 5195 decertandum:
867 5139 1039 5209 State,
1082 5142 1291 5216 inquit,
1321 5146 1513 5218 fortes,
1554 5155 1694 5208 state
1723 5151 1924 5208 securi.

238 5213 435 5291 Scripta
479 5240 601 5280 cum
649 5229 977 5286 universalis
1022 5213 1267 5289 nominis
1322 5238 1586 5308 falsitate,
1638 5250 1738 5296 nec
1794 5241 1928 5298 dare

239 5320 500 5383 umquam,
534 5332 636 5372 nec
689 5320 929 5385 recipere
968 5325 1418 5393 prsesumatis....
1478 5329 1541 5385 Si
1594 5347 1705 5403 qua
1740 5340 1925 5388 autem

236 5397 442 5457 adversa
489 5404 912 5478 subsequantur,
956 5416 1301 5471 unanimiter
1353 5421 1724 5490 persistentes,
1753 5424 1925 5478 etiam

233 5492 499 5548 moriendo
528 5494 783 5553 debemus
813 5502 1094 5557 ostendere
1142 5507 1269 5574 quia
1308 5508 1368 5562 in
1406 5507 1718 5567 damnando
1759 5527 1924 5583 gene-

233 5576 471 5638 ralitatis
497 5587 743 5656 nomine,
777 5593 1022 5647 nostrum
1050 5595 1362 5665 specialiter
1390 5598 1613 5671 aliquid
1639 5576 1926 5671 non'ama-

232 5680 357 5727 mus.

2038 4612 2255 4669 iterum
2284 4613 2444 4670 adire
2474 4612 2729 4684 pericula
2760 4616 3051 4680 metuens,
3080 4627 3112 4667 e
3138 4626 3196 4668 re
3216 4608 3408 4681 magis
3438 4624 3566 4664 esse
3588 4606 3744 4678 judi-

2036 4704 2188 4760 cavit
2215 4702 2463 4775 benigne
2493 4702 2841 4761 mcumenici
2869 4701 3108 4759 titulum
3138 4698 3531 4772 interpretari,
3564 4711 3740 4768 quam

2037 4808 2143 4865 pro
2174 4791 2274 4849 illo
2307 4797 2584 4864 usurpato
2611 4792 2955 4849 tumultuari
2983 4796 3040 4849 et
3069 4789 3438 4885 contendere.
3515 4874 3548 4885 Η

2110 4880 2275 4939 25]
2321 4883 2408 4940 13.
2464 4882 2584 4939 Hae
2636 4882 2701 4939 in
2758 4881 3009 4954 epistola
3053 4878 3454 4939 observatione
3495 4877 3740 4945 dignum

2036 4970 2283 5040 videtur,
2318 4972 2439 5031 haec
2489 4973 2666 5030 verba
2719 4973 2892 5029 Amen
2943 4970 3148 5044 gratia,
3204 4965 3430 5024 laudari
3461 4969 3740 5033 tanquam

2037 5061 2220 5118 sancti
2250 5062 2525 5135 martyris
2554 5062 2762 5135 Ignatii
2802 5059 3144 5117 Antiocheni
3172 5054 3429 5153 episcopi
3450 5053 3743 5153 priusque

2037 5160 2319 5223 usurpata
2348 5155 2523 5210 etiam
2554 5153 2624 5208 ab
2654 5150 2965 5208 Anastasio
2999 5148 3179 5205 tuisse
3225 5145 3384 5201 velut
3413 5144 3485 5245 ab
3518 5144 3740 5245 Ignatio

2038 5240 2163 5298 suis
2191 5242 2413 5299 inserta
2443 5240 2708 5314 epistolis
2742 5257 2753 5293 :
2779 5256 2846 5296 ea
2874 5243 3067 5295 tamen
3096 5238 3153 5292 in
3187 5235 3477 5309 germanis
3524 5236 3581 5291 et
3610 5235 3739 5290 siu-

2034 5331 2183 5388 ceris
2214 5332 2474 5402 ejusdem
2506 5329 2777 5402 martyris
2798 5326 3063 5401 epistolis
3094 5326 3334 5385 minime
3364 5322 3738 5398 reperiri,sed

2034 5421 2315 5476 duntaxat
2354 5420 2411 5475 in
2470 5421 2793 5490 corruptis;
2830 5419 2981 5475 unde
3038 5420 3267 5475 constat
3322 5431 3418 5473 eas
3440 5418 3567 5488 jam
3600 5421 3738 5470 tunc

2033 5509 2216 5566 fuisse
2254 5510 2615 5585 depravatae.

2107 5600 2192 5655 14.
2230 5599 2292 5655 In
2351 5598 2732 5657 discutiendis
2788 5600 3010 5659 caeteris
3062 5598 3323 5675 Gregorii
3353 5614 3481 5655 eam
3513 5596 3587 5653 ob
3613 5610 3735 5651 rem

2032 5688 2267 5762 scriptis
2314 5689 2577 5763 epistolis
2621 5708 2737 5750 non
2777 5691 3191 5762 immoramur;
3224 5693 3284 5747 at
3326 5686 3558 5746 silentio
3587 5701 3738 5757 prm-
