4106 6174
384 209 491 266 351

822 207 885 266 S.
936 200 1305 265 GREGORH
1353 201 1596 262 MAGNI
1645 202 1846 273 VITA,
1898 204 1995 262 EX
2045 205 2229 266 EJUS
2275 209 2622 274 SCRIPTIS
2667 217 3305 300 ADORNATA._'_LIB.
3351 227 3448 287 lll.

3740 237 3844 296 352

380 346 657 402 tereunda
681 360 792 399 non
817 348 990 398 estea
1015 359 1129 412 qua
1166 342 1357 412 ipsum
1397 341 1677 397 Joannem
1704 342 1775 396 ad
1798 342 2086 397 saniorem
2120 347 2168 410 Α
2201 351 2302 401 aut
2332 349 2581 408 similem
2609 355 2845 410 titulum
2902 372 3062 427 aeque
3114 356 3451 418 insolentem
3507 369 3762 423 ambienti
3808 376 3855 424 et

379 439 635 490 mentem
670 448 938 489 revocare
964 432 1228 486 tentavit.
1285 431 1344 484 In
1390 447 1456 486 ea
1488 432 1680 486 statim
1714 431 1783 486 de
1815 445 1956 502 pace
1987 431 2092 486 Ec-

379 515 571 572 clesiae
603 515 672 571 ab
705 517 832 586 ipso
865 515 1095 570 turbata
1126 515 1520 584 conqueritur,
1548 515 1906 585 miraturque
1938 515 2088 585 quod

380 622 510 660 cum
545 607 612 660 ad
645 605 1046 676 episcopatum
1080 604 1294 658 invitus
1325 605 1656 672 accesserit,
1688 604 1744 659 in
1777 621 1842 660 eo
1872 611 2087 668 tamen,

381 699 691 766 postquam
727 696 970 765 adeptus
1028 697 1132 758 est,
1167 693 1247 748 ita
1279 709 1340 748 se
1395 708 1593 764 gerere
1623 695 1903 761 videatur,
1945 711 2010 750 ac
2041 695 2091 750 si

382 783 700 838 ambitione
727 783 796 837 ad
827 798 1050 838 sacram
1087 782 1246 837 illam
1282 783 1626 854 dignitatem
1660 784 1807 840 viam
1843 785 1955 840 sibi
1989 801 2090 856 pa-

381 879 588 930 rasset.
623 874 832 929 Omnia
880 879 1082 928 contra
1127 888 1260 927 eum
1312 879 1474 944 gesta
1508 879 1765 945 tempore
1795 875 2008 946 Pelagii
2043 875 2089 930 Ι[

383 963 452 1017 ad
487 966 735 1017 mentem
765 965 1014 1028 revocat,
1049 978 1289 1032 qumque
1341 963 1464 1033 ipse
1496 965 1907 1032 ingravescenti
1942 963 2092 1018 malo

380 1045 529 1104 lenia
563 1052 814 1121 primum
861 1065 960 1117 per
1007 1049 1223 1120 legatos
1265 1068 1404 1106 suos
1455 1053 1713 1107 remedia
1745 1058 1985 1109 conatus
2017 1053 2094 1108 sit

379 1136 676 1202 adbibere,
711 1142 1024 1208 antequam
1053 1143 1127 1192 ad
1157 1137 1404 1194 districta
1425 1148 1474 1194 et
1497 1143 1768 1196 canonica
1796 1141 2093 1210 pervenire

380 1233 699 1296 cogeretur.
758 1231 822 1282 Et
874 1230 1029 1297 quia,
1082 1227 1294 1299 inquit,
1346 1231 1645 1285 resecamia
1676 1231 1911 1285 vulnera
1937 1231 2095 1301 prius

384 1314 504 1369 leni
536 1331 706 1370 manu
736 1315 1015 1386 palpanda
1064 1321 1212 1384 sunt,
1270 1333 1418 1388 rogo,
1481 1321 1737 1390 deprecor
1794 1324 1842 1374 et
1885 1324 2092 1390 quanta

377 1422 595 1476 possum
626 1407 909 1463 dulcedine
937 1423 1181 1478 exposco,
1217 1413 1281 1462 ut
1325 1413 1650 1478 [raternilas
1681 1415 1856 1464 vestra
1887 1411 2094 1465 cunctis

377 1498 486 1550 sibi
505 1495 868 1551 adulantibus
899 1504 1061 1567 atque
1089 1501 1290 1552 erroris
1337 1515 1532 1555 nomen
1571 1499 1936 1571 deferentibus
1965 1516 2094 1555 con-

379 1590 460 1639 tra
473 1585 646 1654 dicat,
679 1603 778 1640 nec
805 1588 973 1641 stulto
1003 1604 1069 1641 ac
1111 1589 1341 1659 superbo
1371 1590 1629 1645 vocabulo
1659 1590 1939 1661 appellari
1965 1606 2092 1645 con-

379 1675 583 1729 sentiat
641 1677 784 1742 (Lib.
819 1693 874 1740 v,
925 1691 1008 1745 cp.
1047 1676 1153 1744 18).
1189 1675 1342 1732 Sileo
1403 1679 1657 1733 rationes
1713 1679 1926 1747 quibus
1986 1679 2093 1733 hoc

381 1763 726 1819 vocabulum
787 1764 1128 1835 impugnat;
1179 1766 1390 1821 eaedem
1444 1768 1595 1822 enim
1629 1772 1764 1822 sunt
1794 1784 1943 1839 quas
1965 1769 2090 1838 jam

377 1851 702 1922 attigimus.

454 1941 725 1996 15.1rriti
761 1942 992 1998 fuerunt
1043 1947 1128 1998 tot
1176 1945 1743 2013 conatus;Joannes
1801 1946 1955 2002 enim
2000 1962 2095 2000 as-

379 2034 680 2101 sumptum
713 2030 953 2086 titulum
989 2048 1172 2102 usque
1212 2034 1282 2087 ad
1345 2039 1588 2089 mortem
1650 2035 1910 2102 retinuit,
1965 2052 2091 2105 qua

379 2120 550 2192 paulo
580 2124 709 2191 post
739 2124 1032 2192 acceptam
1093 2121 1244 2176 hanc
1287 2123 1593 2194 epistolam
1656 2124 1916 2195 contigit.
1953 2129 2095 2180 Data

383 2211 471 2263 est
502 2208 657 2262 enim
717 2209 994 2265 Kalendis
1049 2212 1312 2266 Januarii
1371 2212 1705 2269 indictionis
1757 2214 1841 2281 13,
1875 2213 2094 2269 scilicet

384 2301 520 2354 anni
553 2301 677 2368 595,
713 2317 827 2372 quo
861 2319 1013 2358 anno
1043 2303 1335 2359 Joannem
1369 2321 1397 2360 e
1453 2307 1594 2361 vivis
1646 2308 1956 2362 excessisse
1987 2307 2086 2361 do-

383 2397 510 2444 cent
542 2390 640 2460 qui
703 2392 773 2446 de
805 2392 931 2462 ipso
989 2393 1295 2463 scripsere.
1355 2395 1575 2466 Cyriaci
1635 2395 1989 2452 successoris
2039 2395 2091 2451 ei

383 2478 502 2533 dati
533 2481 866 2551 synodicam
899 2480 1202 2551 epistolam
1265 2484 1476 2556 recepit
1507 2484 1744 2554 quidem
1777 2486 2090 2555 sapientis.

380 2566 568 2622 simus
601 2585 782 2640 papa;
836 2583 966 2624 eum
1002 2575 1195 2626 tamen
1236 2570 1540 2627 admonuit
1577 2572 1718 2642 (Lib.
1752 2589 1850 2638 vn,
1884 2590 1968 2644 ep.
2013 2575 2089 2644 4),

383 2660 444 2712 ut
471 2658 775 2726 profanum
828 2675 1038 2714 nomen
1091 2661 1401 2732 deponeret
1433 2665 1516 2717 tot
1562 2664 1968 2719 scandalcrum
2003 2680 2089 2719 se-

382 2746 723 2802 minarium.
762 2748 824 2802 In
854 2748 1098 2819 epistola
1130 2751 1199 2805 ad
1252 2752 1590 2806 Mauricium
1645 2756 1860 2823 scripta
1903 2753 2086 2822 (lbid.,

380 2851 462 2906 ep.
491 2837 566 2905 6),
603 2837 658 2890 in
692 2854 804 2907 qua
836 2839 905 2892 de
938 2837 1154 2910 Cyriaci
1187 2839 1465 2896 electione
1496 2842 1712 2912 gratias
1745 2842 1884 2912 agit,
1917 2841 2094 2897 Joan-

383 2939 513 2976 nem
547 2935 758 2980 sanctze
793 2927 1086 2981 memoriae
1119 2928 1459 2999 episcopum
1501 2929 1772 3001 appellat,
1808 2933 1956 3000 quod
1995 2947 2090 2986 sa-

381 3013 456 3066 tis
489 3015 688 3082 probat
719 3031 848 3070 eum
884 3033 1188 3086 nunquam
1223 3035 1256 3073 a
1278 3019 1435 3074 sedis
1467 3019 1790 3090 apostolicae
1823 3035 2088 3074 commu-

383 3099 555 3154 nione
585 3101 762 3156 fuisse
786 3105 862 3173 (a)
923 3104 1221 3173 rejectum.
1282 3107 1599 3177 Imperator
1639 3107 1709 3163 de
1755 3096 2157 3164 successoreC

380 3189 622 3247 Joannis
651 3191 751 3247 diu
775 3193 1226 3263 deliberaverat;
1272 3199 1426 3252 unde
1477 3215 1591 3253 non
1625 3199 1842 3254 mirum
1875 3204 1963 3254 est
1991 3200 2090 3269 Cy-

381 3279 599 3335 riacum
657 3282 902 3350 tardius,
937 3283 1160 3355 integro
1218 3284 1392 3340 etiam
1451 3303 1602 3342 anno
1660 3286 1875 3358 elapso,
1911 3286 2088 3344 fuisse

380 3370 737 3425 ordinatum.

455 3460 539 3514 16.
573 3460 750 3516 Paulo
808 3470 930 3533 post
981 3464 1165 3519 sancti
1225 3465 1487 3537 Gregorii
1540 3466 1849 3523 transitum
1880 3469 1950 3524 ad
1992 3483 2088 3523 su-

382 3564 572 3618 peros,
614 3549 941 3607 Bonifacius
989 3553 1197 3608 tertius
1256 3554 1357 3625 qui
1413 3555 1483 3610 ab
1532 3555 1663 3626 ipso
1723 3557 1792 3611 ad
1837 3556 2085 3612 Phocam

380 3638 792 3708 imperatorem
829 3641 1243 3712 apocrisiarius
1297 3643 1482 3699 fuerat
1545 3644 1786 3715 missus,
1839 3661 2088 3717 eumque

384 3727 492 3781 sibi
553 3728 1038 3802 demeruerat,(b)
1100 3732 1170 3788 ab
1230 3749 1294 3788 eo
1343 3733 1670 3806 impetravit
1700 3736 2086 3807 sanctionem,

385 3833 500 3886 qua
530 3818 837 3874 cavebatur
867 3837 937 3875 ne
969 3821 1026 3876 in
1075 3829 1368 3893 posterum
1417 3824 1716 3896 Cyriacus,
1748 3826 1839 3882 cui
1869 3826 2089 3882 Phocas

382 3907 650 3964 infensus
682 3914 826 3977 erat,
859 3914 958 3966 aut
986 3912 1083 3966 alii
1116 3912 1387 3985 deinceps
1410 3915 1516 3970 ΟΡ.
1543 3917 1905 3987 patriarchas,
1939 3933 2087 3972 (ncu-

385 3997 640 4054 menicos
665 4000 814 4055 ultra
838 4018 898 4057 se
921 4003 1347 4072 profiterentur.
1378 4006 1478 4060 Diu
1506 4010 1701 4062 tamen
1727 4007 1842 4063 haec
1861 4007 1948 4062 lex
1975 4024 2088 4063 non

383 4088 602 4158 viguit;
637 4106 771 4145 nam
805 4091 863 4145 in
900 4093 1139 4163 synodis
1166 4095 1532 4164 generalibus
1563 4102 1726 4152 sexta
1756 4102 1811 4151 et
1840 4098 2086 4168 septima

384 4175 492 4231 hoc
553 4177 740 4246 titulo,
805 4195 917 4235 non
967 4197 1135 4237 secus
1167 4199 1232 4238 ac
1294 4183 1539 4239 Romani
1593 4185 1912 4255 pontiﬁces,
1946 4186 2091 4241 insi-

386 4265 691 4334 gniuntur,
717 4267 933 4339 illoque
955 4272 1171 4340 gaudet
1201 4271 1392 4327 adhuc
1415 4273 2090 4344 Constantinopolitanus

385 4350 652 4409 antistes.

457 4439 537 4494 De
567 4440 667 4496 illa
697 4458 834 4498 voce
890 4447 1152 4519 contigit,
1186 4450 1338 4520 quod
1395 4451 1464 4506 de
1524 4451 1726 4507 multis
1784 4450 1913 4507 aliis
1961 4469 2090 4525 quae
2119 4457 2165 4520 D

386 4529 580 4582 statim
613 4530 684 4584 ob
716 4533 1028 4589 novitatem
1075 4538 1412 4606 periculosae
1443 4539 1582 4595 visas
1625 4544 1761 4596 sunt
1789 4547 1846 4596 et
1875 4541 2086 4598 idcirco

384 4617 734 4688 rejicendiaa,
770 4624 1052 4691 paulatim
1109 4641 1259 4695 vero,
1310 4643 1443 4683 cum
1497 4645 1595 4684 eas
1644 4645 1864 4687 veneno
1894 4647 2087 4688 carere

383 4711 440 4763 et
466 4707 536 4763 ad
569 4706 900 4779 legitimum
940 4729 1178 4770 sensum
1238 4714 1452 4772 inﬂecti
1496 4734 1663 4789 posse
1719 4721 2084 4793 eaploratum

385 4797 512 4865 fuit,
549 4799 621 4854 iis
654 4801 922 4856 assuﬁeri
956 4809 1232 4875 coeptum.
1296 4805 1492 4877 Neque
1548 4812 1741 4866 tamen
1775 4811 2087 4883 vituperari

381 4887 553 4944 debet
583 4888 724 4944 illud
772 4890 1027 4962 Gregorii
1073 4893 1332 4950 studium
1357 4911 1471 4966 quo
1498 4899 1622 4955 voci
1656 4899 1870 4968 dubias,
1902 4917 2083 4971 novae,

381 4981 714 5052 peregrinae,
748 4983 958 5039 fastum
1013 4985 1315 5054 redolenti,
1350 4987 1666 5058 multisque
1724 4992 1915 5061 pravis
1955 5008 2086 5047 sen-

383 5067 547 5125 sibus
577 5075 632 5125 et
681 5072 1110 5144 signiﬁcatibus
1157 5076 1416 5132 obnoxiae
1464 5078 1710 5135 obstitit.
1763 5080 1926 5135 Certe
1958 5097 2087 5136 mo-

386 5158 496 5210 rosi
528 5158 611 5214 illi
631 5176 916 5234 censores,
942 5165 1190 5235 quicum
1218 5183 1320 5238 pro
1342 5168 1541 5224 vocula
1564 5170 1784 5225 tamdiu
1805 5169 2089 5241 digladia-

383 5249 509 5298 tum
540 5261 668 5302 esse
699 5251 1100 5321 criminantur,
1141 5259 1375 5327 quantis
1432 5257 1700 5316 laudibus
1751 5258 2086 5316 extollerent

385 5332 717 5405 episcopum
749 5342 1082 5412 quempiam
1133 5347 1231 5416 qui
1283 5350 1540 5402 Romano
1589 5348 1872 5420 pontiﬁci,
1931 5349 2086 5405 hunc

454 5569 534 5642 (a)
565 5575 610 5624 A
641 5577 852 5651 sancto
876 5574 1092 5651 Isidoro
1116 5578 1369 5651 multum
1390 5579 1663 5637 laudatur
1689 5582 1979 5651 Joannes;
2003 5599 2088 5640 se-

385 5659 490 5701 cus
521 5651 710 5702 autem
749 5645 976 5701 fecisset
1007 5647 1056 5702 si
1114 5648 1171 5703 in
1230 5649 1543 5710 schismate
1591 5654 1744 5712 diem
1778 5645 2084 5715 clausisset

2200 439 2444 494 sectanti
2478 441 2612 498 totis
2643 444 2865 499 viribus
2896 444 3343 517 intercessisset,
3363 457 3532 523 utque
3561 456 3858 527 dignitatem

2200 527 2586 600 episcopalem
2635 539 2915 605 tueretur,
2951 536 3157 593 lubens
3214 542 3484 598 omnibus
3539 561 3593 601 se
3621 547 3858 615 periculis

2201 620 2611 688 exposuisset?

2275 709 2357 762 17.
2420 712 2712 769 Immerito
2771 730 2903 770 vero
2963 715 3297 774 heterodoxi
3363 721 3676 792 apostolicae
3729 727 3862 780 sedis

2203 794 2397 853 hostes
2429 799 2814 858 infensissimi
2855 805 2925 859 ad
2955 821 3013 862 se
3047 806 3456 881 trahuntquod
3487 816 3712 867 sanctus
3741 813 3862 869 Gre-

2201 887 2399 956 gorius
2433 890 2618 959 docet,
2648 894 2990 949 mcumenici
3026 912 3238 951 nomen
3285 914 3352 952 ne
3387 898 3632 954 Romano
3656 901 3864 970 quidem

2205 978 2456 1046 pontiﬁci
2491 983 2727 1036 concedi
2761 999 2949 1054 posse,
2984 985 3154 1055 cujus
3216 987 3521 1055 primatum
3554 994 3607 1043 et
3657 989 3869 1060 amplis-

2205 1065 2414 1122 simam
2449 1068 2504 1122 in
2539 1070 2729 1126 omnis
2763 1072 3514 1143 Ecclesizejurisdictionem
3548 1076 3648 1133 hac
3670 1082 3871 1133 sentcn-

2204 1155 2285 1211 tia
2317 1158 2536 1228 pulsari
2569 1162 2942 1216 contendunt.
2979 1162 3068 1217 Sic
3090 1179 3157 1217 ex
3181 1165 3365 1219 sancti
3399 1165 3502 1219 viri
3535 1166 3796 1220 modestia
3823 1173 3870 1220 et

2203 1245 2532 1302 humilitate
2565 1249 2954 1320 fragrantibus
2973 1250 3087 1306 illis
3111 1251 3352 1309 ﬂoribus
3375 1271 3487 1308 non
3513 1253 3620 1309 mel
3644 1258 3702 1307 ut
3731 1269 3870 1324 apes,

2205 1336 2301 1390 sed
2332 1353 2619 1393 venenum
2655 1340 2972 1396 conﬁciunt
3005 1351 3062 1396 ut
3085 1358 3330 1399 araneae.
3364 1348 3433 1397 At
3461 1359 3570 1398 non
3601 1344 3875 1398 attendunt

2202 1430 2627 1485 cecumenicum
2660 1446 2726 1486 eo
2758 1447 2927 1486 sensu
2963 1447 3077 1502 quo
3108 1438 3341 1488 sanctus
3370 1433 3672 1505 Gregorius
3702 1449 3872 1487 vocem

2203 1516 2351 1570 hanc
2385 1516 2818 1589 interpretatur,
2858 1521 3187 1591 significare
3213 1521 3450 1576 unicum
3482 1522 3540 1576 in
3570 1525 3684 1576 tota
3708 1519 3875 1574 Eccle-

2202 1607 2290 1662 sia
2319 1608 2679 1679 episcopum,
2714 1612 2865 1681 quod
2919 1611 3069 1666 ultro
3123 1612 3375 1666 fatemur
3428 1627 3584 1682 papas
3619 1625 3726 1666 non
3757 1624 3876 1663 con-

2124 1723 2170 1789 Β
2201 1713 2428 1769 grnere,
2461 1705 2518 1755 et
2547 1702 2612 1754 ad
2657 1717 2993 1772 supremam
3022 1703 3147 1772 ejus
3180 1703 3525 1774 dignitatem
3559 1717 3623 1757 ac
3661 1704 3879 1770 potesta-

2202 1793 2317 1843 tem
2354 1790 2593 1845 minime
2651 1793 2978 1847 convenire.
3039 1793 3366 1849 Caicutiunt
3417 1797 3604 1847 autem
3658 1789 3750 1860 qui
3780 1803 3877 1843 non

2204 1879 2396 1935 vident
2447 1881 2785 1950 Gregorium
2845 1884 3037 1953 ipsum
3094 1884 3162 1938 de
3220 1898 3281 1937 se
3314 1897 3535 1951 suaque
3567 1879 3880 1935 auctoritate

2202 1972 2321 2023 tam
2383 1971 2641 2026 modeste
2689 1971 3062 2039 sentientem,
3117 1971 3588 2040 jurisdictionem
3627 1973 3800 2022 tamen
3830 1965 3879 2019 in

2204 2066 2314 2114 tota
2345 2059 2600 2115 Ecclesia
2654 2061 3020 2129 exercuisse;
3054 2061 3111 2115 in
3163 2061 3380 2128 Africa,
3438 2059 3693 2131 Egypto,
3743 2054 3883 2121 Asia.

2203 2148 2356 2203 intra
2389 2150 2548 2221 ipsos
2580 2150 2686 2204 ΟΡ.
2725 2151 3146 2218 patriarchatus
3195 2152 3367 2213 ﬁnes,
3403 2156 3467 2208 ut
3488 2165 3553 2206 ex
3584 2165 3747 2205 causa
3772 2162 3883 2201 mo-

2201 2242 2519 2292 nachorum
2581 2239 2816 2293 Isauria
2874 2238 3075 2310 liquet.
3137 2240 3305 2295 Libro
3357 2255 3445 2306 ιιι,
3505 2255 3592 2308 cp.
3638 2237 3724 2302 30,
3771 2233 3880 2287 ait:

2199 2327 2503 2396 Apostotica
2532 2328 2702 2396 sedes,
2762 2329 2862 2384 Deo
2911 2333 3148 2394 auctore,
3195 2331 3407 2384 cunctis
3442 2328 3666 2400 prwlata
3702 2325 3885 2379 constat

2199 2414 2478 2472 Ecclesiz’s.
2532 2417 2703 2472 Libro
2736 2435 2788 2483 v,
2839 2434 2926 2487 ep.
2983 2417 3086 2472 13:
3140 2418 3323 2486 Curae,
3360 2416 3568 2488 inquit,
3601 2412 3746 2470 nobis
3772 2410 3883 2481 fuit,

2198 2519 2319 2574 quae
2351 2505 2618 2561 universis
2675 2506 2932 2562 Ecclesiis
2961 2524 2992 2561 a
3039 2507 3195 2562 nobis
3250 2505 3610 2578 impenditur.
3653 2502 3768 2558 Lib.
3797 2515 3880 2564 vn,

2199 2609 2287 2663 ep.
2349 2595 2449 2648 19:
2510 2595 2648 2662 Quia
2706 2600 3030 2651 cunctarum
3089 2597 3457 2652 Ecclesiarum
3516 2596 3752 2664 iniuncta
3796 2603 3880 2642 nos

2196 2684 2591 2740 sollicitudinis
2629 2702 2764 2740 cura
2789 2686 3133 2755 constringit,
3168 2691 3276 2741 etc.
3303 2685 3427 2741 Lib.
3467 2701 3538 2754 ix,
3573 2698 3660 2754 ep.
3691 2682 3774 2743 59,
3801 2692 3880 2733 oc-

2199 2773 2422 2829 casione
2458 2775 2721 2845 primatis
2757 2776 3029 2847 Byzaceni
3087 2775 3145 2830 in
3178 2776 3396 2844 Africa,
3453 2773 3549 2846 qui
3591 2789 3650 2828 se
3679 2773 3885 2842 aposto-

2197 2860 2318 2916 licaa
2351 2863 2474 2918 sedi
2507 2864 2811 2919 subditum
2867 2865 3264 2936 proﬁtebatur,
3298 2864 3426 2920 haec
3475 2861 3669 2919 scribit
3696 2856 3884 2915 Joanni

2198 2952 2611 3020 Syracusano:
2676 2953 2737 3009 Si
2788 2971 2895 3024 qua
2949 2954 3113 3025 culpa
3172 2955 3229 3007 in
3277 2953 3554 3024 episcoPis
3609 2949 3878 3006 invenitur,

2198 3050 2378 3104 nescio
2409 3045 2533 3116 quis
2565 3045 2620 3100 ei
2649 3047 2929 3116 episcopus
2950 3044 3220 3113 subjectus
3241 3061 3352 3100 non
3371 3044 3466 3100 sit.
3489 3044 3602 3097 Hoc
3619 3041 3742 3111 jure
3761 3050 3883 3090 usus

2197 3141 2286 3192 est
2309 3137 2369 3191 in
2402 3137 2722 3205 episcopos,
2757 3151 2888 3189 cum
2941 3133 3114 3200 Petri,
3146 3134 3410 3189 Africani
3459 3130 3730 3204 episcopi,
3760 3140 3882 3182 cau-

2197 3243 2323 3282 sam
2374 3224 2674 3292 Columbo,
2734 3223 2790 3277 in
2849 3223 3122 3279 Numidia
3179 3222 3478 3294 episcOpo,
3530 3215 3882 3292 judicandam

2200 3315 2483 3372 commisit
2542 3315 2676 3382 (Lib.
2728 3329 2805 3383 v1,
2865 3329 2948 3384 ep.
3009 3312 3139 3380 37);
3176 3311 3454 3378 Ursicini,
3488 3309 3744 3366 Taurinaa
3769 3302 3888 3359 civi-

2197 3405 2330 3459 tatis
2355 3403 2633 3474 episcopi,
2668 3401 2905 3474 Syagrio
2963 3399 3455 3470 Auguslodinensi
3517 3398 3658 3467 (Lib.
3697 3411 3770 3461 ιι,
3810 3406 3885 3461 ep.

2201 3494 2362 3564 115);
2397 3497 2455 3548 et
2504 3491 2789 3559 Januarii,
2849 3489 3172 3544 Malacitani
3223 3488 3509 3561 episcopi,
3557 3485 3887 3552 alteriusque

2198 3583 2453 3654 episcopi
2478 3583 2711 3637 nomine
2739 3578 3039 3652 Stephani,
3062 3580 3268 3634 Joanni
3291 3577 3593 3636 Defensori
3621 3574 3754 3648 (Lib.
3777 3585 3884 3630 xui.

2197 3689 2278 3743 ep.
2316 3673 2427 3743 45).
2462 3671 2707 3726 Paulum
2762 3670 2819 3724 in
2870 3669 3063 3725 Africa
3121 3668 3466 3740 episcopum
3528 3685 3561 3723 a
3617 3658 3888 3721 Gennadio

2197 3762 2440 3833 patricio
2495 3764 2860 3828 accusatum,
2913 3774 3046 3813 cum
3098 3757 3224 3829 ipse
3283 3762 3347 3812 ut
3380 3757 3607 3829 judicio
3655 3767 3804 3825 papas
3839 3761 3891 3802 se

2197 3849 2445 3919 sisteret,
2479 3851 2733 3905 venisset
2756 3848 3022 3914 Romam,
3061 3863 3166 3902 nec
3197 3846 3534 3902 adfuissent
3555 3848 3894 3902 accusatores

2197 3941 2412 4009 idonei,
2443 3939 2668 3995 remisit
2726 3939 2864 4010 (Lib.
2903 3954 2999 4006 vn,
3058 3953 3139 4008 ep.
3197 3936 3271 4007 2).
3330 3936 3600 4000 Joannis,
3661 3925 3892 4004 episcOpi

2198 4031 2399 4101 primae
2437 4028 2781 4084 Justinianzs
2828 4027 2888 4082 in
2946 4024 3170 4095 Illyrico
3214 4025 3478 4096 episcOpi
3533 4032 3584 4079 et
3628 4017 3890 4093 primatis,

2199 4119 2646 4185 ordinationem,
2706 4118 3033 4188 petentibus
3076 4115 3379 4188 provincia:
3440 4114 3749 4187 episcopis,
3798 4125 3893 4163 sua

2200 4211 2534 4267 auctoritate
2617 4208 3002 4273 confirmavit,
3096 4223 3346 4278 eumque
3429 4205 3610 4277 pallio
3681 4199 3895 4257 donavit

2204 4302 2338 4368 (Lib.
2399 4317 2462 4367 ιι,
2521 4315 2604 4370 ep.
2662 4299 2732 4352 22
2788 4302 2840 4352 et
2894 4298 3008 4368 23).
3044 4296 3298 4352 Plurima
3329 4294 3442 4351 alia
3478 4287 3893 4366 jurisdictionis

2203 4391 2378 4462 hujus
2409 4389 2672 4460 exempla
2693 4388 2819 4458 jam
2847 4387 3241 4454 exhibuimus,
3273 4389 3329 4440 et
3359 4385 3514 4439 infra
3547 4383 3857 4439 occurrent.

2767 4496 2941 4555 252
2990 4495 3220 4552 CAPUT
3264 4494 3332 4550 ΙΙ.

2197 4593 2394 4642 Aaeuu.
2422 4618 2478 4626 —
2501 4591 2545 4638 1.
2569 4589 2806 4652 Gregorii
2842 4601 2935 4650 pro
2960 4599 3085 4649 pace
3105 4583 3363 4652 iacienda
3393 4580 3736 4652 sollicitude

2258 4656 2372 4703 Non
2405 4653 2619 4702 auditur
2637 4646 2702 4700 ab
2733 4646 3071 4707 imperatore.
3105 4646 3273 4696 Falsas
3304 4651 3491 4695 contra
3515 4658 3639 4694 eum
3663 4646 3895 4707 crimina:

2259 4699 2596 4766 iiéﬁeifls'.
2624 4699 2861 4780 Luget
2902 4709 3282 4780 Maximianum
3303 4709 3411 4758 vita
3445 4709 3778 4780 defunctum.
3808 4699 3894 4780 qu

2260 4761 2760 4830 iHEcBEsorém’aﬁi
2776 4761 3058 4824 Joannem
3106 4775 3278 4837 virum
3291 4771 3824 4837 “sanctissimumsf-
3849 4761 3890 4837 ’δέ

2257 4842 2491 4892 Joannes
2511 4842 2811 4904 Ravennas_
2829 4838 3074 4904 moritur.
3115 4862 3194 4904 -—_
3209 4835 3256 4885 5.
3281 4833 3422 4884 Cura
3537 4831 3895 4904 Gregoriipro

2259 4905 2615 4954 monasteriis.
2634 4927 2698 4939 —
2725 4900 3124 4968 6._M_arinianus
3161 4897 3521 4968 {levennam
3541 4897 3894 4968 episcopus-:-

2257 4949 2793 5027 {Ro—m'aniesynodi
2816 4965 3047 5013 decreta.
3080 4988 3141 5027 —_
3159 4960 3206 5010 8.
3234 4961 3304 5008 De
3327 4949 3630 5027 Mariniano
3651 4949 3890 5027 querellas.

2667 5008 3174 5090 iiii—()‘dfl'Il—onasteria
3197 5008 3392 5090 ivel‘ﬂ‘l‘i
3417 5008 3804 5090 Ρέῖῐβῖθῳῖλῖῗ
3824 5008 3893 5058 ω’

2261 5075 2902 5155 Privilegium'mo‘nachis
2936 5098 3266 5137 concessum.
3300 5075 3432 5145 (An:
3462 5083 3556 5131 594
3593 5085 3645 5129 et
3673 5075 3801 5136 595.)

2270 5192 2319 5244 1.
2355 5195 2460 5245 Pro
2493 5204 2628 5261 pace
2687 5187 2981 5243 Romanos
3037 5186 3186 5239 inter
3240 5187 3298 5238 et
3349 5177 3762 5252 Langobardos
3817 5171 3894 5226 1a-

2195 5279 2400 5337 cienda
2430 5285 2483 5333 et
2509 5275 2990 5348 coagmentanda,
3022 5273 3132 5329 hoc
3155 5287 3305 5327 anno
3329 5267 3644 5341 Gregorius
3675 5261 3896 5319 adlabo-

2196 5369 2361 5426 ravit.
2394 5367 2476 5423 Ab
2508 5383 2574 5422 ea
2607 5382 2719 5422 non
2752 5363 3097 5421 abhorrebat
3129 5360 3415 5432 Agilull‘us
3440 5373 3534 5413 rex
3562 5375 3573 5423 ;
3609 5355 3682 5411 ad
3705 5354 3896 5426 postu-

2195 5586 2540 5644 extremum.

2263 5655 2337 5726 (b)
2366 5641 2511 5708 Vide
2543 5647 2854 5707 Baronium
2886 5646 2956 5703 ad
2989 5659 3202 5703 annum
3233 5644 3361 5713 606,
3392 5645 3417 5712 §
3444 5641 3491 5694 2.
