4106 6174
280 306 394 369 353

707 314 772 373 S.
820 308 1191 373 GREGORII
1238 308 1488 369 MAGNl
1533 306 1739 381 VlTA,
1785 304 1887 363 EX
1934 299 2117 363 EJUS
2161 298 2511 363 SCRIPTIS
2562 301 3009 363 ADORNATA.
3059 304 3208 365 LIB.
3254 303 3356 364 Ill.

3676 304 3795 368 354

275 444 425 503 labat
452 455 513 503 ut
543 465 671 522 quas
712 455 974 520 tempore
1012 446 1172 519 pacis
1218 444 1411 501 ablata
1449 444 1560 500 sibi
1632 459 1734 515 per
1778 440 1977 497 dolum
2008 442 2065 506 Α
2098 435 2515 494 Maximianum
2539 439 2693 495 diem
2726 438 3009 495 clausisse
3044 442 3366 495 extremum
3407 456 3605 498 mense
3634 441 3797 498 circi-

274 534 519 602 fuerant,
548 538 992 593 restituerentur
1010 552 1031 598 ;
1049 534 1420 605 vicissimque
1439 548 1495 588 se
1536 532 1706 588 modis
1731 529 1981 586 omnibus

274 626 699 694 satis/acturum
723 625 1116 697 pollicebatur,
1148 626 1197 679 si
1226 623 1358 694 quid
1388 640 1420 677 a
1449 622 1697 693 parlibus
1715 621 1829 675 suis
1859 634 1982 674 con-

274 713 477 770 stiterit
525 730 645 771 esse
689 718 1035 771 commissum
1067 714 1209 784 (Lib.
1244 730 1300 781 v,
1330 730 1415 784 ep.
1463 712 1577 779 36).
1613 712 1673 766 Id
1722 706 1981 780 aequitati

279 807 725 861 consentaneum
759 820 887 860 esse
924 802 1207 875 judicavit
1245 805 1480 858 sanctus
1520 799 1794 870 pontifex,
1827 804 1880 853 et
1913 811 1981 852 ne

278 893 346 948 ab
378 896 627 951 exareho
658 898 1051 966 respueretur,
1082 894 1154 949 ad
1193 893 1467 948 Severum
1519 890 1775 961 ejusdem
1811 887 1983 944 scho-

279 982 551 1039 lastieum
604 984 861 1056 scripsit,
912 990 976 1039 ut
1020 984 1133 1055 ipsi
1184 982 1556 1055 persuaderet
1604 979 1824 1037 oblatas
1855 977 1985 1033 illas

279 1072 437 1142 pacis
489 1074 857 1129 conditiones
914 1090 1028 1129 non
1083 1072 1405 1143 repudiare.
1470 1070 1664 1126 Romae
1721 1067 1981 1139 quidem,

274 1179 528 1235 agroque
559 1165 821 1220 Romano
856 1180 1049 1237 pacem
1074 1162 1344 1236 privatim
1381 1176 1691 1235 procurare
1712 1161 1767 1215 in
1794 1175 1987 1230 prom-

272 1257 372 1322 ptu
406 1260 548 1321 erat,
592 1252 665 1308 ad
715 1269 842 1308 eam
889 1252 1045 1308 enim
1098 1251 1531 1307 concedendam
1592 1248 1988 1321 propendebat

269 1340 578 1411 Agilulfus.
616 1343 685 1397 At
714 1341 1054 1412 Gregorius,
1082 1346 1147 1396 ut
1176 1340 1509 1397 communis
1542 1342 1730 1410 pater,
1753 1337 1822 1393 de
1848 1353 1989 1408 pace

272 1430 532 1499 generali
561 1431 926 1487 conficienda
958 1429 1245 1487 sollicitus
1285 1433 1425 1496 erat,
1457 1430 1598 1501 quia
1627 1427 1738 1484 nisi
1771 1427 1987 1484 bellum

274 1534 405 1575 cum
459 1522 855 1593 Langobardis
905 1525 1368 1593 componeretur,
1416 1520 1653 1576 diversa
1701 1519 1905 1575 insula:
1936 1525 1989 1574 te

272 1612 388 1664 loca
419 1610 544 1666 alia
570 1610 937 1682 proculdubio
963 1615 1222 1683 peritura
1252 1618 1437 1667 erant.

346 1702 399 1752 2.
434 1701 510 1755 At
538 1700 609 1755 de
632 1715 771 1771 pace
794 1700 1035 1756 minime
1065 1700 1349 1771 cogitabat
1378 1698 1689 1768 exarchus,
1731 1698 1832 1770 qui
1864 1695 1987 1753 bel-

2084 528 2169 581 ter
2198 528 2509 585 Novembri
2542 547 2635 585 an.
2666 530 2791 585 594.
2841 529 3074 586 Nobiles
3127 529 3479 602 Syracusani
3508 532 3794 588 electionis

2085 631 2251 672 onera
2296 620 2571 689 sapienter
2617 620 2952 675 declinantes
3000 619 3187 691 (Ibid,
3230 636 3317 688 ep.
3365 621 3477 691 22),
3536 621 3794 694 Gregorii

2087 705 2326 762 arbitrio
2357 706 2791 775 commiserant,
2825 708 3042 779 quibus
3073 709 3295 779 gratias
3326 726 3505 782 agens
3537 711 3796 782 scripsit,

2088 811 2146 852 se
2185 812 2355 868 quem
2404 796 2551 868 ipsis
2600 798 2758 853 daret
2810 802 3100 867 pastorem
3154 798 3503 856 Maximiano
3550 800 3801 857 similem

2088 903 2204 942 non
2239 886 2466 943 habere.
2502 887 2789 959 Cypriano
2822 887 3065 943 diacono
3090 892 3285 944 tamen
3328 888 3803 947 indicavitJoan-

2090 993 2221 1033 nem
2268 978 2609 1034 Catanensis
2668 977 2932 1033 Ecclesiae
2985 977 3461 1034 archidiaconum
3514 985 3799 1052 tanquam

2091 1068 2274 1139 magis
2322 1068 2643 1136 idoneum;
2678 1068 2792 1135 cui,
2827 1068 2874 1123 si
2909 1067 3240 1139 eligeretur,
3294 1068 3481 1124 voluit
3530 1086 3562 1125 a
3615 1070 3804 1125 Leone

2089 1156 2399 1214 Catanensi
2422 1148 2689 1228 episcopo
2710 1159 3025 1224 cessionem,
3050 1156 3169 1214 sive
3195 1162 3257 1212 ut
3280 1159 3451 1214 modo
3482 1159 3801 1232 loquimur,

2092 1246 2451 1304 dimissorias
2475 1246 2700 1302 litteras
2723 1247 2868 1315 dari,
2893 1255 3202 1317 antequam
3243 1248 3805 1304 ordinaretur.Dein-

2092 1338 2162 1391 de
2193 1335 2374 1391 electo
2408 1341 2463 1391 et
2495 1336 2761 1391 ordinato
2793 1334 3036 1407 pallium
3074 1336 3253 1391 misit.

2165 1426 2414 1481 Joannes
2447 1425 2502 1480 in
2545 1424 2885 1497 episcopatu
2942 1424 3250 1481 virtutibus
3301 1429 3576 1486 omnibus
3620 1432 3805 1502 fulsit,

2093 1516 2413 1588 praesertim
2444 1516 2630 1571 effusa
2676 1515 2734 1570 in
2787 1530 3068 1587 pauperes
3112 1515 3476 1587 liberalitate,
3522 1522 3600 1576 ita
3643 1527 3728 1591 ut,
3759 1527 3808 1580 et

2090 1607 2144 1660 si
2172 1606 2491 1660 innumeros
2522 1606 2669 1675 apud
2698 1619 2755 1657 se
2781 1619 3046 1675 pauperes
3102 1605 3343 1674 hateret,
3379 1624 3479 1677 pro
3523 1611 3810 1682 explenda

2096 1698 2294 1749 tamen
2324 1692 2593 1765 largitate
2622 1692 3055 1759 misericordias,
3078 1693 3255 1750 etiam
3281 1694 3402 1751 loca
3423 1698 3536 1753 alia
3562 1703 3618 1753 et
3643 1700 3811 1774 longe

273 1786 401 1876 lum
432 1789 539 1845 toti
572 1789 905 1861 reipublicae
936 1789 1266 1860 exitiosum,
1299 1790 1409 1846 sibi
1437 1788 1818 1845 utilissimum
1860 1803 1989 1876 esse
2021 1811 2064 1876 Β
2096 1784 2283 1876 posita
2351 1782 2698 1876 requireret,
2761 1782 2955 1876 inquit
3002 1787 3240 1876 sanctus
3300 1784 3634 1858 Gregorius,
3700 1790 3811 1863 ipsi

273 1875 651 1949 futurumque
681 1878 1065 1951 perspiciebat
1098 1895 1111 1933 :
1145 1894 1211 1933 ex
1243 1877 1614 1934 detrimentis
1657 1877 1813 1934 enim
1852 1874 1991 1931 alie-

278 1966 365 2021 nis
399 1965 561 2022 lucra
608 1971 838 2036 captare
887 1984 1002 2023 non
1033 1968 1362 2023 verebatur.
1418 1966 1582 2022 Illius
1621 1968 1819 2037 itaque
1850 1964 1993 2021 alio-

280 2070 520 2126 rumque
548 2054 832 2111 similium
865 2055 1111 2127 publicaa
1145 2056 1224 2111 rei
1268 2055 1810 2111 administratorum
1852 2069 1992 2110 sua-

295 2142 548 2200 sionibus
579 2148 638 2199 et
667 2142 927 2200 consiliis
957 2146 1239 2216 deceptus
1282 2143 1618 2207 Mauricius,
1654 2159 1765 2199 non
1800 2142 1993 2199 solum

297 2233 438 2289 bello
464 2235 636 2290 finem
683 2235 987 2306 imponere
1036 2236 1278 2291 minime
1326 2235 1638 2303 consensit,
1683 2236 1784 2289 sed
1818 2235 1992 2289 etiam

295 2325 623 2396 Gregorium
672 2325 745 2380 ad
778 2325 911 2381 odia
960 2327 1302 2397 deponenda
1340 2330 1399 2381 et
1446 2326 1770 2381 ineundum
1807 2325 1994 2380 foedus

297 2414 837 2483 hortantem,nimiae
886 2415 1265 2487 simplicitatis
1296 2417 1502 2487 arguit,
1550 2416 1799 2472 maxime
1839 2414 1993 2487 quod

300 2502 367 2557 de
408 2505 647 2572 Ariulfo,
700 2504 1013 2575 Spoletano
1079 2506 1250 2575 duce,
1310 2505 1660 2576 scripsisset,
1715 2520 1849 2559 eum
1887 2506 1996 2559 toto

294 2592 446 2648 corde
497 2596 685 2650 venire
741 2593 811 2648 ad
872 2594 1268 2665 rempublicam
1342 2604 1599 2665 paratum
1644 2608 1758 2648 esse
1812 2591 1995 2663 (lbid..

295 2682 390 2751 Ep.
419 2684 525 2753 40),
577 2684 686 2740 hoc
730 2688 837 2750 est,
872 2685 940 2739 ad
995 2699 1194 2756 pacem
1234 2689 1291 2741 et
1334 2684 1670 2740 societatem
1720 2700 1853 2739 cum
1885 2683 1996 2738 Ro-

298 2772 481 2827 manis
519 2772 841 2829 faciendam
875 2789 1148 2845 pronum.
1173 2774 1386 2845 Sicque
1406 2775 1540 2828 dum
1567 2790 1726 2844 papas
1752 2771 1997 2827 saniori-

304 2856 406 2912 bus
434 2858 688 2915 consiliis
720 2875 834 2914 non
859 2860 1224 2926 credebatur,
1246 2860 1399 2916 vires
1432 2860 1691 2915 hostium
1721 2858 2000 2914 immani-

310 2950 389 3001 ter
415 2948 835 3015 excrescebant,
869 2953 926 3005 et
954 2948 1122 3005 Italia
1160 2950 1416 3019 quotidie
1446 2950 1555 3005 sub
1588 2948 1997 3020 Langobardo-

304 3050 425 3090 rum
466 3038 600 3108 jugo
664 3036 888 3106 captiva
953 3038 1293 3094 ducebatur.
1358 3038 1487 3093 Hec
1553 3036 1819 3107 deplorat
1867 3037 1998 3107 pius

314 3129 515 3193 pastor,
563 3132 621 3181 et
650 3126 848 3181 clades
880 3131 1006 3182 tum
1042 3126 1240 3195 Italiae,
1292 3132 1418 3182 tum
1452 3127 1773 3199 praesertim
1808 3127 2000 3182 Roma)

312 3210 488 3268 illatas
536 3224 853 3270 enumerat.
899 3214 1159 3285 Cumque
1208 3215 1589 3271 nihilominus
1629 3233 1660 3271 a
1700 3215 2003 3271 suadenda

317 3304 658 3376 petendaque
680 3320 820 3377 pace
843 3322 958 3361 non
983 3309 1255 3374 cessaret,
1282 3306 1541 3360 adhibita
1562 3305 1807 3362 Castorii
1837 3310 2004 3361 nota-

328 3390 391 3447 rii
418 3408 602 3465 cpera,
638 3410 812 3465 quem
847 3394 1130 3451 Ravenna
1154 3397 1549 3468 responsalem
1583 3396 1830 3452 habebat
1851 3396 2004 3466 apud

325 3482 614 3539 exarchum
652 3500 665 3538 :
699 3484 930 3553 Quidam
960 3486 1200 3554 maligni
1226 3486 1458 3556 spiritus
1484 3485 1713 3541 consilio
1743 3487 2006 3558 repletus,

326 3580 497 3628 contra
527 3575 674 3630 hunc
700 3583 963 3631 nocturno
990 3577 1236 3646 silentio,
1269 3580 1327 3632 in
1348 3577 1588 3632 civitatis
1608 3578 1720 3633 loco
1742 3585 2011 3633 contesta-

330 3662 509 3715 tionem
552 3664 739 3732 posuit
766 3664 825 3717 in
851 3664 974 3732 ejus
1012 3665 1247 3719 crimine
1285 3665 1612 3736 loquentem,
1644 3669 1698 3718 et
1753 3663 2009 3731 Gregorio

330 3746 475 3805 etiam
492 3750 553 3806 de
579 3751 839 3820 facienda
865 3768 1000 3823 pace
1027 3753 1228 3808 callide
1254 3754 1716 3809 contradicentem
1755 3752 1895 3822 (Lib.
1930 3768 2007 3818 νι,

332 3850 399 3905 ep.
428 3837 531 3907 3t).
571 3838 867 3895 Adversus
911 3838 1088 3895 libelli
1115 3839 1291 3911 hujus
1334 3841 1543 3897 famosi
1582 3844 1877 3896 auctorem
1909 3855 2010 3894 ex-

331 3928 859 3985 communicationis
886 3930 1236 3985 sententiam
1261 3930 1395 3985 tulit
1418 3946 1588 4001 papa,
1609 3929 2009 4001 nisiprodiret,

328 4030 384 4070 ac
409 4033 471 4072 ea
500 4034 626 4090 quae
661 4019 718 4073 in
764 4020 1179 4075 contestatione
1222 4020 1667 4090 objiciebantur,
1702 4018 2007 4090 probaret;

327 4112 409 4161 aut
437 4107 564 4162 facti
608 4108 919 4180 pumileas,
966 4107 1200 4179 publica
1230 4108 1594 4165 confessione
1624 4124 1795 4164 suam
1831 4123 2014 4180 agno-

324 4200 496 4251 sceret
543 4195 801 4267 culpam,
856 4213 1204 4269 poenamque
1266 4198 1524 4253 debitam
1583 4197 2011 4268 deprecaretur.

320 4285 519 4343 Eadem
572 4287 1177 4344 excommunicatione
1226 4288 1528 4344 mulctavit
1578 4305 1698 4358 eos,
1750 4290 1842 4359 qui
1883 4304 2012 4343 con-

312 4392 527 4433 sensum
558 4377 616 4432 in
638 4382 807 4432 tanta
826 4378 1139 4448 iniquitatis
1168 4378 1399 4434 consilio
1426 4380 1808 4449 przbuissent.

382 4468 436 4521 3.
470 4468 727 4539 Gregorii
766 4468 1023 4525 dolorem
1056 4469 1126 4524 de
1149 4468 1399 4540 publicis
1421 4467 1855 4524 calamitatibus
1878 4484 2016 4523 con-

2100 1872 2313 1944 gratias
2335 1873 2588 1928 referens
2623 1889 2723 1943 pro
2745 1872 3129 1943 eleemosynis
3150 1874 3223 1929 ad
3254 1891 3315 1930 se
3340 1877 3539 1934 missis
3570 1878 3809 1951 (Lib.vi,

2098 1981 2182 2035 sp.
2230 1964 2340 2035 18).
2386 1964 2516 2018 Ideo
2566 1963 2807 2019 fortasse
2854 1962 2913 2017 in
2962 1978 3175 2035 egenos
3233 1965 3313 2020 ita
3358 1966 3682 2025 beneﬁcum
3751 1988 3813 2026 se

2101 2053 2369 2124 praebuit,
2405 2053 2557 2123 quod
2593 2052 2663 2107 ad
2699 2052 3049 2107 sanctissimi
3082 2053 3336 2110 doctoris
3368 2063 3656 2130 praecepta
3688 2076 3815 2117 sese

2102 2145 2495 2213 componeret,
2535 2157 2718 2211 eaque
2750 2142 2986 2197 assidua
3014 2142 3364 2213 scriptorum
3398 2146 3527 2215 ejus
3565 2147 3814 2206 lectione

2103 2232 2384 2288 imbibere
2416 2239 2656 2286 curaret.
2694 2232 2850 2286 Hanc
2882 2229 3186 2287 lectionem
3219 2249 3340 2288 sum
3372 2250 3606 2305 mensas,
3640 2239 3813 2295 etiam

2103 2338 2287 2378 caram
2323 2324 2614 2378 extraneis
2660 2320 2990 2389 adhibebat,
3025 2337 3138 2393 qua
3168 2323 3329 2379 cibos
3377 2327 3814 2396 quodammodo

2104 2412 2385 2470 condiret.
2422 2412 2480 2466 Id
2510 2426 2657 2482 aegre
2686 2411 2927 2465 omnino
2959 2411 3097 2467 tulit
3118 2413 3484 2469 virsummaa
3516 2415 3817 2475 humilita-

2106 2501 2179 2556 tis
2210 2505 2267 2557 et
2292 2500 2614 2566 modestiae,
2636 2503 2954 2571 auctorque
2981 2500 3172 2555 fuitut
3198 2501 3406 2558 saltem
3430 2519 3625 2561 coram
3652 2523 3815 2578 pere-

2105 2591 2292 2662 grinis
2331 2590 2403 2645 ab
2454 2590 2558 2645 bac
2610 2589 2855 2644 lectione
2902 2589 3154 2645 Joannes
3196 2592 3534 2661 abstineret,
3568 2612 3634 2651 ac
3663 2600 3815 2653 anti-

2106 2684 2361 2753 quiorum
2393 2679 2627 2735 Patrum
2660 2678 2806 2732 dicta
2835 2678 2946 2750 legi
2973 2679 3222 2748 iuberet,
3255 2697 3328 2736 ex
3358 2698 3591 2753 quorum
3622 2692 3816 2742 aucto-

2106 2772 2275 2827 ritate
2304 2773 2547 2826 valerent
2581 2770 2884 2837 informari
2914 2770 3051 2838 (Lib.
3076 2787 3176 2837 vn,
3208 2787 3291 2842 ep.
3315 2773 3390 2843 9).

2178 2862 2231 2915 4.
2288 2860 2501 2915 Eodem
2552 2874 2783 2929 quoque
2832 2875 2985 2914 anno
3036 2875 3151 2929 quo
3210 2860 3599 2920 Maximianus
3646 2867 3822 2923 Joan-

2108 2968 2235 3020 nes,
2288 2951 2690 3005 Ravennatum
2740 2947 3239 3021 archiepiscopus,
3288 2968 3317 3007 e
3362 2952 3476 3007 vita
3524 2956 3818 3028 migravit,

2109 3040 2367 3096 nondum
2401 3039 2593 3110 sopita
2622 3038 2693 3093 de
2726 3053 2831 3092 usu
2867 3038 3023 3109 pallii
3056 3040 3465 3111 controversia,
3501 3052 3562 3099 ut
3591 3061 3659 3100 ex
3681 3063 3822 3103 non-

2110 3129 2281 3185 nullis
2310 3128 2565 3201 Gregorii
2599 3127 2861 3198 epistolis
2892 3128 2963 3182 ad
2996 3144 3125 3184 eum
3168 3130 3341 3201 paulo
3387 3137 3556 3188 antea
3584 3135 3821 3208 scriptis

2110 3217 2251 3289 (Lib.
2283 3236 2337 3284 v,
2371 3234 2457 3289 ep.
2491 3216 2581 3285 25,
2614 3216 2702 3281 48,
2732 3216 2846 3285 56),
2880 3215 3252 3287 perspicuum
3283 3223 3386 3274 est.
3416 3220 3824 3281 lmminentem

2119 3312 2360 3364 mortem
2395 3309 2444 3363 ei
2477 3306 2900 3379 praenuntiasse
2930 3307 3090 3361 visus
3121 3312 3210 3363 est
3253 3310 3666 3368 sanctissimus
3713 3316 3820 3371 Pa-

2114 3402 2199 3454 ter
2240 3398 2333 3453 his
2381 3396 2592 3461 verbis,
2642 3412 2731 3465 ep.
2782 3396 2894 3450 15:
2939 3396 3064 3452 Haec
3125 3413 3252 3467 ergo
3300 3401 3508 3466 omnia,
3569 3419 3689 3472 qua
3734 3422 3824 3459 su-

2115 3490 2308 3561 perius
2334 3487 2475 3551 dixi,
2519 3488 2696 3556 frater
2727 3485 3072 3551 charissime,
3104 3488 3366 3556 recogita.
3414 3490 3563 3546 Diem
3596 3496 3708 3549 tua?
3738 3511 3827 3551 υο-

2117 3578 2350 3635 cationis
2394 3575 2631 3642 attende,
2665 3590 2798 3647 quas
2845 3573 3085 3631 rationes
3113 3576 3179 3630 de
3221 3579 3446 3634 sarcina
3484 3580 3827 3652 episcopatus

2120 3666 2433 3722 redditurus
2463 3680 2538 3730 es,
2580 3665 2886 3718 considera.
2940 3664 3178 3720 Emenda
3221 3666 3351 3721 illos
3380 3684 3555 3725 mores
3597 3675 3824 3731 notarii.

2130 3758 2273 3813 Vide
2321 3755 2451 3827 quid
2482 3757 2538 3809 in
2591 3754 2803 3825 lingua,
2835 3754 2967 3825 quid
2998 3757 3054 3809 in
3102 3765 3228 3810 actu
3266 3760 3572 3829 episcopum
3621 3763 3826 3821 deceat.

2123 3849 2245 3902 Esto
2272 3849 2411 3901 totus
2448 3859 2620 3915 purus
2648 3843 2915 3912 fratribus
2945 3842 3076 3897 tuis.
3112 3844 3225 3899 Non
3255 3845 3422 3900 aliud
3454 3848 3717 3921 loquaris,
3751 3861 3824 3908 et.

2121 3934 2275 3990 aliud
2305 3932 2362 3988 in
2394 3932 2552 3988 corde
2594 3931 2813 3985 habeas.
2858 3932 2963 3986 Nec
3008 3941 3230 4002 appetas
3267 3934 3415 3989 ultra
3465 3938 3640 3993 videri
3663 3956 3828 4009 quam

2120 4042 2197 4093 es,
2246 4031 2304 4078 ut
2350 4024 2515 4093 possis
2563 4022 2710 4075 ultra
2742 4035 2859 4075 esse
2918 4036 3084 4091 quam
3135 4020 3339 4076 videris
3377 4024 3556 4093 (Ibid,
3626 4043 3709 4097 ep.
3763 4030 3822 4083 11

2120 4118 2173 4171 el
2205 4114 2315 4184 15).
2348 4110 2513 4167 Prius
2545 4126 2679 4165 eum
2730 4110 3123 4179 increpaverat
3170 4112 3321 4183 quod
3372 4112 3651 4171 irrisoriis
3699 4133 3827 4171 ver-

2125 4203 2213 4259 bis
2255 4205 2556 4267 uteretur;
2611 4199 2763 4269 quod
2816 4198 2998 4253 servis
3044 4200 3189 4265 suis,
3240 4216 3373 4255 cum
3428 4202 3658 4273 fureret,
3706 4212 3829 4261 tur-

2127 4294 2222 4366 pia
2280 4293 2610 4362 imponeret
2672 4289 2957 4356 crimina;
3010 4291 3164 4360 quod
3217 4307 3280 4346 se
3341 4292 3645 4350 dominum
3706 4301 3832 4352 tan-

2124 4382 2427 4439 tummodo
2476 4379 2703 4435 clericis
2752 4378 3069 4445 exhiberet,
3119 4397 3267 4451 quos
3326 4382 3487 4437 nulla
3531 4388 3833 4443 coercebat

2127 4469 2456 4541 disciplina.

311 4562 571 4628 ceptum,
621 4558 779 4614 auxit
816 4557 1010 4614 luctus
1059 4559 1130 4614 de
1160 4559 1333 4615 amici
1379 4566 1582 4625 morte,
1634 4558 1910 4613 nimirum
1956 4559 2015 4614 S.
2050 4547 2095 4612 Ι)
2196 4562 2250 4615 5.
2288 4558 2566 4630 Ejusdem
2622 4555 2896 4611 socordia
2952 4556 3192 4612 forsitan
3222 4557 3399 4613 tribui
3446 4559 3636 4627 debet,
3678 4564 3831 4634 quod

313 4646 671 4715 Maximiani,
720 4648 821 4719 qui
866 4665 930 4704 ex
982 4648 1269 4704 monacho
1318 4653 1376 4703 et
1422 4648 1626 4704 abbate
1674 4650 1733 4703 S.
1778 4649 2017 4703 Andreae

307 4742 547 4795 creatus
576 4736 764 4793 fuerat
792 4738 1097 4809 episcopus
1127 4739 1550 4809 Syracusanus.
1582 4737 1767 4793 Tanto
1800 4737 1919 4792 viro
1952 4738 2022 4792 de

304 4844 368 4883 se
400 4826 623 4896 optime
654 4826 858 4881 merito
890 4825 978 4881 his
1007 4826 1195 4882 verbis
1218 4826 1381 4895 justa
1414 4825 1704 4896 persolvit,
1736 4830 1794 4880 et
1823 4842 2022 4895 paren-

304 4915 446 4973 tavit
493 4913 907 4971 sanctissimus
958 4919 1141 4985 pater,
1175 4915 1246 4968 ad
1307 4914 1658 4984 Cyprianum
1709 4913 2021 4969 diaconum

305 5002 625 5061 scribens:
687 5004 1074 5058 Amarissimas
1120 5011 1231 5059 tuae
1289 5003 1603 5058 dilectionis
1651 5002 1910 5073 epistolas
1958 5005 2027 5056 de

304 5093 503 5148 domui
550 5089 879 5146 Maximiani
908 5090 1065 5146 obitu
1096 5107 1282 5146 mense
1330 5090 1647 5146 Novembris
1684 5092 1914 5159 suscepi.
1962 5091 2029 5144 Et

306 5179 530 5255 quidem
566 5179 658 5236 ille
685 5179 755 5235 ad
781 5182 1016 5251 praemia
1058 5180 1370 5236 desiderata
1399 5179 1665 5250 pervenit,
1694 5180 1788 5236 sed
1818 5177 2029 5247 infelix

308 5271 551 5345 populus
579 5271 941 5343 Syracusanae
969 5271 1209 5328 civitatis
1257 5271 1528 5339 lugendus
1576 5277 1675 5339 est,
1709 5272 1806 5341 qui
1838 5277 2029 5341 pasto—

314 5378 435 5419 rem
468 5362 638 5417 talem
667 5362 767 5417 diu
793 5361 994 5418 habere
1020 5378 1132 5419 non
1160 5364 1384 5419 meruit.
1418 5360 1658 5417 Proinde
1684 5362 1906 5417 dilectio
1936 5365 2031 5417 tua

315 5451 756 5524 sollicitudinem
783 5460 963 5524 gerat,
996 5458 1059 5507 ut
1088 5454 1148 5507 in
1178 5451 1366 5507 eadem
1416 5451 1649 5507 Ecclesia
1679 5451 1807 5506 talis
1843 5450 2032 5506 debeat

318 5522 395 5605 ad
418 5522 801 5597 ordinandum
836 5542 992 5614 eligi,
1023 5544 1121 5613 qui
1166 5546 1287 5615 post
1324 5541 1584 5597 domnum
1630 5539 2032 5605 Mamimianum

318 5632 569 5704 ejusdem
600 5631 885 5703 regimini:
929 5631 1109 5689 locum
1148 5647 1256 5688 non
1298 5631 1555 5687 videatur
1599 5632 1873 5688 immerito
1915 5646 2031 5687 sor-

320 5720 424 5779 tiri
469 5721 610 5791 (Lib.
661 5737 715 5788 v,
773 5737 856 5793 ep.
914 5722 1020 5793 l7).
1076 5720 1153 5777 Ex
1200 5719 1310 5776 hac
1360 5719 1602 5791 epistola
1650 5718 2031 5790 intelligimus

2128 4649 2323 4706 clerici
2356 4647 2541 4703 multa
2579 4646 2931 4703 monasteria
2972 4648 3379 4718 pervasissent.
3414 4648 3702 4707 Nimirum
3726 4653 3836 4721 ﬁn-

2126 4746 2310 4809 gentes
2358 4736 2633 4804 religiose
2680 4735 2879 4799 vivere.
2929 4739 3278 4792 monasteriis
3326 4741 3579 4809 praeponi
3625 4749 3838 4810 appete-

2131 4829 2309 4891 bant;
2343 4841 2525 4881 verum
2550 4840 2649 4895 per
2678 4841 2865 4880 eorum
2893 4828 3064 4881 vitam
3108 4828 3445 4882 monasteria
3484 4828 3839 4882 destrueban-

2131 4924 2244 4983 tur,
2276 4916 2430 4972 253
2476 4914 2665 4986 inquit
2712 4916 2768 4971 S.
2819 4915 3179 4986 Gregorius:
3218 4916 3318 4984 qui
3367 4914 3520 4969 enim
3574 4916 3632 4970 in
3673 4916 3836 4971 cleri-

2132 5009 2265 5058 catu
2327 5002 2557 5067 militat,
2608 5006 2827 5057 arctam
2891 5001 3229 5056 monasterii
3284 4999 3653 5070 disciplinam
3713 5003 3838 5074 ipse

2134 5109 2360 5149 servare
2393 5110 2505 5149 non
2542 5093 2888 5164 potest.Quo
2910 5092 3104 5160 itaque
3142 5094 3307 5161 pacto
3330 5088 3428 5160 qui
3456 5094 3837 5151 monasticam

2134 5181 2391 5254 regulam
2425 5197 2540 5237 non
2589 5180 2816 5251 implet,
2849 5180 2915 5235 ad
2951 5194 3077 5233 eam
3124 5176 3387 5232 strictius
3418 5178 3838 5239 observandam

2133 5271 2277 5327 alios
2305 5287 2508 5341 cogere
2539 5269 2797 5341 poterit?
2826 5266 3074 5322 Proinde
3104 5282 3220 5321 non
3244 5265 3538 5322 immerito
3562 5271 3841 5340 providus

2138 5361 2299 5415 Pater
2320 5363 2481 5415 tanto
2506 5357 2654 5413 malo
2677 5355 2894 5411 mederi
2915 5356 3262 5425 quantocius
3279 5358 3516 5423 curavit,
3552 5358 3668 5415 loca
3685 5376 3844 5417 sacra

2135 5466 2234 5520 per
2248 5448 2571 5504 clericorum
2593 5446 2858 5500 ambitum
2881 5443 3093 5501 destrui
3116 5442 3359 5501 minime
3382 5446 3641 5518 patiens(
3650 5450 3769 5504 Lib.
3789 5468 3842 5521 v,

2136 5553 2222 5611 ep.
2256 5538 2333 5610 1).

2209 5626 2480 5684 Nonnulli
2529 5626 2638 5683 hac
2669 5626 2761 5682 usi
2808 5630 2950 5684 sunt
2999 5626 3266 5699 epistola,
3298 5633 3360 5682 ut
3381 5626 3692 5697 probarent
3723 5645 3845 5687 mo-

2140 5718 2378 5775 nasticae
2399 5716 2521 5775 vitae
2545 5720 2757 5776 statum
2780 5734 2814 5775 a
2833 5716 3110 5777 elerieatu
3145 5732 3384 5792 prorsus
3406 5731 3536 5777 esse
3557 5716 3835 5778 alienum.
