4106 6174
400 262 517 321 355

829 260 891 322 S.
936 258 1313 321 GREGORII
1359 259 1605 321 MAGNI
1651 259 1862 326 VITA,
1910 260 2011 320 EX
2057 260 2244 323 EJUS
2291 260 2643 324 SCRIPTIS
2688 261 3132 323 ADORNATA.
3184 263 3337 325 LlB.
3387 268 3484 331 IV.

3763 278 3862 337 356

398 397 613 453 Verum
663 403 947 470 quantum
979 396 1039 451 id
1069 414 1101 452 a
1150 398 1341 451 mente
1381 395 1439 451 S.
1473 395 1732 451 Doctoris
1776 395 2103 466 abhorreat,
2136 400 2189 467 Α
2220 396 2526 468 Epistolas.
2580 396 2876 469 Praecipua
2906 406 3042 455 sunt
3067 400 3136 456 de
3189 401 3550 463 diacouorum
3592 410 3784 480 officio,
3816 415 3876 470 de

396 490 523 563 ipse
552 488 862 546 manifeste
912 488 1167 545 ostendit
1196 503 1331 544 cum
1363 486 1434 541 ad
1467 501 1664 541 sacros
1694 486 1950 556 ordines,
1984 487 2102 543 imo

396 582 468 637 ad
499 580 901 653 episcopatum
935 578 1251 637 monachos
1283 574 1749 649 quamplurimos
1781 580 1905 633 tum
1927 594 1959 634 e
1995 594 2099 634 suo

396 676 520 727 tum
561 686 629 726 ex
663 671 793 727 aliis
842 669 1216 726 monasteriis
1264 667 1604 739 assumpsit,
1654 670 1712 722 et
1760 667 2099 740 apostolicis

396 760 565 817 etiam
594 760 846 832 praefecit
878 759 1114 815 muniis.
1164 756 1311 822 Quid
1344 756 1497 827 quod
1548 756 1960 811 monachatum
1992 754 2099 811 ali-

394 850 629 923 quando
657 847 990 919 assignatet
1012 848 1259 920 gradum
1284 853 1337 902 et
1358 844 1805 918 dispositionem
1830 844 2097 915 prawiam

393 941 464 995 ad
495 939 891 1012 episcopatum
924 936 951 992 ?
993 936 1307 993 Hortandus
1344 942 1443 1003 est,
1477 934 1684 1005 inquit,
1728 934 2095 1005 Opportunus,

394 1035 454 1084 ut
485 1028 577 1085 vel
604 1028 910 1083 monachus
945 1026 1034 1082 vel
1070 1043 1104 1081 a
1129 1025 1275 1081 vobis
1313 1023 1674 1079 subdiaconus
1712 1023 1850 1093 ﬁat;
1892 1028 1950 1077 ut
1977 1026 2098 1094 post

388 1118 803 1191 aliquantulum
834 1117 1110 1189 temporis,
1142 1115 1191 1169 si
1224 1116 1324 1171 Deo
1352 1112 1651 1186 placuerit,
1677 1114 1792 1185 ipse
1820 1111 1889 1167 ad
1909 1120 2097 1181 pasto-

387 1208 562 1264 ralem
609 1223 803 1262 curam
842 1205 1030 1263 debeat
1074 1206 1383 1278 promoveri
1429 1204 1571 1274 (Lib.
1605 1218 1705 1270 xu,
1738 1216 1823 1273 ep.
1862 1201 1974 1274 12).
2025 1203 2097 1256 At

386 1295 783 1354 consulendus
804 1298 889 1351 est
909 1294 1281 1352 doctissimus
1295 1290 1669 1350 Mabillonius
1694 1294 1815 1346 tum
1831 1290 2025 1345 saeculi
2042 1308 2095 1346 IV

386 1386 745 1446 Benedictini
796 1391 951 1442 torno
995 1385 1016 1441 Ι
1059 1385 1115 1439 in
1167 1384 1418 1450 Praefat.,
1465 1387 1589 1439 tum
1641 1381 1697 1436 in
1750 1380 2090 1437 Annalibus.

386 1477 551 1533 Mens
570 1476 747 1548 igitur
771 1474 957 1531 sancti
982 1472 1243 1530 Doctoris
1266 1473 1756 1545 fuit(a)quautum
1772 1472 2094 1529 exlaudata

384 1567 521 1623 libri
541 1566 729 1639 quinti
756 1565 941 1639 prima
960 1564 1129 1637 epist.
1154 1568 1209 1620 et
1238 1581 1305 1621 ex
1338 1565 1467 1620 aliis
1488 1567 1724 1638 assequi
1756 1582 2091 1639 possumus,

386 1658 874 1715 monasteriorum
896 1656 1299 1729 praefecturam
1314 1654 1556 1713 minime
1569 1657 1791 1713 clericis
1805 1674 1932 1714 esse
1946 1674 2009 1713 co
2020 1672 2096 1711 tn.

2207 487 2547 543 amovendis
2585 504 2618 543 a
2682 487 3038 559 pontificalis
3083 489 3336 548 cubiculi
3397 494 3695 554 ministerio
3732 498 3872 559 laicis

2208 575 2426 648 pueris,
2460 575 2532 631 de
2560 577 2897 633 coercendis
2927 582 3217 635 rectorum
3241 580 3600 640 ecclesiastici
3627 588 3874 658 patrimo-

2207 664 2287 719 nii
2330 664 2887 736 depraedationibus,
2937 668 3007 725 de
3056 668 3240 726 sacris
3289 671 3582 729 ordinibus
3616 676 3873 749 pallioqus

2206 756 2388 829 gratis
2419 762 2474 813 et
2502 758 2721 827 absque
2754 757 2871 815 ullo
2912 759 3095 830 pretio
3135 760 3517 830 conferendis,
3548 770 3651 821 etc.
3686 768 3743 822 ln
3781 769 3872 826 hac

2206 846 2410 919 synodi
2451 847 2675 903 sancita
2724 848 2989 905 unanimi
3033 866 3322 907 consensu
3366 854 3788 911 corroboraruut
3832 863 3882 914 et

2205 938 2735 1009 subscriptiouibus
2784 938 3123 995 munierunt
3170 940 3373 1012 viginti
3412 948 3529 999 tres
3557 946 3791 1016 episcopi
3821 964 3877 1004 ao

2205 1025 2442 1096 plurimi
2473 1028 2796 1099 presbyteri
2829 1030 2931 1100 qui
2964 1028 3270 1101 prtecipuis
3293 1030 3462 1087 Urbis
3486 1033 3662 1089 titulis
3681 1052 3774 1091 seu
3801 1052 3881 1092 ec-

2204 1116 2399 1173 clesiis
2434 1127 2735 1189 praeerant,
2772 1135 2885 1176 non
2919 1125 3113 1176 autem
3142 1121 3373 1178 diaconi
3404 1128 3461 1179 et
3492 1124 3671 1180 caeteri
3691 1126 3878 1183 clerici.

2206 1207 2269 1264 ln
2300 1208 2823 1281 subscriptionibus
2875 1211 3127 1267 secundo
3171 1212 3293 1268 loco
3343 1212 3555 1285 legitur
3602 1216 3877 1273 Mariniani

2203 1313 2439 1365 nomen,
2471 1297 2695 1354 scilicet
2727 1306 2852 1371 post
2878 1300 3243 1371 Gregorium.
3295 1303 3373 1358 De
3419 1303 3522 1359 hoc
3563 1309 3703 1361 ccetu
3742 1305 3881 1379 loqui

2202 1388 2701 1445 creditursauctus
2728 1406 2896 1462 papa,
2914 1390 3011 1445 ubi
3033 1390 3303 1462 plurimis
3326 1393 3383 1448 in
3408 1394 3661 1465 epistolis
3677 1396 3881 1465 (Lib.vr,

2200 1493 2322 1549 epp.
2360 1479 2445 1549 14,
2484 1480 2565 1547 15,
2603 1481 2687 1548 16,
2716 1480 2807 1551 l7)
2838 1485 3085 1537 testatur
3128 1482 3416 1539 Joannem
3449 1484 3704 1541 Ecclesia
3733 1487 3879 1544 Chal-

2202 1568 2546 1625 cedonensis
2589 1570 2989 1642 presbyterum
3038 1572 3108 1627 de
3140 1589 3253 1643 quo
3287 1573 3415 1642 jam
3462 1574 3674 1630 dictum
3718 1576 3873 1648 (Sup.,

2204 1658 2302 1714 lib.
2333 1676 2398 1727 ιι,
2430 1676 2478 1715 c.
2510 1660 2566 1725 9,
2598 1676 2755 1717 num.
2784 1660 2860 1731 5),
2892 1662 2949 1716 in
2983 1664 3226 1733 synodo,
3261 1664 3664 1736 episcoporum
3687 1666 3881 1736 judicio

387 1747 812 1815 mendandam;
846 1746 980 1816 quia
1025 1760 1158 1801 cum
1204 1744 1526 1816 disciplinae
1571 1747 1774 1803 laxiori
1812 1746 2091 1812 serviant,
2124 1782 2170 1848 Β
2203 1746 2382 1804 fuisse
2412 1748 2486 1804 ab
2520 1748 2752 1805 haeresis
2783 1749 3028 1806 crimine
3067 1750 3401 1809 liberatum.

385 1853 490 1893 nec
511 1834 898 1893 severioribus
921 1834 1341 1891 monachorum
1366 1835 1623 1892 moribus
1642 1835 1764 1892 sint
1795 1834 2090 1901 innutriti,

384 1927 453 1981 de
473 1928 685 1997 regulis
710 1924 1042 1981 monasticae
1066 1925 1432 1981 observantia
1454 1926 1648 1982 minus
1669 1925 1903 1983 solliciti
1933 1930 2088 1982 sunt.

382 2016 662 2072 Praeterea
691 2014 1163 2087 quandoquidem
1208 2017 1308 2070 aut
1353 2014 1635 2084 ambitus,
1679 2021 1780 2072 aut
1820 2016 2085 2082 avaritia,

380 2111 479 2162 aut
507 2122 720 2177 pravus
758 2105 1046 2177 quispiam
1079 2104 1232 2161 alius
1262 2106 1523 2171 affectus,
1569 2105 1641 2161 iis
1677 2105 1902 2163 clericis
1936 2121 2087 2177 quos

379 2196 687 2267 Gregorius
716 2194 1048 2260 insectatur,
1071 2193 1224 2250 viam
1253 2194 1324 2249 ad
1357 2194 1709 2251 abbatialem
1736 2194 2081 2266 dignitatem

380 2285 690 2355 munierat,
723 2283 1091 2341 secularium
1134 2283 1363 2339 vivendi
1403 2284 1643 2339 modum
1688 2285 2082 2350 sectabantur,

377 2376 438 2431 in
476 2374 662 2447 epulis
699 2376 757 2432 in
794 2372 1201 2446 suppellectili,
1246 2372 1304 2428 in
1362 2374 1649 2444 vestibus,
1704 2373 1920 2445 quibus
1968 2374 2083 2429 sibi

378 2464 761 2537 procurandis
790 2468 854 2520 ut
884 2480 1053 2536 pares
1080 2477 1209 2520 esse
1239 2468 1498 2535 possent,
1541 2464 1892 2519 monasteria
1922 2464 2080 2535 expi-

377 2556 599 2613 labant.

447 2649 499 2703 6.
533 2648 754 2705 Mortuo
803 2647 1049 2713 Joanne,
1083 2646 1153 2701 de
1182 2645 1448 2719 eligendo
1497 2662 1832 2703 successore
1862 2645 2081 2702 sollici-

376 2739 639 2795 tudinem
655 2736 837 2810 gessit
857 2741 1096 2794 sanctus
1115 2736 1390 2808 pontifex.
1409 2740 1695 2792 Donatum
1719 2735 2080 2793 archidiaco-

373 2846 514 2884 num
548 2827 879 2899 poluslabat
906 2826 1232 2893 exarchus;
1266 2842 1399 2882 eum
1429 2825 1585 2881 enim
1628 2826 1920 2899 designari
1952 2842 2081 2881 cre-

370 2919 562 2973 dimus
595 2918 687 2973 his
716 2916 905 2973 verbis
932 2931 945 2970 :
980 2914 1443 2971 Excellentissimi
1472 2915 1583 2970 viri
1611 2914 1825 2971 domini
1852 2914 2080 2987 patricii

372 3006 714 3061 voluntatem
774 3006 834 3059 in
890 3020 1122 3075 persona
1180 3005 1379 3059 Donati
1437 3004 1815 3059 archidiaconi
1857 3005 2080 3075 impleri

369 3094 643 3151 voluimus
704 3094 843 3163 (Lib.
896 3109 947 3159 v,
997 3110 1083 3164 ep.
1139 3093 1251 3161 48).
1312 3093 1462 3149 Sane
1509 3094 1901 3164 periculosum
1952 3097 2078 3150 erat

369 3184 590 3240 summi
616 3184 792 3254 hujus
806 3183 1060 3255 praefecti
1083 3182 1457 3254 postulationi
1479 3199 1695 3237 morem
1712 3199 1822 3238 non
1846 3199 2072 3253 gerere:

368 3275 469 3347 qui
500 3290 630 3331 cum
665 3261 951 3330 Ravennae
1000 3273 1193 3329 sedem
1246 3273 1505 3339 haberet,
1540 3272 1597 3328 in
1628 3272 1883 3344 episcopi
1917 3273 2078 3329 illius

370 3366 535 3422 urbis
583 3364 861 3421 electione
906 3362 1224 3435 plurimum
1280 3363 1392 3419 sibi
1450 3362 1804 3418 vindicabat.
1861 3361 2076 3418 Verum

366 3472 500 3511 cum
533 3472 645 3511 non
680 3471 866 3528 pauca
896 3454 1287 3510 innotuissent
1327 3453 1385 3508 in
1420 3452 1534 3508 vita
1564 3457 1622 3507 et
1663 3451 1916 3509 moribus
1959 3452 2072 3508 Do-

366 3544 486 3601 nati
517 3562 640 3617 quie
674 3548 746 3600 ab
776 3544 1109 3616 episcopatu
1144 3541 1541 3614 repellendum
1574 3558 1705 3598 eum
1740 3543 2072 3611 suaderent,

364 3636 493 3706 ejus
523 3634 870 3692 ordiuationi
904 3648 1254 3691 consensum
1288 3649 1404 3689 non
1439 3633 1812 3704 prtebendum
1846 3634 2074 3689 censuit

363 3725 693 3799 Gregorius.
726 3724 1011 3781 Joannem
1036 3737 1265 3794 quoque
1306 3722 1704 3795 presbyterum
1740 3724 1809 3778 ad
1842 3723 2071 3793 episco-

362 3816 547 3889 palem
597 3816 939 3885 dignitatem
992 3813 1317 3885 promoveri
1351 3830 1464 3869 non
1513 3816 1602 3868 est
1653 3828 1879 3882 passus,
1914 3814 2068 3885 quod

363 3907 727 3965 Psalmorum
760 3905 995 3963 nescius
1026 3905 1193 3968 foret,
1218 3920 1283 3959 ac
1303 3904 1361 3959 in
1384 3902 1574 3959 officio
1597 3904 1942 3959 sacerdotali
1968 3906 2069 3960 mi-

362 4014 475 4056 nus
500 4004 797 4055 strenuus.
831 3997 1090 4052 Tandem
1126 3994 1386 4051 unanimi
1412 4010 1704 4051 consensu
1737 3994 1957 4050 electus
1984 4001 2071 4053 est

360 4089 743 4154 Mariniauus,
776 4086 993 4141 invitus
1016 4090 1073 4140 et
1094 4083 1409 4140 reluctans.
1446 4085 1543 4139 llic
1565 4084 1661 4138 diu
1695 4084 1755 4138 in
1780 4091 2070 4141 monaste-

358 4178 445 4235 rio
476 4193 609 4234 cum
651 4174 925 4247 Gregorio
958 4174 1213 4242 vixerat;
1257 4173 1354 4242 qui
1385 4187 1517 4228 eum
1561 4173 1803 4228 Andrem
1835 4172 2064 4229 schola-

359 4268 503 4322 stico
535 4264 647 4321 sibi
680 4263 956 4319 familiari
986 4262 1432 4319 commendavit.

430 4354 670 4408 Gratum
700 4368 839 4423 erga
869 4368 1042 4407 suum
1076 4349 1543 4422 archipraesulem
1585 4351 1842 4406 animum
1876 4354 2062 4407 testa-

356 4446 527 4497 turus
556 4438 839 4503 Andreas,
882 4440 1033 4510 apud
1066 4440 1120 4493 S.
1171 4438 1508 4511 Gregorium
1556 4443 1754 4509 postea
1794 4440 2062 4509 precibus

2271 1837 2326 1893 8.
2360 1838 2637 1894 Caeterum
2673 1855 2789 1896 non
2836 1838 3017 1895 multo
3065 1846 3210 1912 post,
3245 1844 3501 1913 suscepti
3542 1844 3879 1915 episcopatus

2199 1932 2256 1983 et
2286 1928 2512 1984 amissa
2535 1929 2866 1985 monasticae
2888 1930 3331 2001 tranquillitatis
3357 1932 3623 2004 pcenituit
3644 1933 3880 1989 Marinia-

2199 2032 2363 2084 num,
2396 2016 2891 2073 calumniantibus
2914 2017 3304 2075 schismaticis
3337 2036 3469 2076 eum
3499 2021 3687 2077 minus
3726 2038 3879 2092 quam

2196 2107 2426 2162 deceret
2454 2105 2767 2163 concilium
2817 2106 3290 2164 Chalcedoueuse
3334 2110 3616 2167 venerari.
3663 2110 3792 2174 Quia
3818 2112 3880 2168 de

2194 2212 2253 2250 re
2284 2195 2515 2266 scripsit
2545 2196 2601 2251 S.
2639 2195 2954 2267 Gregorius
2985 2198 3055 2253 ad
3080 2196 3301 2254 olerum
3340 2203 3399 2255 et
3423 2199 3644 2271 plebem
3682 2204 3878 2255 Raven-

2196 2289 2415 2351 natem,
2445 2300 2716 2342 asserens
2762 2285 3152 2342 Marinianum
3193 2304 3225 2342 a
3273 2289 3567 2344 cunabulis
3609 2292 3664 2344 in
3707 2297 3881 2344 sancta:

2191 2374 2519 2430 universalis
2540 2372 2804 2432 Ecclesiae
2824 2377 3030 2446 gremio
3062 2376 3366 2447 nutritum,
3391 2383 3593 2434 rectam
3613 2378 3728 2449 ﬁdei
3745 2392 3874 2449 prae-

2190 2463 2519 2519 dicationem
2570 2465 2809 2519 tenuisse
2854 2466 2991 2535 (Lib.
3026 2482 3103 2532 vr,
3137 2481 3219 2538 ep.
3253 2468 3333 2537 2),
3388 2484 3492 2524 nec
3520 2468 3681 2523 aliter
3722 2482 3875 2539 quam

2193 2570 2297 2625 par
2325 2558 2480 2609 esset
2508 2553 2579 2608 de
2617 2551 3073 2610 Chalcedonensi
3101 2555 3316 2610 sentire
3353 2558 3585 2625 synodo.
3637 2557 3873 2621 Proinde,

2190 2642 2398 2714 inquit,
2447 2642 2882 2714 satisfactionem
2909 2644 3285 2714 plenissimam
3329 2646 3676 2717 recipientes,
3710 2645 3877 2701 chari-

2190 2738 2304 2789 tate
2335 2735 2568 2804 integra,
2592 2750 2732 2805 puro
2752 2734 2929 2800 corde,
2959 2743 3237 2803 pastorem
3288 2741 3537 2791 vestrum
3573 2735 3796 2805 diligite,
3824 2744 3874 2789 ut

2188 2823 2334 2894 apud
2384 2826 2555 2880 Deum
2583 2826 2785 2894 purius
2812 2826 2937 2894 fusa
2977 2824 3222 2895 ejusdem
3256 2825 3413 2882 vobis
3456 2828 3626 2882 valeat
3651 2825 3873 2897 prodesse

2185 2915 2499 2969 intercessio
2536 2914 2774 2986 pastoris
2812 2914 3023 2986 (1bid.).
3061 2916 3190 2971 llaec
3230 2932 3335 2987 pro
3386 2916 3700 2973 Mariniauo
3748 2916 3872 2972 Gre—

2190 3004 2415 3076 gorius.

2258 3096 2466 3148 Postea
2487 3108 2620 3147 cum
2653 3092 2976 3164 accepisset
3007 3108 3138 3149 eum
3173 3094 3230 3150 in
3256 3111 3543 3167 pauperes
3567 3112 3687 3151 esse
3719 3094 3875 3150 nimis

2188 3197 2453 3253 parcum,
2474 3186 2532 3237 et
2551 3181 2761 3237 litteris
2784 3184 2910 3238 suis
2931 3183 3060 3253 ejus
3083 3184 3459 3243 tenacitatem
3486 3185 3799 3257 increpavit,
3821 3188 3872 3237 et

2187 3288 2287 3341 per
2306 3271 2633 3327 Secundum
2660 3272 2764 3343 [AL
2790 3271 3214 3343 Secundinum]
3236 3275 3673 3331 sanctissimum
3698 3290 3871 3329 mona-

2184 3360 2360 3417 chum
2392 3361 2513 3417 htec
2544 3362 2614 3415 ad
2647 3378 2778 3417 eum
2811 3369 3032 3420 secreto
3057 3364 3277 3419 monita
3299 3365 3616 3422 deferenda
3646 3364 3865 3421 curavit.

2181 3452 2304 3505 Non
2333 3450 2442 3506 sibi
2469 3450 2655 3506 credat
2686 3452 2860 3507 solam
2895 3452 3177 3510 lectionem
3204 3461 3257 3509 et
3287 3455 3598 3511 orationem
3625 3454 3867 3525 sufﬁcere.

2181 3547 2241 3594 ut
2270 3549 2507 3597 remotus
2547 3540 2761 3596 studeat
2792 3541 3001 3609 sedere,
3030 3547 3082 3599 et
3111 3543 3175 3598 de
3214 3560 3389 3599 manu
3429 3546 3655 3599 minime
3698 3543 3871 3612 fructi-

2180 3631 2345 3699 ﬁcare
2369 3648 2382 3699 ;
2414 3632 2505 3687 sed
2536 3632 2751 3701 largam
2780 3649 3006 3687 manum
3028 3633 3241 3701 habeat,
3266 3636 3653 3691 necessitatem
3683 3634 3871 3706 patien-

2180 3722 2324 3777 tibus
2350 3726 2660 3790 concurrat,
2690 3724 2936 3778 alienam
2968 3722 3217 3794 inopiam
3248 3740 3413 3780 suam
3434 3726 3616 3782 credat
3642 3743 3659 3781 :
3695 3726 3817 3796 quia
3831 3723 3875 3777 si

2179 3809 2297 3868 haec
2326 3827 2434 3868 non
2468 3811 2645 3878 habet,
2682 3828 2914 3867 vacuum
2944 3814 3181 3883 episcopi
3208 3829 3414 3870 nomen
3448 3823 3613 3871 tenet.

2247 3902 2301 3955 9.
2332 3901 2471 3956 Aliae
2502 3900 2739 3956 fuerunt
2782 3906 2979 3972 postea
3004 3903 3075 3958 de
3127 3902 3457 3960 Mariniano
3490 3904 3755 3975 querendi
3784 3918 3868 3957 oc-

2176 3992 2463 4056 casiones,
2520 3991 2769 4047 maxime
2832 3992 2985 4062 quod
3038 3992 3341 4048 monachis
3386 3994 3521 4066 ipse
3572 3991 3867 4049 monachus

2174 4078 2523 4151 iniquiorem
2554 4096 2617 4135 se
2650 4080 2931 4151 praeberet
2962 4097 2975 4148 ;
3021 4081 3173 4137 unde
3205 4080 3279 4137 ad
3319 4082 3515 4152 ipsum
3550 4082 3787 4153 scripsit.
3816 4080 3867 4134 S.

2174 4168 2480 4237 Gregorius
2515 4184 2527 4223 :
2560 4168 2833 4224 Miramur
2863 4186 2967 4225 cur
2992 4172 3075 4226 sic
3105 4172 3166 4225 in
3197 4171 3346 4228 brevi
3383 4172 3753 4244 fraternitatis
3775 4175 3867 4223 tua:

2171 4258 2349 4331 fuerit
2396 4259 2686 4314 immutata
2740 4258 3019 4321 discretio,
3084 4268 3145 4316 ut
3183 4277 3249 4316 ea
3306 4278 3433 4334 quae
3468 4263 3726 4333 postulat,
3771 4275 3865 4315 non

2170 4347 2418 4404 advertat
2450 4366 2464 4405 :
2493 4364 2562 4403 ea:
2589 4364 2699 4420 qua
2724 4366 2785 4404 re
2814 4348 3083 4419 dolemus,
3115 4352 3245 4422 quia
3287 4356 3647 4423 manifestum
3674 4350 3865 4424 praebes

2172 4438 2461 4504 indicium,
2492 4440 2617 4511 plus
2644 4440 2789 4512 apud
2829 4447 2880 4497 te
2920 4441 3081 4497 verba
3099 4444 3243 4499 male
3263 4443 3618 4500 suadentium
3650 4443 3867 4499 valuisse

355 4532 490 4603 egit,
518 4530 584 4586 de
612 4546 718 4585 usu
744 4530 909 4600 pallii
948 4528 1244 4586 secundum
1274 4533 1561 4601 antiquam
1609 4532 2060 4588 consuetudinem
2091 4513 2135 4577 Ῑ)
2166 4544 2333 4598 quam
2361 4528 2568 4585 divinae
2590 4530 2837 4586 lectionis
2864 4531 3110 4587 studium
3137 4535 3447 4603 profecisse.
3492 4535 3733 4605 Cumque
3765 4545 3864 4585 mo-

354 4622 413 4678 in
463 4622 772 4678 Ravennati
830 4618 1067 4675 Ecclesia
1116 4619 1447 4675 restituendo
1497 4620 1637 4687 (Lib.
1680 4636 1755 4687 v1,
1803 4636 1889 4691 ep.
1940 4623 2055 4690 61).

352 4712 567 4769 Verum
599 4714 914 4781 antequam
946 4713 1253 4777 aunueret,
1278 4713 1335 4764 ut
1369 4710 1725 4780 quibusdam
1745 4709 1805 4765 in
1837 4709 2060 4768 litaniis

351 4808 408 4860 et
431 4801 634 4860 diebus
664 4798 1023 4857 solemnibus
1056 4798 1227 4868 pallio
1259 4803 1516 4855 uteretur
1538 4799 2058 4872 Marinianus,jus-

350 4894 425 4951 sit
469 4893 706 4966 sapiens
737 4891 993 4963 pontifex
1026 4906 1088 4945 ea
1115 4890 1185 4945 de
1224 4907 1284 4946 re
1327 4889 1613 4961 explorari
1662 4892 2058 4949 archidiaconi

349 4991 404 5041 et
424 4988 723 5043 seniorum
749 4982 907 5038 urbis
935 4980 1282 5050 testimonia,
1309 4981 1561 5052 praestito
1584 4982 1741 5052 prius
1762 4984 2057 5055 asingulis

347 5077 732 5131 sacramento.

417 5164 472 5217 7.
504 5163 890 5219 Ravennatem
920 5162 1236 5219 Ecclesium
1264 5178 1461 5234 regere
1491 5163 1666 5235 erepit
1693 5162 2055 5221 Marinianus

348 5253 485 5307 ante
512 5254 777 5321 quintam
813 5253 957 5309 Julii
998 5254 1152 5309 diem
1194 5253 1441 5325 hujusce
1474 5254 1613 5310 anui
1645 5271 1759 5325 quo
1790 5255 2053 5311 interfuit

348 5340 570 5412 synodo
622 5340 813 5395 Romae
857 5359 890 5397 a
937 5343 1212 5414 Gregorio
1255 5343 1577 5399 celebratae.
1630 5345 1814 5415 Hujus
1853 5350 2049 5400 autem

346 5426 547 5502 synodi
591 5432 755 5499 gesta
790 5432 846 5484 et
891 5434 1119 5488 decreta
1167 5450 1295 5505 quae
1336 5433 1498 5506 prius
1545 5433 1607 5490 in
1656 5433 2049 5507 Epistolarum

347 5519 498 5576 serie
538 5518 922 5589 habebantur,
958 5536 1114 5577 nunc
1142 5522 1332 5595 legere
1362 5523 1497 5580 licet
1526 5524 1587 5581 in
1626 5527 1947 5599 appendioe
1976 5529 2047 5585 ad

412 5715 495 5792 (a)
522 5715 667 5771 Vide
697 5729 874 5786 supra
904 5712 1009 5770 lib.
1043 5730 1103 5786 ιι,
1137 5732 1263 5788 cap.
1298 5716 1528 5774 ultimo.

2166 4618 2417 4675 nasteria
2454 4626 2507 4675 te
2528 4626 2769 4691 oporteat
2800 4620 3087 4690 defensare
3116 4629 3170 4678 et
3191 4624 3476 4695 religiosos
3498 4624 3622 4681 illic
3640 4634 3865 4679 summo-

2163 4724 2291 4780 pere
2319 4724 2676 4780 congregare,
2705 4719 2763 4765 ut
2792 4711 3008 4767 lucrum
3029 4711 3093 4766 de
3113 4714 3434 4770 animarum
3456 4710 3865 4785 congregatione

2163 4800 2334 4869 possis
2379 4798 2615 4870 efﬁcere,
2664 4800 2724 4852 in
2744 4814 2932 4855 eorum
2957 4807 3055 4856 tee
3084 4800 3294 4857 diverso
3340 4804 3691 4871 gravamina,
3738 4799 3864 4853 sicut

2164 4887 2367 4945 litterae
2398 4894 2514 4944 tua:
2568 4892 2856 4958 testantur,
2887 4889 3166 4946 desideras
3194 4906 3493 4959 exercere,-
3532 4895 3604 4960 et,
3636 4888 3772 4961 quod
3797 4893 3864 4942 est

2162 4975 2422 5042 deterius,
2455 4991 2550 5031 nos
2580 4984 2693 5033 tua:
2730 4977 2904 5049 culpa:
2945 4979 3131 5035 studes
3158 4981 3279 5049 ﬁeri
3324 4980 3517 5036 debere
3557 4978 3858 5051 participes,

2160 5067 2384 5133 scilicet,
2425 5067 2556 5123 dum
2586 5083 2716 5125 cum
2763 5077 2945 5125 nostra
2978 5086 3245 5126 consensu
3290 5072 3685 5127 monasterium
3731 5063 3860 5139 quod

2159 5155 2398 5213 decessor
2435 5166 2560 5213 tuus
2603 5157 2845 5213 condidit
2898 5161 3057 5230 cupis
3106 5160 3207 5215 sub
3267 5160 3646 5216 curandarum
3688 5171 3859 5212 rerum

2159 5250 2327 5319 atque
2353 5263 2653 5303 causarum
2682 5249 2905 5305 nomine
2921 5264 3082 5323 precg
3094 5267 3307 5307 ravare.
3352 5251 3517 5308 Debes
3544 5252 3693 5307 enim
3719 5261 3859 5303 reco-

2164 5334 2301 5403 lere,
2341 5337 2473 5408 quia
2520 5345 2572 5392 te
2616 5343 2905 5409 praesente,
2952 5341 3187 5396 diversis
3234 5341 3403 5397 etiam
3447 5338 3771 5411 presbyteris
3808 5340 3858 5387 et

2156 5424 2424 5494 diaconis,
2457 5426 2776 5500 clericisque
2805 5432 2914 5484 tuis
2936 5431 3321 5501 praesentibus,
3354 5438 3541 5488 contra
3581 5434 3855 5483 testamen-

2155 5516 2274 5570 tum
2304 5514 2479 5588 ipsius
2513 5526 2850 5591 praceptum
2889 5518 3032 5576 sicut
3071 5522 3441 5592 postulavere,
3476 5517 3853 5573 concessimus.
