4106 6174
92 4422 97 4517 l

237 271 359 329 357

673 268 737 328 S.
785 264 1163 327 GREGORII
1208 265 1453 325 MAGNI
1498 263 1711 331 VlTA,
1760 265 1855 323 EX
1902 264 2089 326 EJUS
2135 262 2483 325 SCRIPTIS
2527 268 2977 333 ADORNATA.
3025 273 3174 337 LIB.
3221 279 3326 340 Ill.

3641 288 3761 351 358

239 409 342 466 Ubi
372 411 554 501 tamen
583 407 827 501 ejusdem
856 402 1144 501 decessoris
1192 404 1276 459 tui
1319 401 1625 474 dispositio,
1677 402 1946 501 quamfe-
1973 410 2033 476 Α
2064 400 2383 501 mouialum
2431 402 2709 501 cmnobia.
2769 405 2909 472 Quis
2965 413 3159 501 autem
3218 415 3273 468 S.
3332 419 3503 492 Papa
3543 441 3759 501 scOpus

232 502 389 553 cerat
418 498 483 554 de
510 500 839 553 monasterio
870 495 1006 568 ipso,
1028 495 1257 563 ﬁrmata
1286 500 1404 557 est;
1431 502 1491 548 tu
1510 508 1657 547 nunc
1686 490 1793 547 ista
1822 492 1942 548 dis-

230 588 531 655 simulans,
563 588 850 645 contraria
882 602 978 641 nos
1009 582 1173 641 ωδ]
1206 585 1382 655 poscis
1429 584 1621 639 debere
1645 584 1947 655 praecipere

232 678 378 746 (Lib.
410 695 486 747 v1,
518 695 601 751 ep.
634 679 745 749 29).
794 678 971 747 Cujus
1020 674 1363 732 monasterii
1412 674 1806 731 defensionem
1838 675 1945 730 hac

230 766 290 822 in
317 766 570 839 epistola
617 766 930 838 Gregorius
980 764 1316 836 susceperit,
1349 780 1463 820 non
1500 764 1654 821 clare
1696 768 1943 821 constat.

232 856 422 928 Loqui
483 862 683 912 tamen
734 856 1016 927 optimum
1084 852 1497 911 monachorum
1560 858 1780 925 patrem
1840 871 1943 926 pro

231 946 527 1001 Classensi
559 951 618 1002 S.
651 945 1002 1018 Apollinaris
1038 942 1387 1000 monasterio
1409 960 1443 999 a
1473 944 1775 999 Mariniani
1804 961 1947 1016 pras-

230 1036 539 1092 decessore
571 1038 905 1091 constructo
928 1032 1297 1103 conjicimus.
1329 1032 1443 1088 Nec
1462 1032 1577 1087 alia
1598 1033 1947 1089 monasteria

227 1123 286 1178 in
324 1124 651 1180 Ravennati
683 1124 913 1179 dioecesi
971 1123 1163 1195 posita
1211 1122 1708 1194 archiepisc0pum
1760 1124 1947 1195 magis

226 1212 585 1269 beneﬁcium
618 1213 1084 1284 experiebantur,
1110 1215 1172 1267 ut
1200 1228 1269 1267 ex
1290 1212 1403 1266 ﬁne
1426 1210 1669 1268 laudata:
1687 1212 1947 1283 epistola

225 1302 439 1374 liquet.
470 1304 788 1369 Prxterea,
819 1303 1028 1374 inquit,
1065 1300 1311 1373 pervenit
1338 1300 1408 1356 ad
1436 1316 1555 1367 nos,
1599 1303 1729 1373 quia
1759 1318 1947 1357 mona-

224 1394 407 1447 steria
436 1407 565 1464 qum
592 1392 691 1447 sub
718 1392 1070 1463 fraternitate
1098 1401 1192 1446 tua
1213 1396 1340 1446 sunt
1371 1390 1690 1459 constituta,
1715 1390 1948 1447 clerico-

225 1498 355 1535 rum
381 1482 920 1553 importunitatibus,
953 1483 1004 1535 et
1036 1479 1263 1535 diversis
1292 1495 1481 1536 eorum
1512 1480 1779 1536 molestiis
1805 1495 1948 1552 prx-

222 1576 572 1639 graventur;
602 1570 745 1642 quod
776 1586 841 1625 ne
870 1571 936 1626 de
963 1573 1159 1627 caetero
1206 1569 1325 1637 ﬁat,
1357 1569 1607 1625 districta
1636 1571 1735 1626 hoc
1766 1574 1946 1627 inter-

222 1661 542 1717 minatione
559 1676 879 1732 compesce:
910 1666 1176 1732 quatenus
1220 1659 1503 1715 monachis
1533 1658 1662 1717 illic
1694 1660 1945 1733 degenti-

223 1750 345 1821 bus,
381 1752 558 1808 libere
587 1750 647 1807 in
680 1752 779 1807 Dei
806 1753 984 1807 nostri
1014 1751 1267 1806 laudibus
1297 1752 1463 1807 liceat
1491 1752 1787 1809 exsultare.

294 1879 551 1950 Cumque
583 1877 716 1950 pius
749 1879 917 1932 Pater
964 1876 1248 1945 audisset,
1299 1876 1539 1948 insuper
1581 1876 1780 1933 habita
1834 1894 1942 1933 sua

227 1967 652 2033 admonitione,
688 1966 1003 2022 monachos
1033 1967 1101 2021 ad
1114 1966 1225 2022 huc
1256 1983 1289 2021 a
1311 1965 1745 2023 Ravennatibus
1776 1966 1941 2023 cleri-

230 2058 338 2127 cis,
370 2055 778 2113 dissimulante
820 2056 1267 2127 archiepiscopo,
1305 2071 1418 2111 non
1460 2071 1629 2112 secus
1672 2072 1740 2114 ac
1770 2061 1941 2115 antea

237 2147 445 2215 vexari,
476 2149 690 2203 iterum
730 2145 1103 2201 scribendum
1147 2144 1389 2216 putavit,
1438 2150 1492 2200 et
1542 2146 1941 2206 vehementius

239 2238 597 2295 instandum.
628 2236 948 2309 Epistolam
981 2252 1147 2291 suam
1181 2236 1271 2292 his
1304 2236 1493 2293 verbis
1525 2238 1782 2294 claudit:
1815 2241 1943 2295 Haec

249 2327 418 2397 itaque
442 2326 630 2382 omnia
649 2323 919 2395 vigilanti
936 2340 1073 2381 cura
1091 2324 1380 2381 emendare
1400 2326 1512 2395 iam
1533 2326 1767 2383 secundo
1792 2343 1942 2382 com-

249 2418 447 2472 monita
465 2414 733 2471 sanctitas
760 2420 940 2471 vestra
968 2430 1078 2470 non
1106 2414 1327 2485 differat
1344 2430 1365 2475 ,ο
1394 2429 1462 2470 ne
1490 2416 1540 2469 si
1555 2419 1674 2486 post
1694 2418 1811 2473 haec
1838 2432 1937 2472 ne-

244 2506 498 2573 gligentes
526 2521 617 2561 vos
645 2521 783 2571 esse,
815 2504 961 2576 quod
987 2519 1095 2560 non
1127 2505 1420 2571 credimus,
1452 2506 1807 2575 senserimus,
1830 2507 1937 2561 ali-

242 2604 328 2650 ter
352 2597 805 2653 monasteriorum
833 2597 1011 2667 quieti
1027 2596 1332 2668 prospicere
1351 2595 1763 2666 compellamur.
1798 2597 1936 2651 Nam

240 2686 385 2741 vobis
410 2690 596 2742 notum
624 2686 717 2753 sit,
759 2688 892 2757 quia
950 2689 1118 2741 tanta
1161 2685 1472 2741 necessitati
1518 2701 1799 2740 servorum
1841 2686 1938 2742 Dei

239 2777 702 2846 congregationem
733 2776 977 2848 amplius
1021 2776 1301 2847 subjacere
1347 2792 1460 2831 non
1504 2775 1751 2845 patimur
1791 2776 1931 2848 (Lib.

242 2882 342 2929 vn,
368 2882 449 2938 ep.
480 2868 590 2938 43).

316 2991 394 3048 40.
425 2996 563 3048 Dum
593 2992 717 3047 haec
748 2990 1026 3048 scriberet
1065 2995 1120 3045 S.
1169 2990 1501 3063 Gregorius,
1539 2990 1665 3062 jam
1700 2992 1938 3048 fortasse

251 3081 625 3137 meditabatur
644 3080 1051 3153 tranquillitati
1074 3081 1557 3138 monasteriorum
1586 3082 1939 3155 prospicere,

2054 499 2202 546 esset
2232 490 2337 547 has
2367 491 2767 550 immunitates
2790 499 3181 573 concedendo,
3220 521 3333 561 non
3357 490 3604 570 obscure
3632 490 3760 590 ape-

2056 580 2131 634 rit
2156 580 2225 634 ad
2251 581 2633 638 Luminosum
2682 584 2952 641 abbatem
3002 590 3303 651 scribens:
3347 599 3440 654 His
3470 612 3651 661 autem
3670 580 3765 666 'ita

2054 670 2331 744 perfectis,
2357 673 2413 725 in
2446 674 2544 728 Dei
2572 690 2731 744 opere
2760 681 2923 731 estote
2952 680 3192 753 solliciti,
3227 694 3277 741 et
3306 690 3521 749 assidue
3542 710 3769 767 operam

2055 760 2300 817 orationi
2328 760 2472 827 date,
2498 778 2565 817 ne
2586 779 2692 819 non
2716 764 2967 822 videatur
2986 773 3163 841 magis
3181 774 3329 831 vobis
3352 760 3590 849 quaesita
3618 804 3771 849 men-

2054 852 2127 905 tis
2159 850 2218 905 in
2249 852 2499 907 oratione
2527 856 2815 925 securitas,
2844 856 2935 911 sed
2976 860 3142 926 male,
3185 865 3326 933 quod
3357 870 3522 941 absit,
3572 876 3765 949 degen-

2057 942 2201 996 tibus
2226 943 2549 1013 episcopalis
2580 945 2787 999 evitata
2815 944 3084 1005 districtio
3114 952 3254 1020 (Lib.
3299 972 3358 1025 ιι,
3392 974 3475 1031 ep.
3500 962 3611 1031 42).

2731 1034 2962 1092 CAPUT
2993 1040 3085 1093 IIl.

2061 1102 2798 1183 A‘l‘i‘ll':{LSNEE'EOIWS
2819 1108 3610 1183 ξίφουῖδωιθιρεοριιγίοτυω
3635 1129 3771 1179 ordi-

2122 1167 3073 1253 P.‘i‘l‘.°.‘?.‘i€3‘i§£L“§P.§P8%P}9.‘“'::::
3092 1175 3152 1253 ,2-
3187 1167 3767 1253 Aeschines;

2120 1241 2245 1302 suae
2267 1232 2407 1301 vices
2429 1232 2747 1302 committi_t._
2766 1232 2909 1302 Eccl.
2945 1235 3213 1302 Gallicana
3241 1232 3765 1302 Romanmilit-iaf':

2118 1289 2266 1368 ξιξ
2303 1291 2551 1368 primatu.
2576 1293 3056 1368 Arelatensi._‘——_4.
3095 1289 3763 1368 ξξϐτεέοῖίἷ-ἆὲἶῖέῖιίοίέ

2120 1353 2868 1436 §E.$1'£“f-?lf‘°“'2m,;_:.5:,
2886 1359 3234 1436 οθ.¹⁸υ.άί.δμ.ε
3256 1353 3359 1418 αυεὶ
3375 1353 3549 1436 eos?
3571 1353 3766 1427 Βῖἷιῖίῖῖ

2119 1414 2280 1490 Ehgdi
2313 1414 2471 1488 datis.
2492 1442 2553 1490 ς
2568 1418 2615 1469 6.
2639 1418 2908 1490 Quantum
2931 1422 2997 1472 ab
3017 1414 3764 1490 adulations'abrbogru-eritlz

2116 1475 2165 1562 Ζ.
2494 1480 2791 1562 'l‘prgnicus
2822 1498 3011 1562 papam
3035 1475 3761 1562 ἱηνῑῄἰξθίιδῗῖθῖίρᾞΐέῗῐ

2117 1539 2717 1623 ἓ-,ἓιξρηξῼέριεξξίρεο
2748 1539 3011 1623 eiiciat
3052 1576 3113 1585 -
3149 1550 3203 1623 .9-
3224 1539 3761 1623 nasonem;

2116 1603 2306 1675 npcbjs
2338 1603 2645 1675 constituta.
2680 1632 2742 1642 —-
2786 1603 2889 1657 10.’
2911 1610 2974 1658 Et
3012 1625 3107 1675 pro
3147 1603 3762 1675 Sanctimonialibusrl;

2114 1664 2392 1788 ἓίίιίέἷὲξι.
2418 1665 2777 1792 ξξὶεέῗὲὅέῗε
2824 1664 3094 1734 quomodo
3143 1689 3199 1726 se
3228 1664 3759 1753 Βὸὲῆιῖῆ-ἒῖ-ἷῖ-ΐ-ἕεο-

1974 1793 2022 1859 Β
2130 1811 2176 1862 1.
2221 1808 2398 1865 Paulo
2457 1814 2586 1881 post
2618 1813 2987 1886 proﬂigatam
3034 1819 3091 1874 in
3151 1825 3372 1894 synodo
3431 1827 3622 1885 Roma;
3655 1832 3763 1890 hoc

2052 1914 2203 1954 anno
2236 1898 2435 1955 habita
2467 1902 2805 1975 simoniam,
2837 1921 2969 1963 cum
3002 1907 3353 1970 inaudiisset
3384 1917 3761 1989 vigilantissi-

2050 2004 2180 2044 mus
2205 1993 2402 2085 pastor
2424 1992 2481 2045 in
2507 1990 2817 2085 Galliarum
2840 1996 2929 2052 vel
2948 1997 3027 2069 (ά)
3050 2000 3363 2062 Germaniae
3376 2009 3626 2078 partibus
3648 2013 3763 2085 ple-

2050 2095 2262 2170 rosque
2288 2080 2589 2170 episcopos
2620 2084 2881 2154 ejusdem
2909 2104 3036 2144 esse
3062 2107 3213 2165 reos,
3240 2094 3581 2170 nullumque
3608 2080 3679 2160 iis
3698 2104 3758 2161 in

2050 2168 2362 2239 provinciis
2393 2169 2464 2225 ad
2492 2187 2709 2227 sacrum
2757 2175 3007 2232 ordinem
3058 2179 3177 2236 sine
3223 2168 3503 2242 commodi
3536 2190 3757 2248 datione

2046 2260 2349 2327 pervenire,
2382 2262 2544 2314 tanto
2602 2260 2867 2319 Ecclesiae
2924 2265 3230 2325 Gallicana:
3290 2273 3489 2329 morbo
3538 2281 3759 2337 mederi

2048 2346 2269 2413 volens,
2302 2347 2375 2403 ad
2405 2348 2732 2420 Virgilium,
2760 2353 3157 2413 Arelatensem
3199 2362 3564 2435 episcopum,
3597 2372 3654 2424 et
3685 2370 3758 2425 ad

2049 2438 2345 2494 universos
2385 2438 2443 2495 in
2478 2457 2650 2513 regno
2690 2442 3038 2502 Cbildeberti
3085 2452 3378 2522 praesules,
3411 2472 3637 2516 necnon
3688 2462 3757 2519 ad

2046 2526 2249 2620 ipsum
2275 2526 2711 2620 Cbildebertum
2744 2548 2933 2603 regem
2985 2538 3220 2608 scripsit
3252 2542 3391 2613 (Lib.
3424 2561 3479 2612 v,
3511 2562 3631 2620 epp.
3664 2550 3754 2604 53.

2044 2614 2133 2705 5t,
2167 2615 2278 2687 55),
2308 2618 2637 2689 rogavitque
2660 2625 2723 2674 ut
2745 2621 2815 2675 de
2840 2623 2944 2679 hac
2963 2628 3285 2698 corruptela
3316 2614 3753 2705 quamprimum

2045 2703 2400 2760 eliminanda
2423 2706 2657 2763 solliciti
2684 2710 2887 2766 forent.
2914 2714 2976 2768 In
3011 2713 3104 2771 bis
3144 2717 3317 2775 etiam
3356 2703 3615 2793 epist—olis
3646 2726 3756 2784 lai-

2046 2798 2333 2889 corumet
2365 2796 2789 2889 neophytorum
2832 2804 3161 2876 praecipites
3201 2824 3266 2863 ac
3304 2808 3652 2871 immaturas
3680 2818 3753 2889 (e)

2046 2883 2441 2940 ordinationes
2465 2887 2726 2957 damnat,
2752 2897 3025 2962 tanquam
3050 2911 3081 2948 a
3100 2902 3255 2952 recto
3286 2900 3489 2957 ordine
3518 2883 3758 2973 prorsus

2046 2971 2469 3064 dissentaneas.
2504 2976 2650 3041 Quid
2684 2978 2837 3034 enim
2857 2981 2885 3034 ?
2914 2982 3018 3050 Qui
3042 2983 3349 3058 discipulus
3378 3006 3488 3046 non
3516 2971 3650 3064 fuit,
3675 2994 3759 3049 in-

2047 3062 2390 3119 considerata
2419 3066 2720 3122 ambitione
2751 3070 3014 3140 magister
3040 3074 3298 3144 efﬁcitur,
3333 3078 3515 3151 inquit
3546 3082 3599 3140 S.
3626 3062 3761 3142 Gre-

251 3169 446 3225 celebri
482 3170 582 3226 illo
624 3170 703 3241 (a)
744 3151 1066 3241 privilegio,
1116 3170 1269 3242 quod
1304 3170 1359 3224 in
1402 3151 1644 3226 concilio
1675 3151 1925 3228 Romanc

2110 3151 2365 3246 irius;et
2410 3154 2674 3227 quoniam
2731 3159 2872 3230 quod
2926 3163 3101 3232 possit
3146 3163 3332 3223 docere
3378 3186 3489 3225 non
3543 3172 3755 3246 didicit,

253 3258 407 3313 tertio
438 3257 847 3330 promulgavit.
877 3257 1215 3329 Similejam
1241 3264 1605 3315 concesserat
1639 3266 1937 3318 monaste-

254 3346 332 3401 rio
358 3356 675 3405 sanctorum
705 3346 953 3403 Joannis
974 3356 1025 3403 et
1046 3346 1322 3419 Stephani
1347 3348 1403 3403 in
1428 3348 1568 3405 urbe
1597 3349 1938 3420 Classitana,

257 3439 407 3507 cujus
436 3447 548 3495 erat
579 3439 758 3495 abbas
788 3438 1069 3494 Claudius
1088 3443 1146 3495 S.
1182 3438 1436 3509 Gregorii
1468 3439 1809 3512 discipulus.
1843 3442 1938 3497 In-

257 3528 336 3580 ter
352 3528 803 3601 archiepiscopos
824 3530 1190 3585 Ravennates
1220 3533 1277 3583 et
1316 3528 1581 3584 abbatem
1621 3529 1775 3586 hunc
1809 3548 1935 3587 mo-

258 3615 360 3669 tam
384 3616 526 3673 litem
549 3616 744 3672 Rome
768 3615 1022 3687 judicari
1052 3615 1310 3671 voluerat
1350 3617 1761 3674 sanctissimus
1793 3635 1937 3689 pon-

256 3704 398 3760 titex.
427 3707 682 3779 Cumque
715 3705 977 3761 nonnulli
1017 3721 1085 3761 ex
1114 3705 1265 3761 clero
1297 3711 1352 3760 et
1385 3722 1451 3761 ex
1484 3707 1698 3778 populo
1731 3712 1934 3763 contra

258 3794 615 3863 clamitassenl,
637 3794 694 3851 id
721 3796 949 3867 legibus
976 3800 1029 3851 et
1048 3796 1368 3851 canonibus
1393 3796 1710 3865 adversari,
1732 3798 1931 3852 rescri-

257 3884 351 3951 psit
372 3901 539 3956 papa:
566 3886 673 3941 Hoc
690 3888 909 3957 poterat
928 3884 1185 3954 fortassis
1203 3886 1487 3955 Opponi,si
1516 3900 1621 3939 non
1654 3884 1724 3940 ad
1752 3886 1929 3952 majo-

254 3988 346 4027 rem
370 3982 695 4039 recurreret,
728 3976 776 4030 et
805 3972 952 4045 apud
993 3989 1118 4028 eum
1165 3990 1342 4029 causa:
1388 3990 1497 4028 suae
1525 3979 1727 4045 peteret
1766 3974 1933 4030 meri-

249 4070 343 4117 tum
370 4064 671 4118 terminari.
724 4060 982 4135 Nunquid
1036 4078 1141 4117 non
1201 4064 1320 4134 ipse
1374 4066 1517 4118 nosti
1574 4062 1706 4134 quia
1760 4080 1931 4119 causa

244 4168 348 4224 qua
376 4172 409 4209 a
435 4157 643 4211 Joanne
668 4154 983 4227 presbytero
1022 4160 1211 4210 contra
1241 4155 1508 4210 Joannem
1540 4153 1929 4210 Constantino-

233 4246 522 4313 politanum
577 4248 812 4317 fratrem
856 4248 909 4300 et
954 4246 1332 4317 coepiscopum
1388 4249 1639 4301 nostrum
1676 4255 1799 4303 orta
1828 4252 1925 4317 est,

230 4335 509 4390 secundum
554 4349 786 4389 canones
834 4334 904 4389 ad
946 4333 1125 4389 sedem
1173 4335 1524 4406 apostolicam
1573 4335 1837 4403 recurrit,
1874 4338 1927 4391 et

226 4431 398 4480 nostra
426 4433 503 4481 est
539 4427 808 4480 sententia
847 4423 1119 4493 deﬁnita?
1149 4424 1208 4479 Si
1254 4440 1378 4495 ergo
1437 4425 1505 4480 de
1562 4424 1665 4480 illa
1702 4426 1927 4480 civitate

2045 3242 2407 3299 sacerdotium
2462 3250 2680 3303 tantum
2734 3252 2875 3320 gerit
2932 3253 2993 3306 in
3038 3256 3283 3310 nomine.
3319 3260 3590 3326 Quomodo
3621 3242 3754 3322 vero

2040 3344 2139 3399 pro
2168 3330 2408 3387 aliorum
2440 3338 2681 3403 peccatis
2730 3339 3129 3397 intercessurus
3172 3351 3269 3411 est,
3304 3348 3400 3417 qui
3422 3366 3519 3404 sua
3549 3353 3756 3422 primi-

2042 3428 2131 3475 tus
2159 3436 2269 3476 non
2298 3422 2515 3493 deﬂevit
2537 3429 2563 3478 .9

2114 3512 2277 3576 Quod
2301 3529 2479 3585 supra
2504 3517 2573 3571 de
2605 3518 2858 3575 simonia
2890 3521 2945 3575 in
2979 3522 3196 3581 Gallice
3219 3532 3519 3597 grassante
3551 3532 3760 3606 Grego-

2043 3599 2189 3694 rium
2221 3609 2564 3694 querentem
2610 3609 2961 3682 audivimus,
3011 3614 3323 3672 confirmat
3369 3618 3515 3675 alter
3542 3599 3756 3694 Grego-

2040 3689 2184 3782 rius,
2219 3692 2547 3782 'l‘nronicus
2587 3697 2873 3765 videlicet,
2908 3701 2977 3756 de
3020 3718 3078 3758 re
3110 3703 3222 3761 sibi
3252 3712 3389 3763 nota
3417 3689 3755 3782 loquens-in

2040 3777 2185 3867 Vitis
2224 3779 2457 3837 Patrum
2484 3800 2533 3838 c.
2583 3786 2655 3839 6:
2687 3789 2814 3843 Jam
2860 3793 3009 3859 tunc,
3071 3792 3279 3865 inquit,
3335 3777 3554 3867 ger-min
3612 3803 3758 3861 illud

2038 3866 2295 3940 iniquum
2341 3882 2574 3943 asperat
2602 3876 2972 3947 fructiﬁcare,
3006 3889 3065 3935 ut
3094 3866 3463 3941 sacerdotium
3504 3898 3600 3945 aut
3624 3908 3751 3946 ren-

2034 3956 2252 4014 deretur
2280 3978 2313 4014 a
2358 3962 2599 4032 regibus,
2640 3974 2735 4020 aut
2778 3976 3186 4038 compararetur
3214 3990 3248 4027 a
3277 3974 3512 4032 clericis.
3550 3978 3745 4049 Neque

2034 4047 2105 4101 ad
2140 4051 2367 4106 tantum
2402 4052 2615 4108 malum
2663 4060 3165 4115 averruncandum
3216 4064 3359 4117 satis
3396 4064 3503 4120 fuit
3538 4047 3740 4125 sancto

2033 4134 2311 4206 pontifici,
2358 4138 2535 4195 semel
2581 4144 2679 4195 aut
2718 4142 2927 4199 iterum
2986 4146 3253 4203 scribere.
3299 4147 3420 4206 Imo
3470 4151 3742 4223 plurimis

2032 4227 2308 4302 deinceps
2346 4230 2607 4301 epistolis
2636 4233 2722 4290 vel
2754 4236 2823 4291 ad
2865 4236 3299 4296 Brunichildem
3340 4242 3620 4316 reginam,
3654 4247 3741 4304 vel

2030 4317 2103 4372 ad
2135 4334 2295 4389 reges
2326 4324 2383 4376 et
2412 4321 2481 4377 ad
2530 4323 2834 4395 episcopos
2878 4327 3095 4395 missis,
3127 4330 3219 4385 vix
3268 4330 3347 4387 ita
3380 4334 3643 4404 profecit,
3680 4340 3742 4392 ut

2032 4426 2066 4465 a
2096 4414 2260 4467 tanta
2291 4412 2419 4467 labe
2451 4413 2806 4470 Gallicanam
2832 4418 3097 4473 nonnihil
3131 4419 3445 4478 Ecclesiam
3472 4440 3743 4499 repurga-

223 4516 313 4570 ubi
339 4514 587 4587 princeps
607 4522 685 4569 est
705 4513 775 4568 ad
805 4522 1047 4569 nostram
1097 4529 1264 4569 causa
1297 4516 1670 4584 cognitionem
1698 4516 1922 4572 deducta

2110 4514 2138 4556 :.
2170 4501 2338 4558 Tales
2371 4503 2527 4560 enim
2561 4511 2698 4561 sunt
2729 4507 3063 4579 hujusmodi
3104 4514 3448 4585 corruptelae
3479 4531 3547 4571 ex
3576 4518 3740 4589 cupi-

218 4609 532 4677 cst,quanto
551 4605 731 4673 magis
768 4604 1049 4674 negotium
1088 4604 1227 4675 quod
1264 4602 1417 4659 intra
1462 4620 1549 4659 vos
1575 4609 1677 4671 est,
1721 4604 1813 4660 llic
1842 4609 1918 4659 est

219 4695 436 4753 veritate
489 4696 707 4765 cegnita
760 4691 1217 4747 terminandum?
1254 4693 1396 4762 (Lib.
1449 4710 1525 4761 vr,
1566 4710 1652 4765 ep.
1698 4694 1812 4764 24.)
1848 4694 1917 4750 Ut

218 4781 1299 4859 igiturcontroversiamhancradicitus
1324 4788 1919 4855 amputaretomnem-

222 4892 322 4949 que
356 4872 622 4943 litigandi
657 4872 1039 4937 occasionem,
1076 4872 1312 4943 sapiens
1343 4873 1602 4943 pontifex
1627 4879 1914 4929 monaste-

224 4965 365 5022 rium
398 4962 505 5019 hoc
536 4962 728 5034 amplo
760 4961 1010 5017 munivit
1033 4960 1107 5031 (b)
1135 4960 1455 5033 privilegio,
1485 4964 1639 5033 quod
1663 4963 1743 5018 ita
1772 4963 1916 5018 inci-

225 5056 328 5129 pit:
362 5053 535 5121 Quam
563 5055 613 5108 si
651 5053 1027 5107 necessarium
1074 5053 1533 5107 monasteriorum
1581 5052 1754 5123 quieti
1790 5070 1916 5124 pro-

224 5147 429 5217 spicere,
462 5147 571 5199 etc.
607 5141 905 5197 Similibus
936 5157 1169 5213 quoque
1212 5140 1459 5196 munivit
1494 5141 1565 5211 (cl
1603 5142 1917 5216 privilegiis

2028 4591 2206 4648 ditate
2235 4597 2392 4663 ortae,
2427 4600 2491 4651 ut
2517 4597 2805 4653 continuis
2832 4604 3111 4657 curentur
3141 4605 3434 4675 remediis,
3461 4612 3742 4664 sanentur

2034 4699 2357 4755 nunquam.

2096 4778 2149 4829 2.
2184 4773 2418 4846 Virgilio
2453 4778 2643 4847 probis
2669 4782 2927 4838 moribus
2950 4787 3003 4839 et
3028 4783 3344 4843 virtutibus
3365 4788 3738 4844 ornatissimo

2028 4879 2162 4919 suas
2201 4865 2373 4927 vices,
2409 4867 2580 4937 juxta
2640 4871 2946 4943 antiquum
2993 4890 3211 4931 morem
3254 4875 3564 4948 Gregorius
3595 4893 3736 4932 con-

2027 4954 2202 5010 cessit
2230 4955 2383 5011 intra
2416 4959 2575 5031 regni
2618 4959 2973 5019 Childeberti
3026 4963 3189 5030 fines,
3231 4968 3287 5017 et
3336 4965 3494 5035 pallii
3536 4981 3732 5027 usum,

2026 5044 2099 5100 ab
2130 5045 2256 5117 ipso
2288 5063 2420 5120 rege
2466 5053 2521 5104 et
2564 5051 2635 5105 ab
2667 5052 3097 5125 archiepiscOpo
3148 5057 3401 5125 rogatus.
3451 5056 3574 5121 Qua
3603 5071 3735 5111 vero

2026 5133 2201 5192 255
2259 5136 2315 5192 in
2367 5138 2661 5210 subjectos
2709 5142 3012 5213 episcopos
3063 5142 3406 5198 auctoritate
3456 5148 3730 5217 tanquam

2022 5318 2371 5401 dungns_e_m,
2405 5322 2661 5395 appellat
2682 5322 3523 5401 Lugdunensemﬁermaniam
3550 5329 3651 5385 lib.
3678 5348 3761 5401 v,.

290 5392 359 5473 (b)
382 5394 611 5473 Legitur
642 5393 743 5448 lib.
772 5409 895 5473 vin,
926 5393 1135 5473 epznt5.
1419 5464 1448 5473 Α
2021 5406 2111 5473 cp.
2215 5392 2601 5473 Etiamnum“
2618 5392 3091 5473 archiepiscopus
3122 5397 3474 5473 S_en_onensis
3507 5392 3729 5473 prima:

294 5461 358 5539 (ρ)
388 5461 639 5539 Litus",
673 5480 765 5536 ep.
800 5466 887 5539 ιζ,
919 5461 978 5519 et
1004 5464 1104 5539 lib.
1138 5480 1261 5525 xm.
1295 5479 1385 5539 ep.
1416 5464 1473 5518 9.
1580 5535 1589 5539 Α
2020 5461 2533 5539 tis‘Galliarumet
2561 5461 2887 5539 Germanias
2907 5461 3075 5524 titulo
3101 5469 3407 5539 gloriatur.

290 5533 359 5610 (ά)
385 5536 572 5593 Gallia
596 5542 685 5610 es_t
706 5533 805 5591 seu
834 5535 1094 5610 Francia,
1118 5550 1286 5610 quam
1309 5533 1911 5610 _Germania_m_vocat,
2028 5604 2067 5610 __
2091 5533 2161 5605 (e)
2194 5533 2334 5610 Vide
2366 5536 2620 5610 codicem
2653 5536 2955 5595 Canonum
2986 5533 3138 5597 Eccl'.
3179 5542 3445 5599 Romanis
3467 5560 3593 5600 ean.
3627 5546 3730 5601 36:

236 5604 448 5687 fortasse
472 5609 619 5687 quod
645 5606 903 5687 Francia
933 5604 1242 5687 Germania
1272 5606 1663 5687 _sin_t_oriu_ndi.
1698 5604 1911 5665 Eodem
2017 5604 2094 5687 {te
2122 5604 2413 5687 nepphpti
2434 5608 2747 5687 presbyteri
2784 5611 2867 5668 vel
2918 5611 3153 5687 episcOpi
3199 5614 3352 5686 ﬁant.
3414 5614 3479 5670 Et
3524 5633 3573 5673 ο.
3619 5617 3726 5674 39:

238 5624 448 5668 Iortasse
472 5624 619 5677 quoa
645 5624 849 5663 r'ranci
871 5624 902 5663 e
933 5624 1242 5664 uermama
1275 5624 1395 5663 sint
1416 5624 1663 5664 onunoi.
1698 5624 1911 5665 nouem
2017 5624 2094 5660 ne
2122 5624 2296 5675 neopn
2343 5624 2385 5662 ιι
2434 5624 2703 5681 ρνεωῃτει

238 5683 378 5755 modo
408 5696 561 5755 sirpe
592 5679 847 5755 loquitur
869 5678 1247 5755 Joan.pi_ac._
1268 5678 1327 5734 in
1358 5678 1492 5735 Vita
1514 5678 1579 5755 _S.
1612 5680 1785 5755 _Greg:
1816 5697 1913 5737 su-
2016 5675 2093 5732 Ne
2122 5677 2253 5733 laici
2281 5624 2416 5749 ﬁliai
2443 5680 2703 5755 episcopi.

240 5754 399 5828 potius
440 5752 616 5811 edita.
646 5751 1001 5825 Apollinaris
1048 5750 1323 5811 Sidonius
1371 5750 1911 5825 provinciam'Lug-

290 5325 364 5395 (α)
386 5321 531 5395 Vide
562 5320 709 5395 illud
741 5320 802 5377 in
836 5320 1183 5395 Appendice.

3748 5942 3921 6017 ΑΓ
3970 5956 4007 5975 .-
