4106 6174
391 308 507 371 359

823 308 887 367 S.
935 298 1300 365 GHEGOBII
1345 296 1592 360 MAGNI
1636 294 1841 365 VITA,
1888 293 1990 353 EX
2039 289 2218 352 EJUS
2267 287 2612 349 SCRIPTIS
2656 288 3108 350 ADORNATA.
3156 291 3308 352 LIB.
3353 276 3457 353 Ill.

3783 296 3901 355 360

386 452 602 506 sanctae
644 447 801 504 sedis
835 444 1081 501 vicarius
1116 440 1375 513 polleret,
1411 433 1813 509 explicaturin
1847 429 2095 504 epistola
2125 436 2176 501 Α
2208 427 2399 498 risque
2456 427 2765 484 virtutibus
2819 428 3072 487 colendis
3128 430 3610 490 adhortationem.
3673 436 3736 492 Ut
3775 450 3900 506 ergo

383 538 595 609 54jam
627 535 880 591 laudata.
913 533 997 588 Ad
1031 532 1225 604 ipsum
1276 544 1470 583 causas
1526 538 1750 591 omnes,
1786 521 1898 577 nisi
1959 520 2101 575 forte

394 628 649 698 majores
667 629 768 681 aut
796 624 865 679 de
896 623 1011 677 ﬁde
1042 622 1249 682 forent,
1275 633 1405 689 quae
1437 631 1537 687 pro
1570 612 1657 669 sui
1696 610 2100 683 magnitudine

380 717 605 790 judicio
636 714 792 772 sedis
818 710 1143 785 apostolicae
1177 707 1535 778 indigebant,
1568 704 1831 760 ﬁnienda
1863 705 1919 755 et
1942 698 2099 771 judi-

387 809 582 867 candee
607 804 1023 862 referebantur.
1058 797 1316 855 Concilio.
1355 795 1597 866 cogebat
1621 796 1677 849 et
1706 790 1922 848 coactis
1954 806 2099 861 prie-

385 907 527 967 erat,
557 895 745 952 nullus
773 893 1145 965 episctiporum
1173 886 1243 942 ad
1277 884 1668 956 longinquiora
1697 882 1814 937 loca
1843 878 1962 934 sine
1982 880 2098 951 ejus

381 986 713 1043 auctoritate
738 979 1017 1054 proﬁcisci
1048 980 1294 1050 poterat.

452 1080 579 1131 Non
602 1069 1065 1146 prietereundum
1097 1066 1253 1138 quod
1285 1061 1594 1135 Gregorius
1625 1059 1788 1117 docet
1819 1058 1877 1115 in
1901 1074 1989 1130 ep.
2024 1059 2094 1113 ad

381 1164 691 1237 Virgilium
720 1161 862 1234 (Lib.
896 1177 952 1229 ν,
982 1174 1066 1229 ep.
1096 1158 1210 1224 53),
1245 1150 1557 1210 Ecclesiam
1589 1148 1948 1206 Gallicanam
1987 1148 2094 1203 Ro-

386 1271 572 1311 manas
603 1268 733 1309 esse
754 1248 1014 1307 sobolem
1039 1266 1053 1314 ;
1079 1251 1137 1302 et
1159 1244 1418 1317 quidem,
1444 1242 1515 1298 ad
1540 1244 1795 1296 mentem
1823 1238 2098 1293 Innocen-

381 1345 450 1402 tii
482 1345 504 1400 Ι
543 1341 857 1399 scribentis
889 1339 957 1394 ad
990 1334 1328 1393 Decentium
1361 1329 1753 1400 Eugubinum,
1787 1330 1843 1382 in
1875 1342 2096 1381 omnem

381 1435 630 1501 Italiam,
681 1432 910 1496 Gallias,
958 1429 1269 1499 lliSpanias,
1318 1424 1581 1494 Africam,
1626 1427 1789 1491 atque
1828 1418 2092 1488 Siciliam,

382 1523 708 1593 insulasque
740 1520 1146 1587 interiacentes,
1179 1515 1396 1569 nultum
1446 1513 1750 1567 instituisse
1794 1507 2091 1577 Ecclesias,

381 1613 495 1670 nisi
524 1628 614 1669 eos
645 1625 774 1681 quos
802 1606 1134 1664 venerabilis
1165 1604 1447 1675 apostolus
1481 1603 1671 1656 Petrus
1699 1605 1797 1654 aut
1834 1598 1950 1669 ejus
1969 1613 2093 1651 suc-

2207 519 2347 571 sicut
2402 516 2525 586 ﬁde,
2576 520 2651 572 ita
2704 524 2756 572 et
2812 521 3024 575 actione
3088 524 3372 577 vincantur
3428 524 3639 593 (caeteri
3696 524 3902 597 reges),

2211 606 2501 674 benignam
2565 622 2619 661 se
2684 607 3002 663 excellentia
3050 614 3225 666 vestra.
3270 613 3383 666 suis
3437 614 3700 681 subiectis
3760 629 3902 670 sem-

2206 710 2305 765 per
2322 695 2590 751 exhibeat.
2626 697 2686 751 Et
2714 697 2765 750 si
2793 712 2901 766 qua
2925 705 3202 771 suntquae
3225 700 3341 767 eius
3362 704 3609 756 animum
3635 703 3910 775 oﬁendere

2208 784 2451 851 valeant,
2473 801 2539 840 ea
2568 784 2864 841 indiscussa
2902 803 3009 842 non
3034 790 3246 859 puniat.
3293 791 3436 845 Tunc
3458 793 3606 847 enim
3636 808 3755 847 vere
3778 795 3905 861 Regi

2208 890 2421 943 regum,
2452 874 2507 929 id
2538 883 2615 930 est
2664 878 3023 947 omnipotenti
3080 879 3301 935 Domino
3356 882 3593 951 amplius
3645 882 3902 954 placebit,

2206 966 2277 1019 sit
2304 967 2619 1034 potestatem
2674 981 2804 1020 suas
2860 970 3193 1038 restringens
3249 972 3431 1024 minus
3487 970 3595 1026 sibi
3622 970 3911 1028 crediderit

2207 1053 2369 1109 licere
2396 1056 2546 1125 quod
2573 1062 2747 1126 potest
2780 1055 2985 1128 (Ibid).

2275 1144 2328 1199 5.
2365 1144 2591 1200 Laudes
2623 1145 2694 1200 ab
2726 1146 2929 1201 eodem
2954 1146 3047 1218 pio
3080 1148 3349 1219 pontiﬁce
3381 1149 3440 1205 in
3472 1151 3911 1208 Brunicbildem

2206 1234 2464 1304 reginam
2496 1235 2710 1290 ell‘usas
2742 1235 3005 1292 nonnulli
3058 1237 3230 1309 paulo
3287 1237 3543 1310 iniquius
3575 1242 3781 1298 ferunt.
3814 1242 3915 1297 Ni-

2207 1322 2416 1381 mirum
2453 1340 2570 1379 non
2602 1324 2675 1379 ob
2734 1324 2790 1378 id
2840 1324 3029 1380 solum
3062 1328 3215 1397 quod
3270 1328 3601 1385 incolumem
3658 1329 3779 1386 ﬁlio
3809 1347 3917 1389 suo

2206 1413 2569 1468 Childeberto
2602 1430 2788 1470 rerum
2815 1417 3204 1486 temporalium
3247 1418 3485 1489 gloriam
3510 1420 3739 1491 provida
3763 1422 3921 1478 solli-

2203 1503 2441 1559 citudine
2460 1507 2822 1571 conservavit,
2856 1521 2983 1559 eam
3014 1504 3184 1560 laude
3206 1507 3444 1578 dignam
3468 1509 3761 1566 existimat
3785 1536 3800 1579 ;
3826 1528 3921 1568 ve-

2206 1608 2333 1648 rum
2356 1592 2528 1647 etiam
2560 1593 2713 1663 quod
2750 1593 2855 1664 ipsi
2884 1601 3111 1651 aeterna:
3140 1598 3271 1654 vitae
3307 1599 3538 1667 praemia
3566 1602 3661 1669 pia
3691 1604 3917 1657 institu-

380 1715 614 1758 eessores
660 1698 1069 1753 constituerunt
1117 1692 1434 1748 sacerdotes
1480 1689 1660 1761 (lbid.,
1691 1704 1776 1758 ep.
1805 1687 1919 1754 54).
1951 1688 2093 1741 Are-
2202 1687 2348 1740 tione
2375 1686 2703 1756 providerit.
2743 1684 2965 1757 Ubique
3006 1687 3280 1757 pietatem
3313 1690 3438 1759 ejus
3462 1690 3918 1761 et(b)summum

380 1789 629 1848 latensis
660 1794 855 1844 autem
888 1783 1143 1840 Ecclesia
1190 1779 1508 1854 presertim
1543 1776 1646 1833 hac
1676 1777 1887 1832 illustri
1919 1775 2095 1846 origi-
2128 1795 2173 1861 Β
2202 1776 2435 1845 ergares
2452 1774 2679 1830 divinas
2701 1776 2961 1831 studium
2987 1775 3303 1832 honoriﬁce
3324 1784 3924 1838 commemorat.lnter

382 1897 455 1937 ne
486 1876 792 1952 gloriatur.
824 1874 967 1945 Ejus
1017 1887 1156 1928 sane
1183 1870 1434 1941 antiquis
1475 1864 1797 1923 nobilitatis
1829 1864 2094 1920 meminit

380 1972 438 2026 S.
473 1965 807 2039 Gregorius,
832 1962 1067 2035 quando
1099 1961 1180 2015 ait
1200 1960 1503 2030 antiquam
1527 1972 1590 2013 se
1619 1954 2097 2012 consuetudinem

382 2065 651 2115 secutum
684 2070 833 2123 esse,
866 2051 1099 2123 quando
1137 2066 1275 2105 suas
1305 2045 1545 2117 Virgilio
1576 2044 1733 2101 vices
1781 2043 2098 2100 commisit.

454 2149 508 2204 3.
544 2147 758 2202 Urbem
797 2141 1195 2199 Arelatensem
1228 2156 1262 2194 a
1312 2136 1716 2193 Valentiniano
1755 2141 1809 2191 et
1850 2132 2099 2189 Honorio

382 2236 701 2294 Galliarum
733 2236 975 2288 matrem
999 2227 1350 2301 appellatam
1383 2226 1638 2282 referunt
1654 2223 1751 2295 qui
1778 2224 1847 2279 de
1876 2238 1942 2278 ea
1964 2220 2102 2276 scri-

386 2328 653 2399 pserunt,
682 2324 998 2392 sedemque
1028 2319 1407 2375 constitutam
1443 2315 1696 2387 preteeti
1729 2312 2017 2384 pratorio,
2044 2313 2102 2368 in

383 2433 500 2488 qua
530 2418 752 2485 septem
785 2410 1213 2482 provinciarum
1245 2406 1440 2462 Galliae
1489 2408 1806 2460 conventus
1849 2406 2100 2473 quotan-

381 2507 475 2564 nis
497 2504 922 2562 celebrabatur.
954 2501 1038 2556 Ab
1060 2515 1127 2555 ea
1157 2498 1438 2570 dignitate
1472 2496 1705 2568 politica
1736 2494 2020 2565 primatus
2050 2500 2103 2549 et

384 2595 726 2654 exarchatus
785 2588 1210 2649 ecclesiasticus
1256 2588 1487 2643 initium
1557 2584 1795 2640 duxisse
1852 2584 2099 2641 videtur.

383 2685 609 2742 Placuit
636 2683 793 2741 enim
823 2681 1052 2737 Zozimo
1082 2678 1325 2747 aliisque
1359 2676 1632 2748 deinceps
1662 2675 1940 2730 Romanis
1965 2689 2103 2744 pon-

376 2773 661 2838 tilicibus,
694 2769 1070 2826 nobilissimas
1102 2766 1344 2822 civitatis
1375 2765 1699 2836 episcopos,
1721 2760 1935 2817 vicaria
1966 2778 2099 2816 san-

385 2868 489 2919 cta
518 2862 675 2919 sedis
709 2864 991 2931 potestate
1023 2857 1340 2929 insignire:
1376 2870 1622 2926 quorum
1656 2857 1818 2908 tanta
1848 2860 1970 2906 erat
2001 2868 2099 2907 au-

383 2953 643 3017 ctoritas,
682 2954 745 3004 ut
775 2953 1000 3019 septem
1035 2946 1463 3017 provinciarum
1495 2944 1714 3014 synodo
1765 2946 2096 3012 praeessent,

372 3039 600 3095 litteras
660 3038 936 3092 formatas
985 3035 1208 3090 clericis
1242 3033 1779 3105 peregrinantibus,
1840 3030 2097 3102 ipsisque

2205 1865 2322 1921 alia
2356 1866 2514 1932 bona,
2545 1866 2740 1937 inquit
2773 1867 2844 1921 ad
2891 1882 3017 1922 eam
3070 1867 3352 1937 scribens,
3383 1870 3483 1925 hoc
3508 1873 3653 1941 apud
3680 1888 3777 1928 vos
3801 1888 3922 1944 prae

2205 1958 2406 2010 caeteris
2436 1965 2577 2012 tenet
2603 1958 3001 2028 principatum,
3035 1957 3175 2029 quod
3204 1959 3263 2012 in
3303 1960 3498 2015 mediis
3536 1960 3699 2033 hujus
3727 1964 3924 2018 mundi

2206 2045 2481 2115 ﬂuetibus,
2503 2048 2598 2117 qui
2617 2050 2858 2115 regentis
2876 2049 3086 2103 animos
3114 2048 3438 2104 turbulenta
3471 2052 3651 2105 solent
3672 2055 3922 2108 vexatio-

2207 2151 2278 2190 ne
2304 2135 2659 2205 con/undere,
2692 2138 2766 2190 ita
2798 2153 2891 2193 cor
2919 2137 2988 2191 ad
3017 2137 3192 2193 divini
3218 2140 3397 2195 cultus
3418 2156 3659 2196 amorem
3689 2152 3741 2197 et
3770 2158 3931 2199 vene-

2211 2225 2470 2280 rabilium
2519 2226 2766 2281 locorum
2829 2226 3225 2296 disponendam
3273 2231 3509 2300 quietem
3558 2232 3837 2294 reducitis,
3863 2251 3933 2288 ac

2209 2316 2257 2369 si
2276 2314 2435 2369 nulla
2464 2330 2559 2369 vos
2589 2316 2705 2370 alia
2756 2331 2893 2371 cura
2934 2317 3208 2372 sollicitet.
3246 2318 3394 2374 Unde
3433 2321 3562 2388 quia
3610 2319 3933 2389 hujusmodi

2210 2408 2629 2475 prapositorum
2663 2408 2825 2472 actio,
2856 2406 3221 2477 subjectorum
3249 2423 3454 2476 magna
3484 2410 3623 2464 salet
3656 2426 3769 2465 esse
3797 2428 3929 2466 mu-

2210 2498 2366 2561 nitio,
2397 2512 2511 2565 pm
2553 2496 2679 2552 aliis
2707 2497 2957 2566 gentibus
2994 2505 3218 2569 gentem
3262 2500 3595 2554 Francorum
3624 2503 3928 2557 asserimus

2209 2584 2443 2653 felicem,
2471 2601 2590 2656 qua
2614 2588 2689 2640 sic
2714 2584 2867 2641 bonis
2888 2587 3138 2641 omnibus
3168 2587 3457 2656 praeditam
3490 2592 3692 2644 meruit
3723 2589 3927 2648 habere

2208 2678 2454 2744 reginam
2485 2675 2622 2746 (Lib.
2656 2691 2730 2740 IV,
2763 2691 2847 2745 ep.
2879 2674 2955 2746 5).
2984 2675 3205 2743 Hzecne,
3234 2676 3501 2747 inquiunt
3525 2677 3925 2735 Brunicbildis

2209 2764 2634 2832 criminatores,
2667 2763 2862 2820 haecne
2883 2766 3029 2819 citra
3058 2766 3452 2822 adulationem
3475 2767 3587 2823 dici
3607 2772 3926 2839 potuerunt

2209 2856 2280 2909 de
2309 2852 2512 2924 regina
2544 2854 3028 2925 ﬂagitiosissima,
3061 2859 3146 2910 tot
3195 2855 3477 2912 bellorum
3511 2861 3568 2911 et
3598 2857 3925 2915 discordia-

2208 2959 2338 2997 rum
2372 2941 2618 3010 ilabello,
2660 2946 2743 2999 tot
2783 2958 2988 3015 regum
3041 2943 3449 3012 interteclrice,
3498 2950 3584 3001 tot
3629 2946 3924 3002 scelerum

2206 3034 2427 3089 artiﬁce
2444 3036 2472 3087 ?

373 3127 659 3201 episcopis
708 3123 960 3182 abeundi
992 3123 1304 3222 .licentiam
1357 3124 1597 3222 darent;
1631 3120 1680 3176 si
1712 3138 1839 3192 qua:
1869 3137 1999 3222 vero
2034 3121 2088 3175 in
2124 3155 2165 3222 Ο
2206 3211 2217 3222 ι
2276 3118 3101 3222 Si_excutimus_Gregorianas
3131 3125 3199 3179 ad
3236 3125 3668 3182 Brunicbildem
3703 3127 3932 3199 episto-

373 3217 577 3275 Galliis
602 3216 739 3273 etin
762 3212 1042 3286 Hispania
1081 3213 1371 3269 orirentur
1416 3212 1481 3267 de
1523 3213 1635 3267 ﬁde
1685 3218 1785 3266 aut
1826 3212 2089 3267 moribus
2128 3211 2165 3222 “
2204 3211 2310 3280 las,
2345 3213 2666 3283 laudesque
2697 3213 2757 3268 in
2806 3212 2966 3268 illam
3018 3214 3256 3271 collatas
3299 3217 3752 3288 perpendamus,
3790 3235 3925 3274 eam

373 3306 799 3371 controversias,
842 3304 912 3359 ad
972 3302 1104 3358 illos
1143 3306 1421 3373 tanquam
1482 3302 1763 3371 primates
1816 3298 2089 3357 Romani-

371 3413 485 3469 que
515 3393 807 3468 pontiﬁcis
836 3391 1082 3448 vicarios
1107 3390 1443 3446 dirimenda:
1468 3390 1837 3446 referrentur.
1862 3390 1928 3443 At
1952 3405 2085 3444 cum

371 3488 441 3543 ab
470 3484 688 3541 Hilario
715 3481 1035 3539 Arelatensi
1067 3481 1339 3553 episcopo
1387 3496 1621 3551 pervasa
1654 3480 1831 3535 fuisse
1876 3482 2086 3534 Metro—

366 3576 762 3650 politanorum
789 3576 923 3645 jura
954 3580 1010 3629 et
1058 3582 1365 3644 usurpatas
1397 3588 1527 3643 quae
1559 3572 1704 3643 ipsis
1735 3570 2085 3627 deberentur

362 3662 763 3720 ordinationes
795 3660 1118 3731 accepisset
1148 3660 1206 3715 S.
1247 3661 1374 3727 Leo,
1421 3661 1737 3730 primatum
1780 3658 2081 3731 amplissi-

362 3770 523 3810 mum
541 3753 691 3808 inter
705 3752 897 3822 ipsum
914 3749 1376 3821 episcopumque
1390 3749 1763 3805 Viennensem
1775 3750 1845 3819 (a)
1861 3749 2078 3804 divisit.

435 3842 716 3900 Collatam
748 3846 849 3896 aut
896 3840 1301 3896 confirmatam
1338 3840 1572 3912 Virgilio
1604 3840 1879 3896 vicariam
1925 3840 2083 3897 sedis

354 3931 687 4006 apostolica:
718 3933 1073 4001 potestatem
1106 3928 1420 4000 Gregorius
1466 3929 1711 3999 Magnus
1743 3934 1942 3999 postea
1972 3930 2082 3985 im-

356 4021 592 4093 minuit,
617 4019 877 4093 quando,
912 4022 976 4074 ut
1018 4018 1170 4074 intra
1200 4019 1447 4084 dicetur,
1490 4018 1748 4091 Syagrio,
1792 4021 2085 4090 Augusto-

356 4110 611 4168 dunensi
642 4108 938 4180 episcopo,
972 4124 1114 4163 suas
1150 4107 1305 4163 intra
1337 4107 1681 4164 Childeberti
1716 4124 1960 4179 regnum
1995 4107 2077 4162 vi-

356 4217 453 4258 ces
477 4198 873 4254 demandavit.
909 4197 998 4251 Ita
1029 4196 1275 4252 Romani
1308 4197 1635 4267 pontiﬁces,
1674 4198 1731 4251 in
1764 4211 2077 4267 argumen—

356 4298 480 4344 tum
527 4302 775 4343 summae
820 4302 938 4359 qua
987 4286 1225 4356 pollent,
1275 4303 1388 4341 non
1440 4285 1709 4357 precaria;
1758 4285 2056 4357 potestatis

2200 3304 2271 3358 ob
2306 3318 2549 3375 regnum
2603 3319 2837 3357 summa
2891 3304 3198 3372 prudentia
3251 3306 3658 3376 gubernatum,
3691 3312 3751 3361 et
3784 3307 3935 3363 ﬁliis

2199 3399 2507 3451 assertum,
2537 3406 2759 3447 necnon
2786 3397 3018 3462 propter
3042 3392 3434 3448 Christianam
3467 3399 3526 3449 et
3555 3393 3934 3452 Catholicam

2203 3481 2374 3536 ﬁdem
2408 3480 2497 3536 vel
2530 3481 2682 3551 apud
2732 3481 2984 3537 Francos
3034 3487 3458 3550 conservatam,
3490 3483 3577 3537 vel
3610 3483 3667 3537 in
3700 3488 3935 3541 exteris

2195 3572 2468 3643 gentibus
2502 3576 2893 3640 propagatam,
2926 3575 2984 3625 et
3018 3580 3247 3642 propter
3271 3571 3527 3644 insignia
3557 3574 3826 3643 quaedam
3865 3574 3934 3630 in

2194 3660 2687 3716 xenodocbiorum
2719 3677 2783 3715 ac
2816 3662 3298 3718 monasteriorum
3322 3669 3423 3717 aut
3450 3662 3697 3718 aliorum
3722 3679 3941 3720 sacro-

2195 3767 2321 3806 rum
2354 3750 2612 3808 locorum
2646 3751 3073 3807 constructione
3124 3752 3354 3822 pietatis
3400 3768 3574 3823 opera
3611 3768 3934 3809 commen-

2194 3840 2387 3896 datam
2442 3841 2605 3896 t'ateri
2662 3856 2971 3912 cogemur;
3024 3841 3323 3897 dumtaxat
3371 3860 3402 3896 a
3451 3842 3752 3913 Gregorio,
3808 3860 3935 3901 nec

2193 3930 2484 3986 immerito
2517 3930 2694 3985 luisse
2726 3930 2946 4001 liquido
2987 3931 3296 3987 constabit.
3331 3932 3483 3988 Sane
3513 3931 3935 3989 Brunicbildis

2192 4019 2624 4077 Childebertum
2676 4018 2860 4076 ﬁliuni
2895 4020 3148 4092 quinque
3198 4037 3511 4085 annorum,
3547 4026 3775 4076 mortuo
3813 4038 3938 4093 pa-

2192 4114 2276 4165 tre
2309 4110 2621 4181 Sigiberto,
2654 4125 2686 4163 e
2742 4109 3138 4181 Fredegundis
3189 4111 3466 4167 manibus
3514 4116 3802 4181 ereptum,
3850 4114 3939 4168 ab

2190 4198 2505 4255 Austrasiaa
2537 4197 2926 4271 nptimatibus
2958 4215 3153 4271 regem
3185 4199 3350 4257 Metis
3375 4200 3721 4267 renuntiari,
3758 4204 3941 4271 quod

2192 4304 2433 4344 summos
2466 4289 2574 4343 fuit
2606 4288 2928 4361 prudentiae
2972 4306 3037 4346 ac
3060 4289 3358 4346 industria
3382 4294 3830 4362 argumentum,
3876 4299 3941 4349 et

356 4375 702 4447 hujusmodi
733 4376 1003 4442 honores,
1032 4380 1094 4430 ut
1126 4376 1311 4447 magis
1343 4392 1373 4431 e
1405 4391 1464 4431 re
1490 4374 1818 4432 Christiana
1848 4375 2081 4432 videba-
2189 4394 2221 4432 a
2250 4376 2655 4433 Gunthramno
2688 4386 2889 4446 patruo
2923 4378 3407 4450 Burgundionum
3455 4394 3586 4447 rege
3618 4378 3933 4437 hair-edem

360 4475 475 4532 tur,
508 4465 579 4520 ad
614 4466 824 4517 nutum
866 4472 960 4518 aut
991 4465 1365 4519 conferebant
1396 4469 1496 4520 aut
1527 4465 1883 4521 auferebant.
2110 4529 2145 4539 _
2189 4476 2386 4539 postea
2407 4466 2980 4536 instituicuraverat,
3022 4468 3231 4538 rejecto
3264 4468 3555 4524 Clothario
3584 4467 3937 4539 Chilperici

427 4529 479 4608 4'.
518 4552 603 4607 Ad
652 4551 930 4608 ulteriora
981 4554 1247 4624 progredi
1279 4571 1393 4609 non
1428 4554 1579 4621 licet,
1616 4554 1729 4610 nisi
1770 4555 2073 4611 observato
2106 4529 2152 4593 D
2186 4529 2323 4611 ﬁlio.
2351 4560 2482 4612 Post
2502 4556 2856 4612 Cbildeberti
2884 4529 3131 4626 obitum,
3160 4557 3461 4628 utriusque
3484 4557 3645 4628 regni
3673 4529 3935 4615 Austra.

356 4642 523 4716 prius
555 4642 663 4697 hoc
694 4640 1073 4697 celeberrimo
1094 4641 1345 4697 Franciaa
1378 4659 1581 4715 regum
1607 4642 1894 4710 encomio,
1916 4642 2073 4713 quod
2184 4646 2282 4701 site
2306 4644 2525 4702 scilicet
2553 4662 2619 4701 ac
2642 4646 2997 4717 Burgundiae
3023 4645 3618 4713 administrationem,
3642 4654 3694 4701 et
3727 4647 3935 4705 Theo-

355 4731 589 4791 oraculo
611 4730 804 4786 simile
834 4730 1147 4803 Gregorius
1175 4732 1230 4786 in
1265 4732 1507 4803 epistola
1538 4733 1609 4788 ad
1634 4731 2073 4789 Childebertum
2190 4735 2411 4791 deberti
2435 4752 2499 4790 ac
2521 4734 2863 4791 Theoderici
2903 4739 3180 4808 nepotum
3207 4737 3395 4792 adhuc
3436 4737 3495 4791 in
3512 4740 3717 4792 tenera
3748 4742 3940 4794 astate

353 4838 552 4897 regem
602 4820 813 4878 cecinit
860 4838 873 4875 :
935 4820 1151 4889 Quanto
1206 4829 1435 4879 caeteros
1496 4824 1738 4879 homines
1791 4826 1940 4893 regia
1999 4823 2081 4877 di-
2191 4824 2459 4884 tutelam,
2492 4823 2704 4893 quibus
2735 4824 2958 4894 optime
3006 4825 3278 4880 defuncta
3307 4830 3417 4892 est,
3451 4825 3732 4896 suscepit.
3769 4827 3939 4884 Cum

353 4918 539 4986 gnitas
572 4912 874 4979 antecedit,
906 4915 1061 4967 tanto
1079 4919 1419 4969 ceterarum
1442 4918 1700 4987 gentium
1721 4931 1893 4985 regna
1926 4917 2082 4985 regni
2190 4930 2421 4969 summa
2480 4929 2669 4967 rerum
2726 4914 3033 4983 potiretur,
3085 4915 3298 4971 missos
3353 4931 3386 4971 a
3435 4915 3492 4971 S.
3528 4914 3809 4988 Gregorio
3852 4919 3940 4975 ad

352 5008 517 5060 vestri
535 5005 776 5076 profecto
807 5002 1021 5059 culmen
1051 5002 1291 5057 excellit.
1340 5006 1470 5059 Esse
1499 5011 1687 5060 autem
1717 5020 1917 5073 regem,
1951 5006 2080 5075 quia
2190 5006 2511 5074 Anglorum
2543 5002 2979 5059 conversionem
3016 5004 3329 5061 monachos
3361 5005 3518 5072 fovit,
3546 5009 3603 5058 et
3634 5007 3940 5076 suppedi-

354 5101 482 5151 sunt
511 5100 563 5151 et
594 5097 713 5165 alii,
745 5111 854 5151 non
883 5096 1087 5149 mirum
1126 5100 1246 5159 est;
1293 5094 1387 5150 sed
1413 5110 1524 5151 esse
1552 5095 1907 5161 catholicum,
1939 5093 2081 5165 quod
2189 5095 2325 5148 tatis
2359 5092 2634 5148 omnibus
2691 5093 3043 5148 necessariis
3099 5099 3370 5150 sanctum
3426 5093 3537 5149 hoc
3567 5110 3717 5166 opus
3763 5095 3935 5153 mire

355 5183 456 5237 alii
481 5200 589 5238 non
628 5190 927 5251 merentur,
959 5184 1055 5239 hoc
1103 5186 1233 5238 satis
1280 5193 1378 5240 est.
1412 5184 1683 5256 Quidquid
1711 5190 1899 5239 autem
1930 5199 2078 5253 reges
2190 5183 2493 5256 promovit.
2526 5182 2587 5236 In
2612 5183 3029 5239 construendis
3059 5184 3240 5240 sacris
3288 5183 3431 5240 locis
3469 5184 3656 5255 iisque
3685 5200 3932 5243 ornan-

353 5284 408 5325 se
438 5273 618 5326 caeteri
646 5273 958 5342 gloriantur
973 5274 1192 5343 habere,
1216 5273 1449 5345 habetis,
1479 5278 1589 5330 etc.
1622 5272 1760 5343 (Lib.
1785 5290 1861 5339 VI,
1892 5288 1975 5343 ep.
1995 5273 2072 5343 6).
2189 5273 2277 5326 dis
2298 5289 2364 5328 ac
2405 5272 2659 5327 ditandis
2692 5273 3147 5329 muniﬁcentiam
3182 5274 3436 5330 ostendit
3462 5273 3633 5345 plane
3665 5275 3933 5347 regiam.

360 5357 635 5415 Plurimis
658 5360 787 5415 aliis
818 5362 1092 5418 laudibus
1118 5380 1262 5434 quas
1287 5364 1551 5420 subticeo
1574 5360 2077 5434 subjecitsapiens
2186 5362 2289 5425 Qui
2324 5365 2406 5416 tot
2440 5362 2725 5432 tantisque
2757 5362 3099 5433 prudentiae,
3154 5362 3449 5431 religionis
3494 5378 3558 5419 ac
3591 5363 3937 5421 liberalita-

360 5454 524 5525 pater
584 5450 1135 5520 praetentissimam
1194 5456 1264 5509 de
1303 5454 1583 5512 sectanda
1628 5452 1863 5525 justitia
1919 5458 2079 5508 caste-
2186 5450 2265 5507 tis
2296 5450 2568 5523 operibus
2600 5450 2830 5509 debitas
2862 5452 3066 5508 laudes
3100 5452 3394 5509 invideat?

2188 5700 2573 5757 detraxerant.

431 5699 507 5769 (a)
539 5696 682 5769 Ante
728 5693 782 5769 S_.
825 5693 1073 5769 Leonem
1124 5697 1447 5757 Bonifacius
1484 5705 1506 5757 Ι
1554 5707 1611 5760 et
1658 5701 2017 5759 Calestinus
2054 5702 2076 5757 Ι
2188 5700 2573 5757 detraxerant.
2828 5706 2831 5709 ‘

2255 5770 2330 5846 (b)
2360 5769 2504 5828 Vide
2536 5770 2638 5829 lib.
2668 5786 2749 5844 xx,
2780 5785 2872 5845 sp.
2897 5771 2966 5827 62
2995 5773 3052 5829 et
3076 5770 3167 5844 63,
3199 5768 3543 5831 necnonlib.
3571 5769 3822 5845 xni,ep.
3881 5780 3953 5836 6.

362 5765 873 5831 de'Arelateneium
894 5766 1297 5844 episcoporum
1319 5774 1635 5847 privilegiis
1652 5776 1772 5847 jam
1798 5775 2069 5863 quadam
