4106 6174
258 209 341 271 36!
613 206 674 264 S.
726 201 1086 264 GREGORII
1133 201 1379 264 MAGNI
1425 202 1638 277 VITA,
1682 202 1783 264 EX
1832 201 2018 265 EJUS
2062 202 2411 265 SCItIP'I‘IS
2454 204 2908 268 ADORNA'I‘A.
2958 208 3105 270 LIB.
3154 207 3265 271 III.

3587 200 3705 271 362

310 341 439 408 Quod
461 342 665 411 spectat
685 339 757 394 ad
800 339 1046 394 crimina
1082 338 1217 393 huic
1241 337 1449 410 reginis
1481 339 1753 410 impacta,
1786 342 1887 395 aut
1914 341 1968 407 Α
2001 339 2187 408 primo
2220 356 2232 394 :
2269 342 2745 413 quandoquidem
2786 359 2913 416 qum
2947 344 3141 401 Romae
3187 350 3328 403 tunc
3351 347 3711 419 contigerant

255 438 356 507 post
374 429 618 503 epistolas
651 429 721 484 ad
753 444 880 484 eam
913 445 943 484 a
1002 428 1276 500 Gregorio
1338 429 1583 499 scriptas
1642 428 1897 484 admissa

253 528 375 590 sunt,
406 526 491 575 aut
518 516 679 590 plane
712 517 871 573 nulla
912 518 1105 586 fuere;
1139 518 1211 572 ab
1242 520 1369 589 ejus
1400 517 1663 573 videlicet
1693 518 1891 572 adver-

252 613 384 669 sariis
411 608 655 673 conﬁcta,
690 611 753 663 ut
785 624 902 662 non
934 607 1224 663 immerito
1250 611 1457 679 putant
1476 622 1543 661 ex
1568 607 1899 662 recentiori-

254 703 335 760 bus
349 698 696 770 scriptoribus
717 697 954 753 Carolus
976 696 1307 752 Cointiusin
1332 696 1657 753 Annalibus
1674 696 1899 751 Franci-

248 794 329 856 cis,
344 799 390 846 et
402 790 775 860 Cordemoyus
792 788 847 842 in
863 787 1116 843 Historia
1129 803 1330 859 regum
1354 787 1639 842 Francoru
1651 803 1705 841 m
1722 803 1896 858 quam

248 878 663 950 Gallicesoripsit.
680 877 967 934 Nimirum
982 894 1116 933 cum
1129 878 1357 931 tandem
1370 875 1760 931 Bruniebildis
1775 876 1901 931 Clo-

243 970 403 1038 tbario,
431 966 727 1039 Cbilperioi
766 966 903 1027 tilio,
953 984 1067 1039 quo
1113 966 1339 1021 nullum
1383 967 1569 1037 magis
1601 966 1897 1021 infensum

247 1063 420 1118 hostem
465 1059 726 1127 habebat,
781 1058 985 1114 fuisset
1017 1057 1089 1112 ab
1121 1056 1432 1113 Austrasias
1463 1061 1520 1112 et
1552 1057 1897 1128 Burgunilite

246 1148 567 1221 optimatibus
599 1147 833 1215 tradita,
871 1152 932 1202 ut
962 1145 1142 1203 256
1171 1147 1639 1202 crudelissimam
1674 1147 1764 1201 cui
1798 1147 1898 1201 ad-

247 1240 365 1295 dicta
390 1247 463 1293 est
493 1241 735 1293 mortem
762 1237 923 1306 juste
954 1237 1238 1293 meruisse
1267 1237 1616 1303 crederetur,
1642 1236 1898 1305 undique

244 1327 527 1397 conquisitis
556 1325 908 1381 criminibus
938 1329 1028 1381 est
1074 1325 1370 1398 impetita:
1425 1326 1504 1381 ita
1536 1331 1599 1380 ut
1640 1323 1690 1379 ei
1722 1324 1897 1379 etiam

241 1416 573 1485 objicerenlur
604 1414 812 1482 cedes,
845 1431 993 1485 quas
1020 1414 1103 1470 vel
1134 1413 1463 1470 Clotharius
1492 1414 1895 1485 imperaverat,

242 1501 307 1557 vel
332 1503 415 1573 qui
443 1504 563 1571 ejus
597 1506 787 1573 partes
815 1503 1208 1561 sectabantur,
1243 1506 1559 1573 patrarunt.

284 1592 326 1645 6.
358 1589 417 1645 Ut
466 1594 659 1645 autem
707 1591 1084 1646 ostendamus
1135 1598 1423 1661 quantum
1459 1590 1531 1645 ab
1562 1589 1897 1644 adulatione

240 1682 283 1736 S.
307 1679 586 1751 Gregorius
616 1679 840 1735 alienus
874 1678 1045 1734 fuerit
1075 1679 1131 1734 in
1174 1679 1434 1751 epistolis
1466 1680 1537 1735 ad
1571 1678 1899 1734 Brunicbil-

236 1770 332 1825 dem
358 1770 599 1841 scriptis,
632 1768 887 1823 indicare
919 1767 1267 1839 sufﬁciat(a)
1298 1768 1575 1839 epistolas
1601 1770 1658 1822 in
1690 1768 1901 1838 quibus

236 1874 334 1915 eam
361 1861 422 1915 de
449 1858 745 1915 nonnullis
793 1859 1171 1915 emendandis
1220 1859 1280 1914 in
1310 1860 1436 1929 ejus
1486 1874 1661 1931 regno
1694 1860 1899 1915 admo-

231 1955 329 2019 net;
357 1951 562 2007 scilicet
594 1950 668 2006 de
716 1949 1044 2006 simoniaca
1086 1950 1237 2018 labe,
1269 1951 1339 2005 de
1363 1949 1636 2005 laicorum
1678 1950 1901 2004 imma-

233 2040 345 2095 turis
372 2040 855 2107 ordinationibus,
891 2041 959 2094 de
1012 2039 1341 2095 idololatria
1385 2039 1441 2093 in
1473 2038 1676 2094 Galliis
1707 2038 1900 2094 adhuc

235 2133 513 2203 superstite,
544 2134 621 2187 de
652 2130 1056 2187 sacerdotibus
1095 2131 1379 2203 ﬂagitiose
1418 2130 1765 2187 viventibus.
1802 2132 1901 2186 Le-

238 2225 385 2291 genda
412 2222 731 2294 praesertim
763 2227 902 2277 sunt
934 2222 1053 2277 haec
1079 2222 1461 2293 increpatoria
1487 2222 1658 2276 verba
1689 2222 1902 2292 quibus

237 2312 311 2367 Dei
336 2312 542 2382 judicia
581 2328 701 2368 non
737 2311 1246 2367 obscureintentat
1276 2310 1634 2366 Brunicbildi
1660 2312 1903 2381 ejusque

239 2402 536 2471 nepotibus:
574 2401 716 2456 Cum
742 2404 1001 2468 scriptum
1051 2403 1118 2455 sit
1149 2416 1169 2456 :
1210 2401 1425 2455 Iustitia
1455 2400 1627 2455 elevat
1666 2409 1900 2468 gentem,

233 2494 419 2547 miseros
471 2498 665 2547 autem
710 2492 846 2562 facit
888 2491 1111 2563 pepulos
1152 2498 1470 2561 peccatum;
1519 2498 1647 2545 tunc
1671 2506 1904 2558 regnum

231 2582 386 2636 stabile
435 2581 710 2647 creditur,
768 2597 890 2637 cum
947 2582 1108 2647 culpa
1164 2595 1289 2651 quae
1339 2584 1683 2648 cognoscitur
1734 2579 1904 2634 cilius

233 2670 509 2724 emendatur
555 2671 747 2741 (Prov.
798 2686 910 2739 xxv,
971 2670 1083 2740 34).
1144 2669 1449 2725 Multorum
1498 2668 1677 2739 igitur
1706 2668 1774 2722 ad
1806 2684 1903 2723 nos

233 2759 463 2815 relatione
487 2762 769 2831 pervenit,
818 2758 959 2832 quod
1011 2758 1191 2815 dicere
1245 2760 1362 2814 sine
1392 2760 1700 2827 afﬂictione
1727 2757 1905 2813 cordis

234 2851 376 2903 nimia
402 2867 503 2907 non
554 2849 831 2917 valemus,
894 2849 972 2904 ita
1030 2849 1291 2919 quosdam
1340 2848 1647 2903 sacerdotes
1702 2850 1759 2901 in
1792 2847 1905 2902 illis

231 2939 441 3005 partibus
475 2940 759 3011 impudice
788 2955 851 2993 ac
878 2942 1125 3011 nequiter
1168 2942 1500 3005 conversari,
1534 2945 1593 2991 ut
1630 2944 1680 2992 et
1712 2937 1906 2992 audire

233 3027 350 3081 nobis
377 3030 741 3100 opprobrium
773 3037 823 3083 et
854 3029 1210 3084 lamentabile
1255 3030 1325 3084 sit
1355 3032 1580 3098 referre.
1631 3029 1804 3084 Addit
1834 3028 1903 3083 li-

227 3111 334 3169 bere
360 3121 409 3173 ct
455 3135 602 3190 pene
667 3118 1005 3190 praphetica
1062 3135 1235 3174 voce:
1278 3119 1381 3173 Nec
1410 3122 1556 3173 enim
1586 3125 1715 3173 sunt
1744 3119 1903 3173 dissi-

226 3206 441 3264 mulanda
470 3226 599 3279 quae
632 3209 909 3265 dicimus:
963 3210 1095 3282 quia
1148 3213 1243 3281 qui
1297 3210 1593 3266 emendare
1636 3217 1813 3281 potest
1852 3217 1903 3265 et

222 3295 433 3365 negligit,
463 3301 809 3372 participem
850 3315 908 3354 se
951 3300 1313 3371 proculdubio
1362 3300 1550 3355 delicti
1596 3302 1900 3355 constituit.

224 3388 459 3445 Providete
493 3407 624 3462 ergo
660 3393 861 3445 animae
891 3397 1106 3456 vestrae,
1146 3389 1423 3459 providete
1459 3390 1744 3459 nepotibus
1774 3404 1905 3460 quos

221 3478 383 3545 cupitis
411 3496 646 3551 regnare
674 3479 927 3550 feliciter,
958 3478 1235 3549 providete
1263 3482 1558 3545 provinciis
1580 3495 1598 3539 ;
1628 3486 1681 3535 et
1716 3481 1902 3547 prius-

223 3582 352 3634 quam
403 3568 636 3625 Creator
687 3576 873 3624 noster
942 3585 1174 3623 manum
1247 3584 1404 3622 suam
1467 3570 1539 3623 ad
1590 3567 1899 3637 feriendum

218 3654 441 3724 excutiat,
473 3657 539 3713 de
585 3658 930 3712 correctione
989 3656 1156 3726 hujus
1228 3657 1452 3712 sceleris
1506 3654 1903 3710 studiosissime

214 3744 425 3815 cogitate,
488 3765 558 3805 ne
619 3753 778 3803 tanto
828 3747 1169 3817 postmodum
1216 3750 1397 3802 acrius
1454 3748 1642 3815 feriat,
1703 3754 1901 3817 quanto

218 3836 342 3889 modo
366 3836 572 3893 diutius
603 3844 666 3893 et
694 3837 988 3893 clementer
1043 3840 1319 3907 exspectat
1369 3837 1510 3906 (Lib.
1557 3852 1635 3901 χι,
1670 3852 1749 3905 ep.
1786 3838 1898 3906 69).

221 3921 323 3980 Hac
372 3943 509 3983 sane
540 3928 672 3982 hmo
731 3926 872 3981 satis
919 3940 1214 3997 superque
1245 3927 1651 3981 demonstrant
1681 3925 1897 3996 Grego-

219 4012 338 4069 rium
368 4032 494 4072 cum
555 4014 827 4087 apostolo
876 4016 1069 4070 dicere
1129 4015 1418 4086 potuisse:
1478 4015 1557 4069 Ita
1603 4014 1897 4085 loquimur,

214 4117 299 4157 non
346 4108 497 4175 quasi
550 4104 872 4162 hominibus
929 4104 1223 4169 placentes,
1283 4102 1377 4158 sed
1432 4104 1539 4158 Deo
1581 4107 1674 4174 qui
1703 4106 1897 4173 probat

214 4194 345 4248 corda
367 4204 551 4251 nostra
576 4214 597 4257 ;
634 4210 808 4266 neque
836 4196 985 4249 enim
1006 4193 1300 4265 aliquando
1328 4196 1537 4263 fuimus
1568 4196 1624 4247 in
1653 4210 1899 4249 sermone

213 4282 504 4340 adulationis
537 4288 585 4353 (I
617 4285 795 4340 Thess.
832 4301 892 4346 ιι,
923 4285 1001 4355 5).

261 4373 307 4427 7.
337 4374 375 4428 E
399 4375 606 4431 Galliis
637 4374 1005 4429 discedentes
1040 4373 1263 4428 Italiam
1309 4373 1639 4444 repetituri,
1681 4373 1894 4445 Grego-

2001 428 2283 485 didicerat
2313 436 2369 485 et
2400 431 2598 487 retulit
2636 448 2703 487 ex
2752 433 2843 488 sui
2877 434 3105 489 diaconi
3150 437 3522 505 testimonio;
3557 438 3713 509 quod

2000 525 2193 591 aperte
2222 518 2405 591 liquet
2435 536 2501 576 ex
2532 520 2633 578 lib.
2668 539 2702 576 x
2731 522 2900 591 Hist.,
2928 540 2975 580 c.
3014 527 3060 580 1.
3104 526 3270 581 Anno
3298 526 3589 597 sequenti,
3622 543 3717 583 re-

2002 611 2092 682 gis
2113 610 2465 665 Childeberti
2499 612 2725 668 decimo
2756 620 2917 669 sexto
2967 614 3025 669 in
3084 615 3282 672 Galliis
3334 622 3478 683 erat,
3510 624 3565 672 et
3603 619 3719 673 Tu-

2002 703 2160 758 ronis
2216 705 2435 774 excepit
2492 704 2828 776 episcopum
2862 709 3177 779 quemdam
3228 715 3574 779 Armenum,
3618 726 3721 767 no-

2004 795 2161 848 mine
2218 794 2629 859 Simonem,ex
2687 797 2891 851 eodem
2956 798 3103 852 libro
3154 799 3301 855 Hist.
3358 816 3409 855 c.
3470 800 3559 855 24.
3606 802 3721 858 Hoc

2004 882 2129 954 ipso
2162 900 2314 938 anno
2346 884 2415 937 ad
2450 884 2796 941 Childcberti
2831 887 2984 958 regis
3015 888 3210 943 aulam
3246 890 3514 959 perrexit,
3540 896 3596 946 et
3620 907 3722 961 per

2004 989 2216 1044 pagum
2253 973 2637 1029 Rhemensem
2683 975 2977 1043 transivit,
3009 992 3075 1031 ex
3106 977 3209 1032 lib.
3239 996 3290 1033 ιν
3320 979 3390 1034 de
3423 978 3720 1035 Miraculis

2002 1062 2059 1117 S.
2095 1063 2325 1117 Martini
2363 1079 2409 1117 ο.
2435 1064 2523 1117 26.
2562 1067 2723 1118 Anno
2741 1064 2866 1131 592,
2902 1064 3056 1121 Plato
3087 1068 3212 1135 eius
3244 1067 3718 1134 archidiaconus,

2000 1152 2169 1221 cujus
2193 1152 2457 1206 meminit
2514 1153 2717 1208 eodem
2776 1152 2923 1209 libro
2966 1170 3017 1210 c.
3052 1155 3142 1222 32,
3191 1157 3261 1210 ad
3314 1155 3717 1226 episcopatum

2004 1240 2421 1296 Pictaviensem
2453 1246 2693 1297 vocatus
2725 1247 2835 1308 est,
2867 1244 2960 1298 cui
2989 1245 3318 1300 cathedram
3342 1245 3490 1300 hanc
3520 1261 3716 1301 ascen‘

2003 1328 2163 1383 denti
2184 1328 2389 1395 adfuit,
2416 1337 2475 1383 ut
2507 1329 2671 1385 testis
2702 1335 2790 1385 est
2824 1330 3194 1399 Fortunatus,
3218 1331 3475 1387 Platonis
3509 1337 3711 1402 postea

2003 1435 2325 1473 successor.
2351 1427 2519 1474 Anno
2545 1420 2917 1488 nonagesimo
2960 1420 3126 1475 tertio
3162 1437 3337 1492 supra
3377 1423 3720 1492 quingente-

2004 1509 2242 1573 simum,
2306 1525 2505 1564 mense
2563 1509 2862 1575 Januario,
2893 1511 2951 1564 S.
3011 1511 3372 1566 Leobardum
3410 1512 3723 1567 reclausum

2004 1596 2063 1651 in
2095 1597 2303 1668 majori
2356 1598 2707 1653 monasterio
2765 1616 2941 1670 prope
2996 1599 3294 1655 Turonum
3351 1600 3587 1668 invisit;
3620 1602 3722 1672 qui

1930 1705 1974 1770 Β
2008 1688 2180 1761 paulo
2212 1694 2360 1760 post,
2394 1690 2500 1744 hoc
2531 1695 2621 1745 est
2650 1690 2742 1745 die
2766 1692 2829 1744 18
2861 1692 3126 1760 ejusdem
3161 1692 3379 1745 mensis
3407 1691 3501 1746 die
3535 1692 3723 1746 Domi-

2010 1780 2141 1835 nica
2162 1779 2377 1835 efﬂavit
2399 1779 2680 1835 animam.
2707 1782 2872 1835 Anno
2896 1781 3195 1850 assignato
3218 1780 3345 1835 dies
3369 1780 3434 1834 18
3455 1779 3723 1835 Januarii

2009 1868 2311 1924 Dominica
2340 1872 2484 1935 erat,
2517 1870 2669 1939 quod
2706 1870 2873 1925 nobis
2908 1869 3215 1940 persuadet
3245 1869 3469 1924 obitum
3502 1869 3561 1925 S.
3588 1870 3723 1925 Leo-

2010 1961 2175 2016 bardi
2208 1959 2315 2015 hoc
2348 1960 2473 2032 ipso
2494 1960 2831 2030 contigisse,
2854 1977 2966 2015 non
2991 1961 3255 2032 quinque
3281 1969 3379 2016 aut
3410 1977 3509 2017 sex
3551 1961 3722 2017 annis

2010 2050 2192 2121 prius.
2218 2049 2439 2120 Quippe
2469 2064 2598 2103 cum
2633 2050 2945 2120 Gregorius
2977 2048 3179 2104 ultimo
3216 2049 3339 2104 loco
3370 2050 3440 2104 de
3470 2054 3525 2103 8.
3578 2050 3722 2105 Leo-

2012 2139 2189 2195 bardo
2220 2140 2399 2211 egerit
2428 2140 2486 2193 in
2521 2139 2665 2195 libro
2696 2140 2766 2194 de
2799 2140 2922 2194 Vita
2954 2141 3216 2204 Patrum,
3260 2139 3546 2209 conjicere
3591 2139 3724 2195 licet

2010 2244 2138 2283 eum
2171 2244 2284 2282 non
2319 2227 2522 2282 multis
2550 2231 2683 2281 ante
2735 2243 2909 2281 suum
2968 2227 3191 2282 obitum
3246 2226 3417 2281 annis
3449 2226 3571 2281 haec
3591 2242 3723 2281 san-

2011 2316 2259 2372 ctissimi
2318 2317 2495 2386 hujus
2552 2316 2821 2371 monachi
2880 2320 3007 2369 acta
3057 2313 3268 2370 litteris
3320 2314 3721 2385 consignasse.

2010 2406 2222 2460 Eodem
2256 2422 2409 2459 anno
2439 2405 2567 2468 593,
2618 2421 2733 2475 quo
2779 2403 3188 2459 Cbildebertus
3219 2420 3313 2459 rex
3345 2403 3726 2460 Aurelianen-

2012 2495 2163 2549 sium
2209 2494 2409 2548 urbem
2462 2494 2625 2557 adiit,
2667 2500 2724 2547 et
2772 2493 3164 2548 Gunthramni
3197 2493 3451 2548 defuncti
3479 2509 3724 2564 regnum

2012 2590 2101 2640 est
2131 2584 2397 2652 adeptus,
2432 2582 2745 2651 Gregorius
2805 2583 2863 2635 in
2920 2582 3048 2649 ejus
3101 2580 3235 2635 aula
3265 2586 3405 2641 erat,
3439 2599 3505 2637 ex
3536 2582 3633 2637 lib.
3668 2599 3725 2639 tv

2012 2675 2082 2729 de
2113 2671 2409 2728 Miraculis
2441 2672 2496 2726 S.
2533 2670 2763 2725 Martini
2795 2686 2843 2725 c.
2878 2671 2944 2724 37
2971 2687 2984 2737 ;
3018 2670 3387 2739 Turonisque
3416 2674 3473 2723 Β.
3520 2670 3723 2724 Marti-

2013 2765 2071 2819 ni
2102 2762 2526 2818 solemnitatem
2557 2777 2837 2816 annuam
2889 2758 3198 2814 celebravit
3227 2775 3430 2815 mense
3473 2758 3721 2816 Novem-

2016 2854 2125 2919 bri,
2158 2870 2227 2908 ex
2256 2851 2518 2921 ejusdem
2542 2850 2675 2905 libri
2708 2865 2756 2905 c.
2794 2850 2883 2904 38.
2917 2850 3060 2904 Cum
3095 2850 3291 2919 itaque
3319 2848 3377 2903 S.
3410 2849 3724 2919 Gregorius

2014 2944 2231 2997 Turon.
2250 2958 2279 2995 e
2293 2940 2437 2994 vivis
2451 2938 3010 3001 excesseritTuroni,
3030 2944 3091 2991 ut
3104 2937 3465 3008 probabilius
3477 2937 3725 3005 videtur,

2020 3046 2214 3086 mense
2236 3028 2553 3085 Novembri
2572 3045 2665 3082 an.
2690 3028 2816 3093 595,
2840 3026 3106 3097 ejusdem
3134 3025 3406 3097 adventui
3429 3025 3486 3080 in
3512 3024 3726 3081 Urbem

2016 3126 2073 3175 et
2103 3119 2314 3175 reditui
2338 3118 2627 3189 assignari
2652 3117 2820 3172 debet
2836 3133 3026 3171 annus
3045 3116 3462 3186 nonagesimus
3484 3119 3730 3187 quartus

2016 3226 2193 3281 supra
2224 3208 2766 3280 quingentesimum
2792 3214 2889 3261 aut
2919 3206 3213 3276 sequentis
3245 3205 3501 3262 initium.

2084 3348 2164 3401 De
2213 3345 2322 3401 hac
2364 3344 2715 3416 profectione
2746 3343 3059 3415 Gregorius
3118 3342 3436 3398 historicus
3488 3338 3727 3398 omnino

2014 3436 2171 3506 silet,
2204 3436 2357 3507 quod
2406 3437 2749 3505 argumento
2777 3438 2863 3487 cst
2895 3433 3091 3504 ipsum
3142 3440 3324 3488 morte
3380 3436 3728 3503 occupatum

2014 3526 2206 3582 statim
2242 3542 2305 3579 ac
2335 3526 2598 3579 Turones
2657 3522 2869 3590 revisit,
2907 3522 3051 3576 nihil
3107 3521 3237 3577 novi
3290 3522 3599 3593 scripsisse
3630 3526 3730 3578 aut

2006 3618 2129 3686 jam
2164 3613 2393 3683 scriptis
2426 3613 2726 3683 adjecisse.
2789 3612 3013 3683 Quippe
3073 3611 3120 3667 si
3162 3612 3382 3667 diutius
3418 3612 3728 3667 incolumis

2016 3706 2071 3759 in
2114 3703 2315 3759 Galliis
2372 3708 2570 3774 postea
2604 3703 2857 3763 vixisset,
2915 3702 2984 3757 de
3042 3706 3127 3756 tot
3180 3707 3512 3757 sanctorum
3547 3701 3726 3759 sacris

2012 3794 2276 3864 reliquiis
2311 3794 2503 3847 Romae
2537 3791 2675 3848 visis
2707 3807 3025 3862 eorumque
3059 3789 3356 3846 miraculis
3390 3792 3604 3847 auditis
3627 3792 3726 3846 diu

2011 3883 2181 3939 silere
2216 3899 2329 3937 non
2364 3881 2669 3953 potuisset.

2080 4024 2133 4076 8.
2163 4019 2451 4090 Quidquid
2486 4020 2561 4073 sit
2590 4019 2659 4073 de
2708 4022 2971 4087 tempore
3019 4033 3133 4087 quo
3166 4016 3477 4085 Gregorius
3505 4020 3718 4071 'I‘uron.

2010 4116 2344 4166 sanctorum
2375 4108 2774 4180 apostolorum
2825 4108 3027 4162 limina
3057 4105 3331 4173 visitavit,
3363 4120 3493 4160 eum
3528 4122 3560 4160 a
3590 4122 3725 4159 san-

2009 4200 2275 4258 ctissimo
2308 4216 2457 4270 papa
2490 4214 2701 4269 magna
2724 4214 2856 4251 cum
2878 4196 3191 4251 reverentia
3221 4199 3523 4264 exceptum
3544 4194 3724 4249 fuisse

2010 4294 2206 4345 narrat
2237 4290 2296 4344 S.
2329 4288 2471 4343 Odo.
2507 4288 2697 4355 Quem,
2746 4286 2953 4354 inquit,
2985 4286 3058 4339 ad
3114 4286 3259 4339 beati
3309 4286 3463 4338 Petri
3516 4288 3724 4353 con/es-

2006 4383 2215 4434 sionem
2272 4377 2379 4449 [AL
2414 4378 2489 4431 ad
2517 4378 2721 4446 altare]
2774 4374 3143 4439 introducens,
3176 4389 3204 4427 e
3260 4374 3433 4427 latere
3478 4374 3724 4427 constitit

211 4459 334 4518 rium
366 4465 586 4521 Turon.
615 4464 973 4520 comitamur
994 4465 1232 4520 Romam
1254 4468 1486 4519 euntem
1514 4464 1583 4517 ad
1609 4444 1895 4519 visitanda
1930 4444 1971 4507 D
2001 4444 2324 4542 praestolans
2350 4466 2526 4538 quoad
2580 4444 2844 4535 surgeret.
2906 4465 3134 4519 Interim
3181 4471 3360 4518 autem
3389 4468 3449 4516 ut
3488 4470 3605 4517 erat
3636 4464 3724 4516 in-

214 4557 516 4610 sanctorum
578 4553 983 4626 apostolorum
1041 4554 1268 4619 limina,
1325 4553 1750 4623 visendumque
1800 4570 1900 4609 no-

210 4644 364 4697 strum
392 4644 787 4715 Gregorium:
835 4642 986 4698 hanc
1034 4644 1191 4698 enim
1223 4658 1446 4697 sacram
1483 4643 1899 4713 peregrinatio-

214 4744 321 4787 nem
340 4735 505 4804 cujus
530 4733 809 4790 meminit
830 4734 888 4789 S.
921 4735 1039 4790 Odo
1062 4733 1121 4789 iu
1145 4736 1273 4803 ejus
1303 4734 1441 4799 vita,
1485 4733 1574 4787 vix
1608 4734 1771 4788 licuit
1800 4738 1901 4789 aut

209 4816 348 4874 citius
405 4822 646 4889 referre,
706 4827 809 4876 aut
861 4821 1046 4878 serius
1095 4820 1325 4876 morari.
1379 4820 1626 4875 Tardius
1666 4823 1896 4892 quidem

214 4919 302 4959 non
325 4911 505 4977 potuit
549 4911 799 4965 Romam
854 4911 1142 4978 proﬁcisci
1191 4909 1503 4981 Gregorius
1535 4909 1895 4978 Turonicus;

211 4993 390 5066 quippe
412 5000 470 5054 S.
506 4999 713 5054 Odone
745 5002 891 5055 teste
922 5005 1187 5055 mortuus
1230 5008 1319 5054 est
1366 5016 1459 5054 au.
1492 5000 1555 5055 21
1591 5017 1707 5055 suis
1739 5002 1896 5056 ordi-

210 5083 449 5155 nationis,
482 5105 663 5160 quem
694 5090 814 5159 ipse
844 5105 975 5144 cum
1008 5107 1161 5145 anno
1194 5093 1392 5163 quinto
1429 5094 1801 5163 pontificatus
1834 5094 1895 5149 S.

208 5171 426 5244 Gregorii
483 5193 840 5234 concurrere
907 5184 1151 5235 testatur
1205 5182 1265 5236 in
1328 5183 1441 5238 line
1498 5183 1633 5238 libri
1682 5182 1893 5239 decimi

208 5256 459 5321 Historiis.
494 5267 683 5322 Multa
736 5284 867 5323 vero
924 5271 1275 5340 persuadent
1332 5272 1676 5344 Gregorium
1720 5272 1896 5328 Galli-

208 5363 313 5405 cum
342 5354 488 5410 haud
543 5357 719 5413 citius
752 5358 989 5413 Romam
1046 5360 1371 5416 advenisse.
1431 5363 1625 5418 Romae
1656 5364 1888 5434 quidem

206 5452 301 5497 nou
344 5453 461 5503 erat
512 5464 668 5504 anno
716 5449 845 5519 590,
898 5449 1159 5523 Gregorii
1218 5452 1461 5509 Romani
1521 5454 1893 5525 pontiﬁcatus

283 5660 352 5731 (α)
380 5661 526 5719 Vide
557 5666 875 5735 praesertim
910 5666 1014 5724 lib.
1055 5686 1131 5739 Ix,
1163 5684 1254 5744 ep.
1283 5670 1404 5741 109,
1435 5674 1493 5728 et
1523 5671 1622 5728 lib.
1646 5689 1726 5741 xx,
1758 5687 1849 5745 ep.
1880 5671 1970 5728 69.

506 5761 793 5830 Ριτιοικ
818 5767 1052 5833 LXXV.

2008 4562 2164 4630 genio
2191 4556 2678 4628 profundissimus,
2729 4560 2990 4609 secretam
3048 4553 3506 4622 dispensationem
3548 4550 3729 4605 admi-

2009 4664 2138 4702 rans
2195 4646 2569 4701 considerabat
2618 4648 2675 4697 in
2715 4643 3026 4712 hujusmodi
3078 4642 3353 4697 hominem
3394 4642 3531 4709 (erat
3577 4642 3725 4694 enim

2006 4744 2214 4793 statura
2278 4738 2468 4803 brevis)
2528 4743 2733 4787 tantum
2798 4736 3039 4801 gratiam
3098 4732 3309 4785 caelitus
3374 4730 3719 4798 proﬂuxisse.

2009 4826 2165 4894 Quod
2214 4826 2306 4879 ille
2357 4840 2488 4878 mox
2535 4824 2799 4878 divinitus
2854 4822 3205 4892 persentiens,
3244 4823 3295 4874 el
3350 4818 3421 4872 ab
3477 4818 3722 4870 oratione

2005 4931 2255 4982 surgens,
2283 4914 2604 4983 placidoque
2628 4928 2689 4967 ut
2716 4926 2834 4967 erat
2876 4911 3031 4965 vultu
3079 4909 3149 4962 ad
3178 4923 3378 4976 papam
3407 4906 3717 4971 respiciens,

2010 5006 2311 5072 Dominus,
2348 5007 2547 5074 inquit.
2584 5004 2717 5057 fecit
2748 5019 2875 5067 nos,
2918 5005 2974 5053 et
3009 5016 3120 5052 non
3156 4997 3263 5065 ipsi
3299 5011 3440 5059 nos;
3476 4994 3625 5047 idem
3660 4992 3720 5049 in

2006 5095 2198 5167 parvis
2252 5095 2351 5165 qui
2396 5101 2453 5151 et
2495 5095 2553 5148 in
2607 5092 2851 5163 magnis.
2890 5092 3129 5158 Cumque
3160 5086 3216 5140 id
3256 5101 3369 5139 sum
3405 5082 3722 5153 cogitationi

2002 5191 2221 5241 sanctus
2258 5202 2403 5256 papa
2449 5184 2759 5255 responderi
2809 5183 3171 5247 cognosceret,
3212 5178 3331 5245 ipsa
3368 5189 3476 5229 sua
3532 5173 3721 5238 depre-

2003 5275 2256 5329 hensione
2284 5276 2523 5345 gavisus,
2557 5275 2799 5339 gratiam
2856 5284 3020 5339 quam
3068 5267 3331 5321 hactenus
3363 5265 3421 5317 in
3464 5263 3718 5331 Gregorio

2002 5367 2330 5423 mirabatur.
2362 5367 2414 5416 in
2450 5379 2654 5429 magna
2699 5361 3051 5416 veneratione
3098 5356 3353 5424 deinceps
3384 5354 3585 5409 habere
3615 5370 3718 5407 ca:-

2000 5457 2124 5525 pit;
2155 5454 2442 5525 sedemque
2473 5454 2791 5509 Turonicum
2837 5449 2921 5505 ita
2950 5447 3285 5513 nobilitavit,
3314 5452 3373 5502 ut
3406 5460 3635 5501 auream
3663 5446 3713 5499 ei

3305 5768 3380 5827 12
