4106 6174
350 200 467 261 363

775 198 842 259 S.
890 198 1263 260 GREGORII
1306 198 1552 260 MAGNI
1599 199 1806 269 VlTA,
1856 199 1958 257 EX
2008 196 2195 258 Ε]υὸ
2241 198 2599 261 SCRIPTIS
2654 201 3103 262 ADOHNATA.
3150 203 3299 264 LIB.
3366 210 3460 270 lll.

3730 224 3825 283 361

344 331 681 391 cathedram
710 333 968 400 donaret,
1026 350 1145 407 quae
1184 331 1331 405 apud
1384 334 1673 406 praefatam
1730 331 1911 389 sedem
1940 328 2054 403 [ΛΙ.
2085 339 2140 407 Α
2169 330 2227 386 in
2262 334 2754 392 monasteriorum
2814 334 3061 408 gratiam
3119 355 3152 393 a
3182 340 3242 394 S.
3275 338 3539 416 Gregorio
3564 360 3682 409 sunt
3706 372 3824 413 con-

344 420 559 496 urbem]
592 426 649 480 in
670 430 961 497 posterum
989 430 1328 480 servaretur.

414 511 595 570 Paulo
624 518 758 586 post
787 513 1044 570 reditum
1075 529 1247 570 suum
1272 519 1510 568 sanctus
1528 511 1836 584 episcopus
1859 526 1887 567 e
1908 510 2052 568 vivis

342 602 594 660 excessit
620 604 715 661 die
774 604 840 658 15
868 602 1226 660 Novembris.
1291 603 1491 658 Exstat
1541 603 1599 658 S.
1630 601 1891 675 Gregorii
1922 600 2051 673 epi-

342 692 490 749 stola
514 692 587 749 ad
617 693 746 765 ejus
802 708 1202 749 successorem
1260 690 1559 763 Pelagium
1601 692 1819 763 scripta
1846 690 2051 747 indict.

342 783 431 850 14,
463 799 587 854 quis
647 783 966 856 respondet
1011 798 1106 837 an.
1155 782 1263 836 595
1292 786 1350 837 et
1393 781 1499 835 596
1530 782 1663 851 (Lib.
1715 798 1790 850 v1,
1819 798 1905 854 ep.
1935 781 2048 853 52).

339 875 558 929 Verum
610 889 744 929 cum
802 872 957 928 inter
1012 871 1250 927 ultimas
1299 870 1407 926 hac
1440 871 1761 928 indictione
1790 878 2053 928 currente

337 963 587 1034 scriptas
633 962 876 1034 legatur,
927 960 999 1017 ad
1045 960 1219 1016 finem
1254 959 1431 1031 hujus
1459 959 1820 1031 indictionis,
1854 961 2049 1032 proin-

336 1051 522 1122 deque
550 1051 621 1106 ad
651 1067 872 1107 annum
902 1049 1009 1104 596
1040 1048 1329 1122 pertinere
1359 1049 1552 1109 debet.

406 1139 461 1194 9.
495 1139 619 1196 Etsi
659 1156 773 1196 non
807 1155 994 1213 pauca
1050 1139 1108 1195 in
1170 1138 1655 1196 monasteriorum
1683 1140 2049 1197 commodum

333 1229 443 1285 hoc
468 1245 619 1287 anno
651 1246 683 1285 a
711 1230 771 1287 S.
824 1229 1101 1302 Gregorio
1143 1229 1461 1285 constituta
1501 1229 1627 1300 jam
1660 1228 2048 1287 observaveri-

335 1334 487 1388 mus,
521 1318 717 1391 aliqua
766 1323 964 1375 tamen
1023 1319 1214 1376 adhuc
1269 1324 1589 1391 supersunt
1646 1320 2050 1377 observatione

333 1409 532 1482 digna,
566 1426 693 1483 quis
724 1410 969 1467 breviter
1011 1409 1106 1467 hic
1153 1425 1449 1467 recensere
1496 1426 1612 1467 non
1645 1409 1884 1482 pigebit.
1919 1412 2050 1469 Mo-

332 1500 653 1558 naehorum
688 1502 787 1574 qui
819 1502 890 1558 ad
918 1501 1311 1559 sacerdotium
1349 1517 1449 1558 seu
1477 1501 1672 1573 potius
1702 1503 1773 1558 ad
1807 1502 2046 1576 presby-

333 1592 583 1647 teratum
606 1591 1081 1662 assumebantur,
1130 1591 1228 1647 alii
1265 1591 1525 1649 ecclesiis
1556 1592 1825 1663 regendis
1856 1593 2045 1665 praeﬁ-

332 1678 654 1748 ciebantur,
688 1680 787 1736 alii
821 1698 923 1753 pro
956 1680 1326 1738 monasteriis
1357 1680 1796 1751 ordinabuntur,
1829 1682 2044 1753 quibus
2078 1714 2122 1781 Β

333 1769 552 1827 addicti
583 1775 638 1827 et
668 1770 889 1843 alligati
940 1771 1381 1843 permanebant.
1426 1772 1494 1827 Et
1525 1771 1608 1828 illi
1641 1772 1897 1843 quidem,
1930 1772 2045 1829 nisi

330 1862 731 1917 consentiente
790 1861 1021 1932 abbate,
1081 1878 1197 1919 non
1249 1865 1515 1933 poterant
1572 1861 1644 1917 ab
1692 1861 1965 1934 episcopo
2013 1880 2044 1921 e

331 1952 682 2009 monasterio
712 1952 859 2021 tolli,
888 1957 952 2008 ut
983 1953 1284 2010 manifeste
1324 1952 1573 2025 probant
1601 1969 1726 2025 qua:
1773 1953 2046 2024 leguntur

331 2041 391 2098 in
417 2041 665 2114 epistola
695 2046 763 2099 ad
823 2043 1150 2099 Candidum
1209 2042 1551 2116 episcopum
1607 2042 1673 2098 de
1706 2043 1844 2099 Urbe
1872 2046 2045 2099 veteri

329 2131 544 2204 scripta
597 2133 736 2203 (Lib.
769 2149 846 2203 v1,
900 2149 984 2206 ep.
1041 2134 1154 2205 28).
1191 2136 1265 2205 (a)
1322 2134 1502 2206 quue
1549 2134 1858 2190 conﬁrmat
1888 2134 2043 2207 quod

328 2224 566 2281 biennio
596 2224 768 2283 257
822 2230 955 2298 post
1003 2227 1240 2299 scripsit
1286 2227 1356 2282 ad
1389 2226 1781 2283 Marinianum
1815 2227 2043 2284 Raven-

328 2319 527 2371 natem
559 2316 935 2389 episcopum:
970 2320 1189 2374 Pariter
1245 2325 1434 2373 autem
1487 2317 1899 2374 custodiendum
1937 2326 2039 2390 est,

330 2410 393 2459 ut
423 2406 597 2461 invito
618 2405 865 2477 ejusdem
893 2409 1215 2463 monasterii
1245 2406 1458 2476 abbate,
1489 2406 1559 2461 ad
1588 2406 1905 2463 ordinanda
1926 2408 2041 2464 alia

326 2497 683 2555 monasteria,
715 2502 814 2550 aut
860 2496 931 2551 ad
977 2495 1194 2552 ordines
1222 2512 1422 2564 sacros,
1456 2496 1541 2551 vel
1582 2496 1873 2552 clericatus
1911 2497 2040 2567 offi-

323 2585 491 2652 cium,
516 2583 641 2642 tolli
658 2585 857 2641 exinde
874 2586 1127 2642 monachi
1146 2603 1249 2643 non
1273 2586 1505 2643 debeant
1522 2586 1660 2657 (Lib.
1683 2602 1807 2656 vni,
1827 2602 1907 2659 ep.
1934 2587 2039 2657 15).

395 2674 478 2730 Ad
502 2690 736 2731 sacrum
759 2675 1152 2733 ministerium
1177 2675 1435 2733 ordinari
1455 2691 1569 2732 non
1592 2675 1901 2743 debebant,
1922 2675 2036 2732 nisi

325 2763 629 2835 praemisso
656 2765 729 2821 de
760 2766 876 2822 vita
904 2773 958 2823 et
1005 2766 1265 2824 moribus
1313 2767 1464 2823 serio
1494 2766 1758 2822 eXamine
1786 2767 1925 2837 (Lib.
1959 2784 2034 2833 vr,

325 2868 449 2925 epp.
484 2855 555 2910 28
583 2862 637 2911 et
658 2856 770 2927 42).
803 2856 868 2911 Et
906 2855 968 2911 hi
998 2857 1235 2929 quidem
1284 2857 1443 2913 velut
1488 2855 1836 2928 emancipati
1886 2856 2034 2914 ulte-

324 2942 449 2998 rius
473 2942 533 2999 in
566 2944 916 3001 monasterio
958 2962 1063 3001 nec
1091 2946 1429 3002 habitabant
1458 2962 1564 3002 nec
1591 2944 1895 3002 habitandi
1929 2963 2034 3018 po-

320 3035 591 3089 testatem
649 3033 943 3090 habebant
1001 3040 1104 3091 aut
1155 3035 1451 3091 licentiam
1496 3051 1509 3090 :
1567 3037 1643 3092 Ne
1690 3041 2031 3093 monasteria

324 3118 491 3190 hujus
537 3124 832 3176 occasionis
883 3120 1170 3191 velamine,
1202 3139 1266 3179 ea
1315 3140 1433 3195 quae
1470 3123 1842 3194 prohibemus,
1874 3128 2042 3179 susti-
2072 3089 2115 3157 C

323 3226 456 3265 nere
483 3226 649 3267 onera
680 3212 1107 3281 compellantur,
1150 3213 1339 3284 inquit
1371 3213 1428 3267 S.
1472 3212 1781 3284 Gregorius
1810 3213 1913 3269 lib.
1947 3232 2041 3283 vn,

324 3314 415 3371 ep.
450 3298 538 3355 43.
573 3299 677 3364 Qui
726 3316 862 3357 vero
895 3316 999 3374 pro
1048 3300 1419 3358 monasteriis
1469 3302 1785 3374 presbyteri
1828 3304 2043 3359 consti-

323 3387 660 3459 tuebantur,
710 3390 898 3446 adhuc
940 3391 1097 3463 juris
1147 3391 1426 3447 abbatum
1470 3396 1655 3458 erant,
1692 3409 1878 3465 neque
1907 3394 2042 3449 obe-

326 3477 557 3535 dientias
609 3482 817 3553 jugum
875 3485 1141 3537 excutere
1184 3485 1483 3554 poterant;
1519 3483 1672 3555 quod
1725 3484 1898 3540 etiam
1932 3485 2043 3541 Re-

324 3568 477 3641 gulae
509 3573 569 3625 8.
604 3570 904 3627 Benedicti
935 3586 984 3628 c.
1008 3573 1077 3626 62
1122 3576 1358 3627 cautum
1390 3578 1516 3641 est;
1560 3588 1775 3644 eosque
1806 3578 2038 3630 tantum

327 3658 634 3716 ordinabat
689 3660 1018 3732 episcopus,
1070 3678 1215 3734 quos
1265 3662 1334 3717 ad
1386 3661 1495 3718 hoc
1543 3661 1799 3719 ofﬁcium
1859 3665 2041 3723 abbas

325 3748 569 3821 ejusque
600 3750 969 3822 congregatio
1014 3750 1347 3824 elegissent.
1400 3752 1489 3807 Ad
1522 3768 1821 3809 summum
1849 3758 2039 3811 tamen

325 3838 741 3908 sacerdotium,
776 3857 891 3897 non
921 3845 1253 3913 exspectato
1279 3841 1559 3897 abbatum
1591 3846 1693 3897 aut
1722 3858 2040 3917 congrega-

323 3928 550 3984 tionum
599 3945 907 3997 consensu,
960 3929 1083 3987 sola
1132 3929 1268 3987 cleri
1305 3929 1618 4002 populique
1644 3930 1943 3990 voluntate
1974 3952 2039 3991 ac

322 4016 713 4089 postulatione
748 4020 873 4091 rapi
902 4025 1190 4092 poterant.
1221 4019 1385 4075 Tunc
1415 4021 1573 4076 enim
1603 4036 1672 4077 ex
1704 4021 1777 4093 (b)
1810 4022 2038 4079 clericis

322 4110 378 4163 et
407 4123 476 4163 ex
508 4108 812 4166 monachis
860 4109 1375 4165 indiscriminatim
1430 4112 1900 4179 assumebantur,
1936 4114 2036 4185 qui

320 4195 639 4267 episc0pali
671 4197 1055 4270 fungerentur
1084 4215 1221 4254 cura
1252 4197 1393 4270 (Lib.
1429 4215 1470 4267 ι,
1495 4215 1580 4270 ep.
1617 4198 1723 4271 18).

393 4284 513 4341 Etsi
565 4287 827 4342 nondum
863 4288 985 4359 lege
1026 4289 1234 4345 fuisset
1264 4288 1670 4359 constitutum,
1708 4293 1770 4345 ut
1799 4290 2037 4348 abbates

324 4379 519 4428 essent
550 4375 892 4447 presbyteri,
945 4393 1058 4433 non
1101 4394 1230 4434 raro
1280 4383 1473 4436 tamen
1518 4379 1899 4453 presbyterali
1946 4383 2036 4437 di-

2164 420 2389 493 slituta,
2417 423 2509 479 vix
2544 425 2901 482 numerando
2922 441 3132 483 essem.
3159 426 3284 485 Non
3308 432 3502 492 minus
3527 453 3662 496 cura:
3688 455 3824 504 erant

2165 510 2260 605 pio
2292 513 2439 605 patri
2458 514 2948 605 sanctimoniales
2980 533 3156 589 quam
3185 522 3465 592 monachi,
3494 544 3621 598 quas
3649 537 3819 605 utpote

2163 597 2504 657 inﬁrmioris
2555 618 2747 666 sexus,
2803 602 3035 676 legibus
3094 606 3435 666 muniendas
3480 597 3825 679 severioribus

2163 688 2534 746 existimavit.
2569 694 2929 765 Quapropter
2983 710 3117 751 cum
3164 699 3474 769 accepisset
3509 720 3597 775 per
3622 708 3824 765 Anasta-

2162 780 2302 833 sium
2332 782 2600 836 medicum
2630 782 2689 837 in
2748 785 3001 856 quodam
3059 786 3350 859 virginum
3398 793 3645 850 coenobio
3671 799 3832 856 multa

2161 871 2313 925 mala
2341 873 2653 941 contigisse,
2714 874 2765 930 ei
2798 875 3140 933 monasterii
3199 877 3393 950 hujus,
3438 887 3492 936 et
3525 890 3830 945 casterorum

2163 974 2290 1030 qua:
2347 976 2524 1016 sacris
2582 962 2837 1033 virgines
2889 963 3229 1034 incolerent,
3280 968 3429 1026 fores
3480 972 3836 1034 oceludendas

2161 1063 2290 1105 esse
2319 1050 2566 1119 censuit,
2600 1052 2671 1109 de
2709 1053 2916 1109 animis
2949 1055 3142 1128 potius
3175 1072 3352 1128 quam
3384 1059 3453 1115 de
3482 1064 3723 1134 corporis
3752 1081 3837 1122 sa-

2158 1135 2278 1193 lute
2318 1138 2603 1197 sollicitus
2633 1143 2777 1213 (Lib.
2811 1159 2864 1211 v,
2891 1160 2975 1215 ep.
3007 1144 3088 1217 6).

2232 1226 2562 1284 Romanum
2615 1231 2930 1287 exarchum
2980 1233 3530 1294 sanctimonialibus
3577 1240 3647 1296 ad
3676 1258 3841 1299 sacu-

2156 1312 2281 1370 lum
2314 1318 2561 1374 reversis
2582 1328 2637 1375 et
2685 1321 2956 1393 conjugio
3006 1323 3245 1380 sociatis
3286 1325 3567 1383 auxilium
3615 1332 3845 1399 patroci-

2156 1404 2439 1478 niumque
2462 1408 2918 1480 impendentem,
2943 1411 3016 1467 ab
3039 1411 3145 1469 hoc
3167 1421 3397 1484 peccato
3416 1417 3703 1488 deterruit,
3724 1423 3771 1476 ei
3789 1421 3847 1476 li-

2156 1493 2294 1551 bere
2315 1495 2651 1567 significans
2672 1515 2735 1555 se
2749 1499 3085 1558 nullatenus
3109 1503 3367 1560 amicum
3390 1505 3514 1575 ejus
3531 1523 3654 1563 esse
3675 1526 3846 1580 posse,

2157 1585 2255 1655 qui
2287 1590 2448 1643 tanto
2480 1587 2723 1661 ﬂagitio,
2757 1591 2907 1661 quod
2937 1590 3194 1648 inultum
3231 1610 3536 1651 remanere
3566 1613 3849 1669 nunquam

2156 1691 2440 1747 passurus
2470 1683 2613 1748 erat,
2644 1680 2925 1752 tantisper
2955 1682 3171 1740 faveret
3197 1684 3397 1756 (Ibid.,
3430 1703 3515 1759 ep.
3546 1687 3654 1757 24).

2228 1768 2311 1823 11.
2344 1769 2390 1823 Α
2449 1786 2512 1825 se
2564 1772 2885 1829 constituta
2942 1779 3168 1833 mutare
3224 1781 3280 1833 et
3329 1777 3447 1833 ﬁxa
3487 1779 3722 1851 religare
3751 1796 3853 1838 non

2152 1854 2462 1911 verebatur
2519 1856 2762 1914 humilis
2831 1859 3164 1933 Gregorius,
3225 1864 3466 1935 quando
3523 1866 3855 1939 experientia

2154 1949 2520 2016 compertum
2578 1946 2852 2018 habebat,
2894 1965 2964 2007 ea
2993 1952 3328 2024 reipublicaa
3388 1954 3726 2013 Christiania
3754 1973 3858 2014 non

2153 2034 2407 2106 amplius
2436 2036 2731 2107 prodesse.
2757 2037 2958 2109 Itaque
2978 2043 3242 2111 quamvis
3264 2042 3547 2115 plurimis
3579 2045 3636 2100 in
3666 2046 3860 2118 episto-

2152 2121 2222 2177 lis
2250 2122 2389 2194 (Lib.
2423 2141 2464 2196 1,
2495 2142 2617 2197 epp.
2651 2126 2721 2181 35
2750 2136 2803 2183 et
2834 2128 2922 2199 47)
2979 2129 3272 2188 docuisset
3322 2148 3463 2189 cum
3507 2134 3861 2193 heterodoxis

2151 2216 2209 2268 et
2238 2212 2383 2284 ipsis
2411 2214 2630 2272 Judssis
2662 2217 2865 2274 mitius
2912 2234 3034 2275 esse
3062 2223 3385 2292 agendum,
3421 2224 3862 2297 religionemque

2151 2302 2559 2373 Christianam,
2593 2323 2708 2363 non
2742 2308 2918 2366 minis
2940 2315 2996 2367 et
3020 2311 3367 2379 terroribus,
3393 2316 3495 2371 sed
3523 2316 3863 2388 benignitate

2150 2407 2217 2449 ac
2241 2394 2647 2465 prmdicationis
2678 2399 2967 2467 suavitate,
3001 2402 3343 2470 persuaderi
3394 2403 3644 2461 debere:
3678 2412 3865 2477 postea

2146 2486 2342 2540 tamen
2375 2490 2600 2543 mutato
2634 2488 2899 2558 consilio,
2932 2490 3264 2562 frequenter
3294 2494 3547 2567 scripsit
3578 2495 3866 2553 Manichae-

2148 2590 2212 2630 os
2244 2583 2297 2631 et
2326 2575 2563 2634 Judasos
2593 2578 2693 2650 qui
2715 2579 2773 2633 in
2799 2580 3264 2651 possessionibus
3290 2582 3580 2641 Romanas
3613 2586 3867 2642 Ecclesia:

2145 2670 2312 2721 erant
2370 2668 2522 2737 (eum
2582 2670 3031 2726 mansuetudine
3088 2671 3277 2741 pellici
3344 2690 3465 2730 non
3522 2676 3865 2748 potuissent)

2145 2770 2514 2828 summopere
2543 2772 2668 2813 esse
2715 2759 3089 2817 inseetandos
3120 2766 3177 2817 et
3209 2761 3462 2821 tributis
3494 2767 3818 2822 onerandas
3851 2783 3865 2821 :

2145 2862 2449 2903 conversos
2472 2850 2660 2903 autem
2693 2848 2767 2903 ad
2799 2848 2993 2917 ﬁdem,
3028 2851 3293 2909 remissis
3330 2869 3406 2909 ex
3452 2860 3622 2926 parte
3658 2856 3875 2928 pensio-

2149 2953 2290 2993 num
2327 2936 2605 2994 oneribus
2636 2938 3091 2997 conﬁrmandos.
3125 2941 3289 3008 Etsi,
3317 2943 3544 3015 inquit,
3569 2944 3681 3017 ipsi
3701 2949 3879 3001 minus

2150 3027 2389 3098 ﬁdeliter
2418 3029 2644 3083 veniunt
2694 3028 2792 3100 (ad
2848 3028 3208 3102 Ecclesium),
3241 3031 3311 3087 hi
3368 3040 3563 3090 tamen
3591 3035 3685 3107 qui
3711 3034 3774 3089 de
3802 3034 3877 3090 eis

2156 3116 2279 3172 nati
2306 3119 2535 3187 luerim,
2559 3117 2688 3187 jam
2731 3117 2948 3187 ﬁdelius
2997 3120 3385 3191 baptizantur.
3440 3126 3550 3181 Aut
3574 3127 3715 3197 ipsos
3744 3140 3884 3196 ergo,

2156 3214 2256 3263 aut
2284 3223 2475 3263 eorum
2498 3206 2641 3276 ﬁlios
2674 3205 2955 3262 lucramur
2984 3209 3124 3278 (Lib.
3154 3226 3205 3273 v,
3239 3226 3333 3283 ep.
3370 3213 3455 3284 8).

2226 3299 2517 3363 Quantum
2560 3296 2857 3352 lucrandis
2901 3298 3216 3356 animabus
3269 3300 3545 3359 inhiaret
3577 3303 3641 3359 S.
3674 3304 3886 3376 Grego-

2155 3386 2275 3443 rius
2328 3387 2703 3457 potissimum
2763 3387 3042 3459 ostendit,
3093 3389 3286 3446 missis
3333 3394 3411 3449 ad
3448 3394 3677 3466 Anglos
3708 3394 3890 3449 adhuc

2155 3476 2442 3533 idolorum
2472 3475 2653 3532 cultui
2674 3476 2898 3533 deditos
2929 3477 3415 3548 praedicatoribus
3441 3498 3457 3553 ;
3489 3484 3564 3541 de
3597 3500 3717 3556 qua
3738 3499 3895 3542 sacra

2152 3565 2518 3638 expeditione
2550 3582 2705 3622 nunc
2738 3567 3051 3638 agendum.

2827 3683 3056 3740 CAPUT
3094 3685 3188 3742 IV.

2151 3790 2347 3859 Annuit.
2381 3818 2443 3825 —
2483 3791 2539 3859 1._
2569 3791 2973 3859 SLAGregoriusA
2997 3793 3155 3859 mittit
3201 3792 3676 3859 S._7Augustinum
3711 3800 3763 3847 in
3794 3798 3893 3847 An-

2210 3856 2389 3914 gliam.
2425 3881 2480 3890 —
2513 3854 2563 3903 2.
2601 3854 2913 3903 Christianae
2946 3855 3069 3903 ﬁdei
3099 3854 3487 3908 exordium'in
3512 3862 3821 3911 Britannia.
3844 3885 3896 3898 -

2208 3917 2255 3966 3.
2281 3918 2437 3983 Angli
2459 3915 2751 3983 idololatria
2774 3918 2911 3966 hanc
2934 3925 3200 3983 occupant
3221 3920 3495 3983 insulam.
3517 3951 3584 3960 —
3606 3926 3657 3972 4.
3677 3925 3897 3983 Quando

2211 3981 2434 4042 profecti
2463 3981 2789 4041 Augustinus
2812 3985 2862 4028 et
2884 3981 3013 4028 socii
3034 3980 3300 4030 monachi.
3321 4009 3391 4020 —
3413 3985 3463 4032 5.
3496 3987 3574 4034 De
3610 3980 3787 4035 reditu
3811 4000 3897 4035 co-

2211 4044 2439 4107 gitantes
2460 4056 2488 4091 a
2519 4042 2841 4107 SLGLegorio
2865 4043 3301 4107 corroborentur.
3323 4072 3394 4083 —
3414 4046 3467 4095 6.
3501 4050 3625 4107 Quo
3650 4051 3770 4099 loco
3788 4050 3902 4098 sub-

2209 4106 2455 4153 stiteriut.
2479 4105 2605 4153 —7.
2628 4104 2823 4153 Eorum
2852 4107 2951 4152 iter
2989 4120 3082 4166 per
3104 4105 3321 4156 Galliam
3370 4104 3740 4161 describitur.
3779 4139 3832 4148 -
3856 4112 3902 4159 8.

2212 4168 2281 4238 l_)e
2304 4168 2472 4238 Cautii
2520 4180 2625 4229 quo
2662 4167 2882 4238 appulsi
2917 4176 3255 4238 διπηιλυς-τδρ,
3302 4185 3459 4238 rege,
3510 4177 3731 4238 regina.
3772 4201 3827 4210 _
3856 4174 3900 4221 9,

2208 4230 2747 4301 augustinusnregem
2780 4230 2924 4301 adit;
3044 4229 3419 4301 10,:Ejusde‘ﬁi
3455 4236 3531 4301 ad
3569 4229 3757 4301 negem
3790 4252 3907 4287 ora-

2208 4292 2301 4341 tio.
2329 4316 2391 4328 -
2421 4291 2498 4342 11.
2526 4292 2860 4354 Responsum
2890 4291 3207 4342 Edilharthi.‘
3230 4320 3291 4331 —
3318 4295 3404 4343 12.
3442 4291 3809 4349 Οεοιυῖιτὶεω
3843 4302 3913 4348 in-

2207 4354 2445 4418 greditur
2483 4368 2603 4403 cum
2637 4356 2810 4404 sociis.
2844 4355 2958 4413 Quo
2982 4360 3262 4419 apparatu.
3297 4358 3435 4419 (Au.
3472 4360 3578 4411 595
3601 4369 3655 4412 et
3676 4363 3821 4426 596.)

323 4462 543 4531 gnitate
564 4467 706 4519 tunc
738 4465 998 4537 insignes
1026 4474 1206 4537 erant,
1238 4470 1338 4540 qui
1372 4470 1641 4542 regendis
1674 4472 2041 4529 monasteriis

2225 4456 2271 4510 1.
2307 4457 2626 4527 Anglorum
2669 4455 2915 4512 salutem
2959 4457 3083 4527 jam
3116 4474 3149 4513 a
3177 4456 3354 4530 longo
3413 4468 3705 4536 tempore
3754 4464 3913 4521 sitie-

323 4551 813 4621 prieficiebantur,
844 4559 911 4610 ut
965 4571 1032 4611 ex
1064 4556 1333 4627 plurimis
1382 4561 1438 4614 S.
1487 4559 1746 4631 Gregorii
1779 4563 2037 4634 epistolis

324 4642 686 4713 exploratum
719 4644 1028 4712 habemus,
1061 4652 1117 4704 et
1146 4664 1213 4703 ex
1254 4648 1429 4706 variis
1461 4649 1591 4705 aliis
1624 4652 1888 4709 Ecclesiae
1920 4671 2038 4712 mo-

325 4733 640 4791 numentis.
692 4736 796 4802 Qui
853 4739 1087 4808 propter
1148 4737 1376 4809 lapsum
1431 4757 1463 4795 a
1519 4757 1685 4797 sacro
1717 4743 2038 4801 ministerio

325 4840 551 4882 cessare
602 4824 754 4895 jussi
813 4827 1042 4881 fuerant
1080 4827 1315 4883 abbates
1373 4830 1719 4901 presbyteri,
1776 4833 1908 4888 licet
1965 4836 2036 4890 ad

324 4912 687 4972 sacerdotale
716 4915 976 4971 ofﬁcium
1011 4932 1309 4986 resurgere
1340 4934 1642 4989 nunquam
1677 4926 1939 4992 possent,
1963 4924 2034 4978 ad

325 5004 811 5060 monasteriorum
844 5007 1037 5060 tamen
1065 5006 1438 5077 praefecturas
1465 5009 1673 5077 redire,
1698 5024 1766 5063 ex
1795 5011 2035 5066 sanctis-

326 5095 461 5150 simi
495 5094 1173 5168 pontiﬁcisindulgentia
1205 5097 1358 5170 passi
1400 5102 1539 5154 sunt
1569 5099 1717 5171 (Vide
1747 5102 1842 5157 lib.
1877 5118 1917 5172 ι,
1947 5118 2034 5172 ep.

325 5181 397 5247 9;
432 5183 525 5237 lib.
560 5200 611 5250 v,
645 5199 764 5256 epp.
798 5186 852 5245 3,
887 5184 940 5252 4,
971 5185 1024 5252 7,
1055 5186 1167 5257 38)-

404 5272 485 5329 10.
520 5271 581 5327 Si
603 5273 797 5330 omnia
826 5274 1033 5331 vellem
1066 5275 1161 5333 hic
1211 5292 1511 5336 recensere
1569 5295 1696 5351 quae
1748 5278 1855 5337 hoc
1884 5296 2037 5338 anno

398 5464 480 5536 (α)
518 5465 843 5539 Propterea,
893 5475 1250 5539 praesentibus
1294 5477 1447 5531 vobis
1507 5478 1785 5532 licentiam
1842 5478 2039 5533 damus

328 5537 597 5620 epistolis,
630 5537 921 5595 monachos
947 5542 1397 5620 rte-monasteriis
1428 5551 1483 5602 in
1528 5556 1623 5603 tua
1655 5550 1913 5619 parochia
1941 5565 2034 5620 ρο⁴

328 5614 467 5735 suis,
498 5625 622 5664 cum
668 5624 934 5666 consensu
980 5614 1194 5671 abbatis
1240 5620 1323 5671 sui
1367 5620 1556 5676 tollere
1600 5614 1663 5677 et"
1688 5614 2037 5694 presbyteros

329 5702 405 5742 or.
432 5694 610 5737 mare.

394 5712 544 5737 ((ιιιιυ
561 5712 610 5737 00

2151 4545 2248 4601 bat
2280 4547 2607 4619 Gregorius,
2638 4549 2791 4619 quod
2843 4565 2911 4604 ex
2960 4552 3028 4622 (c)
3086 4553 3256 4605 antea
3310 4551 3509 4609 dictis
3573 4555 3791 4627 liquet,
3850 4570 3913 4610 ac

2149 4635 2505 4692 Britanniam
2537 4637 2842 4708 cogitabat.
2908 4638 2976 4694 Ut
3024 4639 3178 4694 verbi
3238 4639 3341 4695 Dei
3415 4659 3749 4714 praecones
3781 4644 3913 4701 illuc

2148 4725 2305 4784 brevi
2366 4726 2681 4798 profecturi
2740 4726 2965 4798 aliquos
3026 4728 3323 4800 adjutores
3365 4731 3915 4806 liaberent,jussit

2148 4816 2617 4887 sapientissimus
2649 4818 2906 4889 pontifex
2929 4836 2959 4872 a
2990 4818 3249 4873 Candido
3274 4818 3592 4880 Gallicani
3630 4826 3919 4897 patrimo-

2147 4906 2226 4960 nii
2277 4912 2515 4974 rectore,
2576 4923 2644 4962 ex
2702 4907 3013 4975 Anglorum
3072 4911 3245 4979 gente
3291 4916 3663 4983 comparari
3715 4915 3914 4971 adole-

2145 5000 2395 5062 scentes,
2424 4996 2492 5051 ab
2538 5000 2699 5051 annis
2744 4998 2927 5052 decem
2956 5005 3007 5053 ct
3054 5002 3277 5069 septem,
3326 5008 3424 5055 vel
3460 5004 3665 5061 decem
3725 5010 3778 5063 et
3805 5008 3919 5061 octo

2149 5085 2287 5157 (Lib.
2322 5101 2397 5153 vr,
2429 5102 2512 5156 ep.
2564 5089 2635 5157 7),
2671 5090 2729 5142 et
2776 5086 2833 5141 in
2868 5087 3238 5143 monasteriis
3282 5088 3359 5144 de
3396 5090 3532 5148 ﬁde
3567 5094 3919 5165 ritibusque

2147 5174 2495 5231 Christianis
2524 5177 2748 5232 edoceri
2782 5192 2847 5232 ac
2894 5176 3131 5238 erudiri,
3167 5193 3433 5248 quorum
3482 5188 3707 5255 postea
3737 5183 3917 5240 mini-

2147 5264 2326 5322 sterio
2357 5266 2427 5321 ad
2467 5265 2652 5336 gentis
2698 5265 2879 5321 totius
2927 5264 3379 5322 conversionem
3441 5276 3767 5330 uteretur.
3807 5272 3929 5329 Etsi

2218 5462 2291 5530 (b)
2326 5464 2403 5515 De
2424 5461 2567 5517 clero
2598 5458 2965 5515 Ecclesiarum
2988 5460 3255 5530 ipsarum,
3278 5458 3380 5515 vel
3404 5476 3488 5517 ea:
3520 5470 3930 5529 monasteriis,

2146 5536 2196 5589 si
2224 5551 2315 5604 qui
2351 5534 2505 5603 digni
2536 5534 2605 5588 ad
2629 5532 3011 5587 sacerdotalem
3046 5532 3223 5587 locum
3249 5541 3510 5605 possunt
3550 5540 3833 5593 inveniri.

2217 5607 2292 5677 (c)
2324 5606 2457 5661 Vide
2490 5606 2587 5660 lib.
2624 5622 2661 5677 ι,
2696 5621 2745 5659 c.
2778 5605 2829 5671 5,
2866 5619 3024 5659 num.
3058 5606 3112 5659 5.
