4106 6174
248 250 356 310 365

698 249 763 308 S.
814 244 1187 308 GREGORII
1232 243 1474 305 MAGNI
1520 242 1730 312 VITA,
1774 237 1876 297 EX
1918 235 2105 298 EJUS
2152 239 2498 303 SCRIPTIS
2542 243 2991 307 ADORNATA.
3042 249 3189 312 LIB.
3235 251 3343 315 ΙΙΙ.

3655 261 3774 322 366

250 386 502 443 nondum
532 388 696 441 tanto
724 381 905 438 labori
944 385 1001 438 et
1049 380 1210 454 operi
1260 379 1475 436 maturi
1526 378 1862 434 viderentur
1896 373 1954 429 hi
1983 374 2038 442 Α
2069 376 2433 446 superandas
2463 377 2865 439 haereticorum
2898 385 3198 456 versutias,
3250 390 3502 464 impares
3550 397 3773 455 sentie-

248 475 405 549 pusri
434 478 625 544 (sexto
657 472 816 530 enim
848 488 1001 527 anno
1033 472 1123 527 sui
1168 470 1543 543 pontiﬁcatus
1594 467 1854 534 ineunte,
1888 464 1957 520 de

248 567 385 638 ipsis
433 564 701 621 emendis
755 562 991 633 scripsit
1042 562 1101 618 S.
1152 560 1461 633 Gregorius
1511 558 1584 614 ad
1635 554 1958 613 Candidum

251 655 669 728 presbyterum,
699 657 759 711 et
787 653 986 709 eodem
1025 657 1287 719 exeunte,
1322 647 1717 721 Augustinum
1750 646 1809 700 in
1833 643 1960 700 (ial-

248 744 382 801 liam
417 743 595 809 misit,
628 743 782 800 unde
811 742 873 799 in
920 741 1188 813 Angliam
1242 744 1438 810 postea
1491 735 1958 805 transmitteret),

250 835 394 891 hanc
452 842 650 891 tamen
699 832 1125 906 expeditionem
1168 830 1391 887 diutius
1425 824 1958 900 procrastinandam

250 942 360 982 non
391 930 482 981 est
511 928 708 991 ratus;
740 924 861 981 sive
890 922 1047 994 quod
1099 926 1302 991 morte,
1351 935 1526 992 quam
1585 934 1654 973 ex
1705 912 1959 971 assiduis

249 1014 466 1072 morbis
499 1014 747 1072 vicinam
780 1028 909 1070 esse
940 1011 1375 1084 suspicabatur,
1408 1006 1711 1081 praeveniri
1736 1009 1959 1061 metue—

247 1110 350 1175 ret,
381 1106 503 1162 sive
535 1104 729 1176 potius
773 1104 934 1176 quia,
983 1105 1048 1157 ut
1096 1102 1220 1170 ipse
1270 1098 1465 1155 innuit
1511 1101 1578 1153 ad
1629 1095 1960 1152 Gallicanos

250 1197 557 1267 episcopos
615 1193 901 1261 scribens,
966 1191 1285 1264 Anglorum
1348 1193 1583 1261 gentem
1639 1186 1781 1242 velle
1838 1185 1962 1240 fieri

244 1286 637 1345 Christianam
662 1284 992 1340 inaudierat
1014 1300 1029 1348 ;
1054 1281 1263 1338 Bertha
1286 1279 1603 1336 Edilberthi
1624 1278 1960 1334 Cantiorum

243 1377 398 1448 regis
446 1390 627 1432 uxore
679 1372 1033 1441 Christiana,
1064 1371 1255 1427 virum
1302 1367 1686 1440 proculdubio
1718 1367 1961 1437 ejusque

247 1465 523 1523 subditos
555 1464 627 1520 ad
661 1462 876 1519 Christi
914 1460 1083 1517 ﬁdem
1135 1458 1583 1533 amplexandam
1634 1455 1964 1529 pelliciente

245 1556 434 1625 (Ibid.,
462 1571 586 1626 epp.
618 1553 711 1618 52,
736 1553 827 1619 53,
862 1555 997 1618 etc.,
1029 1551 1132 1617 58,.
1149 1549 1261 1619 59).

320 1647 380 1701 2.
412 1645 606 1701 Insula
635 1642 737 1699 illa
769 1641 1031 1699 omnium
1065 1657 1190 1712 quas
1231 1643 1474 1712 Europae
1523 1637 1790 1709 adjacent
1837 1650 1961 1691 am-

2069 464 2228 533 bant,
2289 467 2433 523 duos
2493 470 2755 529 doctrina
2825 478 2883 529 et
2962 476 3268 535 sanctitate
3336 483 3659 555 praecipuos
3712 489 3771 545 in

2068 555 2394 614 subsidium
2427 561 2728 633 episcopos
2760 563 3069 637 miserunt,
3106 568 3333 641 Lupum
3355 574 3695 635 Trecensem
3719 584 3775 636 et

2070 644 2420 740 Germanum
2451 651 3023 740 Autissiodorensem
3055 657 3414 731 episcopum,
3435 666 3605 735 cujus
3626 685 3776 740 prin-

2070 735 2271 791 sertim
2299 739 2602 797 miraculis
2634 750 2687 797 et
2728 745 3141 814 praedicatione
3194 751 3294 819 qui
3341 735 3778 821 perseverarent

2070 825 2130 882 in
2162 827 2296 897 fide,
2318 830 2645 887 confirmati
2678 839 2841 899 sunt,
2861 835 3249 912 debellatique
3272 842 3627 903 heterodoxi.
3654 849 3776 907 Bri-

2071 918 2361 974 tannicam
2403 925 2603 990 postea
2648 923 2964 982 Ecclesium
3015 944 3048 983 a
3106 932 3329 987 ceteris
3379 950 3524 1005 pene
3580 938 3777 996 divisit

2070 1006 2373 1063 Scotorum
2408 1025 2565 1066 error
2591 1016 2648 1066 et
2679 1012 2986 1083 singularis
3027 1016 3086 1071 in
3129 1018 3474 1078 celebrando
3505 1027 3780 1096 paschate

2073 1096 2241 1164 ritus,
2300 1114 2471 1169 quem
2523 1101 2887 1159 doctissimus
2935 1106 3202 1163 Petavius
3252 1115 3448 1167 ortum
3502 1119 3665 1183 putat
3710 1134 3776 1173 ex

2073 1188 2317 1243 Anatolii
2350 1188 2473 1246 loco
2523 1191 2670 1248 falsa
2717 1194 2909 1251 Ruﬁni
2961 1196 3436 1269 interpretatione
3483 1210 3773 1276 corrupto.

2073 1277 2222 1333 Sane
2287 1280 2646 1351 Anatolium,
2726 1285 2827 1355 qui
2910 1286 3019 1342 fuit
3104 1289 3459 1350 Laodicenus
3518 1299 3779 1367 tempore

2072 1366 2415 1425 Diocletiani
2444 1376 2499 1427 et
2531 1372 2867 1430 Maximiani
2910 1378 3240 1449 episcopus,
3292 1380 3436 1438 mire
3488 1366 3691 1442 laudat
3716 1387 3774 1443 S.

2074 1456 2465 1516 Golumbanus
2498 1460 2556 1516 in
2589 1463 2655 1534 (c)
2687 1463 2856 1535 epist.
2892 1465 2961 1521 ad
2986 1466 3042 1522 S.
3069 1468 3430 1542 Gregorium,
3456 1471 3513 1529 in
3535 1491 3653 1545 qua
3674 1492 3777 1546 pro

2074 1546 2184 1603 hoc
2214 1565 2455 1605 suorum
2489 1551 2794 1608 Scotorum
2828 1555 2941 1611 ritu
2973 1556 3230 1614 decertat
3260 1560 3367 1631 (Cf.
3403 1564 3775 1622 animadvers.

2074 1636 2144 1692 ad
2170 1638 2553 1710 Epiphaniam
2586 1641 2777 1698 haeres.
2808 1644 2920 1714 51).

244 1734 536 1808 plissima,
568 1731 873 1789 Britannia
910 1734 1051 1787 tunc
1094 1730 1270 1799 dicta,
1292 1735 1356 1823 et
1386 1728 1459 1784 ab
1505 1725 1708 1799 Anglis
1757 1723 1963 1823 incolis
1998 1761 2043 1823 Β
2143 1729 2196 1789 3.
2232 1728 2617 1786 Christianam
2652 1732 2991 1805 religionem
3022 1736 3078 1790 in
3102 1736 3297 1795 insula
3318 1758 3463 1811 pene
3483 1743 3786 1803 oblittera-

244 1825 462 1897 Anglia
521 1832 725 1897 postea
780 1837 997 1894 magna
1055 1835 1123 1876 ex
1178 1822 1338 1892 parte
1390 1820 1750 1888 nuncupata,
1800 1813 1968 1883 longe

250 1920 572 1987 antequam
607 1915 680 1969 ab
712 1911 819 1968 hac
850 1914 1022 1984 gente
1051 1912 1453 1980 occuparetur,
1486 1907 1659 1962 ﬁdem
1694 1902 1967 1960 Christia-

249 2021 391 2062 nam
410 2002 572 2062 258
596 2005 952 2074 susceperat,
972 2004 1029 2056 et
1050 2001 1122 2071 (a)
1143 2000 1216 2056 ab
1236 1999 1381 2070 ipsis
1402 1998 1641 2070 quidem
1679 1996 1754 2067 (si
1796 1996 1968 2050 Euse-

250 2095 386 2150 bius
417 2092 793 2149 Caesariensis
822 2090 1134 2162 episcopus
1166 2088 1460 2159 audiatur)
1505 2086 1719 2142 Christi
1766 2083 1967 2141 Salva-

258 2184 403 2240 toris
430 2182 757 2254 discipulis.
791 2180 1036 2247 Quinam
1069 2178 1151 2234 illi
1177 2179 1389 2234 fuerint
1414 2193 1529 2233 non
1559 2176 1845 2232 audemus
1871 2192 1967 2230 as-

264 2273 672 2344 serere;vulgo
697 2276 889 2327 tamen
913 2269 1167 2325 creditur
1185 2267 1504 2339 Josepbum
1528 2266 1601 2322 ab
1614 2265 1967 2321 Arimathaaa

270 2364 339 2433 (ὁ)
363 2362 653 2419 Britannis
677 2359 972 2417 Christum
997 2358 1397 2415 annuntiasse.
1419 2360 1658 2411 Sanctos
1674 2354 1964 2425 apostolos

272 2454 491 2511 Petrum
520 2458 579 2509 et
606 2450 856 2508 Paulum
888 2450 947 2506 in
978 2447 1337 2505 Britanniam
1382 2446 1701 2518 trajecisse,
1754 2446 1961 2516 pradi-

274 2544 431 2599 caudi
461 2541 750 2614 Evangelii
782 2555 960 2597 causa
989 2537 1408 2595 nonnullorum
1440 2540 1528 2593 est
1557 2536 1864 2602 sententia,
1899 2539 1965 2591 ut

273 2634 416 2703 apud
444 2632 860 2705 Spelmannum
890 2629 1081 2701 legere
1111 2628 1242 2684 licet
1271 2646 1284 2696 ;
1319 2628 1389 2705 ad
1419 2627 1569 2697 quod
1598 2625 1959 2696 probandum

274 2723 559 2778 adducunt
588 2719 996 2777 testimonium
1028 2716 1382 2774 Tbeodoriti.
1406 2716 1513 2780 Qui
1537 2715 1879 2771 Britannicas
1902 2718 1961 2769 et

269 2810 509 2883 Anglicas
558 2810 751 2881 gentis
803 2807 1106 2864 historiam
1159 2805 1341 2862 texuit
1400 2803 1746 2861 venerabilis
1806 2804 1957 2859 Beda

272 2899 401 2968 (Lib.
435 2918 471 2965 ι,
502 2902 635 2955 Hist.
666 2915 713 2955 ε.
746 2898 826 2970 4),
859 2897 929 2953 de
974 2897 1133 2952 Lucii
1192 2895 1343 2967 regis
1394 2893 1769 2950 conversione
1814 2894 1951 2963 agit,

272 2991 495 3046 sedente
524 2991 714 3046 Romae
746 2987 1099 3047 Eleutherio,
1134 3004 1167 3041 a
1189 3002 1301 3057 quo
1336 2984 1545 3041 Lucius
1576 2983 1731 3039 verbi
1772 2982 1951 3039 divini

274 3094 547 3150 praecones
579 3078 744 3150 petiit
771 3083 830 3133 et
875 3075 1230 3147 impetravit,
1273 3076 1422 3130 circa
1471 3090 1689 3129 annum
1738 3074 1949 3129 Christi

280 3131 1320 3225 —autleC.—7SaneV'Pertullianus
1370 3164 1682 3220 Eleutherii
1733 3180 1954 3236 suppar
1986 3131 2027 3197 Ε

276 3257 367 3313 lib.
392 3261 664 3316 adversus
687 3258 940 3326 Judrnos,
965 3272 1140 3328 quem
1164 3256 1318 3311 circa
1338 3272 1432 3310 an.
1455 3256 1560 3310 208
1577 3253 1959 3321 elucubravit,

279 3346 432 3403 docet
459 3363 581 3419 cap.
612 3349 671 3413 7,
705 3346 1116 3402 Britannorum
1168 3343 1465 3399 inaccessa
1518 3342 1793 3398 Romanis
1842 3342 1965 3397 loca

277 3436 484 3493 Christo
516 3436 779 3509 patuisse
809 3439 865 3491 et
894 3433 1129 3489 subdita
1150 3432 1331 3487 fuisse
1354 3452 1367 3499 ;
1394 3431 1483 3486 cui
1507 3432 1855 3501 suffragatur
1872 3431 1965 3484 vix

276 3528 430 3581 atate
448 3530 502 3581 et
522 3524 864 3580 auctoritate
882 3521 1122 3577 inferior
1136 3520 1413 3591 Origenes
1435 3520 1590 3575 hom.
1610 3521 1644 3574 6
1660 3519 1716 3573 in
1733 3520 1962 3575 Lucam.

344 3614 670 3672 Diocletiani
685 3612 1004 3684 persecutio
1022 3608 1331 3665 multorum
1351 3613 1667 3681 martyrum
1684 3609 1965 3680 sanguine

278 3701 625 3762 Britanniam
676 3702 1020 3776 purpuravit
1065 3700 1563 3770 consecravitque,
1618 3714 1766 3768 quos
1814 3698 1966 3752 inter

282 3796 482 3853 eminet
509 3796 565 3852 S.
604 3793 886 3858 Albanus,
919 3808 987 3848 ex
1017 3789 1394 3846 celeberrimo
1426 3792 1548 3845 tota
1596 3786 1789 3842 insula
1841 3803 1968 3842 mo-

280 3887 519 3942 nasterio
548 3886 679 3956 ejus
713 3883 950 3939 nomine
981 3881 1259 3954 insignito
1290 3879 1653 3935 notissimus.
1687 3878 1833 3934 Pace
1866 3878 1964 3932 Ec-

283 3973 451 4032 clesia
481 3974 729 4042 reddita,
772 3971 1009 4044 plurimi
1041 3988 1071 4027 e
1118 3970 1418 4026 Britannia
1466 3967 1742 4040 episcopi,
1790 3967 1967 4023 variis

286 4068 469 4132 quarto
497 4065 736 4119 ineunte
785 4066 842 4117 et
886 4063 1229 4116 decurrente
1261 4058 1472 4115 saeculo
1504 4056 1719 4112 habitis
1769 4058 1967 4112 conci-

284 4149 365 4208 liis
413 4153 835 4219 interfuerunt;
885 4150 1209 4206 Arelatensi
1258 4165 1408 4204 anno
1458 4148 1584 4215 3M,
1637 4145 1968 4203 Sardicensi

284 4256 415 4299 anno
445 4246 569 4313 351,
601 4248 657 4298 et
687 4240 859 4315 paulo
909 4245 1042 4312 post
1088 4238 1442 4295 Ariminensi
1471 4256 1484 4293 :
1520 4238 1673 4292 unde
1720 4237 1971 4309 profecta

280 4330 505 4390 haeresis
534 4332 772 4402 Ariana,
804 4333 1075 4402 corrupto
1107 4345 1253 4400 pene
1281 4333 1398 4384 toto
1430 4329 1587 4395 orbe,
1624 4328 1772 4383 banc
1794 4326 1969 4383 etiam

282 4422 520 4479 insulam
572 4421 735 4479 velut
784 4424 945 4476 extra
988 4419 1187 4476 orbem
1241 4416 1491 4489 positam
1542 4415 1789 4471 infecit:
1841 4417 1973 4470 dum

2079 1822 2209 1872 rant
2239 1818 2408 1891 Angli
2442 1827 2496 1875 et
2540 1825 2814 1891 Saxones,
2866 1823 3077 1896 aliique
3127 1827 3359 1885 barbari
3411 1834 3673 1891 nondum
3707 1839 3777 1894 ab

2077 1906 2366 1973 idolorum
2397 1910 2671 1966 servitute
2701 1910 2929 1968 liberati
2959 1934 2973 1982 ;
3010 1932 3155 1985 quos
3199 1918 3463 1977 Britones
3507 1925 3785 1984 adversus

2078 1997 2267 2054 Pictos
2300 2003 2356 2054 et
2380 2000 2579 2056 Scotos
2610 2000 2878 2059 assiduos
2910 2002 3130 2074 hostes,
3158 2006 3229 2063 ab
3263 2014 3520 2068 extrema
3548 2018 3784 2073 Germa-

2077 2088 2191 2160 nia,
2219 2089 2387 2146 malis
2414 2091 2616 2148 avibus
2647 2094 3086 2151 accersiverant.
3120 2099 3207 2153 Ab
3243 2100 3331 2156 his
3359 2103 3548 2173 potior
3578 2106 3781 2165 insulas

2076 2196 2213 2278 pars
2243 2187 2669 2278 occupa-talest,
2696 2192 2749 2278 et
2772 2184 2829 2239 in
2854 2190 3075 2257 septem
3102 2188 3495 2259 ethnarchias,
3523 2212 3625 2266 pro
3646 2214 3781 2269 gen-

2077 2270 2220 2323 tium
2256 2270 2583 2327 diversitate
2614 2270 2803 2328 divisa
2834 2293 2848 2341 ;
2884 2274 3056 2331 Pictis
3094 2275 3323 2333 interim
3357 2296 3387 2336 e
3433 2282 3690 2354 Scythia,
3725 2290 3782 2340 et

2073 2360 2256 2415 Scotis
2275 2376 2344 2415 ex
2376 2360 2650 2416 Hibernia
2671 2362 2937 2417 oriundis
2966 2364 3496 2435 Septentrionalem
3531 2378 3778 2443 partem,

2074 2448 2409 2505 Britonibus
2438 2465 2569 2505 vero
2601 2451 2783 2521 magis
2816 2453 3145 2509 Australem
3181 2457 3593 2518 retinentibus.

2144 2539 2207 2592 In
2240 2543 2399 2594 tanta
2430 2554 2617 2595 rerum
2655 2542 3102 2610 perturbatione,
3139 2560 3324 2616 neque
3370 2549 3635 2607 Britones
3668 2570 3777 2625 op~

2071 2628 2255 2699 pressi
2289 2630 2360 2683 de
2390 2630 2632 2684 serendo
2671 2632 2824 2700 apud
2876 2630 3067 2687 hostes
3114 2634 3540 2695 infensissimos
3590 2642 3775 2698 Evan-

2069 2717 2248 2788 gelico
2263 2718 2486 2774 semine
2504 2719 2835 2788 cogitabant
2858 2737 2871 2787 ;
2894 2736 3100 2791 neque,
3117 2723 3348 2781 etiamsi
3364 2727 3433 2782 de
3447 2727 3775 2788 Christiana

2067 2807 2191 2878 lege
2212 2806 2576 2877 praedicanda
2594 2806 2822 2863 solliciti
2845 2809 3105 2878 fuissent,
3127 2813 3438 2885 Anglieam
3460 2823 3626 2873 erant
3643 2837 3766 2875 am-

2068 2897 2313 2967 plexari,
2348 2913 2418 2951 ne
2452 2897 2611 2952 victis
2636 2896 2883 2953 victores
2907 2898 3255 2957 deditionem
3278 2904 3481 2961 fecisse
3505 2907 3769 2965 videreu-

2063 2984 2613 3041 tur.Gallicanorum
2628 2985 3033 3058 episcoporum
3048 2991 3416 3049 oscitantiam
3430 2994 3486 3048 in
3502 3013 3776 3053 accuran-

2065 3076 2135 3129 da
2148 3091 2348 3130 eorum
2367 3075 2745 3130 conversione
2762 3076 2952 3146 carpit
2966 3078 3022 3132 S.
3045 3076 3359 3150 Gregorius
3373 3083 3444 3138 ad
3458 3084 3773 3143 Theoderi-

2071 3180 2201 3220 cum
2234 3168 2291 3220 et
2320 3164 2805 3233 Theodebertum,
2838 3166 3190 3225 Francorum
3234 3186 3419 3241 reges,
3465 3175 3725 3233 scribens
3757 3194 3771 3233 :

2068 3253 2328 3308 Pervenit
2357 3253 2425 3308 ad
2454 3270 2554 3309 nos
2602 3254 2901 3324 Anglorum
2948 3261 3160 3327 gentem
3189 3260 3260 3315 ad
3305 3261 3466 3330 ﬁdem
3515 3263 3781 3321 Christia-

2069 3360 2200 3397 nam
2249 3343 2368 3398 Deo
2418 3345 2719 3398 miserante
2764 3344 3146 3402 desideranter
3194 3350 3332 3405 vette
3378 3354 3642 3423 converti,
3691 3355 3781 3410 sed

2069 3433 2369 3488 sacerdotes
2396 3448 2424 3487 e
2455 3432 2632 3487 vicino
2662 3434 2957 3504 negligere,
3007 3441 3057 3491 et
3105 3437 3378 3495 desideria
3425 3458 3616 3497 eorum
3666 3460 3784 3500 ces-

2070 3539 2193 3579 sare
2221 3540 2322 3577 sua
2353 3522 2739 3579 adhortatione
2765 3526 3095 3581 succendere
3125 3529 3265 3596 (Lib.
3298 3546 3375 3597 v1,
3420 3548 3504 3602 ep.
3533 3532 3645 3605 58).

2144 3613 2196 3664 4ο
2230 3610 2512 3666 Caeterum
2535 3616 2710 3667 tanta:
2740 3612 2930 3679 molis,
2954 3615 3339 3688 utilitatisque
3367 3621 3605 3690 majoris
3629 3638 3780 3694 opus

2073 3700 2349 3771 Gregorio
2384 3702 2725 3770 debebatur,
2760 3705 2915 3773 quod
2948 3720 3083 3759 eum
3117 3723 3270 3762 anno
3302 3719 3456 3764 sexto
3483 3711 3570 3765 sui
3600 3713 3786 3780 ponti-

2074 3792 2279 3845 ﬁcatus
2312 3806 2647 3861 aggressum
2682 3807 2807 3847 esse
2840 3792 3003 3848 testis
3035 3799 3122 3849 est
3155 3796 3305 3851 Beda
3333 3814 3345 3851 :
3372 3800 3542 3865 Anno,
3568 3800 3780 3872 inquit.

2073 3879 2277 3935 decimo
2298 3883 2493 3950 quarto
2514 3880 2770 3936 Mauricii
2790 3882 3043 3947 Augusti,
3077 3883 3291 3939 Christi
3317 3887 3483 3953 juxta
3513 3890 3784 3945 eumdem

2071 3971 2198 4037 596,
2230 3968 2387 4024 misit
2414 3986 2632 4025 servum
2661 3970 2760 4025 Dei
2789 3972 3156 4041 Augustinum
3180 3982 3231 4028 et
3273 3975 3412 4030 alios
3450 3978 3634 4046 plures
3659 3996 3785 4033 cum

2073 4075 2132 4115 eo
2178 4060 2472 4115 monachos
2522 4063 2773 4116 timentes
2823 4061 3140 4128 Dominum,
3202 4064 3505 4134 praedicare
3561 4068 3786 4123 verbum

2074 4150 2171 4204 Dei
2229 4152 2380 4220 genti
2438 4149 2740 4220 Anglorum
2815 4150 2957 4220 (Lib.
3018 4153 3152 4206 Hist.
3212 4171 3260 4207 ιε.
3322 4153 3431 4223 23).
3492 4155 3787 4226 Praecipue

2074 4239 2384 4309 Augustini
2416 4240 2709 4309 adjutores
2740 4239 2896 4295 fuere
2923 4239 3265 4298 Laurentius
3289 4242 3586 4315 presbyter
3607 4254 3658 4299 et
3682 4246 3786 4300 Pe-

2072 4332 2219 4384 trus.
2256 4329 2329 4385 De
2358 4332 2618 4398 tempore
2650 4334 2850 4399 coeptas
2884 4329 3061 4399 hujus
3106 4332 3493 4400 expeditionis
3538 4332 3785 4391 validius

2069 4421 2481 4487 argumentum
2511 4417 2737 4473 eruitur
2767 4434 2833 4473 ex
2864 4418 3137 4489 Epistolis
3181 4436 3247 4475 ea
3298 4422 3368 4476 de
3414 4437 3475 4477 re
3524 4422 3785 4495 scriptis,

272 4515 414 4571 illius
444 4515 638 4572 incolae
666 4515 793 4570 novi
819 4527 1035 4583 semper
1065 4511 1279 4581 aliquid
1309 4510 1504 4565 audire
1524 4507 1783 4577 gaudent,
1805 4514 1855 4563 et
1875 4508 1960 4561 ni-
1995 4526 2040 4589 ι)
2074 4523 2201 4577 quae
2232 4523 2431 4563 omnes
2465 4507 2534 4563 ad
2565 4506 2946 4563 indictionem
2977 4524 3071 4563 xw
3103 4508 3415 4580 pertinent,
3448 4515 3503 4567 et
3554 4510 3702 4568 libro
3734 4531 3788 4569 vi

269 4605 343 4663 hit
366 4610 506 4663 certi
541 4606 779 4676 firmiter
807 4604 1074 4669 obtinent,
1105 4600 1299 4673 inquit
1320 4600 1475 4654 Beda
1504 4598 1575 4654 de
1597 4597 1828 4670 populis
1851 4597 1967 4653 sibi

268 4698 419 4753 notis
447 4696 693 4768 suisque
722 4692 1038 4766 gentilibus
1069 4691 1253 4763 (Ibid.,
1285 4707 1332 4745 ο.
1364 4690 1443 4759 8).
1476 4691 1687 4744 Postea
1716 4704 1963 4759 regnan-

268 4787 421 4843 tibus
448 4785 699 4842 Arcadio
729 4786 786 4840 et
814 4781 1088 4850 Honorio,
1121 4780 1382 4853 Pelagius
1414 4779 1565 4833 Brito
1588 4785 1776 4833 contra
1798 4776 1966 4831 auxi-

268 4876 404 4931 lium
465 4872 661 4945 gratia
730 4885 982 4942 superna
1052 4883 1263 4924 venena
1319 4882 1430 4922 sua:
1494 4866 1747 4938 perﬁdia
1812 4865 1968 4934 longe

266 4967 480 5036 lateque
509 4963 766 5034 dispersit
795 4977 815 5023 ;
846 4975 973 5032 quin
1006 4974 1108 5031 per
1138 4956 1462 5029 Agricolam
1493 4954 1788 5011 Severiani
1813 4954 1965 5024 epis-

266 5056 387 5128 copi
419 5054 618 5111 Ariani
650 5052 860 5121 tilium,
892 5050 1043 5124 apud
1076 5049 1379 5105 Britannos
1407 5047 1569 5103 illata
1590 5055 1646 5102 et
1685 5062 1965 5116 propaga-

264 5151 340 5216 ta,
374 5144 809 5201 Gallicanorum
839 5138 1163 5198 antistitum
1194 5154 1301 5211 ope
1351 5153 1609 5209 repressa
1640 5139 1730 5191 est
1776 5151 1842 5190 ac
1868 5150 1964 5190 ex-

267 5237 493 5294 stincta.
519 5234 588 5289 Hi
614 5232 830 5292 etenim
854 5228 1321 5305 supplicantibus
1346 5224 1663 5294 Britannis,
1690 5224 1789 5298 qui
1812 5239 1871 5281 se
1896 5224 1965 5279 ad

333 5458 410 5593 ac)
439 5464 565 5519 Lib.
600 5480 663 5518 iii
708 5461 1095 5517 Demonstrat.
1138 5456 1349 5526 Evang.
1392 5469 1519 5526 pag.
1566 5451 1685 5507 112.
1732 5447 1817 5504 ἐπὶ
1869 5450 1964 5509 τὰς

371 5536 591 5593 ουυὲιας
633 5530 953 5593 Bassanitqu
978 5530 1191 5593 νήσους.

271 5530 591 5595 καλὸυυέιας
633 5530 953 5607 Βρβτανικᾷς
978 5530 1191 5607 νήσους.

335 5613 409 5683 (b)
422 5593 926 5683 VideSpelmanni
942 5593 1964 5683 pretationem‘in-ConciliaAn'gliae,§

273 5666 594 5742 de‘esordio
626 5666 965 5734 Christianae?
992 5672 1177 5746 Relig.
1207 5671 1267 5746 in
1300 5668 1637 5746 Britanniis,
1670 5673 1727 5723 et
1760 5666 1965 5746 Danie-

274 5738 373 5815 le'm
406 5748 846 5825 Langbornium
885 5747 945 5803 in
987 5738 1446 5816 Antiquitatibus
1477 5738 1956 5798 Albionensibus.

2074 4596 2324 4667 Itegistri
2357 4597 2751 4654 continentur.

2146 4688 2224 4742 Ex
2259 4686 2462 4742 iisdem
2508 4686 2766 4758 epistolis
2807 4687 2991 4760 liquet
3028 4690 3416 4761 Augustinum
3454 4692 3630 4749 fuisse
3662 4694 3787 4750 Mo-

2074 4775 2329 4830 nachum
2349 4778 2405 4830 et
2427 4776 2660 4847 quidem
2678 4776 2757 4846 (d)
2780 4778 3117 4833 monasterii
3135 4778 3441 4834 S.Andreae
3459 4782 3624 4849 cujus
3645 4798 3786 4851 prae-

2074 4865 2297 4937 positus
2355 4869 2498 4921 erat.
2546 4866 2746 4936 Ipseus
2798 4867 2985 4922 socios
3042 4883 3108 4921 ex
3169 4868 3373 4923 eodem
3440 4870 3783 4925 monastirio

2075 4959 2342 5026 sumptos
2386 4959 2441 5011 et
2486 4954 2761 5025 delectos,
2813 4956 3061 5028 probant
3108 4956 3222 5011 ista
3252 4957 3460 5011 verba:
3495 4959 3786 5013 Remeanti

2072 5046 2374 5117 Augustino
2404 5046 2703 5117 praeposito
2734 5051 2929 5115 vestro,
2954 5063 3112 5117 quem
3136 5048 3185 5100 et
3206 5045 3452 5099 abbatem
3480 5049 3627 5102 vobis
3652 5064 3781 5103 con-

2072 5133 2377 5199 stituimus,
2397 5133 2459 5189 in
2480 5136 2730 5191 omnibus
2748 5133 3041 5189 humiliter
3060 5132 3273 5189 obedite
3288 5132 3431 5204 (Lib.
3458 5151 3535 5203 vr,
3557 5152 3641 5207 ep.
3666 5137 3777 5207 51).

2141 5225 2197 5279 5.
2232 5227 2303 5281 At
2334 5241 2468 5281 cum
2514 5225 2755 5296 profecti
2803 5226 3015 5293 essent,
3048 5226 3104 5278 et
3133 5221 3506 5295 aliquantum
3551 5225 3779 5286 itineris

2073 5446 2335 5511 Londini,
2370 5462 2463 5499 an.
2502 5445 2657 5499 1673.

2144 5518 2215 5585 (c)
2244 5517 2390 5570 Vide
2423 5516 2522 5571 lib.
2556 5532 2608 5569 Ix
2644 5515 2782 5587 Epp.
2817 5516 2873 5571 S.
2920 5516 3108 5587 Greg,
3146 5533 3234 5587 ep.
3270 5518 3389 5571 l27.

2144 5590 2224 5659 (τί)
2348 5584 2747 5669 (Ξτρςοτὶυἷὶᾴ
2780 5604 2869 5660 ep.
2898 5588 2930 5643 3
2967 5584 3775 5669 lib..vnihscribensEulogio,

2074 5658 2457 5730 Augustinum
2492 5658 2747 5733 appellat
2779 5658 3121 5719 monasterii
3153 5660 3244 5718 sui
3296 5658 3666 5719 monachum.
