4106 6174
341 255 453 320 367

768 258 835 320 S.
883 256 1259 320 GREGORII
1306 257 1553 320 MAGNI
1599 258 1801 331 VlTA,
1850 257 1951 316 EX
1995 253 2176 317 EJUS
2225 254 2578 317 SCRIPTIS
2625 253 3077 314 ADORNA'I‘A.
3128 248 3279 309 LIB.
3324 245 3428 307 Ill.

3745 239 3858 300 368

340 391 751 461 confecissent,
783 392 1038 465 perculsi
1070 393 1282 450 timore
1321 393 1517 455 inerti,
1550 392 1736 449 redire
1783 391 2047 462 domum,
2074 393 2126 459 Α
2159 407 2272 461 que
2303 391 2554 459 sodales,
2597 391 2655 446 id
2704 388 3149 461 intelligendum
3182 401 3295 441 non
3342 379 3710 452 simpliciter,
3760 377 3858 432 sed

340 480 537 554 potius
566 498 741 554 quam
777 481 1104 551 barbaram,
1137 484 1340 546 ieram,
1388 482 1872 553 incredulamque
1919 497 2056 554 gen-

340 575 481 638 tem,
513 571 683 643 cujus
714 588 786 628 ne
819 572 1075 644 linguam
1101 574 1332 645 quidem
1367 578 1627 643 nossent,
1658 573 1817 630 adire
1862 573 2057 627 decre-

343 664 597 731 verunt;
632 660 784 730 quod
816 665 1012 718 tamen
1044 661 1248 734 exequi
1279 660 1522 718 minime
1550 662 1677 717 ausi
1700 664 2055 718 suntincon-

348 751 502 808 sulto
560 756 762 808 sancto
820 751 1113 823 pontiﬁce.
1180 751 1264 806 Ad
1324 768 1456 808 eum
1518 753 1714 824 itaque
1767 752 2056 807 miserunt

346 840 747 913 Augustinum
779 839 971 912 ipsum
1003 841 1280 913 Gregorio
1311 842 1802 914 supplicaturum,
1847 845 1911 895 ut
1942 839 2054 896 sibi

350 930 770 1002 sodalibusque
802 931 927 986 suis
960 932 1279 988 revertendi
1328 934 1557 1004 copiam
1590 933 1950 996 concederet,
1982 945 2055 985 ne

348 1037 412 1076 se
443 1035 730 1091 suamque
759 1025 1011 1090 gentem,
1035 1020 1151 1075 imo
1175 1037 1475 1078 summum
1498 1023 1689 1094 ipsum
1712 1020 2053 1091 pontiﬁcem

345 1112 697 1164 Francorum
746 1109 1186 1183 Anglorumque
1238 1111 1492 1167 ludibrio
1556 1115 1926 1184 exponerent,
1981 1109 2053 1165 ob

345 1202 629 1255 tentatum
661 1202 877 1256 temere
906 1199 1182 1271 nulloque
1225 1200 1413 1256 fructu
1466 1202 1747 1258 incertam
1798 1200 2056 1272 aleasque

348 1304 415 1345 ao
449 1289 665 1345 laboris
695 1289 928 1361 plenam
962 1291 1510 1363 peregrinationem.
1540 1295 1612 1347 At
1632 1291 1968 1364 Gregorius,
1994 1295 2057 1345 ut

350 1380 675 1436 titubantes
703 1380 1092 1447 conﬁrmaret,
1120 1384 1513 1454 Augustinum
1546 1383 1616 1438 ad
1650 1382 1838 1438 socios
1870 1382 2055 1438 redire

340 1469 543 1539 jussit,
578 1469 795 1542 quibus
843 1472 1075 1542 scripsit
1125 1471 1183 1526 in
1219 1472 1336 1527 hinc
1383 1472 1603 1529 verba:
1655 1473 1793 1539 Quia
1849 1470 2055 1527 melius

347 1562 536 1630 fuerat
584 1559 732 1615 bona
782 1574 895 1616 non
948 1562 1209 1632 incipere,
1265 1577 1427 1633 quam
1454 1562 1522 1616 ab
1578 1561 1667 1617 his
1715 1578 1834 1633 qua
1884 1565 2057 1632 coepta

350 1651 502 1716 sunt,
530 1647 859 1718 cogitatione
889 1653 1194 1704 retrorsum
1231 1650 1438 1719 redire,
1469 1666 1684 1704 summa
1721 1650 1923 1717 studio,
1971 1650 2056 1704 cli-

357 1733 645 1793 lectissimi
672 1737 798 1807 ﬁlii,
831 1741 1036 1808 Oportet
1065 1747 1124 1793 ut
1153 1754 1286 1810 opus
1318 1739 1537 1807 bonum,
1578 1739 1719 1812 quod
1748 1741 2060 1795 auxiliante
2093 1766 2137 1831 Β

356 1826 595 1881 Domino
623 1826 889 1897 coepistis,
936 1827 1237 1898 impleatis.
1289 1829 1394 1883 Nec
1434 1844 1563 1899 ergo
1609 1845 1703 1885 vos
1757 1827 1917 1884 labor
1963 1827 2062 1884 iti-

353 1916 524 1983 neris,
556 1931 657 1971 nec
684 1916 1091 1972 maledicorum
1140 1917 1428 1973 hominum
1463 1918 1682 1990 linguae
1702 1919 2063 1974 deterreant:

353 2007 456 2061 sed
484 2007 639 2061 omni
668 2007 959 2076 instantia,
991 2006 1252 2079 omnique
1266 2009 1478 2078 fervore
1497 2024 1616 2079 qum
1642 2009 1937 2065 inchoastis
1959 2009 2062 2063 Deo

353 2102 575 2152 auctore
599 2098 870 2167 peragite,
901 2102 1035 2164 etc.,
1068 2113 1196 2168 quae
1228 2098 1341 2169 legi
1375 2102 1618 2168 possunt
1634 2103 1759 2154 tum
1782 2099 1936 2170 apud
1962 2100 2062 2154 Be-

353 2184 510 2245 dam,
547 2188 670 2240 tum
707 2185 769 2240 in
801 2186 1069 2258 Registro
1118 2186 1500 2257 Epistolarum
1554 2190 1691 2259 (Lib.
1724 2178 1802 2253 vi,
1836 2205 1919 2258 ep.
1950 2190 2060 2259 5t).

355 2274 433 2329 Ex
465 2278 729 2346 tempore
758 2292 871 2345 quo
902 2276 1120 2348 scripta
1150 2281 1238 2332 est
1273 2277 1389 2333 haec
1420 2277 1665 2349 epistola
1714 2278 1872 2348 (data
1917 2277 2064 2350 legi-

353 2369 453 2421 tur
474 2365 698 2421 decima
718 2366 811 2422 die
832 2366 1073 2422 Kalend.
1097 2368 1367 2437 Augusti)
1389 2368 1598 2439 conjici
1621 2374 1813 2441 potest
1833 2368 2064 2439 quando

354 2455 715 2526 Augustinus
748 2459 806 2511 et
849 2456 991 2513 socii
1040 2458 1283 2528 profecti
1334 2458 1565 2512 fuerint.
1623 2459 1834 2513 Eodem
1889 2459 1978 2512 die
2011 2462 2066 2513 et

357 2560 511 2599 anno
543 2544 819 2616 scriptam
850 2545 1151 2615 epistolam
1180 2547 1252 2600 52
1280 2562 1347 2601 ex
1381 2546 1534 2602 Beda
1582 2547 1903 2618 praesertim
1937 2562 2063 2602 eam

359 2632 641 2689 referente
675 2631 1081 2704 intelligimus.
1119 2634 1390 2689 Eamdem
1422 2650 1648 2705 quoque
1678 2640 1905 2690 aetatem
1938 2651 2066 2691 esse

360 2726 701 2778 caeterarum
732 2722 1150 2794 Epistolarum,
1187 2723 1392 2793 quibus
1425 2741 1567 2796 papa
1599 2725 2002 2796 praedicatores
2034 2742 2066 2779 a

363 2828 421 2868 se
453 2812 665 2868 missos
694 2812 1125 2868 commendavit
1157 2812 1354 2869 Gallias
1391 2819 1512 2869 tum
1543 2814 1777 2887 regibus
1827 2820 1885 2869 et
1916 2812 2064 2884 opti-

363 2900 638 2969 matibus,
672 2905 798 2955 tum
825 2899 1134 2971 episcOpis,
1159 2902 1325 2958 facile
1348 2902 1407 2958 in
1439 2902 1701 2958 animum
1726 2904 2063 2960 induxerim.

362 2987 586 3057 Quippe
618 3003 749 3042 eum
781 2986 911 3041 illos
937 2992 1211 3044 nutantes
1242 2990 1629 3061 cognovisset,
1664 2991 1817 3047 259
1850 3008 1914 3046 ac
1945 2992 2066 3046 viso

362 3073 597 3129 eminus
628 3078 859 3129 tantum
891 3074 1145 3145 periculo
1194 3077 1447 3144 territos,
1494 3086 1665 3149 atque
1714 3081 1784 3134 ad
1835 3079 2064 3149 longam

362 3164 516 3219 inter
545 3164 777 3235 ignotas
807 3170 1009 3236 gentes
1051 3167 1574 3237 peregrinationem
1607 3168 1804 3225 minus
1836 3168 2069 3240 expedi-

360 3258 475 3323 tos,
508 3255 580 3310 ad
616 3256 979 3327 procuranda
1010 3255 1148 3325 ipsis
1180 3257 1464 3325 subsidia,
1498 3258 1712 3330 quibus
1745 3275 1954 3329 magna
1984 3258 2070 3313 la-

360 3344 517 3401 boris
566 3361 701 3416 pars
749 3344 1036 3403 levaretur
1095 3347 1358 3402 animum
1423 3348 1655 3418 abjecit.
1710 3350 1826 3404 Hoc
1877 3352 2069 3405 autem

359 3433 604 3491 consilio
634 3434 912 3508 scriptam
936 3435 1118 3491 fuisse
1138 3435 1442 3508 epistolam
1463 3439 1533 3492 52
1562 3454 1694 3494 cum
1718 3439 1945 3495 duabus
1971 3440 2074 3495 im-

363 3523 611 3580 mediate
641 3524 937 3594 subjectis,
972 3541 1193 3582 necnon
1225 3528 1296 3581 57
1326 3529 1588 3599 duasque
1606 3532 1915 3598 sequentes
1937 3529 2071 3585 libri

364 3614 533 3682 sexti,
559 3613 705 3671 satis
723 3614 1069 3688 intelligitur
1087 3633 1156 3672 ex
1175 3622 1519 3688 argumento
1541 3618 1791 3689 singulis
1820 3619 2068 3690 praeﬁxo.

438 3707 489 3759 6.
528 3707 650 3771 Quo
681 3704 803 3761 loco
838 3706 1211 3761 substiterint
1259 3708 1317 3762 bi
1367 3707 1526 3763 verbi
1574 3709 1727 3764 sacri
1778 3725 2071 3780 praecones

364 3811 480 3853 non
512 3794 783 3866 legimus.
816 3796 981 3867 Apud
1018 3796 1224 3852 Bedam
1269 3798 1406 3869 (Lib.
1443 3814 1480 3858 ι,
1513 3813 1559 3851 c.
1593 3798 1682 3868 23)
1728 3805 1781 3853 et
1831 3798 1890 3854 in
1940 3799 2072 3855 Vita

361 3886 421 3942 S.
454 3884 768 3956 Augustini
795 3888 1027 3941 tantum
1083 3886 1324 3942 habetur
1353 3903 1452 3943 eos
1491 3893 1775 3961 postquam
1804 3888 2071 3960 aliquan-

357 3978 475 4031 tum
498 3974 717 4032 itineris
744 3977 1121 4047 confecissent,
1156 3992 1254 4032 seu
1303 3993 1540 4033 emenso
1589 3980 1801 4050 aliquot
1849 3980 2071 4034 dierum

357 4064 581 4129 itinere,
605 4080 841 4121 cursum
873 4066 1244 4136 repressisse,
1264 4070 1320 4121 et
1343 4067 1524 4122 donec
1548 4069 1760 4124 rediret
1789 4068 2068 4139 Augusti-

358 4170 474 4210 nus
505 4154 574 4209 ad
607 4156 661 4209 S.
685 4154 1032 4225 Gregorium
1066 4154 1137 4209 ab
1159 4154 1301 4224 ipsis
1337 4155 1554 4212 missus
1585 4173 1811 4213 moram
1846 4157 2064 4213 fecisse.

358 4241 683 4313 Conjicitur
720 4246 938 4309 tamen,
983 4259 1087 4299 nec
1136 4244 1449 4314 immerito,
1499 4261 1598 4301 eos
1630 4247 1688 4301 in
1742 4246 2066 4313 Provincia,

357 4346 477 4386 non
509 4330 679 4401 longe
708 4333 779 4386 ab
814 4333 1008 4388 insula
1040 4333 1321 4389 Lirinensi
1354 4336 1703 4392 consedisse.
1731 4336 1793 4391 Id
1817 4353 1957 4391 sane
1987 4337 2065 4392 si-

357 4419 640 4491 gniﬁcant
668 4420 837 4476 verba
864 4421 984 4475 haec
1016 4422 1272 4493 epistolas
1297 4424 1368 4479 56
1402 4424 1531 4480 libri
1572 4442 1646 4487 vr,
1702 4427 1770 4481 ad
1823 4426 2066 4497 Stepha-

2163 484 2495 552 comparate
2526 480 2598 535 ad
2630 479 2812 535 multo
2844 477 3074 549 longius
3104 474 3255 547 quod
3307 470 3735 528 conﬁciendum
3768 482 3864 521 su-

2165 575 2411 642 pererat.
2444 571 2655 626 Eadem
2689 569 2911 626 ratione
2951 567 3121 622 debet
3150 562 3425 635 explicari
3460 559 3709 631 scriptor
3738 558 3862 612 vitas

2162 665 2216 715 S.
2262 662 2596 733 Augustini,
2628 663 2768 716 dum
2802 663 2930 731 post
2959 659 3068 715 iter
3095 655 3307 728 aliquot
3328 653 3546 708 dierum
3584 651 3655 705 de
3681 648 3864 705 reditu

2164 751 2449 821 cogitasse
2480 750 2798 806 monachos
2827 749 2963 804 illos
2985 746 3211 803 asserit.
3235 744 3400 800 Nunc
3422 741 3581 812 ipsos
3602 737 3868 795 alacriter

2164 840 2313 896 viam
2349 842 2559 895 iterum
2592 842 2894 911 carpentes
2924 838 3244 893 videamus.

2231 932 2285 983 7.
2324 930 2401 984 Ex
2431 929 2926 985 commendatitiis
2958 942 3104 998 quas
3134 923 3501 995 Augustinus
3530 918 3868 976 deferendas

2166 1024 2468 1092 acceperat
2499 1019 2771 1092 Epistolis
2803 1017 3157 1089 descriptum
3180 1015 3466 1070 habemus
3488 1012 3619 1082 ejus
3642 1011 3750 1065 iter
3770 1025 3870 1079 per

2166 1108 2402 1165 Gallias.
2431 1110 2624 1164 Primo
2646 1108 2883 1180 quidem
2907 1106 3262 1178 appulerunt
3283 1101 3625 1169 Massiliam,
3651 1099 3748 1155 ubi
3770 1098 3870 1155 Se-

2165 1214 2371 1253 renum
2423 1199 2760 1268 episcopum
2796 1195 3128 1252 salutarunt
3159 1213 3176 1264 ;
3206 1209 3274 1248 ex
3320 1189 3581 1263 Gregorii
3635 1188 3872 1244 nomine

2167 1290 2301 1343 data
2332 1289 2381 1343 ei
2414 1287 2661 1359 epistola
2688 1287 2829 1359 (Lib.
2865 1302 2939 1341 v1.
2974 1301 3057 1357 ep.
3104 1284 3217 1353 52).
3250 1284 3453 1338 Postea
3492 1280 3872 1351 pervenerunt

2166 1378 2415 1448 Arelate,
2496 1378 2931 1446 inviseruntque
3008 1374 3314 1446 Virgilium
3374 1371 3867 1442 archiepiscopum

2167 1472 2378 1524 sanctae
2411 1468 2564 1525 sedis
2594 1467 2898 1530 vicarium,
2934 1465 3022 1521 cui
3055 1480 3153 1520 eos
3177 1463 3548 1535 potissimum
3575 1476 3876 1517 commen-

2168 1560 2335 1615 darat
2366 1577 2509 1632 papa
2559 1558 2743 1629 (Ibid.,
2789 1574 2873 1629 ep.
2922 1557 3036 1628 53).
3070 1554 3289 1610 Deinde
3340 1553 3606 1609 adeunda
3652 1551 3873 1606 Vienna

2168 1649 2336 1720 cujus
2368 1648 2677 1719 episcopus
2709 1656 2826 1703 erat
2858 1644 3216 1711 Desiderius,
3252 1660 3405 1698 unus
3431 1659 3500 1697 ex
3521 1641 3613 1696 his
3632 1641 3703 1696 ad
3727 1657 3875 1712 quos

2169 1739 2481 1812 Gregorius
2531 1739 2763 1809 scripsit
2828 1736 3010 1808 (Ibid.,
3061 1752 3146 1807 ep.
3196 1734 3311 1805 54).
3361 1734 3511 1788 Tum
3561 1732 3876 1803 petendum

2172 1828 2549 1899 Lugdunum,
2580 1827 2686 1883 etsi
2718 1828 2789 1881 ad
2822 1825 3115 1881 Etherium
3151 1824 3332 1893 hujus
3356 1822 3519 1877 urbis
3540 1821 3875 1893 episcopum

2172 1916 2343 1972 nulla:
2377 1919 2605 1971 exstent
2637 1915 2835 1970 litterae
2870 1919 3009 1970 tunc
3040 1931 3107 1970 ea
3135 1914 3204 1969 de
3235 1928 3295 1967 re
3326 1911 3574 1983 scriptae.
3618 1912 3753 1966 Inde
3797 1914 3882 1965 te-

2171 2006 2483 2061 tenderunt
2511 2004 2871 2071 Cabilonem,
2905 2004 3003 2059 ubi
3034 2001 3428 2058 Theodericus
3462 2016 3558 2055 rex
3580 2016 3711 2055 cum
3736 2000 3878 2053 Bru-

2173 2093 2426 2150 nichilde
2475 2093 2601 2148 avia
2668 2093 2923 2149 residere
2971 2095 3366 2149 consueverat.
3431 2090 3671 2161 Utrique
3728 2105 3880 2160 papa

2173 2184 2297 2240 suis
2328 2183 2768 2239 commendarat
2794 2181 3054 2254 epistolis
3085 2180 3478 2253 Augustinum
3511 2181 3750 2252 ejusque
3781 2181 3878 2235 ad-

2167 2276 2393 2346 jutores
2440 2271 2625 2343 (lbid.,
2685 2287 2767 2342 ep.
2817 2272 2887 2325 58
2934 2280 2984 2326 et
3028 2271 3138 2341 59).
3189 2271 3339 2325 Tum
3388 2271 3876 2342 Augustodunum

2175 2365 2554 2435 perrexerunt
2584 2360 2809 2432 Syagrii
2840 2360 3094 2431 episcopi
3129 2375 3293 2431 opem
3318 2358 3705 2429 imploraturi,
3730 2358 3879 2413 litte~

2175 2470 2385 2526 resque
2438 2470 2596 2525 papas
2647 2451 2898 2507 oblaturi
2956 2451 3143 2519 (1bid.,
3212 2466 3294 2521 ep.
3344 2450 3458 2518 54).
3510 2450 3702 2504 Multis
3754 2465 3882 2519 per-

2175 2545 2393 2617 agrstis
2428 2544 2569 2599 locis
2597 2543 2685 2598 vel
2724 2542 3077 2598 Divodurum
3127 2540 3629 2596 Mediomatricum
3681 2555 3885 2612 perve-

2174 2643 2404 2702 nerunt,
2457 2634 2546 2690 vel
2588 2634 3031 2689 Durocortorum
3079 2631 3451 2699 Rhemorum,
3496 2630 3885 2686 Theodeberti

2173 2726 2482 2781 Austrasiaa
2516 2725 2666 2797 regis
2707 2724 2895 2793 sedes,
2949 2738 3123 2794 quem
3176 2722 3610 2777 commendatos
3670 2720 3881 2776 habere

2177 2831 2315 2870 suos
2349 2813 2667 2870 monachos
2700 2812 2858 2868 verbi
2908 2811 3089 2867 divini
3134 2825 3449 2882 praecones,
3472 2809 3681 2865 litteris
3707 2810 3888 2879 pluri-

2178 2920 2337 2959 mum
2388 2902 2623 2975 rogabat
2668 2906 2722 2957 S.
2778 2901 3112 2973 Gregorius.
3172 2900 3255 2955 Ab
3322 2900 3498 2969 hujus
3550 2900 3701 2971 regis
3750 2901 3889 2955 aula

2176 2992 2961 3049 Cesarodunum-Turonum
2994 2993 3297 3060 venerunt,
3330 2995 3453 3043 tum
3488 2992 3552 3043 ut
3588 2992 3643 3042 S.
3676 2988 3887 3043 Marti-

2180 3081 2238 3137 ni
2273 3080 2562 3135 tumulum
2595 3095 2909 3150 sacrasque
2951 3078 3227 3150 reliquias
3276 3080 3705 3145 venerarentur,
3753 3080 3885 3132 tum

2184 3174 2247 3225 ut
2287 3170 2512 3241 Pelagio
2565 3170 2843 3240 Episcopo
2892 3170 2949 3224 S.
3004 3168 3261 3240 Gregorii
3307 3167 3530 3223 litteras
3579 3167 3890 3223 redderent

2179 3259 2361 3331 (lbid.,
2395 3276 2477 3330 ep.
2508 3259 2621 3331 52).
2656 3257 2861 3313 Utrum
2894 3273 2959 3313 ex
3004 3258 3206 3313 itinere
3248 3255 3615 3311 deﬂectentes
3659 3254 3884 3310 Medio-

2181 3349 2738 3405 Ianum-Santonum
2770 3346 3021 3402 adierint
3052 3347 3121 3401 ad
3156 3344 3522 3402 salutandum
3555 3344 3884 3400 Palladium

2182 3440 2538 3511 episcopum,
2582 3438 2651 3493 ad
2708 3454 2874 3509 quem
2932 3454 3082 3510 papa
3128 3436 3453 3506 scripserat,
3504 3434 3740 3491 difﬁcile
3792 3440 3887 3489 est

2182 3532 2453 3585 statuere.
2508 3528 2777 3583 Fortasse
2825 3544 2957 3582 cum
3028 3526 3346 3597 plurimum
3409 3526 3594 3600 gratia
3642 3522 3889 3597 polleret

2182 3619 2337 3690 apud
2386 3617 2737 3673 Francorum
2798 3633 2983 3688 reges,
3035 3632 3161 3671 eum
3210 3617 3267 3672 in
3321 3617 3454 3673 aula
3518 3614 3883 3680 invenerant,

2181 3709 2349 3779 eique
2381 3706 2736 3763 sanctissimi
2774 3706 3083 3773 pontiﬁcis,
3118 3708 3214 3777 qui
3249 3707 3520 3762 eumdem
3548 3706 3672 3776 jam
3705 3703 3890 3759 bene-

2182 3797 2312 3854 ﬁcio
2362 3799 2716 3861 devinxerat,
2770 3796 2993 3851 litteras
3042 3796 3441 3851 reddiderunt.
3490 3793 3887 3863 Augustinum

2181 3904 2283 3959 per
2328 3888 2665 3960 Andegavos
2721 3886 3020 3941 transiisse
3050 3890 3251 3940 auctor
3300 3890 3389 3940 est
3437 3884 3768 3941 Gotselinus
3821 3882 3888 3937 in

2178 3977 2368 4048 ipsius
2397 3977 2556 4045 Vita;
2587 3980 2897 4047 narretque
2931 3975 3276 4030 miraculum
3314 3991 3425 4030 non
3460 3974 3680 4045 longea
3702 3979 3889 4028 Ponte

2177 4067 2274 4121 δαί
2303 4067 2444 4133 sive,
2478 4070 2541 4119 ut
2573 4065 2669 4120 alii
2701 4065 2922 4134 dicunt,
2954 4065 3124 4119 Ponte
3166 4064 3418 4120 L‘wsaris.

2249 4157 2302 4210 8.
2340 4156 2437 4209 His
2486 4155 2759 4210 omnibus
2811 4154 3047 4209 omissis
3106 4154 3259 4209 Beda
3303 4154 3542 4210 scribit:
3581 4155 3889 4209 Itoboratus

2175 4260 2302 4315 ergo
2331 4245 2747 4313 conﬁrmatione
2796 4245 2942 4298 beati
2992 4245 3175 4298 Patris
3237 4243 3490 4312 Gregorii
3541 4246 3891 4311 Augustinus

2174 4352 2297 4391 cum
2326 4334 2556 4406 famulis
2584 4334 2794 4390 Christi
2820 4336 2918 4406 qui
2954 4350 3078 4390 cum
3130 4348 3190 4389 eo
3228 4344 3385 4389 erant
3432 4333 3594 4389 rediit
3643 4336 3699 4389 in
3749 4350 3893 4401 opus

2173 4427 2331 4482 verbi
2364 4427 2717 4497 pervenitque
2746 4427 2805 4481 in
2857 4423 3209 4480 Britanniam
3258 4423 3395 4494 (Lib.
3429 4442 3467 4489 ι,
3501 4442 3548 4489 e,
3576 4424 3707 4496 25):
3740 4431 3798 4479 et
3828 4426 3889 4479 in

353 4523 497 4566 num
555 4507 824 4564 abbatem
884 4510 1286 4567 Lirinensem:
1330 4516 1497 4569 Laetos
1545 4532 1640 4570 nos
1689 4516 1892 4572 relatio
1928 4496 2053 4570 iAu-
2084 4496 2131 4562 D
2163 4496 2419 4574 insulam
2450 4496 2699 4573 Tanetos
2731 4517 2938 4572 dictam
2970 4515 3197 4587 appulit
3242 4515 3407 4585 regni
3447 4515 3631 4571 Cantii
3667 4517 3892 4587 portio-

254 4614 257 4617 ‘
352 4598 564 4671 gustini
604 4599 753 4653 servi
792 4598 889 4654 Dei
942 4604 1291 4670 prmsentium
1340 4605 1625 4673 portitoris
1674 4606 1872 4677 eﬂecit,
1924 4605 2064 4677 quod

352 4687 697 4751 dilectionem
728 4696 900 4756 tuam,
934 4696 993 4742 ut
1035 4694 1263 4760 oportet,
1315 4691 1641 4760 vigilantem
1690 4711 1803 4750 esse
1849 4714 2051 4753 narra-

349 4780 447 4837 uit.
482 4778 777 4845 Quomodo
817 4777 972 4834 enim
1004 4781 1369 4851 Augustinus
1398 4788 1639 4841 Romam
1685 4803 1751 4841 ex
1782 4794 2053 4859 suscepto

352 4867 562 4925 itinere
592 4882 875 4937 reversus,
908 4867 1029 4923 haec
1061 4869 1131 4923 de
1182 4870 1458 4927 Lirinensi
1498 4874 1709 4930 abbate
1740 4876 2052 4947 retulisset,

352 4959 401 5013 si
433 4958 605 5029 longe
636 4961 948 5029 antequam
995 4959 1295 5030 ingressus
1330 4966 1483 5017 esset
1536 4963 1920 5035 Provinciam,
1956 4983 2054 5037 pa-

354 5046 526 5101 triam
559 5047 857 5103 revisisset
883 5049 910 5103 ‘?
961 5049 1116 5106 Idem
1170 5051 1533 5121 Augustinus
1565 5052 1783 5110 adierat
1830 5070 2057 5126 quoque

354 5135 678 5192 Protasium
720 5140 1052 5209 Aquensem
1087 5140 1444 5212 episcopum,
1479 5147 1537 5198 et
1584 5144 1848 5216 Arigium
1887 5146 2059 5217 patri-

351 5222 522 5291 cium,
572 5226 640 5279 de
689 5230 903 5296 quibus
953 5230 1137 5287 multa
1174 5234 1446 5305 Gregorio
1485 5238 1761 5305 tanquam
1794 5235 2059 5292 oculatus

348 5311 521 5367 testis
572 5317 826 5371 narravit
887 5318 944 5373 in
1010 5320 1222 5379 Urbem
1274 5323 1453 5379 redux
1504 5325 1642 5396 (Lib.
1696 5342 1769 5392 vr,
1819 5342 1940 5398 epp.
1993 5327 2063 5382 55

346 5408 397 5457 et
423 5400 535 5472 57).
563 5400 763 5472 Itaque
787 5408 1022 5475 quando
1050 5408 1264 5481 legitur
1286 5414 1436 5484 apud
1466 5412 1679 5470 Bedam
1702 5415 2058 5489 aliquantum

342 5489 564 5547 itineris
601 5496 830 5548 tantum
881 5512 1214 5567 progressos
1266 5502 1442 5560 fuisse
1468 5506 1861 5577 Augustinum
1898 5508 2053 5578 ejus-

2175 4624 2305 4663 nem
2341 4607 2414 4662 ad
2444 4606 2794 4662 Orientalem
2828 4606 3078 4678 plagam.
3130 4605 3191 4659 In
3225 4603 3425 4660 Cantio
3480 4604 3710 4675 regione
3768 4605 3892 4660 Bri-

2163 4697 2378 4759 tanniae
2410 4696 2605 4752 Galliis
2638 4696 2860 4766 objecta
2904 4711 3091 4766 usque
3121 4695 3192 4750 ad
3251 4694 3573 4749 Humbrum
3612 4693 3890 4762 ﬂuvium,

2165 4792 2301 4844 tunc
2324 4788 2597 4857 regnabat
2622 4786 2695 4855 (a)
2719 4784 3112 4854 Edilberthus,
3138 4784 3308 4854 cujus
3337 4799 3479 4838 uxor
3500 4788 3623 4839 erat
3643 4784 3889 4851 Bertha,

2165 4878 2488 4934 Chariberti
2524 4877 2876 4932 Francorum
2932 4875 3106 4946 Regis
3138 4874 3259 4929 ﬁlia
3291 4880 3347 4929 et
3396 4873 3674 4929 Clotharii
3708 4875 3891 4946 primi

2168 4969 2393 5040 neptis:
2430 4967 2613 5038 Anglo
2667 4966 2782 5038 regi
2819 4966 2927 5021 hac
2974 4964 3098 5036 lege
3133 4965 3191 5019 in
3246 4963 3685 5019 matrimonium
3723 4965 3889 5029 data,

2170 5065 2233 5116 ut
2266 5058 2437 5115 ﬁdem
2470 5056 2858 5112 Christianam
2887 5057 3161 5111 retineret
3183 5070 3249 5111 ac
3272 5054 3451 5111 libere
3473 5055 3846 5125 proﬁteretur
3873 5073 3889 5123 ;

2170 5151 2522 5221 quaprOpter
2554 5145 2976 5211 Luidhardum,
2999 5142 3488 5199 Silvaneclensem
3511 5143 3892 5215 episcopum,

2170 5254 2368 5293 secum
2403 5236 2586 5303 duxit,
2622 5250 2688 5291 ac
2718 5236 2774 5290 in
2809 5234 2942 5290 aula
2964 5248 3258 5290 sacrorum
3286 5233 3619 5289 ministrum
3646 5234 3893 5292 habuit.

2174 5326 2257 5380 Ab
2280 5324 2379 5381 illa
2410 5324 2728 5395 prmeertim
2756 5322 3069 5395 pellectum
3094 5324 3275 5379 fuisse
3306 5338 3503 5394 regem
3536 5321 3607 5377 ad
3640 5323 3891 5393 ejuran-

2173 5415 2313 5471 dum
2348 5412 2631 5471 idolorum
2670 5412 2891 5469 cultum
2925 5413 3240 5480 credimus,
3271 5427 3337 5467 ex
3360 5412 3425 5468 S.
3456 5412 3712 5482 Gregorii
3740 5430 3893 5470 con-

2176 5506 2308 5563 silio
2340 5506 2482 5578 (Lib.
2518 5523 2594 5574 x1,
2627 5523 2710 5578 ep.
2740 5505 2817 5575 2),
2861 5505 2961 5577 qui
3015 5505 3453 5562 conversionem
3510 5504 3702 5577 gentis
3758 5508 3893 5563 An-

414 5636 491 5725 (a)
522 5634 617 5691 Sic
650 5633 978 5708 legendum,
1010 5654 1125 5699 non
1157 5642 1533 5704 Adilberthus.
1568 5649 1692 5707 Edil
1725 5652 1927 5725 lingua
1966 5651 2254 5710 Saxonica
2287 5650 2579 5724 signiﬁcat
2610 5650 2958 5724 gloriosum,
2991 5650 3339 5710 honoratum
3370 5650 3540 5721 juxta
3567 5651 3891 5723 Spelman-

354 5723 515 5766 num.
