4106 6174
320 265 435 323 369

754 262 816 323 S.
869 260 1242 322 GREGORII
1288 258 1544 321 MAGNI
1591 252 1790 327 VlTA,
1841 256 1940 315 EX
1994 253 2173 317 EJUS
2220 253 2572 315 SCRIPTIS
2617 256 3061 317 ADORNA'I‘A.
3108 259 3257 321 LIB.
3308 260 3414 321 ΙΙΙ.

3727 265 3846 324 370

317 399 547 467 glorum
569 398 699 469 ejus
722 399 972 454 mercedi
994 402 1345 455 reservatam
1373 398 1596 462 asserit,
1622 398 1795 465 atque
1815 393 1886 447 ad
1911 396 2034 447 tan-
2062 395 2120 459 Α
2148 390 2539 451 Christianum
2591 394 2810 452 factum
2857 413 2889 450 a
2946 397 3218 469 Gregorio
3268 399 3530 455 Romano
3582 400 3857 472 pontiﬁce

320 492 445 541 tum
477 504 627 559 opus
652 488 1074 559 perﬁciendum
1097 489 1352 545 eamdem
1379 482 1891 543 vehementissima
1934 481 2031 537 ad-

317 576 648 632 hortatione
681 577 945 635 accendit
977 596 990 634 :
1022 578 1191 650 quasi
1223 577 1414 649 Regiis
1446 577 1799 633 Francorum
1841 570 2035 640 stirpis

318 667 453 722 ﬁlize
486 685 681 724 veram
717 669 888 725 ﬁdem
922 686 1027 741 pro
1059 670 1191 724 dote
1222 669 1359 724 viris
1394 667 1516 723 suis
1550 665 1753 721 atl'erre
1784 677 2033 719 consue-

315 758 561 814 vissent.
598 759 692 815 Sic
722 760 878 815 enim
910 759 1359 824 Chlodesuinda,
1393 755 1667 813 Chlotarii
1710 752 1861 826 regis
1893 751 2033 820 ﬁlia,

316 846 637 903 Alboinum
672 848 1178 920 Langobardorum
1226 864 1413 920 regem
1455 844 1850 901 Christianum
1896 840 2034 896 effe-

316 937 436 1006 cit;
471 944 529 995 et
578 939 885 1011 Ingundis,
921 938 1037 993 ﬁlia
1082 938 1354 1010 Sigiberti
1385 942 1441 993 et
1488 933 1841 993 Childeberti
1882 930 2033 1002 regis

315 1047 507 1096 soror,
540 1030 983 1100 Hermenegildo
1010 1029 1223 1085 Ariano
1253 1029 1657 1098 tradicla,eum
1689 1025 1759 1081 ad
1792 1021 2036 1080 catholi-

316 1138 449 1177 cam
484 1121 712 1177 inﬂexit
743 1120 914 1177 ﬁdem
947 1124 1002 1177 et
1031 1122 1100 1176 ad
1137 1120 1476 1192 martyrium
1519 1115 1925 1173 inﬂammavit.

390 1209 447 1264 9.
479 1209 848 1281 Augustinus
880 1208 951 1263 ab
982 1207 1180 1264 insula
1215 1209 1431 1264 Taneto
1466 1206 1624 1262 misit
1664 1204 1734 1259 ad
1775 1202 2037 1257 Edilber-

314 1299 493 1354 thum
527 1315 596 1354 ex
625 1298 746 1353 suis
776 1298 972 1364 sociis,
1006 1297 1106 1370 qui
1135 1299 1390 1353 dicerent
1419 1313 1481 1353 se
1529 1295 1710 1350 Roma
1760 1292 2038 1364 profectos

313 1391 587 1443 nuntium
617 1388 687 1443 ad
720 1404 852 1444 eum
888 1390 1038 1457 ferre
1065 1390 1352 1457 optimum,
1385 1388 1481 1458 qui
1508 1383 1616 1440 sibi
1660 1384 2036 1452 obtemperan-

309 1480 470 1535 tibus
499 1485 715 1535 mter-na
744 1480 803 1533 in
832 1478 977 1532 caelis
1007 1477 1212 1547 gaudia
1251 1482 1301 1532 et
1338 1491 1572 1545 regnum
1611 1476 1734 1530 sine
1775 1475 1886 1543 ﬁne
1914 1490 2039 1528 cum

311 1569 434 1624 Deo
466 1568 583 1623 viro
620 1572 671 1623 et
715 1584 838 1623 vero
882 1571 1157 1637 futurum,
1206 1569 1328 1622 sine
1372 1567 1487 1620 ulla
1526 1565 1868 1620 dubitatione
1905 1579 2035 1634 pro-

310 1660 567 1713 mitteret
609 1658 783 1728 (Beda
815 1657 915 1713 lib.
948 1675 987 1727 ι,
1018 1674 1065 1712 c.
1107 1657 1220 1724 25).
1267 1657 1378 1711 Eos
1420 1655 1857 1728 perhumaniter
1885 1652 2041 1709 exci-

2141 480 2576 552 sapientissime
2615 483 2961 554 gubernari:
3014 487 3115 558 qui
3160 488 3407 545 salutem
3448 488 3601 561 regis
3647 491 3858 563 Anglo-

2142 584 2383 641 rumque
2414 574 2677 629 omnium
2710 572 2940 641 sitiens,
2966 574 3212 633 libenter
3242 577 3359 634 haec
3389 577 3537 650 ipsis
3585 577 3862 650 praedica-

2142 664 2306 716 turus
2334 663 2682 731 advolasset,
2730 665 2843 721 nisi
2876 671 2957 721 tot
2986 668 3096 723 sibi
3137 669 3491 725 creditarum
3538 670 3731 726 ovium
3755 687 3857 728 cu-

2144 766 2267 805 ram
2316 752 2578 810 descrere
2626 755 3002 814 formidasset
3048 758 3304 830 optimus
3344 763 3582 831 pastor:
3616 776 3679 818 se
3726 776 3855 818 vero

2143 856 2245 909 pro
2267 839 2393 911 ipso
2426 842 2712 913 legatione
2744 845 2929 918 fungi.

2223 933 2309 989 11.
2359 935 2443 989 Ad
2494 935 2614 992 hac
2657 953 2754 992 rex
2791 938 2943 993 inter
2980 938 3169 995 inoliti
3211 941 3425 997 erroris
3472 941 3765 1011 tenebras,
3799 944 3857 998 et

2143 1031 2514 1101 aﬁ‘ulgentem
2544 1027 2804 1084 veritatis
2835 1029 3025 1085 lucem
3055 1046 3269 1102 anceps
3298 1036 3356 1087 et
3381 1032 3853 1097 cunctabundus,

2143 1121 2424 1192 respondit
2456 1125 2516 1176 ut
2544 1135 2711 1191 (eger,
2741 1122 2932 1190 favens
2970 1121 3192 1191 quidem
3221 1120 3469 1187 medicis,
3501 1123 3596 1177 sed
3624 1120 3855 1177 necdum

2144 1214 2358 1283 patiens
2396 1211 2720 1280 curationis,
2762 1210 3005 1282 pulchra
3043 1210 3151 1267 sibi
3194 1211 3377 1267 videri
3420 1212 3594 1267 verba
3634 1216 3690 1267 et
3719 1227 3859 1283 pro-

2144 1303 2361 1367 missa;
2393 1301 2487 1357 sed
2510 1302 2641 1371 quia
2664 1316 2802 1357 nova
2829 1305 2961 1356 sunt
2989 1303 3039 1357 et
3069 1300 3302 1370 incerta,
3352 1300 3568 1374 inquit,
3598 1316 3710 1357 non
3734 1316 3862 1373 pos-

2146 1409 2267 1446 sum
2315 1408 2595 1447 assensum
2635 1390 2898 1456 tribuere,
2938 1390 3145 1447 relictis
3171 1392 3250 1447 eis
3278 1405 3405 1462 quae
3445 1398 3595 1446 tanto
3625 1394 3865 1461 tempore

2146 1500 2269 1540 cum
2314 1484 2468 1538 omni
2514 1480 2814 1551 Anglorum
2854 1485 3009 1552 gente
3053 1483 3291 1537 servavi.
3358 1481 3551 1535 Verum
3610 1481 3744 1551 quia
3793 1480 3867 1535 de

2149 1577 2306 1645 longe
2334 1575 2439 1629 huc
2467 1574 2711 1640 venistis,
2740 1579 2799 1627 ut
2820 1588 2939 1642 quae
2969 1587 3097 1627 vera
3126 1576 3176 1626 et
3205 1571 3414 1642 optima
3430 1570 3581 1625 vobis
3609 1568 3867 1625 videntur

2149 1682 2211 1721 ea
2239 1666 2393 1721 nobis
2422 1660 2924 1725 communicaretis,
2954 1669 3272 1731 pergratum
3301 1660 3562 1715 habemus
3592 1676 3614 1721 ;
3655 1659 3865 1713 annui-

308 1749 497 1821 piens
549 1766 667 1813 rex,
711 1747 893 1819 jussit
934 1754 997 1804 ut
1038 1748 1094 1802 in
1139 1764 1205 1803 eo
1255 1763 1370 1818 quo
1420 1745 1653 1818 appulsi
1701 1749 1867 1801 erant
1911 1744 2024 1799 locc

2253 1771 2372 1827 ique
2402 1760 2463 1808 ut
2492 1751 2802 1823 quicunque
2846 1749 3055 1805 Christo
3084 1765 3282 1805 nomen
3330 1750 3462 1804 dare
3499 1745 3795 1811 voluerint,
3831 1762 3865 1801 a

308 1839 676 1909 aliquandiu
712 1842 1089 1904 morarentur,
1124 1838 1304 1893 donec
1337 1837 1475 1908 quid
1523 1836 1673 1891 facto
1708 1853 1854 1908 opus
1885 1838 2040 1891 esset

306 1930 689 1993 decerneret,
722 1927 1107 1999 suppeditatis
1139 1926 1372 1982 interim
1404 1926 1629 1981 cunctis
1667 1924 2038 1981 necessariis.

308 2018 471 2073 Post
518 2016 643 2072 dies
692 2016 917 2090 aliquot
964 2016 1122 2073 venit
1154 2017 1222 2072 ad
1269 2015 1525 2071 insulam
1564 2032 1683 2082 rex,
1726 2020 1781 2070 et
1810 2014 1918 2070 sub
1949 2013 2044 2069 dio

307 2106 619 2175 residens,
651 2107 1043 2179 Augustinum
1076 2122 1140 2161 ac
1170 2106 1359 2161 socios
1382 2105 1451 2160 ad
1478 2104 1834 2175 colloquium
1857 2118 2048 2160 accer—

308 2197 519 2253 sivit:
576 2198 801 2253 Cauerat
839 2208 1023 2254 autem
1068 2214 1137 2253 ne
1186 2199 1243 2251 in
1299 2195 1555 2268 aliquam
1610 2196 1827 2252 domum
1878 2195 1946 2249 ad
1993 2209 2048 2249 se

309 2286 613 2353 introiret,
652 2292 819 2342 veleri
854 2303 982 2342 usus
1016 2288 1275 2355 augurio,
1320 2286 1509 2357 inquit
1554 2285 1723 2354 Beda,
1764 2300 1831 2340 ne
1858 2298 2047 2354 super-

310 2386 503 2433 ventu
532 2393 649 2447 suo,
680 2380 730 2431 si
765 2377 893 2448 quid
928 2377 1187 2447 maleficae
1236 2377 1379 2431 artis
1432 2375 1763 2444 habuissent,
1804 2390 1924 2430 eum
1961 2390 2051 2428 su-

305 2466 587 2540 perando
616 2465 942 2539 deciperent.
986 2468 1062 2522 At
1093 2466 1183 2521 illi
1213 2481 1323 2521 non
1354 2466 1715 2529 demoniaca,
1742 2462 1833 2519 sed
1862 2462 2056 2517 diuina

308 2560 549 2613 virtute
573 2559 825 2629 przditi,
859 2558 1168 2624 veniebant,
1198 2572 1410 2612 crucem
1454 2571 1557 2626 pro
1587 2554 1793 2610 vexillo
1820 2557 2058 2624 lerentes

310 2657 687 2721 argenteam,
730 2657 780 2705 et
816 2648 1115 2718 imaginem
1165 2648 1389 2703 Domini
1431 2647 1729 2702 Saluatoris
1770 2647 1827 2700 in
1870 2644 2058 2700 tabula

310 2739 633 2808 depictam,
668 2739 999 2810 litaniasque
1030 2746 1311 2795 canentes.

422 2828 515 2882 10.
559 2829 938 2900 Augustinus,
981 2828 1293 2901 impetrata
1333 2827 1608 2898 loquendi
1653 2826 1907 2892 licentia,
1941 2825 2063 2897 regi

314 2925 583 3001 aperuit
619 2940 682 2979 se
720 2920 1024 2991 sociosque
1072 2936 1208 2975 suos
1239 2936 1305 2975 eo
1350 2917 1591 2976 consilio
1634 2917 1958 2983 advenisse,
1999 2918 2067 2971 ut

309 3022 543 3090 ipsum
575 3015 844 3069 docerent
887 3026 1005 3081 qua
1050 3009 1267 3066 ratione
1312 3013 1443 3080 post
1475 3012 1718 3063 mortem
1750 3005 2068 3078 gloriosius

2147 1846 2295 1902 vobis
2350 1842 2751 1913 suscipiantur,
2808 1845 2859 1895 et
2902 1854 3001 1912 pro
3066 1843 3241 1895 vestro
3288 1853 3441 1895 more
3500 1837 3866 1893 instituantur

2152 1934 2320 2004 (Beda
2352 1974 2365 1999 ,
2399 1934 2435 1988 ι.
2461 1950 2500 2000 ι,
2534 1948 2579 1987 c.
2612 1934 2725 1999 25).
2762 1929 3041 1985 Prmtersa
3079 1928 3272 1984 locum
3297 1926 3613 1999 assignavit
3645 1927 3705 1983 in
3729 1925 3864 1983 civi-

2153 2028 2273 2088 tate
2302 2022 2380 2094 (a)
2416 2018 2814 2085 Dorrobernia,
2843 2018 3026 2074 totius
3057 2017 3218 2087 regni
3242 2015 3567 2087 metropoli,
3591 2014 3690 2069 ubi
3713 2028 3869 2070 com-

2157 2112 2327 2168 mode
2358 2114 2696 2175 manerent;
2744 2114 2802 2164 et
2833 2124 2960 2179 quae
2992 2107 3063 2162 ad
3105 2108 3283 2161 vitam
3327 2104 3660 2160 necessaria
3683 2103 3874 2159 forent

2158 2203 2388 2259 abunde
2417 2200 2773 2271 suppeditari
2798 2197 2997 2268 jussit.

2232 2294 2319 2348 12.
2356 2292 2569 2347 Urbem
2603 2290 2821 2361 regiam
2851 2285 3101 2360 ingressi
3143 2289 3303 2352 sunt,
3335 2299 3566 2340 crucem
3598 2282 3885 2353 etimagiv

2163 2399 2296 2439 nem
2328 2382 2537 2438 Christi
2572 2378 2893 2437 Servatoris
2926 2393 3085 2434 more
3120 2393 3224 2432 suo
3258 2376 3648 2447 praeferentes,
3671 2376 3726 2427 et
3754 2372 3887 2427 lita-

2164 2475 2321 2530 niam
2352 2474 2503 2529 hanc
2550 2487 2687 2527 voce
2744 2486 3001 2526 consona
3048 2466 3417 2523 modulantes
3455 2481 3467 2520 :
3517 2464 3881 2535 deprecamur

2166 2574 2235 2632 te,
2270 2565 2525 2628 Domine,
2576 2561 2635 2616 in
2667 2561 2816 2617 omni
2836 2557 3217 2615 misericordia
3241 2563 3358 2623 tua,
3381 2565 3440 2610 ut
3481 2557 3771 2625 auferatur
3796 2554 3886 2622 [ιι-

2169 2673 2261 2713 ror
2292 2662 2419 2710 tuus
2442 2658 2497 2707 et
2525 2655 2613 2708 ira
2643 2660 2738 2707 tua
2759 2668 2792 2705 a
2819 2650 3041 2704 civitate
3070 2650 3197 2711 ista,
3227 2652 3280 2701 et
3300 2644 3365 2700 de
3383 2643 3537 2700 domo
3554 2646 3745 2698 sancta
3763 2649 3883 2697 tua:

2170 2746 2431 2820 quoniam
2458 2743 2816 2815 peccavimus,
2848 2738 3079 2793 alleluia
3125 2735 3327 2806 (Beda,
3372 2732 3469 2789 lib.
3516 2748 3557 2800 ι,
3588 2749 3635 2788 c.
3670 2730 3783 2799 25).
3818 2729 3883 2785 In

2173 2851 2446 2894 concessa
2476 2833 2586 2889 sibi
2620 2832 2757 2888 sede
2785 2828 3143 2901 Augustinus
3172 2825 3417 2896 ejusque
3435 2820 3884 2885 commilitones,

2175 2924 2553 3000 apostolicam
2594 2921 2890 2978 nascentis
2940 2916 3205 2973 Ecclesiae
3237 2915 3411 2971 vitam
3452 2912 3669 2968 imitari
3705 2923 3892 2980 cmpe-

2177 3027 2333 3085 runl,
2354 3022 2558 3071 cuncta
2582 3010 2785 3068 mundi
2811 3009 2982 3079 hujus
3003 3006 3159 3063 velut
3180 3004 3370 3060 aliena
3392 3000 3804 3075 spernendo,et
3826 3013 3894 3054 ea

311 3089 642 3179 regnaret,
673 3098 1245 3171 immortalitatisque
1274 3114 1548 3154 coronam
1592 3100 2024 3168 consequeretul

2253 3118 2407 3164 ntum
2439 3121 2561 3172 quze
2606 3101 2779 3158 victui
2813 3096 3143 3155 necessaria
3176 3095 3366 3150 forent
3404 3093 3477 3148 ab
3506 3091 3589 3147 eis
3618 3105 3764 3161 quos
3792 3089 3894 3145 do-

2253 3201 2258 3207 .
2368 3201 2378 3207 .
2524 3195 2534 3205 .
2585 3193 2597 3205 .
2697 3192 2711 3207 ι
2868 3194 2878 3207 ι
2943 3184 3212 3207 __,__u‘r:_
3266 3182 3457 3207 _-a:..-
3494 3195 3664 3207 an"...
3698 3178 3892 3207 ..Α-1ης..

308 3202 543 3270 Ipsam
579 3192 944 3249 credentibus
975 3190 1033 3245 in
1067 3206 1130 3245 se
1168 3188 1370 3244 Jesum
1411 3186 1712 3244 Christum
1744 3203 1851 3242 sua
1882 3189 2068 3241 morte

309 3283 767 3363 promeruisse,
809 3295 1171 3353 regnumque
1216 3277 1491 3333 oculorum
1534 3292 1845 3333 reserasse.
1888 3275 2068 3331 Nimi-

2179 3201 2388 3255 cehant
2417 3192 2778 3266 accipiendo,
2823 3194 2886 3246 ut
2934 3184 3215 3258 exemplis
3266 3182 3459 3255 potius
3490 3195 3667 3252 quam
3698 3178 3895 3234 verbis

2180 3289 2324 3361 legis
2354 3284 2699 3341 Christianae
2730 3280 3096 3336 sanctitatem
3131 3272 3633 3331 commendarent.
3668 3267 3771 3323 His
3802 3268 3895 3322 in-

2181 3357 2367 3436 ndxiis
2398 3373 2687 3433 illecebris
2718 3372 2908 3428 allecti
2948 3370 3020 3426 ad
3063 3363 3325 3423 veritatis
3370 3361 3514 3418 retia
3552 3374 3671 3415 non
3701 3357 3892 3428 pauci,

2178 3472 2351 3526 ﬁdem
2385 3467 2444 3522 in
2494 3464 2785 3521 Christum
2817 3457 3065 3531 amplexi
3097 3459 3238 3512 sunt
3266 3472 3279 3522 ;
3313 3452 3530 3525 quibus
3563 3449 3624 3505 in
3655 3447 3897 3519 antiqua

2176 3556 2362 3615 sancti
2394 3553 2623 3611 Martini
2652 3553 2813 3623 juxta
2848 3549 3049 3605 urbem
3080 3542 3355 3610 Ecclesia,
3387 3540 3510 3597 sola
3547 3541 3674 3593 tum
3696 3551 3903 3608 super-

2176 3650 2331 3715 stite,
2365 3660 2608 3717 synaxes
2638 3657 2805 3712 agere
2834 3651 3172 3695 concessum
3206 3636 3315 3691 est.
3350 3633 3422 3686 At
3450 3631 3757 3717 postquam
3790 3641 3889 3682 rex

2174 3738 2297 3808 ipse
2319 3714 2567 3791 credidit
2586 3730 2948 3800 etbaptismo
2966 3725 3230 3782 initiatus
3252 3720 3453 3792 esl,(b)
3472 3714 3892 3808 miraculorum

2175 3804 2390 3898 quibus
2426 3825 2574 3879 Deus
2623 3833 2925 3876 servorum
2965 3829 3205 3870 suorum
3237 3808 3561 3867 doctrinam
3612 3804 3891 3861 sanctita-

2172 3888 2403 3986 temque
2424 3909 2823 3976 conﬁrmabat,
2847 3905 3059 3962 invicto
3082 3897 3417 3958 testimonio
3441 3896 3593 3951 ultra
3618 3888 3893 3949 reluctari

2172 4025 2287 4064 non
2321 4006 2533 4070 terens,
2584 4004 2774 4055 vetera
2803 3994 3023 4067 templa
3052 3992 3245 4049 diruta
3290 3992 3615 4045 restaurare
3646 3999 3710 4039 ac
3744 3996 3893 4037 nova

2171 4102 2465 4155 exstruere
2496 4069 2639 4149 mira
2680 4091 2983 4161 cmperunt
3030 4081 3329 4140 alacritate
3368 4073 3674 4147 neophyti.
3719 4069 3908 4161 Nimi-

2171 4205 2299 4246 rum
2326 4189 2487 4242 tanta
2520 4187 2661 4238 tunc
2689 4157 2959 4235 Ecclesiae
3004 4170 3271 4230 nascenti
3315 4168 3464 4224 facta
3495 4170 3583 4220 est
3650 4157 3907 4218 accessio

2171 4277 2367 4351 Anglis
2395 4274 2545 4348 regis
2561 4269 2886 4340 exemplum
2917 4262 3185 4323 certatim
3217 4255 3597 4351 sequentibus
3633 4251 3792 4351 (licet
3813 4249 3911 4351 ad:

2170 4338 2508 4440 religionem
2550 4338 2846 4418 neminem
2893 4352 3149 4427 cogeret)
3202 4354 3267 4407 ut
3304 4364 3405 4406 eos
3437 4345 3595 4420 prior
3646 4338 3909 4398 Ecclesia

2176 4456 2415 4514 minime
2446 4454 2700 4524 caperet.

312 3391 479 3435 rum
532 3376 691 3428 tanto
738 3371 919 3426 Deum
953 3385 1150 3424 amore
1187 3373 1462 3439 ﬂagrasse
1492 3382 1626 3438 erga
1660 3366 1948 3432 homines,
1984 3368 2065 3431 ut,

311 3468 401 3526 ad
444 3478 650 3520 eorum
669 3460 909 3517 salutem
931 3458 1378 3530 procurandam,
1425 3456 1631 3511 Filium
1664 3471 1841 3511 suum
1865 3453 2065 3525 unige-

312 3558 544 3614 nitum
594 3550 946 3622 turpissimae
990 3547 1180 3617 morti,
1220 3545 1411 3602 crucis
1450 3544 1717 3602 videlicet
1753 3544 2062 3616 supplicio,

312 3642 673 3705 tradiderit.
710 3644 792 3697 Ita
823 3640 1013 3696 crucis
1044 3636 1386 3694 scandalum
1422 3636 1663 3692 minime
1685 3633 2066 3691 dissimulan-

310 3740 489 3795 dum
533 3732 758 3805 putavit
798 3730 1062 3802 egregius
1112 3728 1493 3799 praedicator;
1535 3742 1649 3798 quo
1683 3724 1870 3797 magis
1915 3726 2065 3780 divi-

308 3839 484 3882 nam
513 3824 642 3891 ejns
673 3820 943 3875 virtutem
976 3818 1045 3873 ad
1089 3816 1387 3873 hominem
1420 3832 1453 3870 a
1496 3814 1699 3870 mortis
1730 3814 2064 3886 peccatique

306 3912 626 3974 servitute
665 3908 1029 3965 liberandum
1069 3906 1524 3962 commendaret.
1581 3903 1721 3971 Quid
1760 3902 1909 3959 enim
1948 3908 2064 3959 tam

303 4006 591 4077 dignum
618 3999 718 4053 Deo
738 4012 904 4069 quam
932 3994 1081 4049 salus
1111 3993 1348 4049 hominis
1370 3995 1395 4046 γ
1436 3992 1714 4047 Eumdem
1760 3991 2060 4046 Christum

306 4097 477 4171 post
518 4094 765 4146 mortem
813 4085 1224 4154 resurrexisse,
1276 4098 1522 4156 regnum
1570 4083 1848 4139 caelorum
1888 4099 2061 4139 cons-

306 4183 633 4249 cendisse,
677 4182 849 4251 atque
879 4177 949 4233 ad
981 4176 1274 4232 dexteram
1320 4174 1505 4230 Patris
1537 4174 1691 4229 260
1722 4174 1921 4230 sedere
1952 4171 2062 4227 ad-

291 4276 518 4351 jecit;
570 4274 877 4326 venturum
910 4272 1105 4324 autem
1148 4267 1207 4322 in
1256 4269 1516 4322 extrema
1556 4264 1759 4320 mundi
1790 4279 2062 4320 consum-

304 4362 607 4424 matione
629 4361 694 4415 ad
720 4358 1023 4415 ferendum
1045 4356 1115 4413 de
1136 4355 1361 4411 cunctis
1381 4352 2057 4424 mortalibusjudicium.

305 4461 536 4525 Atque
560 4454 623 4504 ut
662 4448 829 4505 tidem
875 4449 1106 4514 faceret,
1139 4443 1422 4501 miracula
1454 4443 1747 4500 enarravit
1793 4443 2062 4498 innume-

304 4565 387 4605 ra
426 4519 493 4599 et
539 4541 844 4612 stupenda,
885 4555 1016 4612 quae
1063 4535 1381 4593 divinitatis
1426 4534 1639 4591 Christi
1684 4539 1841 4590 certa
1892 4549 2069 4605 argu-
2099 4519 2142 4583 D

314 4637 550 4694 menta
579 4636 757 4695 sunt;
787 4647 900 4702 prae
933 4629 1155 4685 caeteris
1187 4644 1320 4683 vero
1360 4625 1625 4699 gentium
1658 4626 1775 4682 fere
1796 4625 2065 4681 omnium

319 4732 391 4785 in
426 4721 813 4793 suscipienda
834 4718 1164 4777 Christiana
1184 4717 1481 4789 religione,
1507 4716 1796 4788 idolisque
1810 4716 2071 4786 rejicien-

312 4820 429 4877 dis
466 4812 689 4871 miram
742 4810 1255 4883 conspirationem,
1299 4807 1433 4865 licet
1460 4806 1842 4863 renitentibus
1882 4803 2071 4877 pravis

313 4906 663 4966 hominum
720 4900 1025 4959 affectibus
1072 4916 1136 4955 ac
1193 4898 1383 4968 vitiis;
1435 4899 1650 4970 quibus
1708 4898 1786 4953 ita
1844 4899 2073 4954 favebat

315 4993 781 5060 Ethnicismus,
824 4997 886 5048 ut
932 4992 1159 5047 divinos
1198 4991 1370 5048 etiam
1421 4990 1671 5046 honores
1711 5006 1811 5059 pro
1852 4990 1933 5044 eis
1967 4990 2073 5043 de—

315 5090 619 5149 cerneret
648 5100 713 5140 ac
754 5083 1109 5154 rependerat,
1148 5098 1284 5138 cum
1316 5097 1346 5136 e
1389 5086 1594 5135 contra
1626 5088 1864 5136 mortem
1909 5084 2073 5135 acter-

320 5194 482 5235 nam
552 5173 891 5245 corruptela
959 5187 1190 5228 morum
1259 5169 1614 5242 slipendium
1679 5185 1807 5225 esse
1872 5169 2073 5225 deceat

317 5254 441 5325 lex
499 5261 867 5335 Evangelica.
937 5259 1249 5333 Subjunxit
1305 5261 1663 5330 Augustinus
1733 5260 1928 5315 orbem
1995 5260 2075 5315 ita

2852 4534 3082 4593 CAPUT
3123 4532 3193 4590 V.

2179 4638 2377 4688 Aaouu.
2404 4660 2462 4673 —
2492 4634 2538 4682 1.
2569 4630 2901 4693 Augustinus
2930 4625 3210 4693 ordinatur
3239 4606 3906 4693 episcopus.h-J2._liapt‘i:

2243 4680 2542 4749 atavi—decem
2569 4680 2872 4757 'Anrglorum
2918 4688 3107 4737 millia.
3156 4680 3579 4757 RomamAmittit
3604 4680 3903 4757 ες.ιὲξὲἒὲ

2242 4733 2896 4817 ESLQ'u”iii.‘"—"§.°'X&Eo
2919 4733 3126 4817 Silviis:
3159 4733 3587 4817 praedicatoqu
3602 4733 3902 4817 subsidia-ul}

2243 4791 2684 4886 Ezgiap‘iii‘st—aﬁa
2713 4791 3139 4886 ζιιῗι-Ξῷἆξξῐῖ.
3164 4791 3422 4886 spinam
3451 4803 3506 4886 δὲ
3548 4791 3901 4886 gregari”:

2242 4860 2981 4951 ἷέἑὲὲἶλῖιέἒέἷηὶἱιῐὶῖῖεῖδ
3003 4860 3906 4951 A.93“8§P‘:“3;:§;P‘193?2°éﬁi

2243 4915 2538 4951 [cacus-nu
2564 4915 2981 4946 Ιῠηιυιιωομ-υηι
3003 4915 3354 4937 .-νυ--ν---ᾒ
3491 4927 3501 4937 ,
3640 4924 3651 4934 .
3740 4918 3752 4930 .

2243 4951 2322 5000 rio
2358 4962 2523 5013 prope
2554 4945 2887 5013 Cantuariam
2900 5008 2909 5013 _
2921 4937 3169 5013 condas):
3270 4927 3725 5013 mp-nistigaazlta.
3739 4915 3904 5013 13.13:

2245 4977 2322 5000 ιιυ
2362 4977 2523 5013 μιυμυ
2554 4977 2887 4997 υαυιυιιιωι...
2922 4977 3155 4989 mnu..-"
3187 4977 3246 4983 ._-
3280 4977 3351 4979 κη

2242 5014 2402 5063 clesia
2417 5007 2787 5061 Cantuariensi
2810 5002 3075 5054 instituta.
3102 4995 3449 5063 Lu_cul_entum
3480 4977 3901 5063 eadde‘re‘iieflnm

2242 5053 2787 5125 iééiihaaida'lfej
2823 5066 3061 5117 Alterum
3084 5074 3143 5110 ex
3164 5057 3299 5107 Beda
3323 5053 3595 5112 sumptum
3614 5053 3906 5109 argumen-

2242 5142 2355 5189 tum
2386 5135 2752 5187 ineluctabile.

2261 5240 2312 5298 l.
2347 5240 2545 5297 Datam
2578 5234 2685 5292 sibi
2714 5251 2745 5289 a
2773 5235 2828 5285 S.
2861 5221 3129 5295 Gregorio
3162 5213 3515 5291 provinciam
3558 5215 3680 5269 tam
3715 5208 3902 5270 felici-

2356 5386 2417 5443 ίη
2458 5388 2616 5453 gente
2645 5377 2835 5453 εράρηι
2864 5374 3171 5453 coruscant,
3191 5355 3902 5453 κεξαηρεέριρῖίέῐη,τέῖῖίειέςξ

2352 5430 2439 5513 nis
2458 5430 2888 5527 quieveabibent,
2915 5440 3136 5527 imitari
3147 5430 3459 5527 videpntur.
3471 5433 3539 5515 ,ιη
3556 5430 3901 5527 sqle‘mn'itate

2405 5501 2710 5583 binim-'03
2733 5501 3084 5577 Nativitutis,
3107 5524 3231 5581 quae
3262 5507 3364 5583 liae
3388 5501 3896 5583 primainrlictione

2180 5396 2331 5458 sunL

420 5409 503 5480 (a)
539 5409 749 5480 Postea
781 5403 1083 5480 cantuaria
1127 5404 1299 5480 dicta.
1464 5473 1479 5480 _
1856 5472 1867 5480 _
2033 5470 2045 5480 _
2180 5403 2315 5478 sunt

2182 5482 2239 5520 in
2265 5479 2346 5531 sig

415 5470 504 5551 (tr)
540 5478 622 5532 De
644 5476 893 5551 patratis
923 5479 994 5531 ab
1026 5475 1346 5547 Augustino
1379 5472 1797 5551 sodalibusque
1820 5470 2074 5551 ejusmi-

322 5544 593 5614 racu'lis,
624 5544 739 5603 non
774 5547 961 5602 solum
996 5544 1192 5603 eorum
1234 5552 1362 5602 acta
1392 5544 1736 5616 loquuntur,
1767 5546 1865 5599 sed
1899 5544 2071 5616 etiam

323 5625 511 5687 Beda
560 5619 686 5676 loco
736 5619 992 5689 laudato,
1033 5624 1087 5674 et
1133 5619 1255 5689 ipse
1303 5615 1637 5687 Gregorius,
1689 5616 1974 5687 praecipue
2014 5615 2072 5669 in

323 5718 445 5747 ρο-
480 5694 576 5747 30.
606 5691 741 5747 libri
774 5708 891 5747 vm.
925 5692 997 5745 ad
1028 5690 1334 5747 Eulozium
1372 5705 1384 5742 :
1422 5687 1624 5747 Tantis.
1657 5686 1864 5747 inquit,
1896 5688 2072 5741 mira-

323 5718 445 5771 ep.
480 5696 576 5761 30,
606 5696 741 5747 libri
774 5708 891 5757 vm,
925 5696 997 5745 ad
1028 5696 1334 5761 Eulogium
1372 5705 1384 5742 :
1422 5696 1624 5760 Tantis,
1657 5696 1864 5758 inquit,
1896 5696 2072 5741 mira-

322 5770 499 5830 culis
529 5763 614 5820 vel
644 5763 757 5836 ipse
787 5762 1194 5836 (Augustinus)
1214 5762 1295 5817 vel
1329 5760 1386 5815 hi
1416 5760 1654 5835 quicum
1673 5775 1736 5817 eo
1763 5755 2075 5815 transmissi

2181 5544 2363 5591 autem
2405 5544 2689 5583 uominzca
2733 5544 3084 5577 ιναιιυιιιιιιο,
3107 5544 3228 5581 qua,
3262 5544 3361 5561 ηυιυ
3388 5544 3441 5576 ιιι
3462 5544 3573 5557 tu...
3595 5544 3893 5556 "nun".--

2183 5606 2474 5663 transacta
2503 5601 2605 5662 est,
2643 5593 2768 5665 plus
2792 5604 2957 5661 quam
2980 5584 3160 5665 decem
3196 5579 3391 5665 millia
3417 5570 3893 5665 .‘tnqliuabjeodem

2179 5644 2578 5734 sunt
2592 5644 2778 5739 ’{ia'in
2799 5644 2853 5718 ξε
2879 5656 3188 5730 coepiscopo
3212 5656 3401 5709 nostro
3432 5644 3719 5720 baptizati.
