4106 6174
293 247 406 307 371

740 250 804 310 S.
851 249 1224 312 GREGORII
1274 250 1520 310 MAGNI
1565 249 1770 321 VI’l‘A,
1817 247 1918 306 EX
1964 246 2150 307 EJUS
2203 244 2549 304 SCRIPTIS
2596 245 3044 304 ADORNATA.
3096 243 3244 304 LIB.
3289 243 3394 302 III.

3712 238 3827 298 3'72

293 388 375 435 ter
404 381 738 452 auspicatus
767 385 1154 456 Augustinus,
1187 385 1629 455 ejusdemjussu
1661 383 1718 436 iu
1758 383 2000 438 Galliam
2035 392 2085 456 Α
2116 381 2466 447 necessaria,
2517 397 2655 435 vasa
2685 397 2848 437 sacra
2878 379 3165 447 videlicet,
3214 378 3391 452 pallia
3429 379 3746 435 vestiendis
3779 380 3836 433 et

293 470 521 540 trajecit
561 472 655 527 ubi
679 490 711 528 a
735 474 1151 530 Germaniarum
1187 476 1448 544 episcopis
1482 477 1663 544 [actus
1701 481 1780 528 est
1803 475 2006 545 episco-

293 577 393 626 pus
419 560 558 628 (Lib.
603 580 724 630 VIII,
758 580 840 636 ep.
875 565 985 636 30).
1037 567 1144 618 Per
1173 564 1514 619 Germanias
1556 563 1868 635 Gregorius
1918 564 2005 618 in-

295 647 505 718 telligit
547 649 762 707 Gallias
806 658 944 707 tunc
975 670 1008 708 a
1039 653 1274 708 Francis
1315 669 1344 709 e
1389 653 1700 707 Germania
1747 652 2004 707 oriunlis

294 742 349 792 et
388 740 661 810 profectis
709 747 1042 812 occupatas.
1088 743 1342 797 Forsitan
1395 758 1625 812 quoque
1669 742 2008 797 Germanias

294 830 444 884 inter
471 832 858 887 Arelatensem
884 832 1111 888 censuit
1141 833 1498 904 provinciam
1532 835 1604 888 ob
1650 833 2006 905 Burgundio—

294 934 398 972 nes
428 921 554 990 ejus
602 920 819 976 incolas
871 921 1094 993 origine
1143 922 1465 978 Germanos
1516 923 1657 993 (Lib.
1691 939 1746 989 v,
1775 940 1858 993 ep.
1894 923 2002 992 53).

293 1007 502 1062 Eadem
528 1010 684 1065 enim
717 1012 936 1067 ratione
965 1011 1313 1082 Apollinaris
1344 1012 1616 1068 Sidonius
1655 1013 2003 1083 provinciam

295 1097 572 1167 Lugdune
595 1100 914 1166 subditam,
944 1103 1398 1173 Lugdunensem
1424 1103 1794 1158 Germaniam
1818 1102 2009 1173 appel-

290 1187 390 1242 lat.
442 1190 526 1243 Ab
557 1191 828 1263 episcopo
873 1194 1192 1249 Arelatensi
1216 1195 1547 1250 ordinatum
1583 1195 1763 1248 fuisse
1813 1200 2008 1264 Augu-

291 1277 508 1331 stinum
545 1281 713 1334 refert
743 1283 893 1336 Beda
918 1283 1102 1352 (Beda,
1139 1284 1235 1339 lib.
1271 1300 1379 1352 1,0.
1410 1284 1541 1353 27);
1577 1299 1747 1354 quem
1789 1298 2007 1338 memo-

292 1366 380 1422 ria
410 1367 607 1439 lapsus
638 1371 931 1427 Etherium
969 1375 1250 1428 nominat.

363 1457 417 1511 ‘2.
453 1461 514 1513 In
548 1460 801 1516 insulam
831 1479 1090 1519 reversus
1115 1482 1297 1520 novus
1321 1464 1620 1535 apostolus
1653 1465 1778 1536 ipso
1807 1465 1881 1535 (a)
1907 1464 2012 1521 Na-

294 1548 424 1601 talis
459 1548 686 1604 Domini
728 1551 819 1606 die
852 1554 981 1623 plus
1014 1571 1186 1624 quam
1223 1556 1420 1610 decem
1475 1555 1790 1624 Anglorum
1827 1555 2011 1610 millia

295 1638 635 1694 lustralibus
669 1642 832 1711 aquis
863 1642 1046 1698 tinxit.
1099 1645 1259 1708 Quod
1304 1644 1620 1700 indictione
1653 1645 2011 1714 tcontigisse

293 1731 540 1782 testatur
583 1729 894 1800 Gregorius
936 1733 1005 1786 ad
1065 1733 1364 1796 Eulogium
1415 1734 1677 1789 scribens
1703 1733 1839 1800 (Lib.
1889 1749 2012 1814 Vill,

297 1833 379 1886 ep.
417 1818 526 1885 30),
571 1817 677 1873 hoc
722 1825 806 1876 est
845 1822 1217 1891 pontificatus
1264 1824 1356 1878 sui
1407 1840 1558 1879 anno
1611 1828 1830 1878 octavo.
1886 1823 2016 1879 Mox

299 1906 660 1974 Augustinus
688 1909 833 1963 duos
864 1926 932 1964 ex
950 1910 1265 1979 sodalibus,
1292 1911 1669 1966 Laurentium
1696 1916 1751 1966 et
1784 1917 2011 1966 Petrum

301 1993 546 2050 ltomam
581 1996 760 2063 misit,
795 2004 855 2054 ut
885 2002 955 2054 de
987 2001 1258 2056 omnibus
1291 2018 1417 2072 qua
1449 2007 1611 2073 gesta
1634 2002 1862 2056 fuerant
1893 2017 2012 2056 cer-

301 2083 509 2138 tiorem
545 2086 796 2142 facerent
827 2098 1093 2146 sanctum
1122 2092 1475 2163 pontificem,
1501 2108 1747 2162 eumque
1775 2092 1843 2147 de
1876 2107 2016 2146 non-

307 2173 486 2228 nullis
552 2177 972 2245 quastionibus
1033 2179 1456 2252 interrogarent
1513 2187 1568 2236 et
1625 2180 2014 2248 consulerent,

305 2279 452 2334 quas
484 2281 613 2322 cum
649 2267 835 2340 ipsius
886 2271 1185 2342 responsis
1213 2273 1284 2326 ad
1318 2271 1581 2342 singulas
1615 2272 1860 2343 legimus
1894 2276 2017 2326 tum

302 2355 454 2424 apud
498 2356 733 2423 Bedam,
766 2365 890 2414 tum
926 2362 983 2415 in
1033 2361 1422 2432 Epistolarum
1474 2363 1737 2433 Registro
1770 2362 1905 2430 (Lib.
1940 2378 2017 2432 χι,

301 2459 384 2514 ep.
418 2446 532 2516 64).
587 2447 891 2520 Praecipua.-
924 2456 1059 2505 sunt
1101 2453 1170 2506 de
1202 2457 1452 2522 quatuor
1491 2452 2019 2508 ecclesiasticorum

301 2533 596 2590 redituum
621 2541 676 2592 et
707 2539 1070 2596 oblationum
1092 2543 1460 2611 portionibus
1483 2542 1788 2609 faciendis,
1815 2543 1884 2598 de
1907 2544 2023 2599 cle-

303 2625 438 2680 ricis
480 2635 603 2698 post
635 2635 973 2701 susceptum
1017 2632 1357 2688 clericatum
1392 2635 1742 2705 conjugatis,
1776 2636 1844 2690 de
1883 2651 2023 2690 con-

302 2716 715 2785 sanguinitatis
731 2719 1154 2793 affinitatisque
1168 2724 1445 2794 gradibus
1463 2724 1904 2779 matrimonium
1923 2725 2023 2778 im-

301 2806 691 2875 pedientibus,
729 2810 798 2864 de
838 2811 1201 2867 ordinatione
1232 2813 1654 2884 episcoporum.
1689 2813 2023 2870 Canonibus

303 2895 542 2962 quidem
566 2906 793 2953 cautum
817 2908 960 2966 erat,
996 2906 1057 2956 ut
1087 2903 1360 2974 episcopo
1391 2904 1640 2960 alterum
1665 2907 2023 2961 consecranti

302 2985 417 3039 duo
441 2985 536 3040 alii
588 2989 858 3046 adessent
904 2993 1185 3065 episcopi,
1246 2994 1453 3050 saltem
1515 2994 1668 3050 26!
1739 3003 2022 3067 tanquam

305 3078 494 3131 testes.
520 3076 733 3133 Verum
759 3081 974 3150 quiain
1007 3083 1327 3154 Anglorum
1363 3085 1620 3141 Ecclesia
1661 3088 2023 3154 Augustinus

2117 472 2392 526 ornandis
2410 470 2713 538 altaribus,
2731 471 3112 526 sacerdotalia
3134 470 3497 537 indumenta,
3523 476 3841 541 martyrum

2117 561 2416 632 reliquias,
2462 565 2517 616 et
2559 562 2784 618 codices
2830 561 3113 632 plurimos
3163 561 3348 633 (Beda,
3395 561 3493 616 lib.
3545 578 3584 629 ι,
3623 577 3670 616 r.
3721 559 3841 629 29),

2118 652 2356 705 Addidit
2405 651 2646 722 pallium
2676 664 2732 706 et
2770 651 3072 722 epistolam
3125 668 3240 723 qua
3276 668 3422 708 novo
3472 650 3731 722 apostolo
3769 653 3840 705 de

2115 741 2429 810 Anglorum
2476 741 2869 808 conversione,
2905 756 2973 796 ao
3003 741 3070 796 de
3113 741 3356 811 patratis
3397 741 3468 795 ab
3501 739 3625 810 ipso
3659 740 3841 795 mira-

2117 829 2264 884 culis
2299 830 2374 884 ita
2404 831 2826 901 gratulabatur,
2863 835 2926 885 ut
2954 831 3024 885 ad
3059 830 3449 886 humilitatem
3483 837 3535 885 et
3565 829 3635 886 de
3675 845 3842 886 acce-

2117 921 2231 990 ptis
2263 920 2434 975 donis
2466 920 2834 975 formidinem
2867 920 3245 976 nihilominus
3278 919 3629 991 discipulum
3664 935 3838 975 suum

2118 1015 2475 1081 provocaret,
2522 1029 2553 1065 a
2601 1011 2865 1080 reprobis
2924 1010 3074 1066 facta
3123 1010 3402 1067 miracula
3459 1011 3511 1066 ei
3553 1009 3837 1080 objiciens

2117 1099 2256 1170 (Lib.
2285 1117 2357 1166 xi,
2389 1117 2474 1170 ep.
2507 1101 2613 1168 28;
2649 1099 2816 1167 Beda,
2844 1100 2938 1155 lib.
2976 1118 3014 1168 π,
3046 1119 3092 1158 c.
3128 1102 3241 1168 31).

2189 1193 2239 1245 4.
2276 1192 2522 1262 Scripsit
2568 1208 2798 1263 quoque
2845 1192 3177 1248 Edilbertho
3219 1193 3358 1264 regi,
3392 1193 3609 1265 gratias
3655 1207 3834 1264 agens

2119 1299 2221 1353 pro
2263 1283 2374 1336 fide
2413 1281 2741 1338 Christiana
2789 1299 2967 1352 quam
3015 1288 3370 1354 susceperat,
3405 1288 3461 1339 et
3486 1282 3643 1339 velut
3691 1283 3841 1338 alter

2118 1372 2531 1426 Constantinus
2573 1377 3017 1443 propagaverat;
3052 1389 3165 1444 qua
3197 1373 3256 1427 in
3288 1372 3534 1445 epistola
3567 1373 3836 1444 Augusti-

2120 1479 2259 1517 num
2301 1462 2565 1534 impense
2597 1463 2816 1532 laudat,
2850 1465 3001 1534 quod
3037 1463 3096 1518 in
3131 1463 3471 1520 monasterii
3502 1462 3699 1536 regula
3732 1464 3840 1519 do-

2121 1557 2247 1608 ctus
2280 1553 2376 1620 sit,
2409 1570 2587 1609 sacrae
2634 1555 2942 1624 Scriptura:
2979 1555 3218 1610 scientia
3257 1554 3533 1627 repletus,
3566 1559 3622 1610 et
3649 1553 3843 1612 bonis.

2123 1652 2356 1700 auclore
2393 1646 2820 1716 Deo,prmditus
2845 1645 3154 1716 operibus:
3190 1645 3404 1716 dignus
3421 1645 3848 1717 proindequem

2124 1751 2223 1790 rex
2273 1743 2603 1791 monentem
2655 1735 2874 1806 audiat,
2940 1735 3033 1790 cui
3083 1734 3351 1790 suadenti
3411 1751 3627 1791 morem
3678 1737 3843 1806 gerat

2124 1826 2266 1896 (Lib.
2312 1843 2387 1894 x1,
2422 1841 2509 1896 ep.
2541 1826 2656 1894 66).

2194 1918 2340 1970 Ante
2394 1916 2553 1970 illam
2608 1915 2944 1970 Edilbertho
3009 1915 3126 1984 regi
3173 1915 3446 1986 scriptam
3507 1913 3844 1986 epistolam,

2125 2006 2438 2076 Gregorius
2472 2005 2693 2060 Berthas
2728 2005 2911 2076 ipsius
2945 2005 3104 2060 uxori
3137 2005 3473 2076 scripserat,
3500 2005 3550 2060 ei
3583 2006 3842 2076 gratula-

2124 2104 2220 2152 tus
2253 2097 2404 2167 quod
2439 2099 2719 2167 tanquam
2751 2099 2930 2150 altera
2962 2094 3199 2164 Helena,
3255 2094 3616 2151 Constantini
3658 2095 3843 2166 impe-

2126 2187 2334 2242 ratoris
2367 2193 2571 2255 mater,
2605 2185 2721 2241 zelo
2754 2185 2886 2240 fidei
2917 2202 3178 2254 accensa,
3213 2185 3576 2241 conversioni
3627 2185 3846 2256 Anglo-

2129 2293 2259 2332 rum
2317 2291 2549 2346 operam
2610 2275 2813 2343 daret;
2875 2290 3001 2329 eam
3063 2279 3257 2331 tamen
3320 2273 3491 2331 tacite
3546 2274 3843 2344 neglectus

2129 2384 2372 2438 arguens
2405 2368 2477 2422 ob
2513 2365 2917 2422 Edilberthum
2938 2367 3008 2420 ad
3056 2364 3443 2421 Christianam
3491 2366 3660 2420 fidem
3694 2381 3846 2421 non-

2130 2458 2266 2512 dum
2300 2457 2427 2525 ejus
2459 2472 2596 2512 cura
2625 2459 2681 2510 et
2711 2456 3019 2526 prudentia
3051 2454 3328 2510 inflexum
3355 2472 3368 2522 ;
3394 2454 3492 2526 qui
3525 2453 3693 2526 paulo
3718 2459 3848 2527 post

2129 2545 2362 2602 Christo
2396 2561 2456 2600 se
2489 2545 2750 2599 subdidit
2781 2544 2965 2615 (lbid.,
2998 2560 3079 2615 ep.
3113 2545 3224 2616 29).

2208 2641 2410 2690 Praeter
2452 2633 2757 2704 epistolam
2804 2635 2875 2688 ad
2924 2635 3323 2704 Augustinum
3374 2635 3631 2700 missam,
3675 2634 3848 2704 cujus

2134 2725 2513 2781 meminimus
2544 2741 2719 2794 supra
2761 2723 2900 2795 (Lib.
2937 2740 2976 2788 ι,
3008 2739 3054 2777 c.
3079 2725 3192 2792 29),
3225 2722 3458 2779 exhibet
3477 2723 3648 2779 aliam
3671 2739 3853 2779 vene-

2132 2816 2332 2871 rabilis
2383 2815 2552 2883 Beda,
2600 2813 2658 2868 in
2708 2831 2824 2884 qua
2870 2813 3115 2883 legimus
3165 2815 3491 2885 Augustino
3531 2814 3634 2884 jus
3685 2811 3851 2884 pallii

2133 2921 2494 2970 concessum,
2547 2907 3006 2974 potestatemque
3044 2904 3240 2958 datam
3281 2902 3587 2958 duodecim
3619 2901 3852 2973 episco-

2135 3013 2236 3068 pos
2270 2994 2599 3063 ordinandi,
2634 2993 2730 3064 qui
2775 2994 2899 3064 ejus
2942 2993 3149 3048 ditioni
3181 2994 3586 3064 subjacerent;
3618 3007 3680 3048 ea
3717 2990 3847 3062 lege

2133 3094 2195 3142 ul
2257 3084 2675 3140 Londoniensis
2723 3084 3032 3155 episcopus
3080 3083 3138 3138 in
3185 3090 3478 3155 posterum
3546 3097 3770 3152 semper
3815 3099 3852 3138 a

305 3163 463 3220 solus
505 3170 641 3221 tunc
672 3175 796 3224 erat
818 3171 1142 3242 episcopus,
1168 3173 1373 3228 annuit
1402 3191 1550 3245 papa
1574 3181 1637 3230 ut
1658 3176 1728 3230 ab
1763 3175 1860 3231 illo
1889 3175 2012 3232 solo
2046 3175 2088 3242 C
2129 3174 2358 3247 propria
2385 3174 2603 3245 synodo
2635 3177 3091 3241 consecraretur,
3136 3173 3492 3244 palliumque
3515 3172 3587 3227 ab
3605 3174 3846 3243 aposto-

304 3254 560 3326 episcopi
596 3263 833 3328 possent
863 3262 1140 3318 ordinari.

374 3345 426 3398 3.
481 3346 959 3419 Quandoquidem
1006 3353 1078 3406 ab
1109 3355 1414 3424 Augustini
1462 3355 1670 3427 legatis
1718 3360 2018 3428 acceperat

304 3434 615 3505 Gregorius
649 3454 895 3495 messem
931 3441 988 3496 in
1019 3442 1226 3514 Anglia
1258 3445 1501 3501 multam
1533 3462 1677 3514 esse,
1722 3447 2017 3517 operarios

303 3529 496 3580 autem
531 3543 747 3597 paucos
777 3530 932 3600 (cum
959 3534 1341 3604 quadraginta
1371 3540 1565 3591 tamen
1592 3536 1820 3592 circiter
1841 3536 2017 3592 sociis

303 3614 362 3669 in
385 3615 634 3672 insulam
671 3617 816 3674 hanc
847 3622 1126 3693 appulsus
1161 3625 1393 3696 fuerat),
1417 3642 1630 3681 novum
1663 3626 2016 3693 subsidium,

303 3702 587 3772 plurimos
610 3707 875 3765 videlicet
906 3710 1146 3767 selectos
1175 3713 1247 3767 ad
1279 3715 1434 3770 verbi
1480 3715 1660 3770 divini
1700 3717 2018 3787 altarisque

306 3794 697 3852 ministerium
733 3802 1064 3870 monachos,
1103 3804 1410 3862 Laurentio
1440 3810 1497 3862 et
1519 3807 1684 3861 Petro
1710 3807 2016 3878 adjunxit;

303 3901 554 3954 quorum
586 3890 858 3960 praecipui
890 3893 1122 3949 fuerunt
1153 3895 1428 3966 Mellitus,
1459 3901 1688 3964 Justus,
1712 3897 2015 3964 Paulinus,

303 3972 678 4034 Rufinianus.
719 3979 1076 4039 Transituris
1109 4001 1206 4054 per
1237 3987 1475 4041 Galliam
1508 3988 1582 4058 (b)
1613 3986 1832 4042 litteras
1860 3987 2020 4041 dedit

302 4066 812 4125 commendatitias
835 4071 904 4124 ad
927 4071 1362 4129 Brunichildem
1380 4075 1664 4145 reginam,
1691 4077 1760 4131 ad
1780 4092 1942 4147 reges
1963 4081 2019 4132 et

303 4153 374 4206 ad
408 4157 727 4226 praecipuos
776 4160 1088 4219 Galliarum
1130 4167 1456 4237 episcopos,
1489 4167 1548 4220 in
1578 4166 1789 4236 quibus
1825 4167 2018 4221 omni-

303 4242 414 4298 bus
446 4247 727 4303 Mellitum
761 4251 1054 4322 abbatem,
1084 4265 1319 4313 caeteros
1342 4274 1474 4313 vero
1499 4257 1812 4313 monachos
1833 4264 2016 4316 vocat.

306 4329 384 4387 Ex
408 4337 760 4392 monasterio
781 4342 834 4392 S.
853 4343 1092 4397 Andreae
1113 4345 1391 4415 prodiisse
1414 4344 1886 4417 supplementum
1911 4345 2018 4402 hoc

306 4425 777 4498 praedicatorum,
812 4431 963 4485 unde
993 4433 1167 4488 etiam
1201 4435 1421 4504 priores
1445 4435 1660 4502 educti,
1684 4435 2020 4507 significare

2130 3266 2240 3320 lica
2288 3266 2423 3320 sede
2473 3263 2760 3334 acciperet
2809 3261 2948 3331 (Lib.
3001 3279 3080 3328 x1,
3124 3279 3206 3333 ep.
3253 3263 3368 3333 65).
3423 3262 3845 3317 Eboracensem

2127 3371 2358 3427 quoque
2398 3355 2733 3426 episeOpum
2778 3353 2848 3408 ab
2890 3353 3016 3423 ipso
3067 3353 3479 3420 ordinandum,
3538 3351 3844 3408 constituit

2127 3447 2396 3516 deinceps
2430 3442 2874 3516 metropolitano
2899 3443 3033 3513 jure
3065 3442 3344 3514 palliique
3372 3441 3591 3497 honore
3630 3440 3846 3512 potitu-

2128 3553 2296 3606 rum;
2341 3554 2373 3592 a
2413 3551 2546 3607 quo,
2591 3534 2638 3590 si
2669 3533 2928 3589 finitima:
2975 3533 3147 3588 urbes
3187 3533 3424 3587 verbum
3479 3531 3579 3588 Dei
3623 3531 3849 3602 recipe-

2127 3625 2602 3696 rent,duodecim
2635 3622 2889 3695 episcopi
2931 3621 3397 3677 instituerentur.
3451 3621 3588 3675 Post
3638 3627 3849 3692 Augu-

2127 3715 2265 3772 stini
2300 3720 2564 3781 mortem,
2598 3730 2765 3784 quem
2794 3713 3052 3782 quandiu
3077 3711 3310 3780 viveret,
3333 3709 3850 3781 voluitGregorius

2123 3805 2343 3877 Anglire
2378 3805 2692 3876 primatum
2719 3804 2996 3868 obtinere,
3046 3802 3297 3857 decrevit
3327 3805 3392 3854 ut
3421 3817 3488 3855 ex
3531 3799 3848 3856 Londonia:

2127 3913 2192 3951 ac
2225 3896 2485 3950 Eboracae
2525 3893 2770 3949 civitatis
2802 3891 3092 3964 episcopis
3124 3890 3220 3946 ille
3251 3889 3472 3961 primas
3512 3889 3847 3960 haberetur,

2127 3984 2227 4057 qui
2249 3984 2403 4055 prior
2435 3984 2640 4038 fuisset
2679 3981 3000 4037 ordinatus.
3038 3981 3115 4036 Ex
3147 3981 3254 4035 hac
3285 3979 3532 4052 epistola
3563 3981 3854 4051 conjicere

2127 4074 2264 4130 licet
2295 4090 2525 4129 summo
2559 4071 2818 4144 pontifici
2854 4072 3016 4142 prius
3049 4069 3349 4140 placuisse,
3385 4077 3446 4125 ut
3491 4072 3855 4141 Augustinus

2129 4165 2438 4222 Londonia:
2458 4165 2648 4236 potius
2665 4179 2842 4235 quam
2859 4161 3226 4218 Dorobernias
3242 4161 3570 4217 cathedram
3585 4161 3854 4223 haberet.

2125 4256 2309 4311 Aliter
2331 4271 2461 4310 vero
2484 4254 2674 4309 visum
2695 4256 2783 4309 est
2813 4256 3014 4323 postea
3040 4269 3054 4318 ;
3093 4253 3395 4323 primaque
3425 4252 3592 4307 sedes
3615 4251 3857 4324 episco-

2125 4347 2277 4419 palis
2319 4345 2559 4416 Angliie,
2603 4343 2971 4401 Dorobernia:
3021 4358 3122 4398 seu
3175 4342 3494 4398 Cantuarios
3542 4344 3849 4400 remansit.

2195 4436 2250 4492 5.
2283 4434 2644 4505 Augustinus
2675 4448 2849 4505 prope
2900 4433 3166 4488 eamdem
3213 4431 3504 4488 civitatem
3555 4441 3852 4488 monaste-

305 4516 576 4620 videntur
606 4514 707 4569 illa
750 4518 924 4573 verba
972 4521 1228 4590 epistolis
1263 4525 1332 4577 ad
1383 4523 1670 4579 Mellitum
1705 4526 2014 4581 abbatem:
2051 4555 2094 4620 Β
2129 4529 2279 4583 rium
2317 4527 2659 4586 construxit,
2688 4524 2745 4579 in
2780 4541 2913 4595 quo,
2950 4523 3076 4595 ipso
3111 4527 3364 4591 auctore,
3389 4538 3486 4578 rex
3526 4523 3853 4579 Ecclesiam

305 4609 430 4662 Post
493 4604 787 4661 discessum
861 4612 1303 4679 congregationis
1377 4617 1583 4670 nostra?
1651 4630 1769 4684 quas
1837 4619 2020 4670 tecum

306 4710 404 4770 εει,
429 4699 540 4756 etc.
572 4694 711 4766 (Lib.
737 4715 815 4768 x1,
845 4716 927 4770 ep.
950 4703 1063 4771 76).
1115 4705 1273 4768 Quod
1329 4710 1673 4776 argumento
1708 4709 1795 4762 est
1827 4723 2021 4777 quan—

306 4801 434 4852 tum
468 4797 699 4852 floreret
729 4794 1153 4866 Gregorianum
1187 4796 1296 4850 hoc
1327 4797 1680 4853 ccenobium.

379 4890 485 4947 Per
515 4905 612 4944 eos
645 4905 792 4958 papa
823 4886 980 4942 misit
1011 4887 1083 4941 ad
1123 4888 1519 4958 Augustinum
1566 4905 1812 4960 qumque
1855 4894 2023 4946 erant

310 4982 380 5036 ad
413 4982 637 5037 cultum
667 4979 926 5034 divinum
959 4980 1014 5034 et
1044 4977 1112 5033 ad
1139 4977 1532 5034 ministerium
1561 4979 2019 5035 ecclesiasticum

381 5110 460 5176 (a)
489 5109 732 5163 Siricius
750 5126 897 5180 papa
915 5108 970 5164 in
989 5125 1077 5178 ep.
1097 5108 1164 5163 ad
1186 5107 1502 5163 ilimerium
1517 5107 1827 5163 Tarracon.
1845 5124 1969 5162 can.
1987 5112 2022 5162 2

310 5179 548 5252 dam_nat
579 5182 809 5248 quidem
843 5199 940 5236 eos
973 5182 1068 5251 qui
1119 5181 1335 5252 passim
1372 5181 1661 5249 baptizant
1703 5182 1757 5233 in
1802 5180 2022 5252 Natali-

312 5250 408 5301 tiis
423 5248 634 5304 Christi
654 5251 898 5321 aliisque
915 5248 1383 5307 solemnitatibus
1407 5272 1419 5319 ;
1441 5248 1731 5320 solumque
1749 5251 2022 5306 Paschale

311 5328 541 5388 tempus
575 5339 639 5373 ac
671 5323 1045 5378 Pentecosten
1079 5327 1338 5389 assignat
1368 5326 1434 5378 ad
1471 5323 1878 5378 celebrandum
1916 5325 2019 5378 ba-

313 5392 614 5515 ptismum.
645 5393 725 5444 Ab
750 5393 850 5446 hac
874 5402 1066 5449 tamen
1092 5399 1288 5450 eximit
1309 5399 1431 5467 lege
1453 5399 1812 5450 necessitatis
1828 5412 2018 5451 casus.

314 5500 328 5514 ι
357 5478 461 5515 une
510 5465 861 5515 Clodovaeus.
903 5469 1000 5515 aui
1037 5469 1260 5515 nrimna
1293 5485 1358 5515 ex
1394 5469 1744 5515 Francorum
1789 5469 2018 5515 regibus

314 5465 461 5539 Sane
489 5465 861 5539 Clodovaeus,
901 5469 1000 5539 qui
1037 5469 1260 5539 primus
1293 5465 1746 5523 ein—Francorum
1789 5469 2020 5539 regibus

313 5533 536 5589 Christo
567 5550 777 5610 nomen
810 5533 987 5610 dedit,
1021 5533 1113 5591 die
1161 5539 1379 5594 Natalis
1431 5540 1659 5596 Domini
1701 5533 2019 5610 haptiiatus

313 5611 401 5661 est
429 5622 557 5661 cum
592 5608 792 5661 multis
825 5607 974 5672 aliis,
1008 5623 1074 5660 ex
1105 5611 1349 5677 epistola
1392 5611 1452 5667 S.
1501 5612 1650 5666 Aviti
1674 5607 2020 5668 Viennensis

314 5677 571 5749 episcopi
605 5679 674 5731 ad
709 5677 976 5749 eumdem
1017 5679 1399 5733 Clodovasum.
1446 5682 1607 5742 Quod
1640 5683 2019 5738 confirmatur

314 5748 605 5806 Anastasii
628 5749 675 5805 ll
707 5750 777 5804 ad
803 5748 993 5820 ipsum
1027 5749 1334 5804 scribentis
1357 5765 1444 5820 ep.
1468 5754 1746 5819 2:1‘uum,
1786 5755 2018 5824 gloriose

2132 4620 2428 4675 beatorum
2462 4614 2856 4687 apostolorum
2892 4613 3039 4669 Petri
3071 4616 3125 4668 et
3174 4612 3338 4667 Pauli
3377 4612 3612 4668 nomine
3661 4613 3855 4668 adifi-

2131 4708 2245 4765 cari
2277 4708 2520 4774 curavit,
2554 4722 2619 4761 ac
2652 4703 2895 4760 diversis
2927 4702 3132 4758 ditavit
3158 4703 3327 4758 donis
3359 4719 3372 4769 ;
3419 4718 3546 4772 quae
3579 4701 3853 4771 ejusdem

2133 4797 2444 4870 Augustini
2468 4800 2524 4852 et
2542 4795 2803 4852 omnium
2831 4793 3106 4864 deinceps
3130 4791 3540 4864 episcoporum
3563 4791 3855 4848 Dorober-

2133 4889 2426 4952 nensium,
2455 4903 2678 4943 necnon
2702 4901 2905 4957 regum
2937 4884 3127 4940 Cantii
3159 4881 3538 4939 conditorium
3573 4882 3695 4937 fuit.
3732 4883 3857 4940 Hoc

2133 4977 2552 5036 monasterium
2569 4976 2803 5048 primum
2817 4976 3086 5032 abbatem
3103 4972 3310 5030 habuit
3324 4976 3551 5028 Petrum
3565 4972 3636 5044 (c)
3651 4988 3859 5030 mona-

2132 5110 2265 5176 Fili,
2303 5109 2359 5164 in
2421 5106 2743 5164 Christiana
2768 5106 2877 5175 ﬁde
2899 5122 3022 5161 cum
3055 5101 3281 5160 exordio
3306 5105 3496 5176 (nostra
3532 5103 3589 5176 in
3616 5102 3859 5176 ponti/i—

2131 5173 2262 5235 catu
2307 5180 2602 5249 contigisse
2647 5173 3017 5248 gratulamur.
3073 5176 3248 5249 Porro
3287 5173 3629 5228 Anastasius
3679 5175 3860 5245 paulo

2133 5259 2266 5308 ante
2308 5247 2565 5306 Natalem
2613 5247 2826 5306 Christi
2867 5252 3014 5305 diem
3050 5247 3460 5319 pontificatum
3514 5257 3860 5316 auspicatus

2133 5330 2272 5465 Θεξὸ)
2303 5399 2448 5467 Lege
2471 5393 2570 5451 lib.
2595 5412 2649 5449 x1
2675 5394 2947 5467 epistolas
2974 5393 3066 5462 54,
3089 5393 3160 5447 55
3180 5394 3238 5448 et
3259 5393 3482 5461 septem
3506 5388 3858 5448 immediata

2203 5488 2211 5516 f
2448 5509 2459 5519 .

2133 5477 2669 5608 se(lcl)mlfl]il§SRomam
2705 5555 2837 5594 cum
2888 5538 3197 5594 Laurentio
3245 5533 3462 5590 missus
3506 5532 3635 5608 fuit.
3694 5535 3856 5608 Beda

2130 5603 2368 5692 quidem
2410 5627 2543 5666 eum
2585 5619 2750 5692 vocat
2789 5615 3017 5692 tantum
3043 5681 3055 5692 ‘
3069 5609 3474 5692 presbyterum
3513 5603 3652 5692 loco
3700 5606 3862 5663 indi-

2128 5675 2292 5740 cato:
2339 5700 2536 5739 verum
2569 5701 2616 5740 ο.
2641 5686 2710 5737 27
2750 5683 3010 5754 ejusdem
3043 5675 3174 5737 libri
3207 5675 3476 5738 eumdem
3510 5675 3690 5734 fuisse
3722 5695 3856 5737 mo-

2127 5757 2378 5814 nachum
2411 5755 2564 5812 clare
2594 5757 2781 5813 docet.
