4106 6174
286 264 404 325 3Ἱ3

722 268 785 325 S.
834 263 1203 325 GREGOHII
1252 267 1501 326 MAGNI
1551 268 1759 338 VITA,
1811 268 1910 326 EX
1964 267 2142 327 EJUS
2185 266 2535 327 SCRIPTIS
2581 270 3033 334 ADORNATA.
3084 276 3231 335 LIB.
3281 278 3383 338 lll.

3700 286 3818 346 3'71

282 399 458 456 chum
492 403 549 455 et
606 400 1036 473 presbyterum,
1093 400 1263 471 cujus
1312 402 1436 472 jam
1490 402 1886 460 meminimus.
1921 401 2000 457 De
2032 402 2084 470 Α
2113 404 2299 459 omnia
2329 420 2451 460 cum
2473 407 2587 475 ipso
2615 408 2869 480 episcopo
2897 411 3147 480 regulam
3174 426 3414 475 servent.
3446 420 3622 488 Quam
3646 424 3825 479 viven-

279 489 547 559 ejusdem
604 492 936 561 sanctitate,
999 496 1208 562 morte,
1257 492 1543 566 editisque
1587 501 1712 566 post
1756 498 2002 550 mortem

280 581 349 635 ad
400 581 532 651 ejus
595 581 929 653 sepulcrum
981 582 1282 638 miraculis
1328 583 1607 655 legendus
1656 583 2003 640 venerabilis

278 671 615 742 Anglicanas
645 671 901 727 historiae
932 672 1180 744 scriptor
1208 674 1396 742 (Beda,
1430 674 1526 729 lib.
1561 691 1600 744 ι,
1631 691 1678 731 c.
1712 674 1822 745 33).

350 761 419 817 In
452 762 710 819 Ecclesia
763 779 994 835 quoque
1040 764 1485 836 metropolitana
1511 763 1912 822 Cantuariensi
1945 768 2002 818 S.

280 854 649 923 Augustinus
683 854 861 910 vitam
912 855 1237 911 observavit
1280 856 1685 912 coenobiticam
1719 872 1852 911 cum
1886 853 2005 910 suis

280 942 477 1010 sociis,
512 946 569 999 et
599 944 1027 1000 observandam
1062 945 1334 1017 deinceps
1384 945 1660 1014 instituit,
1689 960 1758 1001 ex
1789 945 2002 1016 Grego-

280 1030 353 1086 rii
387 1032 638 1088 consilio
660 1031 751 1088 vel
773 1036 1060 1105 praecepto
1086 1033 1178 1089 his
1200 1034 1392 1090 verbis
1416 1035 1577 1091 dato:
1610 1035 1766 1103 Quia,
1791 1033 2005 1104 inquit,

275 1126 381 1177 tua
436 1122 765 1189 fraternitas
822 1122 1147 1177 monasterii
1196 1123 1399 1193 regulis
1466 1123 1703 1188 erudita,
1762 1137 2002 1179 seorsum

279 1210 465 1267 vivere
493 1226 604 1267 non
636 1210 789 1268 debet
820 1227 854 1267 a
905 1210 1133 1267 clericis
1187 1215 1302 1268 suis
1332 1213 1390 1268 in
1421 1214 1659 1270 Ecclesia
1686 1212 2002 1283 Anglorum,

280 1316 413 1372 qua
442 1304 664 1357 auctore
721 1303 829 1357 Deo
884 1318 1063 1373 nuper
1119 1302 1194 1358 ad
1253 1303 1415 1372 ﬁdem
1443 1304 1703 1376 perducta
1731 1309 1831 1370 est,
1864 1301 2006 1356 hanc

282 1389 445 1445 debet
469 1389 761 1446 instituere
789 1390 1262 1447 conversationem
1290 1409 1407 1464 quae
1439 1394 1497 1447 in
1526 1392 1690 1448 initio
1719 1391 2005 1447 nascentis

280 1479 540 1534 Ecclesia
567 1481 680 1549 fuit
707 1481 959 1552 patribus
990 1483 1210 1547 nostris,
1268 1480 1329 1536 in
1363 1482 1562 1553 quibus
1606 1483 1792 1537 nullus
1816 1495 2007 1537 eorum

272 1584 346 1624 ea:
376 1568 469 1624 his
498 1586 620 1640 qum
660 1570 1002 1642 possidebant
1046 1570 1261 1644 aliquid
1307 1588 1471 1629 suum
1500 1588 1611 1629 esse
1650 1572 1884 1639 dicebat,
1916 1568 2006 1627 sed

266 1666 449 1715 erant
476 1658 598 1715 illis
630 1662 822 1716 omnia
850 1662 1166 1717 communia
1196 1661 1337 1734 (Lib.
1370 1680 1449 1729 x1,
1486 1678 1569 1735 ep.
1602 1664 1716 1732 64).

2112 494 2170 586 di
2197 509 2447 551 normam
2494 497 2733 555 multum
2789 516 2845 555 se
2901 501 3144 571 diligere
3195 507 3450 577 probavit
3471 510 3653 569 beatus
3681 530 3825 586 papa

2113 584 2432 658 Gregorius,
2464 603 2589 642 cum
2617 590 2933 647 sciscitandi
2968 609 3074 664 per
3098 596 3309 653 litteras
3334 602 3635 672 Augustino
3666 584 3827 675 quem

2112 679 2351 746 primum
2400 680 2552 749 genti
2605 680 2904 747 Anglorum
2957 687 3264 756 episcopum
3293 690 3541 761 miserat,
3584 694 3830 764 qualiter

2113 769 2348 839 episcopi
2377 785 2499 823 cum
2530 772 2645 824 suis
2671 771 2891 828 clericis
2917 779 3232 833 conversari
3259 780 3517 851 debeant,
3549 785 3829 855 respondit

2113 857 2258 913 inter
2286 857 2401 912 alia
2420 876 2439 912 :
2479 858 2581 914 Sed
2609 860 2743 930 quia
2773 866 2873 918 tua
2898 866 3225 935 fraternitas
3253 875 3575 929 monasterii
3618 875 3830 944 regulis

2112 946 2333 1003 erudita
2362 964 2605 1005 seorsum
2635 950 2757 1019 ﬁeri
2775 968 2885 1008 non
2914 952 3066 1012 debet
3091 973 3124 1012 a
3155 959 3371 1017 clericis
3402 965 3537 1031 suis,
3570 966 3631 1019 in
3656 965 3832 1020 Eccle-

2112 1039 2193 1092 sia
2235 1037 2560 1107 Anglorum,
2610 1055 2739 1113 quae
2776 1043 2881 1098 Deo
2909 1049 3128 1102 auctore
3160 1065 3337 1120 nuper
3366 1052 3544 1108 adhuc
3567 1052 3638 1107 ad
3669 1054 3831 1122 ﬁdem

2112 1125 2372 1197 perducta
2420 1136 2497 1183 est
2515 1144 2537 1190 ;
2593 1130 2734 1185 hanc
2789 1132 2944 1188 debet
2995 1140 3461 1197 conversationem
3512 1142 3829 1212 instituere,

2114 1232 2231 1286 quae
2288 1219 2347 1272 in
2396 1219 2560 1274 initio
2616 1224 2890 1278 nascentis
2946 1225 3198 1283 Ecclesiae
3252 1231 3363 1300 fuit
3414 1232 3667 1303 patribus
3723 1250 3829 1290 no-

2114 1305 2263 1373 stris,
2296 1310 2430 1372 etc.,
2465 1313 2526 1362 ut
2556 1324 2750 1382 supra.

2186 1395 2265 1451 Ex
2296 1400 2409 1452 tam
2454 1399 2773 1471 perspicuis
2821 1403 3012 1461 verbis
3062 1421 3210 1478 pene
3250 1410 3465 1468 oculati
3496 1429 3561 1469 ac
3592 1412 3829 1471 indubi-

2115 1488 2244 1541 tatae
2302 1485 2437 1542 ﬁdei
2493 1488 2662 1545 testis
2720 1494 2878 1562 patet
2934 1496 3432 1559 Dorobernensem
3488 1502 3830 1573 Ecclesium,

2115 1590 2277 1646 aeque
2332 1591 2399 1632 ac
2448 1575 3024 1651 Lendist'arnensem,
3058 1601 3163 1657 pro
3193 1587 3345 1646 clero
3395 1606 3501 1647 suo
3545 1591 3702 1649 solos
3731 1592 3834 1649 ha-

2114 1665 2312 1721 buisse
2343 1668 2679 1725 monachos.
2721 1670 2878 1728 Unde
2900 1673 3099 1731 mirari
3122 1677 3283 1733 subit
3306 1681 3508 1753 nuperi
3533 1681 3835 1753 scriptoris

347 1768 647 1840 Equidem
679 1768 836 1824 haud
884 1768 1115 1826 inﬁcior
1158 1769 1248 1826 his
1279 1771 1468 1827 verbis
1500 1787 1659 1843 aeque
1689 1770 1944 1843 significa

2186 1759 2504 1813 mmentum
2536 1758 2638 1827 qui
2671 1759 2744 1814 de
2781 1759 2985 1818 ordine
3023 1766 3441 1825 canonicorum
3474 1769 3833 1841 regularium

268 1875 463 1931 posse
502 1858 681 1915 vitam
727 1858 1132 1915 ccenobiticam
1164 1864 1221 1915 et
1277 1877 1670 1929 communem,
1705 1860 1895 1932 qualis
1921 1865 2011 1917 est

265 1948 729 2019 canonicorum,
758 1953 822 2004 ut
852 1953 1079 2017 vocant,
1106 1949 1484 2022 regularium,
1509 1968 1575 2007 ac
1600 1950 2011 2008 monasticam.

264 2040 503 2095 Verum
536 2039 607 2095 de
637 2040 1074 2097 conversatione
1117 2040 1440 2097 monastica
1480 2041 1537 2097 in
1579 2041 1837 2099 Ecclesia
1866 2043 2010 2098 Can-

263 2129 576 2186 tuarieusi
596 2128 870 2185 instituta
888 2128 1077 2201 qualis
1101 2130 1343 2186 decebat
1366 2132 1752 2203 Augustinum
1767 2132 2009 2204 ejusque

262 2220 479 2276 socios
520 2218 861 2288 monachos,
904 2219 962 2275 id
1000 2220 1417 2292 interpretatur
1456 2220 1805 2277 venerabilis
1839 2222 2008 2291 Beda,

258 2327 429 2367 sane
459 2311 567 2366 hac
597 2311 658 2366 in
689 2327 751 2367 re
782 2311 1131 2368 audiendus.
1157 2313 1299 2369 Cum
1327 2311 1481 2369 enim
1509 2312 1811 2369 historiam
1836 2312 2012 2369 eccle-

261 2400 580 2459 siasticam
603 2417 721 2457 suae
746 2401 941 2473 gentis
971 2403 1289 2459 texendam‘
1312 2403 1666 2475 suscepisset
1698 2402 2010 2459 accuratis-

260 2491 482 2547 simus
515 2499 568 2545 et
600 2490 972 2547 doctissimus
1004 2491 1274 2559 scriptor,
1325 2492 1384 2547 S.
1421 2492 1731 2565 Augustini
1756 2500 1853 2548 aut
1884 2493 2010 2563 ejus

255 2580 701 2653 discipulorum
769 2583 887 2639 fere
944 2599 1162 2655 supper
1236 2584 1463 2652 (eodem
1524 2599 1731 2655 nempe
1794 2582 2007 2640 saeculo

252 2672 492 2727 ﬂorere
522 2671 690 2742 coepit
747 2688 863 2743 quo
918 2672 1279 2745 Augustinus
1321 2672 1667 2730 Christianas
1708 2671 2006 2744 religionis

248 2761 325 2816 in
368 2759 583 2832 Anglia
637 2761 1020 2819 fundamenta
1061 2762 1225 2833 jecit,
1266 2766 1341 2836 get
1388 2767 1549 2819 tanto
1591 2761 1751 2835 operi
1782 2767 1870 2818 est
1899 2761 2009 2817 im-

252 2852 583 2922 mortuus)
608 2867 723 2906 non
758 2851 951 2923 potuit
1007 2868 1139 2907 eum
1195 2852 1413 2924 iugere,
1447 2852 1619 2924 quale
1663 2856 1793 2907 vttaa
1825 2867 2008 2922 genus

250 2942 322 2996 in
360 2939 651 3013 primaria
679 2941 996 3012 Anglorum
1030 2941 1309 3010 Ecclesia,
1342 2941 1681 2999 clericorum
1706 2958 1781 2998 an
1812 2957 2009 2997 mona-

250 3033 536 3089 chorum
566 3031 884 3089 instituerit
936 3034 1025 3089 vir
1081 3033 1511 3091 sanctissimus.
1557 3033 1771 3089 Bedam
1829 3032 2008 3105 igitur

246 3121 600 3179 audiamus
628 3121 730 3179 lib.
765 3139 819 3177 ιν
850 3122 998 3179 Hist.
1060 3123 1275 3181 Eccles.
1309 3140 1359 3181 c.
1407 3126 1514 3178 27:
1550 3124 1688 3193 Quia
1712 3123 2001 3191 nimirum,
2033 3165 2077 3233 ϐ

246 3214 305 3233 :_
332 3211 468 3233 ---ξι
550 3210 707 3233 1:1---
738 3213 830 3233 ---ρ
852 3214 1057 3233 μ...⁸-μ-.-
1087 3214 1103 3233 ι
1123 3231 1147 3233 μ
1168 3217 1243 3233 ομ-
1276 3214 1314 3233 1-
1333 3214 1373 3233 μ·
1397 3213 1441 3233 Ir
1468 3229 1525 3233 ,η
1548 3212 1746 3233 J:-D,__
1768 3212 1998 3233 ___-:----\

243 3211 499 3283 inquit,
534 3210 711 3267 Aidan
730 3213 830 3283 qui
847 3214 1059 3283 primus
1081 3214 1246 3284 hujus
1270 3214 1373 3269 loci
1395 3212 2000 3285 (Lendisfarnensium)

246 3302 575 3373 episcopus
601 3303 727 3371 fuit,
759 3317 882 3356 cum
934 3304 1213 3358 monachis
1260 3302 1400 3357 illuc
1446 3306 1498 3358 et
1549 3302 1660 3375 ipse
1706 3301 2004 3359 monachus

244 3391 603 3457 adveniens,
634 3391 1009 3447 monachicam
1040 3395 1098 3448 in
1140 3409 1198 3449 eo
1228 3392 1699 3449 conversationem
1730 3394 2002 3449 instituit.

240 3480 559 3553 Quomodo
589 3491 637 3537 et
674 3483 833 3554 prius
884 3484 1068 3539 beatus
1126 3485 1292 3540 Pater
1337 3484 1675 3555 Augustinus
1708 3485 1763 3539 in
1806 3481 2005 3538 Cantia

240 3572 477 3641 fecisse
504 3574 773 3637 noscitur,
824 3573 1097 3629 scribente
1147 3574 1199 3628 ei
1229 3572 1539 3629 beatissimo
1572 3590 1711 3645 papa
1750 3572 1890 3645 quod
1916 3588 2003 3627 su-

242 3678 383 3735 pra
417 3662 744 3732 posuimus:
776 3663 876 3718 sed
927 3661 1064 3734 quia
1112 3671 1210 3719 tua
1260 3663 1620 3732 fraternitas,
1655 3663 1854 3732 inquit,
1882 3677 2008 3717 mo-

244 3749 533 3806 nasterii
563 3750 778 3823 regulis
834 3751 1087 3819 erudita,
1132 3768 1398 3808 seorsum
1461 3752 1582 3807 ﬁeri
1627 3767 1741 3807 non
1774 3751 1944 3806 debet
1973 3767 2008 3805 a

243 3839 515 3897 clericis
553 3841 694 3907 suis,
726 3846 835 3897 etc.
870 3841 1032 3898 Unde
1080 3845 1236 3914 patet
1268 3842 1464 3897 minus
1509 3840 1656 3897 {idos
1689 3856 1817 3897 esse
1847 3856 2006 3896 men-

230 3933 339 3987 tis
374 3933 441 3985 8.
474 3930 734 4001 Gregorii
794 3930 1158 4003 interpretes,
1193 3930 1294 4002 qui
1347 3948 1413 3986 ex
1450 3930 1538 3987 his
1568 3930 1757 3987 verbis
1788 3934 2005 3985 extun-

242 4021 426 4075 dunt
458 4017 787 4073 clericalem
821 4019 1004 4074 vitam
1038 4035 1213 4090 quam
1258 4018 1521 4074 canonici
1555 4017 1849 4089 regulares
1876 4015 2004 4073 vul-

242 4126 330 4182 go
376 4106 535 4162 dicti
566 4112 881 4175 sectantur,
918 4126 950 4163 a
980 4108 1147 4165 beato
1197 4108 1527 4179 Augustino
1561 4108 1741 4164 fuisse
1770 4107 1830 4163 in
1880 4107 2008 4179 pri-

244 4197 472 4255 maria
504 4196 822 4268 Anglorum
854 4197 1116 4255 Ecclesia
1160 4196 1495 4253 institutam
1522 4212 1536 4253 :
1569 4197 1681 4253 nisi
1715 4197 1878 4253 fateri
1907 4211 2005 4252 ve-

240 4288 385 4343 lint
421 4286 750 4342 monachos
780 4287 1016 4343 eosdem
1049 4303 1174 4344 esse
1206 4290 1380 4358 atque
1410 4286 1719 4345 canonicos
1747 4301 2005 4342 commu-

230 4378 360 4434 nis
398 4375 538 4431 vitae
567 4380 896 4433 sectatores.

324 4487 398 4541 ὃ.
436 4484 693 4540 Mentem
725 4501 891 4541 suam
935 4485 1148 4543 clarius
1197 4485 1444 4557 explicat
1473 4484 1820 4542 venerabilis
1852 4483 2009 4540 Beda

2119 1845 2382 1902 scribens
2415 1847 2577 1919 (Cap.
2611 1863 2673 1919 ιι,
2706 1853 2825 1909 art.
2858 1850 2884 1907 1
2911 1856 2967 1909 et
2993 1855 3153 1927 seq.),
3186 1858 3572 1930 Augustinum
3595 1861 3835 1934 ejusque

2118 1934 2307 1991 socios
2336 1934 2566 1991 exhibet
2613 1942 2892 2011 tanquam
2942 1942 3197 2012 primum
3230 1948 3560 2021 exemplum
3590 1947 3834 2008 clerico-

2118 2041 2250 2082 rum
2280 2025 2677 2084 communiter
2733 2030 3123 2105 canoniceque
3178 2035 3535 2107 viventium;
3581 2055 3837 2112 cumque

2117 2117 2239 2171 tam
2272 2115 2489 2187 apertis
2516 2115 2871 2176 testimoniis
2893 2136 3018 2192 qua:
3040 2123 3202 2195 ipsos
3228 2125 3406 2183 fuisse
3430 2128 3836 2201 mansisseque

2120 2204 2437 2261 monachos
2468 2203 2598 2263 luce
2618 2205 2832 2264 clarius
2857 2210 3127 2282 probant,
3152 2214 3429 2283 effugium
3468 2232 3583 2272 non
3606 2218 3838 2274 inveni-

2114 2302 2240 2350 ret:
2272 2293 2435 2367 ipsos
2487 2296 2654 2367 lingit
2700 2313 2766 2354 ea
2802 2298 2927 2371 lege
2956 2299 3015 2356 in
3048 2301 3269 2360 clerum
3303 2310 3603 2378 cooptatos
3634 2306 3836 2377 fuisse,

2118 2387 2184 2439 ut
2211 2385 2679 2441 monachismum
2702 2386 3019 2457 ejurarcnt.
3043 2390 3262 2455 Quibus
3286 2395 3609 2452 rationibus
3632 2396 3837 2453 fulcire

2117 2478 2361 2531 conetur
2409 2476 2515 2532 hoc
2565 2478 2942 2548 paradoxum,
3003 2498 3159 2539 nunc
3218 2486 3642 2558 expendamus,
3704 2487 3839 2543 licet

2115 2564 2289 2636 paulo
2324 2569 2481 2622 extra
2511 2565 2876 2637 Gregorianm
2927 2568 3187 2628 historia:
3246 2578 3450 2646 metas,
3485 2576 3595 2633 hac
3625 2576 3683 2633 in
3716 2575 3837 2635 dis-

2114 2656 2460 2728 ceptatione,
2484 2672 2784 2715 excurrere
2805 2658 3128 2721 videamur.

2788 2757 3020 2814 CAPUT
3059 2760 3158 2817 Vl.

2111 2847 2310 2916 Ancus}.
2340 2870 2402 2881 —
2425 2844 2468 2895 1.
2490 2844 2722 2916 pbjecta
2744 2859 2809 2916 ex
2834 2846 3055 2916 Qregor.
3086 2850 3339 2916 Epistolis
3364 2852 3749 2905 dissolvuntur.
3772 2878 3837 2894 -

2174 2907 2222 2973 2.
2254 2907 2629 2973 Respondetur
2659 2908 2811 2958 alteri
2834 2907 3145 2973 obje‘ctionii
3166 2941 3229 2950 —
3257 2914 3305 2964 3.
3329 2918 3408 2966 An
3440 2918 3731 2967 monachus
3765 2917 3834 2967 ad

2177 2971 2482 3054 glegicatum
2505 2976 2815 3054 promotus“,
2833 2971 3102 3054 ultraLnop.
3122 2975 3332 3054 dicatur
3353 2980 3667 3054 monachus,
3691 2979 3835 3054 apud

2175 3034 2227 3102 ξ.
2247 3032 2593 3102 _§regorium.
2615 3034 2737 3102 -—_—4.
2761 3032 3007 3102 Monachi
3036 3037 3161 3102 olim
3194 3038 3368 3089 clerici
3392 3043 3589 3102 passim
3614 3032 3837 3092 dicti.—

2174 3097 2223 3146 5.
2247 3097 2431 3167 Utrum
2454 3096 2747 3167 canonicos
2769 3111 2880 3167 reg.
2924 3100 3221 3167 instituerit
3257 3102 3313 3167 S._
3349 3096 3651 3167 Gregorius.
3676 3104 3837 3155 Joan-

2179 3173 2274 3208 nes
2294 3159 2561 3229 piaconu‘s
2591 3158 2909 3229 explicatur.
2928 3188 2990 3197 —
3009 3162 3232 3229 6.__Num
3261 3163 3376 3229 vita
3405 3158 3706 3216 communis
3750 3182 3837 3215 ca-

2178 3222 2429 3292 nonicum
2454 3221 2632 3292 potius
2654 3221 3022 3292 innuatquam
3064 3227 3403 3292 Monachum.
3424 3256 3484 3265 —
3514 3229 3561 3277 7.
3589 3229 3833 3292 Objecto-

2175 3284 2533 3352 rumloannis
2566 3285 2781 3352 Diaconi
2821 3284 3104 3352 verborum
3145 3290 3412 3352 genuinus
3436 3284 3688 3341 statuitur
3708 3305 3837 3340 sen-

2176 3362 2280 3396 sus.
2312 3348 2393 3417 An
2410 3347 2681 3417 canonicis
2716 3349 3054 3417 regularibus
3089 3347 3482 3417 adnumerandi
3516 3355 3697 3404 clerici
3720 3367 3835 3404 om-

2174 3424 2269 3459 nes
2300 3412 2392 3472 qui
2421 3412 2580 3472 juxta
2614 3422 2852 3459 canones
2881 3412 3091 3462 vivunt.
3130 3439 3192 3451 —
3222 3415 3271 3465 8.
3314 3415 3386 3465 De
3416 3416 3722 3466 discrimine
3748 3430 3834 3465 ca-

2174 3471 2491 3542 nonicorum
2523 3471 2703 3542 sinent:
2728 3476 2780 3521 et
2812 3474 2983 3536 regni.
3027 3474 3392 3542 —9.‘_Nov_um
3416 3480 3480 3528 de
3511 3479 3560 3529 S.
3586 3477 3835 3542 Augusti-

2176 3535 2230 3605 ni
2262 3534 2421 3605 sociis
2452 3532 3035 3605 monachispunquam
3069 3538 3332 3605 ordinatis
3360 3532 3742 3605 commentum.
3773 3565 3836 3579 —

2178 3597 2251 3645 10.
2286 3598 2611 3662 Laurentius
2631 3597 2794 3662 etialii
2818 3600 2869 3647 S.
2896 3597 3199 3662 ‘Augustini
3237 3602 3449 3652 sodales
3478 3617 3665 3654 omnes
3687 3603 3836 3653 fuere

2176 3658 2443 3708 monachi.
2468 3686 2529 3728 _—_—
2564 3660 2639 3728 l_t_.
2678 3661 2760 3728 De
2790 3658 3115 3725 presbyteris
3144 3664 3548 3728 Arelatensibus
3589 3666 3836 3728 Augusti-

2176 3735 2304 3771 num
2336 3721 2534 3792 secutis
2552 3722 2702 3792 atiud
2718 3721 3132 3792 tiginent_§m_._-f
3155 3726 3230 3792 t2.
3256 3728 3498 3792 Gregorii
3521 3729 3585 3778 ad
3608 3721 3834 3792 Auvgust.

2175 3784 2454 3845 responsio
2486 3784 2792 3844 explicatur.
2826 3811 2888 3820 —
2918 3786 2995 3835 t3.
3026 3786 3230 3838 Urbani
3266 3789 3308 3837 II
3345 3784 3722 3841 testimonium
3744 3805 3833 3839 ex-

2174 3846 2441 3909 penditur.
2474 3870 2536 3881 -—
2575 3846 2651 3894 14.
2682 3846 2967 3896 Decretum
3016 3848 3271 3901 Bonifacii
3296 3852 3378 3901 lV.
3420 3853 3523 3902 Pro
3555 3853 3834 3903 monachis

2176 3908 2529 3976 ecclesiastica
2563 3909 2747 3976 munia
2780 3909 3126 3976 obegntibus.
3169 3940 3243 3976 7-
3301 3913 3381 3965 15.
3436 3916 3687 3976 Ejusdem
3720 3915 3834 3976 epi-

2176 3930 2529 3959 cccxcalasuca
2564 3930 2747 3958 muutu
2782 3930 3126 3960 oueuuunus.
3181 3940 3243 3949 —-
3301 3930 3381 3965 ιο.
3436 3930 3687 3977 Ejusdem
3720 3930 3832 3976 ept-

2176 3971 2311 4021 stola
2344 3984 2440 4033 pro
2472 3971 2749 4020 monachis
2778 3973 2831 4020 in
2878 3972 3110 4023 Ecclesia
3151 3975 3405 4025 Cantuar.
3457 3976 3832 4027 militantibus.

2178 4033 2311 4085 Male
2342 4047 2373 4082 a
2404 4046 2611 4097 nupero
2643 4034 2901 4095 scriptore
2929 4035 3230 4088 intellecta.

2186 4126 2237 4182 1.
2269 4123 2410 4180 Dum
2440 4123 2608 4180 nobis
2640 4128 3020 4196 opponuntur
3066 4128 3125 4184 S.
3158 4128 3419 4201 Gregorii
3451 4128 3737 4203 epistolae.
3770 4130 3835 4185 In

2114 4214 2314 4287 priori,
2376 4230 2504 4287 quae
2567 4212 2701 4270 libri
2732 4215 2923 4286 quarti
2972 4216 3159 4287 prima
3206 4222 3315 4287 est,
3366 4218 3628 4291 legitur:
3672 4219 3836 4277 Nemo

2108 4307 2282 4376 potest
2311 4311 2360 4360 et
2398 4301 2780 4359 ecclesiasticis
2824 4305 3023 4377 ofﬁciis
3051 4305 3339 4378 deservire,
3367 4312 3421 4364 et
3462 4310 3518 4364 in
3548 4309 3835 4366 monachi-

2112 4410 2174 4449 ca
2206 4394 2395 4466 regula
2425 4392 2677 4449 ordinate
2717 4396 3026 4465 persistere,
3083 4400 3192 4454 etc.
3254 4397 3396 4470 Ergo
3453 4396 3730 4455 admissis
3773 4398 3835 4454 in

2115 4482 2333 4540 clerum
2364 4482 2672 4554 Augustini
2704 4484 2878 4540 sociis
2910 4483 3205 4558 integrum
3226 4503 3343 4544 non
3375 4485 3481 4543 fuit
3510 4488 3837 4545 monastica

242 4580 307 4634 in
352 4576 490 4631 vita
520 4574 574 4628 S.
628 4574 917 4632 Cutberthi
950 4593 1078 4649 cap.
1136 4577 1240 4632 l6:
1270 4547 1478 4648 .Neque
1512 4575 1715 4647 aliquis
1744 4575 2006 4643 miretur,
2040 4547 2084 4613 Ῑ)
2117 4574 2363 4630 retinere
2392 4547 2681 4628 instituta.
2708 4572 2848 4629 Huic
2878 4572 3005 4631 loco
3021 4547 3144 4647 j‘am
3167 4576 3464 4634 multoties
3490 4592 3835 4651 responsum

242 4667 499 4739 inquit,
535 4666 675 4737 quod
709 4670 767 4721 in
796 4667 986 4724 eadem
1033 4667 1217 4723 insula
1248 4667 1666 4739 Lendisfarnea,
1716 4682 1840 4721 cum
1885 4682 2009 4737 per-

240 4758 496 4815 modica
552 4758 643 4823 sit,
674 4765 725 4813 et
751 4773 920 4830 supra
976 4759 1237 4831 episcopi,
1297 4761 1345 4814 et
1403 4774 1553 4813 nunc
1580 4756 1796 4811 abbatis
1829 4753 2005 4810 262

243 4854 305 4907 et
332 4846 750 4904 monachorum
777 4863 889 4904 esse
922 4849 1096 4905 locum
1129 4848 1453 4904 dixerimus.
1489 4849 1562 4904 Re
1592 4863 1716 4903 vera
1747 4849 1892 4902 enim
1934 4850 2009 4901 ita

247 4948 356 4997 est.
418 4937 678 5008 Namque
732 4954 843 4993 una
901 4939 1193 5011 eademque
1248 4955 1529 4995 servorum
1587 4937 1683 4993 Dei
1740 4936 2007 4993 habitatio

247 5034 548 5100 utrosque
563 5025 735 5082 simul
761 5031 927 5084 tenet.
960 5030 1072 5085 lmo
1113 5045 1295 5085 omnes
1324 5028 1616 5084 monachos
1648 5031 1809 5083 tenet.
1842 5026 2005 5082 Aida-

248 5136 371 5175 nus
437 5119 648 5189 quippe
684 5120 782 5190 qui
828 5117 1045 5190 primus
1084 5120 1325 5191 ejusdem
1391 5117 1497 5174 loci
1542 5119 1827 5189 episcopus
1872 5118 2005 5187 fuit,

248 5207 581 5266 monachus
610 5212 748 5277 erat,
780 5214 831 5264 et
864 5210 1239 5265 monachicam
1260 5225 1384 5265 cum
1414 5209 1526 5263 suis
1555 5207 1810 5264 omnibus
1835 5208 2010 5261 vitam

246 5315 494 5370 semper
522 5312 681 5369 agere
731 5298 961 5356 solebat.
994 5300 1146 5357 Unde
1201 5300 1268 5355 ab
1324 5299 1421 5354 illo
1479 5312 1664 5355 omnes
1696 5296 1802 5353 loci
1834 5296 2009 5367 ipsius

251 5391 585 5455 antistites,
618 5404 792 5460 usque
812 5388 970 5445 hodie
1016 5389 1095 5446 sic
1118 5389 1428 5462 episcopale
1456 5392 1710 5445 exercent
1741 5389 2003 5459 ofﬁcium,

254 5491 327 5536 ut
366 5482 596 5549 regente
625 5480 1021 5535 monasterium
1051 5478 1266 5548 abbate,
1299 5494 1459 5550 quem
1486 5479 1595 5550 ipsi
1621 5494 1748 5535 cum
1778 5477 2007 5534 consilio

251 5574 533 5642 fratrum
565 5568 852 5641 elegerint,
883 5584 1066 5625 omnes
1091 5570 1424 5640 presbyteri,
1458 5569 1705 5637 diaconi,
1738 5573 2007 5634 cantores,

258 5665 507 5719 lectores
563 5662 856 5733 exterique
884 5659 1085 5730 gradus
1129 5660 1475 5717 ecclesiastici
1506 5659 1885 5717 monachicam
1912 5672 2012 5730 per

2115 4671 2196 4719 est
2219 4667 2344 4719 tum
2375 4680 2407 4719 a
2437 4662 2769 4719 Mabillonio
2823 4668 3043 4734 nostro,
3078 4674 3201 4722 tum
3234 4684 3267 4723 a
3316 4666 3507 4735 nobis,
3553 4668 3653 4724 lib.
3687 4684 3748 4738 ιι,
3780 4682 3834 4721 c.

2116 4754 2202 4820 12,
2237 4756 2263 4821 §
2312 4753 2400 4821 11,
2438 4757 2495 4808 et
2535 4752 2595 4808 in
2645 4753 2800 4810 notis
2832 4754 2903 4811 ad
2953 4754 3104 4812 hanc
3146 4757 3475 4829 epistolam,
3508 4756 3607 4813 ubi
3637 4755 3835 4825 genui-

2116 4861 2257 4900 num
2290 4844 2598 4901 verborum
2634 4844 2864 4901 illorum
2902 4861 3139 4903 sensum
3172 4847 3530 4917 aperuimus.
3561 4847 3686 4900 tam
3716 4844 3835 4899 dic-

2115 4935 2193 4991 tis
2214 4939 2412 4990 tamen
2444 4934 2801 5005 addendum,
2826 4934 2988 4991 lateri
3012 4952 3117 4991 nos
3141 4936 3492 5007 perlibenter
3513 4932 3833 4990 monachos

2119 5024 2532 5098 quinonnullis
2565 5024 2982 5081 Ecclesiasticis
3007 5024 3217 5080 ofﬁciis
3248 5023 3600 5092 deserviunt,
3635 5022 3837 5096 qualia

2116 5120 2252 5173 sunt
2280 5115 2434 5172 verbi
2475 5114 2652 5171 divini
2682 5114 2921 5170 assidua
2956 5114 3306 5185 praedicatio,
3340 5119 3833 5170 sacramentorum

2117 5204 2569 5272 administratio,
2594 5203 2980 5260 Ecclesiarum
3019 5201 3381 5274 gubernatio,
3412 5219 3658 5277 quaeque
3688 5203 3833 5260 Gre-

2117 5295 2317 5369 gorius
2347 5293 2441 5349 his
2462 5293 2647 5349 verbis
2673 5292 3007 5363 signiﬁcat:
3069 5290 3173 5359 Qui
3227 5292 3468 5362 quotidie
3496 5294 3556 5349 in
3585 5292 3832 5366 obsequio

2116 5386 2367 5442 Ecclesiae
2395 5386 2603 5456 cogitur
2660 5398 3000 5455 permanere,
3060 5398 3176 5439 non
3235 5399 3406 5456 posse
3435 5384 3505 5440 ad
3545 5386 3832 5441 amussim

2117 5474 2317 5533 omnia
2346 5473 2553 5547 regulae
2586 5471 2922 5529 monasticae
2956 5471 3227 5530 instituta
3277 5473 3601 5532 districtius
3632 5473 3833 5532 obser-

2116 5581 2274 5638 vare,
2304 5563 2365 5620 in
2399 5564 2652 5632 silentio,
2680 5563 2914 5639 vigiliis,
2944 5564 3207 5639 jejuniis,
3232 5565 3482 5641 aliisque
3512 5565 3831 5631 similibus;

2120 5656 2273 5728 quod
2328 5659 2417 5715 est
2472 5656 2771 5730 Gregorio,
2810 5656 3205 5718 districtionem
3258 5657 3580 5717 monasterii
3625 5660 3829 5713 tenere.
