4106 6174
330 282 447 339 375

760 280 823 340 S.
874 269 1245 339 GREGORII
1290 263 1548 327 MAGNI
1592 260 1798 331 VITA,
1846 258 1945 318 EX
1998 253 2175 317 EJUS
2221 251 2570 313 SCRIPTIS
2618 249 3067 313 ADORNATA.
3115 251 3264 311 LIB.
3315 250 3421 310 ΙΙΙ.

3737 246 3852 305 376

330 418 492 474 Unde
523 417 759 474 abbates
793 413 1003 485 aliique
1053 407 1447 467 cmnobiorum
1500 397 1777 473 praefecti,
1831 412 1862 447 a
1894 408 2034 464 quo-
2069 404 2121 466 Α
2150 409 2183 446 a
2218 391 2641 446 Gmnaniarum
2695 388 2955 459 episcOpis
2997 384 3279 459 episcopus
3327 386 3508 455 factus
3552 382 3696 455 (Lib.
3743 395 3874 450 vm,

330 524 459 564 rum
489 507 664 565 verbo
707 510 766 561 et
798 483 1059 574 exemplo
1105 498 1317 571 pendet
1345 493 1507 564 vigor
1534 486 1723 546 omnis
1754 483 2037 574 regularis
2142 496 2225 553 ep.
2260 484 2370 555 30).

328 596 733 659 observantiae,
757 611 871 650 non
904 572 1149 665 possunt
1178 583 1355 642 simul
1380 576 1774 637 ecclesiastica
1794 572 2037 645 implere

333 688 551 755 munia,
581 693 633 741 et
666 681 1037 741 monasteriis
1062 690 1320 749 praeesse.
1355 670 1552 726 Caeteri
1583 683 1714 723 vero
1746 659 2035 728 monachi,

2222 572 2377 627 Idem
2415 573 2484 630 de
2517 576 2575 631 S.
2613 569 2922 647 Augustini
2954 567 3127 625 sociis
3177 568 3236 621 et
3281 563 3339 619 in
3378 562 3702 634 Anglorum
3735 574 3879 615 con-

2146 662 2409 718 versione
2431 665 2800 735 adjutoribus
2816 658 3129 717 dicendum
3153 658 3263 723 est,
3279 670 3428 726 quos
3450 652 3511 708 S.
3536 648 3876 722 Gregorius,

332 780 379 833 si
414 741 799 833 Eccl'esiarum
833 741 1206 844 plebiumque
1238 778 1435 819 curam
1473 762 1692 830 gerant,
1727 752 1941 824 aliquid
1971 751 2042 805 de
2148 749 2259 806 etsi
2284 754 2353 807 ad
2383 755 2814 823 medicandum
2869 751 3078 806 missos
3124 752 3180 802 et
3231 747 3302 800 ad
3335 741 3654 814 apostolica
3682 755 3879 808 opera,

330 871 521 943 rigore
553 864 873 936 disciplinae
904 860 1194 917 remittere
1241 858 1540 925 cogantur.
1574 852 1644 903 At
1674 848 1822 902 idem
1856 845 2046 940 dicere

335 963 455 1015 sive
503 959 574 1012 de
630 953 928 1010 canonicis
986 946 1371 1020 regularibus,
1436 939 1687 995 maxime
1743 930 2050 991 severioris

336 1056 394 1105 et
452 1046 721 1103 arctioris
778 1019 1181 1105 observantiae,
1239 1034 1430 1107 qualis
1480 1031 1672 1087 adhuc
1702 1026 1860 1098 viget
1900 1019 2054 1092 apud

339 1138 923 1191 Premonstratenses
974 1130 1356 1190 Reformatos,
1402 1123 1521 1178 sive
1570 1121 1639 1174 de
1682 1130 1880 1172 eorum
1914 1127 2057 1183 pra:-

340 1225 513 1281 fectis
545 1223 683 1296 quid
716 1219 1032 1293 prohibet?
1060 1217 1267 1272 Ideone
1296 1228 1429 1268 vero
1461 1205 1782 1266 somniabit
1811 1202 1941 1274 quis
1962 1215 2059 1255 eos

341 1332 456 1372 non
491 1330 660 1386 posse
710 1313 1051 1368 clericorum
1098 1305 1274 1363 simul
1306 1305 1466 1360 ohire
1507 1315 1745 1363 munus,
1780 1301 1837 1350 et
1877 1290 2066 1349 eccle‘

340 1405 592 1462 siasticis
611 1403 819 1460 officiis
842 1400 1071 1457 addici?
1094 1398 1207 1454 nisi
1228 1396 1386 1468 prius
1409 1391 1821 1449 canonicorum
1841 1381 2068 1454 regular

343 1496 494 1552 rium
516 1494 784 1549 instituto
811 1492 1155 1547 valcdicant.
1174 1486 1450 1542 Adhibita
1475 1484 1670 1538 forsan
1694 1474 2067 1533 distinctione

351 1583 798 1655 respondebunt
842 1580 949 1647 illi,
983 1580 1099 1635 duo
1139 1579 1197 1632 in
1236 1593 1344 1633 suo
1395 1572 1807 1629 canonicorum
1839 1562 2069 1634 regula-

346 1675 504 1731 rium
536 1674 812 1728 instituto
872 1671 1225 1739 conjuncta;
1266 1668 1398 1721 vota
1443 1662 1664 1717 scilicet
1719 1673 1844 1727 qua:
1877 1654 1948 1709 ad
1980 1649 2069 1707 sui

350 1769 537 1820 status
571 1760 878 1817 essentiam
912 1758 1223 1830 pertinent,
1266 1759 1324 1810 et
1354 1754 1478 1825 pias
1510 1748 1793 1821 quasdam
1816 1757 2068 1807 asceses,
2100 1767 2148 1833 Β

354 1853 550 1924 quales
581 1854 721 1907 sunt
752 1849 927 1905 certis
983 1846 1142 1903 horis
1200 1846 1259 1899 in
1292 1844 1466 1899 choro
1512 1837 1779 1912 psallere,
1812 1831 2066 1897 lectioni,

356 1942 624 2010 orationi,
658 1938 1015 1995 meditationi
1061 1951 1298 2009 operam
1331 1934 1489 1999 dare,
1531 1930 1591 1985 in
1624 1923 1923 1984 communi
1955 1939 2069 1977 coe-

357 2030 565 2086 naculo
616 2029 813 2083 cibum
846 2041 1097 2093 sumere,
1144 2025 1214 2080 ab
1262 2020 1567 2078 hominum
1604 2013 1891 2073 consortio
1922 2026 2073 2067 sece-

361 2122 517 2187 dere,
577 2117 920 2188 silentiOque
976 2116 1231 2182 studere,
1264 2113 1466 2167 eodem
1525 2109 1649 2164 loco
1703 2111 1760 2162 et
1816 2107 2074 2173 tempore

2157 859 2456 915 nunquam
2518 862 2632 902 non
2694 842 3016 901 monachos
3074 837 3384 911 appellat:
3444 834 3606 903 Quia,
3663 828 3880 901 inquit,

2162 932 2534 1005 Redemptoris
2582 935 2759 990 nostri
2812 930 2999 1002 gratia
3050 934 3389 999 coeperante,
3447 926 3608 978 tanta
3654 920 3719 974 de
3766 920 3883 974 An-

2162 1021 2377 1092 glorum
2444 1031 2601 1095 gente
2647 1023 2718 1079 ad
2773 1022 3085 1077 christianae
3131 1015 3261 1087 ﬁdei
3307 1012 3549 1083 gratiam
3583 1006 3883 1065 multitudo

2168 1117 2516 1184 convertitur,
2578 1117 2638 1168 ut
2692 1109 3176 1169 reverendissimus
3231 1101 3539 1162 communis
3602 1102 3779 1169 frater
3833 1101 3885 1151 et

2170 1205 2513 1275 coepiscopus
2551 1212 2740 1259 noster
2786 1202 3124 1272 Augustinus
3172 1211 3259 1252 eos
3308 1196 3406 1266 qui
3429 1207 3611 1248 secum
3638 1195 3781 1255 sunt,
3813 1183 3889 1240 ad

2175 1296 2272 1349 hoc
2300 1311 2435 1365 opus
2486 1291 2909 1365 exsequendum,
2940 1305 3038 1361 per
3093 1287 3305 1343 diversa
3354 1285 3469 1340 loca
3512 1284 3723 1337 asserat
3774 1291 3888 1332 non

2174 1400 2328 1457 posse
2355 1384 2612 1456 sufﬁcere
2632 1402 2650 1438 :
2701 1383 3014 1453 aliquantos
3057 1377 3131 1435 ad
3169 1393 3296 1433 eum
3326 1372 3620 1430 monachos
3648 1385 3772 1424 cum
3802 1366 3891 1421 di-

2179 1475 2485 1530 lectissimis
2538 1481 2589 1529 et
2641 1470 3024 1528 communibus
3069 1468 3201 1538 ﬁliis
3250 1465 3547 1521 Laurentio
3574 1458 3893 1531 presbytero

2181 1569 2231 1620 et
2288 1562 2498 1620 Mellito
2554 1562 2745 1617 abbate
2798 1558 3158 1629 praevidimus
3234 1548 3685 1610 transmittendo:
3743 1544 3895 1616 (Lib.

2182 1670 2262 1722 x1,
2286 1669 2369 1723 ep.
2400 1651 2513 1722 58).
2538 1651 2696 1706 Idem
2731 1649 2940 1721 repetit
2969 1647 3040 1702 ad
3072 1660 3349 1702 nauseam
3377 1656 3564 1713 usque
3593 1639 3652 1693 in
3679 1636 3903 1708 episto-

2182 1742 2253 1798 lis
2279 1742 2411 1798 aliis
2440 1758 2506 1797 ea
2562 1743 2632 1795 de
2681 1756 2740 1795 re
2789 1737 3023 1809 scriptis
3053 1735 3238 1808 (lbid.,
3271 1750 3393 1804 epp.
3434 1731 3525 1797 54,
3555 1729 3645 1794 55,
3676 1726 3767 1790 56,
3797 1724 3897 1793 57,

2177 1834 2269 1902 59,
2300 1834 2389 1900 60,
2420 1833 2511 1897 61,
2570 1830 2684 1903 62).
2720 1829 2883 1885 Brevi
2938 1828 3243 1883 audiemus
3275 1820 3640 1878 Bonifacium
3674 1814 3744 1871 IV
3777 1829 3897 1903 non

2180 1938 2346 1978 secus
2378 1938 2443 1977 ac
2475 1901 2809 1976 antec'essor
2839 1915 3145 1988 Gregorius
3180 1914 3514 1984 loquentem
3555 1909 3614 1963 in
3647 1901 3903 1978 epistola

2183 2013 2254 2068 ad
2289 2010 2692 2067 Edilherthum
2726 2023 2920 2079 regem
2956 2023 2971 2063 :
3006 2007 3069 2063 Ut
3098 2003 3204 2075 ipsi
3246 2011 3438 2059 vestr-.2
3466 1997 3666 2055 salutis
3693 1991 3903 2066 pradi-

2182 2111 2390 2158 catores
2441 2100 2700 2157 monachi
2755 2097 3147 2153 monachorum
3203 2108 3419 2163 gregem
3464 2090 3573 2145 sibi
3608 2086 3902 2141 associent.

2185 2191 2311 2249 Non
2355 2191 2533 2262 pudet
2588 2188 2949 2245 Bonifacium
3010 2183 3303 2258 appellare
3362 2178 3704 2243 monachos,
3762 2173 3904 2228 illos

360 2210 734 2277 decumbere,
763 2212 873 2263 etc.
923 2206 989 2261 Et
1033 2205 1270 2277 quidem
1304 2202 1515 2257 horum
1545 2193 1920 2268 dispendium
1956 2188 2076 2262 pati

2186 2282 2597 2353 praedicatores
2648 2279 2801 2334 haud
2863 2276 3037 2332 dubie
3077 2274 3337 2340 clericos,
3398 2271 3515 2326 imo
3572 2266 3902 2340 episcopos,

359 2317 455 2356 eos
486 2299 582 2371 qui
613 2302 713 2353 aut
744 2295 1042 2353 lucrandis
1075 2302 1172 2350 aut
1223 2290 1487 2364 regendis
1519 2286 1826 2344 animabus
1857 2283 2078 2337 incum-

359 2369 544 2457 bunt;
578 2394 706 2445 vota
736 2405 867 2443 vero
898 2386 1125 2442 illibata
1176 2396 1536 2456 permanere.
1594 2380 1667 2432 At
1700 2374 1963 2433 eamdem
1997 2369 2080 2426 si—
2186 2370 2579 2443 presbyteros,
2611 2369 2902 2425 diaconos.

372 2481 490 2535 mul
527 2443 963 2550 responsionem
988 2443 1447 2547 suppeditabunt
1483 2466 1786 2526 monachis
1818 2462 2082 2519 sacerdo-
2260 2463 2312 2515 4.
2350 2462 2426 2515 Ex
2456 2461 2661 2516 coaevis
2692 2456 3074 2529 scriptoribus
3107 2453 3357 2510 sufficiat.
3388 2449 3558 2506 nobis
3586 2443 3909 2519 Gregorius

364 2569 482 2625 tale
514 2584 733 2624 munus
790 2566 1157 2636 obeuntibus,
1214 2563 1471 2633 nodique
1518 2557 1864 2615 solutionem
1910 2568 2079 2623 quem
2190 2550 2515 2608 Turonicus
2546 2552 2609 2604 ut
2666 2546 3048 2603 ostendamus
3077 2548 3217 2599 tunc
3262 2538 3543 2611 temporis
3587 2533 3914 2592 Monachos

366 2678 436 2717 ex
484 2660 664 2732 priori
712 2657 969 2727 Gregorii
1019 2654 1353 2712 testimonio
1384 2650 1748 2721 adstringere
1772 2649 2080 2703 conantur.
2193 2641 2414 2714 passim
2473 2638 2714 2694 clericos
2774 2636 2976 2693 dictos.
3041 2635 3103 2688 In
3154 2631 3257 2688 lib.
3290 2648 3308 2686 1
3341 2630 3409 2685 de
3435 2628 3627 2685 Gloria
3660 2625 3831 2681 Mart.
3857 2638 3910 2678 c.

432 2712 595 2807 2.rAd
621 2712 1002 2822 posteriorem
1029 2746 1220 2802 locum
1249 2748 1374 2816 jam
1397 2712 1724 2797 veniamvus.
1757 2739 1817 2795 S.
1852 2736 2088 2807 Doctor,
2191 2712 2284 2800 ⁵76,
2309 2730 2408 2801 qui
2436 2730 2494 2784 in
2531 2726 2884 2784 monasterio
2932 2724 3261 2796 Agaunensi
3314 2721 3429 2776 Deo
3459 2717 3661 2774 laudes
3694 2712 3917 2788 pet-sol.

372 2839 476 2894 lib.
510 2805 751 2907 vn,‘ep.
802 2836 891 2897 43,
925 2834 1047 2890 haec
1078 2805 1370 2889 decernit:
1424 2831 1483 2886 Si
1525 2830 1797 2901 quispiam
1830 2805 2087 2881 abbatum
2194 2822 2426 2889 vehant,
2458 2816 2974 2874 indiscriminatim
3031 2817 3313 2870 vocantur
3343 2810 3510 2866 modo
3537 2805 3749 2873 clerici,
3784 2818 3920 2858 mo-

367 2936 469 2985 aut
497 2928 884 2984 monachorum
930 2940 1000 2979 ea:
1047 2938 1364 2994 quocunque
1397 2920 1728 2976 monasterio
1757 2915 1832 2970 ad
1861 2916 2091 2970 clerica-
2197 2913 2269 2968 do
2302 2907 2593 2965 monachi.
2618 2906 2829 2976 Mulier,
2865 2904 3051 2975 inquit
3083 2901 3414 2974 Gregorius,
3448 2896 3697 2971 quaedam
3727 2893 3919 2963 ﬁlium

365 3023 461 3074 tus
501 3015 738 3085 ofﬁcium
801 3014 880 3069 vel
937 3013 1182 3068 ordinem
1238 3026 1456 3065 sacrum
1503 3008 1801 3071 accesserit,
1834 3019 1941 3059 non
1972 3002 2091 3055 illic
2196 3019 2360 3058 suum
2392 3002 2617 3054 unicum
2664 2997 2733 3052 ad
2788 2998 2886 3052 hoc
2942 2994 3333 3051 monasterium
3382 2989 3673 3054 adducens,
3720 2982 3921 3038 abbati

374 3075 619 3176 aliquam
650 3103 843 3159 habeat
875 3102 1131 3167 ulterius,
1181 3111 1240 3155 ut
1268 3100 1526 3161 diximus,
1558 3100 1883 3167 potestatem
1904 3108 1925 3152 ,·
1954 3106 2077 3162 ergc

2222 3093 2425 3150 radidit
2455 3088 2843 3153 erudiendum,
2864 3086 3114 3143 videlicet
3145 3094 3204 3141 ut
3232 3087 3406 3155 factus
3444 3082 3675 3138 clericus
3704 3075 3927 3133 sanctis

376 3153 618 3176 ηψπ..-
1516 3153 1525 3161 ,
1559 3153 1568 3167 .
2018 3153 2050 3162 υ

376 3195 483 3250 hoc
512 3194 639 3266 ipso
671 3194 825 3265 quod
859 3192 929 3247 ad
964 3207 1156 3246 curam
1191 3189 1456 3243 Ecclesiae
1497 3184 1901 3243 sustinendam
1937 3180 2086 3235 ordi-
2122 3153 2165 3220 (ἶ
2205 3186 2619 3255 manciparetur
2647 3179 2865 3251 ofﬁciis.
2905 3184 3104 3235 Verum
3130 3153 3255 3232 cum
3268 3176 3394 3246 jam
3417 3170 3766 3245 spiritalibus
3795 3182 3929 3223 eru-

384 3285 632 3341 nabatur
663 3282 1009 3351 monachus,
1060 3279 1447 3336 monachatus
1496 3274 1884 3342 auferebatur,
1908 3270 2097 3342 inquit
2204 3275 2354 3331 ditus
2382 3277 2519 3329 esset
2550 3273 2609 3326 in
2666 3270 2883 3336 litteris,
2915 3272 2967 3324 et
2994 3284 3118 3323 cum
3147 3266 3378 3336 reliquis
3416 3261 3637 3319 clericis
3666 3260 3723 3315 in
3754 3258 3931 3313 choro

388 3390 649 3447 nuperus
681 3374 944 3445 scriptor.
981 3372 1120 3428 Mira
1152 3387 1291 3427 sane
1321 3367 1758 3440 consequentia.
1793 3362 1968 3431 Quasi
1999 3377 2077 3419 vel

2222 3366 2525 3422 :anentium
2562 3361 2839 3434 psalleret,
2885 3368 2992 3416 etc.
3053 3358 3132 3413 En
3192 3354 3385 3413 clerici
3433 3353 3706 3409 dicuntur
3733 3351 3935 3418 Agau-

389 3481 452 3521 ro
484 3465 637 3521 idem
661 3469 816 3520 esset
846 3467 1102 3533 potestas
1141 3461 1201 3516 in
1237 3436 1611 3524 monasterio,
1643 3461 1701 3513 et
1742 3450 2077 3509 monasticu:

2222 3472 2453 3525 menses;
2483 3461 2538 3508 at
2570 3451 2741 3524 paulo
2796 3449 2944 3505 infra
2976 3445 3243 3504 monachi
3282 3443 3690 3516 appellantur:
3722 3436 3938 3493 Audies

388 3560 593 3622 status,
653 3554 752 3625 qui
794 3552 1125 3608 obedientia
1178 3560 1231 3606 et
1279 3548 1638 3620 subjectione
1697 3542 1875 3600 263
1906 3541 2100 3614 potius

389 3662 565 3717 quam
601 3646 878 3714 potestate
899 3656 964 3698 ac
987 3640 1333 3697 auctoritate
1356 3642 1602 3695 constat.
1626 3636 1879 3708 Scopum
1904 3635 2100 3688 autem

391 3735 446 3791 S.
479 3734 739 3805 Gregorii
784 3733 903 3788 haec
952 3732 1258 3787 scribentis
1297 3730 1421 3801 jam
1480 3727 1843 3784 ostendimus
1904 3724 2104 3793 (Supra

389 3841 511 3895 cap.
544 3825 598 3895 3,
621 3840 778 3879 num.
808 3823 885 3892 9).
917 3823 1201 3879 Caeterum
1269 3826 1331 3877 ut
1389 3825 1507 3875 tam
1559 3817 1777 3886 dubiis,
1810 3831 1882 3871 ne
1912 3813 2103 3869 dicam

394 3913 565 3986 plane
597 3913 777 3984 falsis,
829 3913 1157 3968 certissima
1200 3916 1259 3967 et
1306 3909 1692 3966 invictissima
1740 3915 2107 3976 opponamus

393 4012 755 4075 argumenta,
798 4002 1047 4057 breviter
1098 4001 1475 4057 ostendamus
1532 3998 1720 4070 primo
1770 3991 2108 4065 Gregorium

394 4095 671 4165 Magnum
705 4109 817 4148 non
845 4094 924 4147 sic
944 4092 1141 4163 ubique
1169 4092 1425 4146 clericum
1443 4107 1474 4145 a
1496 4086 1757 4143 monacho
1780 4082 2112 4153 seiunxisse,

395 4190 460 4237 ut
484 4198 643 4255 quem
672 4182 833 4238 semel
875 4182 1136 4236 clericum
1174 4180 1549 4252 appellaverit,
1580 4178 1626 4232 is
1682 4176 1779 4230 hoc
1807 4176 1922 4242 ipso
1970 4171 2113 4241 quis-

398 4274 518 4343 quis
548 4281 643 4339 est,
676 4286 1025 4341 nequaquam
1076 4272 1146 4324 sit
1187 4286 1291 4341 pro
1319 4266 1586 4325 monacho
1630 4262 1922 4337 putandus,
1956 4259 2113 4331 quod

401 4363 547 4415 forte
570 4360 727 4413 aliud
782 4359 1037 4425 cogitans
1067 4359 1209 4415 dixit
1257 4359 1351 4415 ille
1383 4358 1668 4428 scriptor:
1706 4356 1961 4411 secundo
1994 4366 2114 4406 mo-

404 4447 622 4503 nachos
655 4449 862 4517 passim
896 4448 1132 4503 clericos
1162 4452 1333 4503 etiam
1387 4448 1573 4503 dictos
1628 4446 1688 4502 in
1722 4443 2117 4501 celeberrimis

406 4536 786 4608 scriptoribus
817 4538 1085 4609 Gregorio
1115 4537 1484 4607 synchronis.

480 4628 533 4682 3.
591 4626 739 4681 Sane
799 4625 1041 4681 clericus
1082 4627 1201 4696 jam
1260 4636 1400 4691 erat,
1432 4630 1489 4681 et
1538 4622 1965 4690 ecclesiasticis,
2002 4622 2119 4679 imo

411 4716 748 4789 apostolicis
779 4716 986 4773 officiis
1019 4717 1285 4772 addictus
1316 4716 1374 4772 S.
1406 4715 1791 4788 Augustinus,
1825 4732 1958 4771 cum
1990 4730 2124 4771 eum

411 4810 483 4866 ad
513 4808 831 4879 Anglorum
860 4807 1299 4864 conversionem
1346 4808 1503 4863 misit
1549 4805 1963 4863 sanctissimus
1997 4823 2121 4862 ma-

409 4900 615 4967 gister.
640 4896 921 4953 Eumdem
947 4902 1086 4954 tunc
1128 4902 1228 4953 aut
1252 4898 1651 4969 presbyterum
1676 4899 1775 4951 aut
1810 4896 2124 4952 Diaconum

410 4990 615 5045 saltem
652 4990 830 5046 fuisse
861 4990 1227 5062 peneliquet,
1254 4989 1408 5061 quod
1442 4987 1750 5056 Gregorius
1780 4986 1968 5053 illum,
2002 4984 2127 5040 nul-

410 5079 467 5133 la
497 5080 741 5135 alterius
774 5080 997 5136 ordinis
1045 5079 1237 5135 collati
1274 5080 1416 5135 facta
1444 5076 1756 5146 mentione,
1790 5076 2125 5131 ordinatum

410 5169 740 5239 episcopum
777 5178 1032 5225 testelur.
1061 5167 1249 5226 Nihilo
1278 5172 1465 5223 tamen
1493 5169 1689 5221 minus
1712 5164 1983 5221 eumdem
2012 5179 2129 5219 mo.

413 5256 665 5311 nachum
701 5257 894 5314 adhuc
930 5258 1182 5330 appellat
1214 5260 1283 5313 ad
1320 5258 1623 5330 Eulogium
1656 5254 1958 5312 scribens:
1994 5256 2131 5309 Dum

410 5360 539 5415 gens
560 5347 859 5416 Anglorum
894 5350 949 5402 in
980 5349 1174 5403 mundi
1199 5350 1405 5421 angulo
1433 5350 1631 5419 posita,
1673 5364 1730 5402 in
1775 5345 1924 5401 cultu
1956 5345 2133 5415 ligno-

414 5450 539 5489 rum
585 5451 649 5490 ac
696 5438 945 5508 lapidum
1006 5440 1217 5508 per/ida
1281 5456 1600 5511 nuncusque
1669 5443 2007 5503 remaneret,
2066 5451 2135 5491 ex

413 5530 603 5587 vestrm
628 5526 765 5580 mihi
792 5529 1054 5582 orationis
1083 5529 1361 5599 adjutorio
1408 5529 1636 5601 placuit,
1669 5537 1727 5583 ut
1754 5527 1823 5582 ad
1863 5543 1994 5581 eum
2024 5540 2137 5581 m0-

415 5619 650 5670 nasterii
703 5617 812 5670 mei
875 5619 1203 5673 monachum
1252 5621 1309 5671 in
1362 5619 1805 5690 praedicationem
1857 5616 2135 5671 transmit-

418 5708 529 5762 lere
557 5704 661 5761 Deo
690 5710 912 5763 auctore
965 5706 1287 5761 debuissem.
1346 5708 1467 5776 Qui,
1524 5708 1660 5762 data
1713 5724 1748 5763 a
1797 5722 1884 5763 me
1909 5706 2133 5761 licentia

2210 3563 2387 3603 vocem
2421 3546 2541 3616 ejus
2598 3543 2741 3598 inter
2795 3540 2984 3596 choros
3035 3536 3392 3610 psallentium
3420 3530 3833 3589 monachorum.
3856 3526 3941 3582 Et:

2213 3635 2382 3709 paulo
2414 3637 2580 3705 post:
2617 3633 2830 3689 Ubi.....
2861 3628 3226 3700 antiphonam
3282 3630 3502 3680 caterva
3548 3620 3780 3690 suscepit
3810 3631 3944 3672 mo-

2212 3706 2539 3791 nachorum,
2598 3721 2758 3778 audit
2811 3720 3079 3790 genitrix,
3136 3715 3361 3789 parvuli
3414 3727 3595 3769 vocem
3628 3706 3941 3778 cognoscit.

2213 3819 2367 3873 Idem
2401 3813 2709 3885 Gregorius
2739 3810 2887 3866 libro
2945 3810 3014 3865 de
3063 3804 3361 3863 miraculis
3392 3805 3453 3859 8.
3485 3800 3704 3858 Juliani
3734 3814 3785 3853 c.
3819 3795 3889 3850 28
3921 3811 3942 3851 :

2218 3906 2459 3964 Clericus
2488 3908 2669 3961 autem
2697 3902 2924 3975 quidam
2976 3899 3157 3955 Aridii
3194 3895 3530 3954 Lemovicini
3558 3892 3787 3957 abbatis,
3820 3891 3943 3944 etc.

2218 3996 2395 4053 Multa
2424 3994 2630 4051 omitto
2661 3993 2877 4065 quibus
2910 3994 3104 4046 narrat
3150 3987 3422 4044 clericum
3455 3984 3613 4040 hunc
3654 3975 3947 4037 miraculo

2220 4088 2279 4143 in
2313 4085 2616 4142 basilicam
2646 4083 2705 4139 S.
2736 4080 2954 4138 Iuliani
3013 4079 3193 4134 fuisse
3250 4075 3675 4133 introductum.
3707 4069 3777 4125 Et
3806 4065 3953 4123 sub-

2222 4177 2339 4232 dit:
2376 4172 2522 4242 Quod
2547 4190 2616 4229 ne
2646 4171 2769 4243 quis
2818 4170 3043 4237 dubitet,
3088 4171 3255 4224 testor
3282 4166 3699 4237 omnipotentem
3742 4159 3951 4226 Deum,

2224 4268 2355 4339 quia
2408 4264 2474 4319 ab
2522 4264 2695 4335 ipsius
2748 4261 2959 4317 abbatis
3012 4274 3106 4314 ore
3158 4259 3269 4312 lucc
3317 4255 3501 4312 omnia
3540 4249 3765 4324 cognovi
3793 4246 3954 4319 apud

2224 4359 2379 4424 cuius
2407 4360 2734 4413 monachum
2790 4363 2935 4425 gesta
2985 4352 3135 4408 sunt.
3187 4348 3365 4405 Vides
3422 4346 3517 4403 hic
3561 4340 3952 4409 monachum,

2228 4465 2401 4522 quem
2435 4463 2613 4519 supra
2644 4446 2921 4502 clericum
2947 4442 3159 4515 legisti.
3193 4444 3259 4495 At
3306 4438 3430 4495 vice
3480 4451 3646 4493 versa
3686 4447 3817 4503 cap.
3847 4430 3952 4498 35,

2149 4533 2193 4597 D
2227 4520 2395 4612 quem
2429 4539 2593 4611 prius
2626 4536 2971 4593 Monachum
3008 4534 3177 4605 dixit,
3210 4530 3404 4588 statim
3438 4527 3715 4585 clericum
3747 4520 3958 4612 appel-

2232 4610 2330 4687 lat.
2355 4610 2473 4685 Etsi
2496 4643 2629 4684 vero
2661 4626 2982 4683 monachus
3012 4625 3082 4679 ad
3115 4618 3543 4681 ecclesiasticas
3574 4630 3737 4672 curas
3766 4617 3826 4667 et
3859 4610 3957 4666 di-

2229 4720 2482 4792 gnitates
2539 4720 2880 4788 assumptus
2912 4713 3229 4771 monachus
3280 4709 3432 4767 ultra
3471 4722 3587 4763 non
3632 4704 3956 4771 diceretur,

2231 4827 2359 4867 esse
2385 4814 2579 4864 tamen
2630 4806 2871 4863 minime
2928 4804 3235 4863 desineret,
3295 4799 3449 4871 quod
3508 4791 3805 4852 contendit
3863 4792 3961 4848 vir

2233 4903 2461 4970 doctus,
2494 4902 2552 4953 at
2582 4897 2643 4953 in
2672 4896 2918 4954 lectione
2972 4891 3230 4965 Gregorii
3286 4888 3474 4961 Magni
3508 4899 3652 4959 pene
3685 4879 3956 4955 peregri-

2234 5007 2361 5046 nus.
2396 4990 2537 5045 Cum
2573 4986 2731 5043 enim
2761 4984 3159 5042 denominatio
3190 4999 3224 5038 a
3263 4978 3528 5036 nobiliori
3563 4974 3743 5048 gradu
3776 4971 3963 5027 desu-

2234 5087 2442 5147 matur,
2475 5076 2613 5149 quid
2664 5077 2879 5131 mirum
2912 5074 2961 5131 si
3019 5072 3154 5145 quis
3202 5067 3488 5126 monacho
3518 5062 3957 5137 superinduens

2234 5147 2595 5240 episc0pum,
2651 5162 2901 5234 exempli
2952 5160 3158 5232 gratia,
3187 5175 3303 5215 non
3334 5154 3592 5228 amplius
3624 5147 3959 5208 monachus

2234 5238 2536 5323 vocitatur,
2587 5253 2725 5309 licet
2783 5250 3132 5307 monachum
3194 5264 3309 5303 non
3359 5241 3711 5317 deposuerit,
3770 5244 3829 5295 et
3890 5238 3957 5294 in

2239 5345 2584 5402 monasticis
2616 5344 2791 5399 etiam
2824 5341 3134 5407 institutis,
3168 5339 3225 5394 in
3260 5336 3496 5410 vigiliis,
3522 5332 3793 5406 jejuniis,
3825 5344 3961 5387 ora.-

2239 5435 2498 5492 tionibus
2531 5432 2889 5505 perseveret?
2924 5432 2997 5486 De
3032 5430 3120 5485 his
3174 5444 3299 5501 quae
3341 5424 3657 5482 delibamus
3696 5425 3955 5485 tantum,

2240 5524 2473 5598 legendi
2504 5528 2638 5579 sunt
2670 5531 2867 5579 noster
2922 5518 3298 5577 Mahillonius
3350 5523 3473 5572 tum
3510 5514 3569 5569 in
3602 5511 3823 5569 Prefat.
3875 5509 3955 5598 ad

2244 5596 2524 5671 saeculum
2558 5629 2599 5668 ιι
2632 5611 2867 5679 Bened.,
2903 5626 3066 5666 num.
3100 5609 3190 5679 27,
3222 5611 3346 5663 tum
3376 5605 3435 5660 in
3466 5619 3618 5674 resp.
3654 5602 3679 5655 1
3708 5598 3779 5655 ad
3810 5596 3962 5654 scri-

2246 5706 2407 5777 ptum
2438 5701 2845 5758 canonicorum
2879 5714 2997 5773 reg.
3032 5698 3102 5755 de
3131 5692 3493 5754 sessionibus
3516 5691 3572 5747 in
3603 5685 3959 5763 Burgundie
