4106 6174
2 3956 5 4021 Ξ

2 4054 9 4123 l

2 4144 5 4181 ι

2 4192 5 4259 l

284 262 415 319 377
738 267 804 325 S.
848 265 1215 327 GREGORII
1261 266 1503 327 MAGNl
1548 268 1760 338 VI'I‘A,
1812 268 1909 328 EX
1957 266 2143 330 EJUS
2189 268 2532 331 SCRIPTIS
2578 272 3039 332 ADDRNATA.
3089 272 3227 333 LIB.
3277 274 3382 334 III.
3710 277 3829 337 378

281 395 575 463 comitiis,
610 398 941 456 Hadrianus
971 399 1237 458 Valesius
1268 401 1326 457 in
1359 402 1775 475 disceptatione
1804 403 1875 459 de
1906 404 2006 459 ba-
2038 406 2089 471 Α
2124 404 2328 476 prioris
2350 409 2406 460 et
2429 405 2758 477 apostolicae
2784 407 3049 463 Ecclesia
3075 422 3295 462 morem
3319 407 3838 475 occurritmentio,

280 484 502 555 silicis,
562 497 615 544 et
648 490 703 545 in
737 491 864 561 ejus
895 492 1250 555 defensione,
1293 510 1518 551 necnon
1574 494 2008 551 Thomassinus

274 574 632 647 Disciplina
665 578 881 637 Eccles.
917 586 1080 654 parte
1109 599 1150 650 1,
1184 582 1285 639 lib.
1318 600 1357 639 ι.

348 666 407 719 5.
429 665 708 739 Magnum
725 686 865 727 sane
879 671 1234 743 opinatorem
1251 690 1376 731 esse
1389 674 1575 731 virum
1592 676 1823 731 eruditu
1836 692 1883 731 ω
1906 690 2013 733 cu-

262 754 375 824 jus
390 771 551 810 nunc
565 762 2011 838 argumentaexpendimus,inticiabiturnemo,qui

274 845 354 901 ad
376 862 451 901 ea
482 850 862 916 ponderanda
882 851 1029 910 liber
1048 854 1120 909 ab
1142 854 1414 910 omnibus
1436 856 1793 927 praajudiciis
1816 874 2013 914 acces-

277 934 469 1002 serit;
494 952 623 1005 quae
644 938 914 995 videlicet
934 956 1274 1012 proponere,
1296 943 1557 1000 refellere
1578 951 1685 1011 est,
1709 949 1772 999 ut
1792 961 1860 1000 ex
1883 961 2013 1002 mox

277 1024 559 1082 dicendis
575 1026 766 1099 palam
786 1029 1029 1087 ﬁet.Non
1046 1032 1223 1088 stabit
1236 1036 1539 1107 peripsum
1557 1036 1875 1105 quominus
1891 1052 2015 1109 per-

278 1130 533 1171 suasum
558 1116 881 1176 habeamus
903 1121 1247 1194 Gregorium
1279 1125 1555 1197 Magnum
1589 1127 1901 1184 canonicos
1929 1145 2015 1185 re-

280 1204 525 1276 gulares
557 1206 909 1278 instituisse,
939 1218 1249 1285 posteaque
1272 1215 1593 1271 decrevisse
1626 1223 1690 1273 ut
1710 1235 1780 1275 ex
1808 1219 2012 1276 eodem

277 1294 564 1351 instituto
582 1297 775 1355 clerici
800 1302 1047 1372 primam
1071 1304 1391 1375 Anglorum
1423 1306 1741 1363 Ecclesium
1764 1310 2016 1366 Cantua-

276 1384 380 1439 τίω
406 1387 709 1445 conditam
732 1396 1081 1461 occuparent
1102 1408 1116 1460 ;
1135 1396 1491 1467 tandemque
1513 1396 1770 1469 reliquas
1793 1399 2013 1472 Angliae

276 1475 453 1531 sedes
470 1478 837 1547 pontiﬁcales
856 1483 1391 1541 canonicisclericis
1406 1486 1670 1544 similiter
1681 1489 2008 1546 obvenisse.

352 1564 617 1622 Primum
661 1568 896 1641 quidem
938 1572 1186 1643 probare
1223 1573 1421 1631 nititur
1459 1592 1529 1631 ex
1576 1577 1799 1634 Joanne
1847 1578 2006 1637 Diac.

285 1652 388 1708 lib.
422 1654 641 1711 "Vitae
689 1658 748 1715 S.
802 1659 968 1728 Greg.
1037 1677 1162 1733 cap.
1222 1663 1333 1720 12:
1391 1665 1741 1731 Videbantur,
1794 1668 2007 1740 inquit,

2118 492 2172 547 id
2208 492 2280 549 ad
2315 495 2684 565 probandum
2711 495 3124 551 canonicorum
3149 496 3332 567 regul.
3360 495 3700 552 institutum
3725 502 3839 553 tra-

2118 583 2256 639 hat:
2292 601 2403 641 non
2437 587 2746 641 attendens
2776 585 3179 642 coenobiticam
3214 592 3269 642 et
3298 602 3673 643 communem
3709 604 3836 644 mo-

2121 676 2436 731 nachorum
2484 675 2681 740 vitam,
2715 674 2887 730 etiam
2936 675 3007 729 ad
3057 676 3317 745 ejusdem
3371 675 3724 748 antiquioris
3764 677 3835 732 ab

2120 766 2401 840 apostolis
2428 764 2703 820 institutes
2735 764 3000 821 Ecclesiae
3026 766 3263 819 modum
3284 782 3671 838 normamque
3693 783 3835 839 pm-

2122 858 2398 929 scriptam
2449 856 2644 923 fuisse,
2673 859 2729 910 et
2770 855 2827 910 in
2864 855 3132 911 omnibus
3183 871 3327 925 pene
3367 856 3711 913 monasticis
3744 872 3835 913 re-

2121 947 2274 1020 gulis
2293 945 2616 1015 exemplum
2645 946 2853 1001 veteris
2876 945 3032 1000 illius
3057 945 3835 1016 EcclesieeJerosolymitanae

2123 1038 2231 1093 sub
2249 1036 2542 1109 apostolis,
2582 1036 2638 1090 in
2680 1035 2931 1091 medium
2971 1035 3209 1091 adduci:
3250 1036 3556 1107 Omniaque
3580 1038 3839 1092 omnibus

2121 1130 2231 1182 sint
2258 1128 2594 1192 communia,
2634 1124 2827 1196 inquit
2875 1125 2933 1179 S.
2987 1125 3359 1194 Benedictus,
3390 1127 3531 1181 sicut
3568 1128 3834 1197 scriptum

2121 1221 2198 1273 est
2230 1219 2360 1285 (Act.
2388 1217 2483 1289 ιν),
2507 1231 2607 1272 nec
2634 1215 2921 1287 quisquam
2953 1231 3113 1270 suum
3145 1215 3359 1287 aliquid
3388 1215 3536 1271 dicat
3566 1216 3648 1273 vel
3682 1233 3833 1288 prae-

2118 1312 2316 1362 sumat.
2353 1309 2418 1362 Et
2447 1324 2573 1377 cap.
2607 1306 2675 1361 34
2709 1322 2721 1361 :
2758 1306 2818 1361 Si
2845 1322 3031 1362 omnes
3060 1305 3357 1377 aequaliter
3385 1306 3614 1361 debeant
3653 1322 3837 1363 neces-

2118 1396 2279 1453 saria
2310 1397 2574 1465 accipere.
2607 1394 2758 1451 Sicut
2787 1395 3053 1467 scriptum
3082 1400 3178 1462 est,
3210 1394 3556 1451 dividebatur
3594 1395 3835 1465 singulis

2117 1491 2275 1559 prout
2305 1488 2502 1557 cuique
2543 1502 2677 1558 opus
2718 1493 2855 1541 erat.
2900 1486 3043 1541 Cum
3085 1488 3284 1540 sancto
3332 1485 3642 1541 Benedicto
3697 1500 3831 1541 vero

2116 1577 2223 1634 hac
2281 1577 2337 1631 in
2390 1581 2549 1648 parte
2597 1576 2911 1633 concinunt
2960 1591 3162 1630 omnes
3212 1574 3329 1630 fere
3372 1574 3832 1631 monasticarum

2116 1667 2477 1740 regularum,
2510 1667 2859 1735 conditores,
2894 1666 3171 1722 utvidere
3193 1670 3278 1720 est
3300 1666 3358 1720 in
3394 1666 3700 1721 concordia
3742 1682 3830 1721 re-

284 1747 487 1841 passim
504 1762 631 1803 cum
647 1748 1289 1841 eruditissimisclericis
1317 1756 1601 1813 adha'rere
1640 1758 1887 1827 pontiﬁci
1914 1775 2002 1815 re-
2036 1774 2091 1841 B
2122 1760 2415 1833 gularum,
2450 1761 2686 1814 auctore
2714 1756 3091 1813 S.Benedicto
3122 1755 3357 1811 Anianse
3397 1755 3625 1823 abbate,
3659 1772 3829 1827 capp.

289 1835 633 1902 ligiosissimi
658 1838 937 1908 monachi,
970 1840 1103 1897 etin
1133 1842 1367 1899 diversis
1386 1848 1815 1916 professionibus
1843 1848 2006 1904 habe-

296 1926 453 1979 batur
485 1927 595 1981 vita
628 1932 970 1986 communis:
1001 1934 1081 1987 ita
1111 1940 1173 1987 ut
1205 1934 1335 1989 talis
1362 1941 1503 1991 esset
1525 1944 1654 1992 tunc
1680 1940 1780 1992 sub
1817 1938 2015 2010 Grego-

297 2014 376 2069 rio
410 2031 577 2087 penes
601 2020 793 2075 urbem
825 2021 1049 2077 Romam
1089 2024 1362 2093 Ecclesia,
1405 2027 1622 2097 qualem
1663 2027 1811 2084 hanc
1846 2030 2019 2100 fuisse

302 2106 387 2161 sub
432 2111 696 2179 apostolis
755 2112 925 2169 Lucas
979 2122 1031 2170 et
1076 2114 1174 2170 sub
1232 2117 1409 2173 Marco
1459 2118 1807 2191 Evangelista
1854 2136 2018 2192 penes

306 2196 691 2254 Alexandriam
717 2201 876 2258 Philo
905 2210 1315 2261 commemorat.

369 2287 470 2342 Hic
523 2303 775 2360 agnosco
823 2298 1090 2350 nostrum
1124 2295 1465 2369 Gregorium
1528 2300 1860 2355 monastice
1892 2299 2017 2356 vitae

308 2374 601 2446 cultorem,
633 2382 691 2434 et
721 2381 1030 2437 monastici
1062 2384 1152 2439 sui
1184 2383 1434 2441 instituti
1466 2386 2017 2456 retinentissimum,

307 2465 614 2523 monachos
683 2468 996 2527 habentem
1057 2475 1437 2543 convictores,
1490 2494 1612 2532 cum
1673 2478 1870 2549 quibus
1919 2480 2018 2535 diu

306 2559 562 2628 noctuque
587 2568 858 2627 versatus,
904 2562 1055 2618 nihil
1090 2566 1407 2622 monasticw
1450 2567 1797 2638 perfectionis
1827 2570 1886 2623 in
1920 2584 2019 2639 pa-

303 2644 495 2703 latio...
526 2647 840 2722 dereliquit,
895 2652 1082 2723 inquit
1110 2657 1378 2711 Joannes.
1420 2656 1599 2712 Video
1634 2674 1870 2730 quoque
1900 2658 2015 2730 ipsi

303 2735 587 2794 adherere
600 2737 859 2809 clericos,
875 2743 975 2813 qui
991 2743 1170 2800 libere
1191 2746 1370 2803 nullis
1386 2748 1646 2804 adstricti
1662 2748 1829 2816 votis,
1853 2748 2015 2805 nulla

301 2823 420 2896 lege
460 2826 719 2897 obligati,
768 2846 900 2887 cum
945 2834 1248 2891 monachis
1291 2853 1667 2894 communem
1719 2838 2013 2894 ducebant

298 2916 492 2972 vitam.
525 2916 806 2974 Ceterum
832 2920 902 2975 de
924 2923 1337 2980 canonicorum
1362 2926 1720 2998 regularium
1741 2927 2009 2984 institute

297 3007 458 3077 cujus
489 3008 665 3065 fuerit
696 3026 903 3081 parens
932 3013 990 3068 S.
1024 3013 1359 3087 Gregorius,
1406 3033 1596 3090 neque
1641 3018 1749 3074 hoc
1780 3018 1839 3073 in
1879 3018 2007 3074 loco

295 3095 609 3166 quidquam
639 3099 874 3172 legitur,
901 3118 1084 3173 neque
1116 3104 1253 3161 ullis
1293 3106 1351 3162 in
1384 3107 1646 3178 epistolis
1686 3110 1785 3164 aut
1826 3106 2002 3163 lucu-

291 3185 653 3245 hrationihus
684 3191 1068 3262 Gregorianis.
1104 3194 1251 3253 Num
1285 3213 1419 3269 ergo
1449 3197 1642 3256 clerici
1694 3199 1890 3255 statim
1934 3215 2001 3256 ac

286 3277 421 3332 vitae
466 3279 769 3353 victusque
817 3284 1297 3343 communitatem
1352 3288 1669 3357 habebunt,
1723 3290 2000 3346 continuo

288 3365 533 3423 evadent
564 3370 829 3427 canonici
862 3373 1158 3445 regulares
1188 3376 1217 3431 ‘I

359 3457 447 3512 At
472 3456 704 3530 inquies
735 3478 864 3518 cum
894 3464 1065 3521 docto
1092 3464 1237 3533 viro,
1270 3471 1453 3538 poeta,
1488 3469 1681 3526 nescio
1711 3470 1843 3541 quis
1884 3486 2002 3525 me-

285 3548 467 3605 minit
496 3550 908 3609 canonicorum
938 3556 1161 3613 ordinis
1201 3556 1540 3630 Gregoriani
1566 3577 1580 3629 ;
1612 3577 1747 3634 ergo
1789 3563 2004 3633 Grego-

282 3639 416 3695 rius
446 3638 693 3710 Magnus
727 3643 1143 3702 canonicorum
1166 3646 1511 3719 regularium
1548 3650 1809 3706 ordinem
1844 3651 2009 3708 iusti-

278 3728 402 3786 tuit
438 3743 453 3793 ;
485 3730 554 3783 Et
589 3730 804 3800 quidni,
836 3732 937 3803 ait,
970 3750 1067 3791 nos
1107 3734 1469 3806 Gregorianos
1511 3741 1798 3795 canonicos
1837 3740 2006 3795 hono-

276 3822 360 3877 ris
393 3833 567 3875 causa
591 3821 941 3878 nominemus
961 3830 987 3877 Ρ

348 3908 529 3968 Absit
554 3914 618 3966 ut
646 3910 771 3982 pios
803 3928 868 3968 ac
899 3912 1203 3987 religiosos
1232 3917 1388 3975 viros
1417 3919 1759 3991 Gregoriani
1789 3919 2010 3976 ordinis

268 3999 609 4060 canonicos
657 4000 861 4057 eodem
921 4018 1098 4060 sensu
1155 4006 1536 4078 appellemus,
1599 4027 1713 4081 quo
1780 4010 1851 4064 ab
1908 4009 2008 4065 illo

265 4094 460 4163 poeta
491 4087 783 4161 dicuntur,
817 4106 962 4160 quos
992 4093 1168 4150 refert
1198 4111 1228 4151 e
1260 4097 1319 4153 S.
1372 4096 1647 4154 Walarici
1713 4101 2010 4154 monaste-

261 4182 359 4238 rio
399 4178 628 4248 ejectos
658 4178 750 4235 his
778 4181 975 4239 verbis
1007 4198 1023 4240 :

444 4283 649 4359 Qrdine
680 4286 789 4337 dux
812 4288 1225 4359 Hugo_vacuans
1254 4307 1379 4359 mox
1400 4296 1721 4359 Gregoriano

445 4347 750 4411 Templum,
786 4347 1080 4404 normalem
1106 4358 1294 4407 statuit
1322 4347 1564 4409 normaum
1594 4356 1976 4415 monachilem.

256 4450 435 4508 Nam
466 4462 541 4503 ex
570 4446 813 4505 historia
842 4450 1144 4511 relationis
1173 4456 1231 4512 S.
1267 4457 1539 4514 Walarici
1569 4461 1848 4519 discimus
1876 4464 2019 4535 (Μα-

2124 1852 2193 1907 42
2223 1855 2279 1907 et
2310 1851 2397 1920 43,
2430 1849 2788 1921 proindeque
2822 1847 3028 1921 potiori
3053 1848 3187 1918 jure
3227 1846 3493 1902 monachi
3537 1845 3649 1902 sibi
3690 1861 3830 1901 ven-

2125 1941 2313 1998 dicare
2360 1946 2606 2013 possunt
2642 1947 2903 1997 veterum
2937 1939 3006 1993 de
3038 1938 3150 1992 vita
3183 1934 3526 1993 ccenobitica
3569 1944 3620 1992 et
3667 1951 3833 1993 com-

2127 2032 2289 2087 muni
2323 2032 2677 2088 testimonia.

2198 2123 2358 2188 Quod
2410 2124 2762 2197 spectatad
2824 2119 3139 2179 Ecclesium
3189 2123 3648 2182 Alexandrinam
3720 2118 3830 2174 sub

2126 2212 2184 2268 S.
2210 2213 2402 2268 Marco
2434 2215 2738 2269 sanctitate
2771 2216 3261 2287 florentissimam,
3286 2216 3548 2288 plerique
3574 2214 3832 2266 veterum

2127 2303 2226 2373 qui
2260 2304 2330 2359 de
2363 2303 2531 2360 rebus
2552 2306 2888 2361 monasticis
2923 2316 3183 2378 egerunt,
3218 2307 3275 2363 in
3307 2307 3437 2378 ipsa
3467 2310 3520 2359 et
3550 2301 3609 2356 iu
3643 2299 3834 2355 thera-

2126 2392 2320 2463 peutis
2378 2392 2641 2450 Philonis
2689 2413 2721 2449 a
2762 2395 2987 2451 Joanne
3031 2396 3281 2453 Diacono
3339 2387 3832 2455 commemoratis,

2126 2484 2488 2553 propositum
2558 2501 2681 2540 esse
2746 2489 2935 2541 status
3016 2486 3340 2558 politiaeque
3407 2481 3833 2540 monachorum

2125 2573 2442 2644 exemplar,
2478 2591 2589 2629 non
2620 2575 3053 2644 canonicorum,
3088 2578 3468 2631 censuerunt.

2190 2663 2245 2715 7.
2284 2664 2527 2736 Exploso
2569 2663 2713 2719 falso
2761 2664 3068 2719 verborum
3117 2664 3357 2718 Joannis
3408 2657 3645 2717 Diaconi
3685 2652 3834 2711 ﬁcti-

2121 2753 2317 2825 tioque
2350 2770 2543 2821 sensu,
2577 2753 3009 2824 sincerumjam
3041 2756 3097 2808 et
3118 2752 3439 2826 genuinum
3472 2747 3830 2821 aperiamus.

2120 2844 2177 2900 S.
2205 2846 2511 2917 Gregorius
2534 2843 2631 2915 qui
2657 2843 2956 2899 monachis
2987 2842 3414 2900 convictoribus
3448 2854 3589 2895 usus
3622 2837 3827 2900 fuerat,

2119 2951 2251 2991 cum
2294 2934 2795 3007 Constantinopoli
2828 2932 3269 3004 apocrisiarium
3303 2933 3514 3003 ageret,
3549 2933 3609 2983 ut
3637 2940 3830 2986 eorum

2116 3025 2362 3092 exemplo
2392 3041 2602 3097 semper
2644 3025 2715 3081 ad
2747 3025 3021 3082 orationis
3047 3023 3329 3096 placidum
3353 3022 3504 3078 littus
3535 3018 3697 3092 quasi
3739 3032 3838 3070 an-

2118 3112 2302 3171 chorae
2355 3115 2492 3185 fune
2544 3114 2973 3186 restringeretur
3012 3115 3266 3184 (Prae/at.
3311 3111 3541 3181 Moral.),
3600 3106 3834 3164 eosdem

2119 3205 2300 3261 voluit
2330 3205 2539 3261 habere
2571 3205 3036 3266 contubernales.
3071 3208 3381 3277 postquam
3430 3202 3499 3256 ad
3525 3195 3833 3271 pontifica-

2115 3300 2243 3351 tum
2274 3295 2495 3351 invitus
2527 3300 2730 3369 raptus
2762 3300 2871 3366 est,
2924 3294 3321 3367 palatiumque
3370 3306 3545 3348 suum
3574 3287 3731 3343 velut
3761 3285 3821 3341 in

2115 3385 2347 3456 aliquod
2382 3386 2802 3443 monasterium
2840 3386 3139 3457 convertit,
3181 3384 3283 3441 ubi
3331 3373 3830 3445 familiariteripsi

2116 3476 2451 3533 assidebaut
2469 3476 2661 3532 selecti
2685 3476 2920 3548 quidam
2944 3493 3012 3532 ex
3034 3468 3357 3532 monachis.
3374 3472 3483 3527 Sex
3504 3465 3825 3525 monachos

2118 3567 2332 3639 pietate
2364 3583 2428 3621 ac
2460 3566 2766 3622 sanctitate
2798 3566 3055 3637 insignes
3105 3566 3365 3621 recenset
3391 3562 3648 3617 Joannes
3696 3555 3832 3610 Dia-

2120 3672 2323 3713 conus.
2347 3657 2605 3721 Quatuor
2627 3671 2858 3728 quoque
2875 3656 3115 3712 clericos
3151 3654 3416 3710 nominat
3446 3644 3756 3721 prudentia
3777 3649 3835 3698 et

2120 3747 2443 3803 eruditione
2476 3745 2846 3819 conspicuos,
2890 3762 3138 3818 quorum
3170 3760 3403 3816 operam
3428 3745 3484 3798 et
3514 3734 3832 3797 consilium

2120 3838 2238 3892 sive
2269 3838 2329 3890 in
2378 3835 2642 3891 Ecc1esia3
2693 3834 2963 3907 negotiis,
2996 3834 3115 3890 sive
3155 3834 3215 3889 in
3248 3831 3457 3889 studiis
3499 3824 3834 3884 adhibebat.

2119 3929 2400 3982 Pristerea
2431 3941 2555 3980 cum
2586 3941 2618 3980 a
2641 3923 2907 3979 cubiculo
2937 3940 3043 3980 suo
3076 3922 3386 3979 saeculares
3416 3932 3615 3974 omnes
3646 3928 3837 3969 remo-

2119 4017 2299 4073 visset
2328 4015 2505 4089 (quod
2539 4014 2713 4071 etiam
2740 4018 2803 4070 ut
2826 4013 2988 4069 fieret
3010 4031 3039 4070 a
3057 4010 3431 4084 pontiﬁcibus
3453 4008 3831 4077 imposterum

2121 4107 2367 4163 decrevit
2402 4106 2662 4162 Romana
2691 4105 2955 4177 synodus
3009 4102 3234 4176 [Decrel.
3289 4100 3341 4170 1]
3392 4100 3517 4169 ipso
3556 4091 3833 4162 auctore),

2122 4199 2411 4271 quosdam
2438 4214 2506 4253 ex
2535 4197 2758 4253 clericis
2798 4201 2854 4253 et
2884 4213 2948 4252 ex
2983 4192 3287 4251 monachis
3320 4182 3834 4285 indiscriminatim

2122 4288 2467 4344 accersierat
2496 4285 2596 4357 qui
2644 4284 2749 4340 sibi
2805 4284 3227 4340 ministrarent.
3272 4280 3527 4344 Quorum
3572 4280 3836 4331 omnium

2123 4376 2587 4441 unanimitatem,
2620 4375 2752 4431 licet
2782 4374 2838 4430 in
2857 4375 3089 4430 diversa
3120 4368 3499 4444 professione,
3536 4365 3838 4435 vitamque

2124 4466 2397 4524 socialem
2421 4469 2477 4521 et
2497 4480 2867 4521 communem
2892 4463 3217 4519 admiratus
3241 4460 3500 4516 Joannes
3526 4456 3835 4521 Diacouus,

270 4538 443 4606 bill.,
476 4553 613 4593 saec.
648 4541 703 4610 ν)
735 4542 1044 4599 canonicos
1086 4544 1217 4602 illos
1250 4548 1561 4606 saeculares
1604 4551 1783 4608 fuisse
1816 4570 1829 4609 ε
1874 4532 2018 4610 Tunc
2049 4532 2093 4597 Ῑ)
2125 4573 2239 4613 non
2273 4554 2563 4612 dubitavit
2585 4555 2773 4611 dicere
2795 4555 2852 4610 in
2877 4570 2944 4609 ea
2967 4554 3241 4609 societate
3263 4557 3316 4607 et
3342 4545 3650 4605 concordia
3680 4543 3839 4599 visas

266 4629 568 4702 praefatus
597 4628 719 4684 Dux
749 4630 904 4687 204
951 4649 1157 4704 magna
1199 4638 1577 4696 sollicitudine
1611 4658 1914 4712 procurans
1957 4642 2012 4702 S.

275 4715 567 4775 Walarici
607 4717 806 4786 locum,
850 4721 1051 4793 abjecit
1081 4724 1148 4778 ab
1187 4741 1248 4782 eo
1276 4728 1595 4785 saecularem
1623 4734 2008 4803 congregatio-

269 4823 439 4873 nem,
452 4809 509 4860 et
520 4809 838 4878 aggregavit
852 4808 908 4865 in
924 4826 983 4867 eo
997 4814 1305 4882 regularem
1318 4816 1567 4873 ordinem
1585 4821 2005 4881 monachorum.

274 4898 371 4953 Ita
396 4895 897 4985 scriptorsuppar,
922 4916 1093 4971 quem
1118 4904 1297 4960 latere
1318 4922 1434 4962 non
1458 4909 1646 4979 potuit
1666 4912 1761 4979 qui
1783 4916 1839 4967 et
1862 4930 2008 4985 qua-

276 4990 366 5043 les
401 4984 627 5041 fuerint
656 4986 748 5042 isti
788 4990 1052 5047 canonici
1085 4998 1149 5049 ut
1177 4993 1263 5050 sal
1294 4996 1646 5055 infatuatum
1679 5000 1831 5057 foras
1881 5020 2011 5074 pro-

270 5075 447 5147 jecti,
494 5076 642 5131 torte
702 5075 832 5133 ideo
885 5082 1227 5153 Gregoriani
1279 5085 1504 5147 ordinis
1551 5088 1690 5144 dicti
1738 5092 1895 5162 quod
1946 5093 2006 5149 in

278 5164 620 5238 psalmodia
650 5168 918 5225 ordinem
952 5170 1282 5229 Romanum
1314 5192 1348 5232 a
1377 5176 1657 5249 Gregorio
1685 5182 2009 5239 concinna-

282 5260 423 5312 tum
470 5260 1008 5331 sequerentur(non
1044 5265 1438 5322 monasticum
1475 5270 1709 5340 qualem
1742 5275 2009 5343 praescri-

285 5345 371 5401 bit
403 5344 465 5402 S.
499 5346 895 5421 Benedictus),
920 5356 978 5409 et
1016 5357 1218 5425 postea
1265 5356 1650 5417 observarunt
1681 5363 1779 5434 qui
1843 5380 2012 5421 cano-

288 5435 447 5492 nicis
469 5445 880 5496 successerunt
903 5440 961 5497 in
983 5442 1038 5498 S.
1064 5444 1337 5505 Walarici
1372 5448 1617 5506 ecclesia
1646 5450 2009 5510 Benedictini

291 5526 595 5583 Monachi.

363 5616 427 5670 6.
469 5616 531 5672 Id
560 5617 707 5676 fallit
739 5619 930 5679 virum
963 5623 1144 5683 nimio
1188 5626 1249 5685 in
1293 5628 1557 5687 ordinem
1588 5648 1762 5691 suum
1813 5635 2008 5693 studio

293 5710 669 5782 estuantem,
719 5712 873 5783 quod
909 5714 1244 5791 ubicunque
1290 5718 1420 5778 vitae
1466 5723 1799 5782 communis
1837 5725 2011 5797 juxta

2126 4660 2255 4701 esse
2277 4644 2449 4700 veluti
2475 4642 2763 4698 redivivas
2786 4642 3060 4698 fundatas
3086 4641 3156 4696 ab
3189 4636 3467 4711 apostolis
3489 4633 3643 4706 apud
3673 4634 3838 4687 Jero-

2117 4733 2423 4805 solymam,
2458 4736 2515 4787 et
2566 4731 2936 4787 Alexandriae
2967 4748 2999 4787 a
3026 4734 3084 4786 S.
3117 4730 3309 4785 Marco
3356 4724 3666 4782 Ecclesiae.
3726 4720 3842 4774 Cae-

2116 4839 2306 4889 terum
2339 4823 2411 4878 de
2441 4821 2742 4878 canonicis
2774 4820 3146 4893 regularibus
3169 4836 3201 4875 a
3231 4814 3507 4888 Gregorio
3528 4808 3839 4876 institutis,

2122 4930 2191 4970 ne
2222 4914 2461 4986 quidem
2494 4930 2596 4985 per
2627 4912 2922 4970 somnium
2955 4909 3249 4983 cogitavit,
3285 4908 3501 4977 quippe
3532 4917 3665 4956 cum
3698 4897 3847 4953 nulli

2122 4993 2342 5060 fuerint
2357 5005 2476 5061 sive
2497 5004 2552 5058 S.
2575 5002 2835 5075 Gregorii
2860 5002 2979 5057 sive
3002 4999 3175 5057 etiam
3191 4995 3432 5053 Joannis
3445 4989 3828 5063 temporibus.

2117 5094 2315 5166 Neque
2347 5095 2504 5152 enim
2531 5094 2601 5149 iis
2638 5089 3011 5149 adscribeudi
3042 5091 3182 5145 sunt
3214 5082 3406 5142 clerici
3437 5096 3640 5138 omnes
3664 5080 3834 5150 juxta

2118 5201 2372 5242 canones
2396 5189 2452 5240 et
2473 5183 2702 5255 regulas
2742 5180 3011 5238 Ecclesiae
3044 5191 3232 5233 mores
3253 5177 3668 5247 componentes
3690 5186 3826 5227 suos

2121 5294 2265 5347 quos
2297 5277 2368 5332 ab
2410 5275 2646 5331 exordio
2678 5271 2968 5329 exstitisse
2997 5270 3247 5333 constat,
3292 5264 3403 5322 nisi
3434 5264 3577 5321 votis
3608 5262 3847 5320 fuerunt

2118 5366 2365 5437 alligati.
2398 5366 2548 5422 Sane
2579 5365 2651 5418 ab
2676 5359 2988 5417 undecimo
3037 5355 3248 5414 saeculo
3299 5355 3711 5412 canonicorum
3750 5368 3841 5409 re-

2118 5454 2435 5525 gularium,
2459 5453 2559 5525 qui
2594 5450 3010 5508 monachorum
3046 5465 3226 5517 more,
3258 5446 3470 5503 iisdem
3523 5446 3637 5501 fere
3686 5441 3836 5500 votis

2120 5542 2380 5615 obligati,
2406 5542 2529 5598 suis
2548 5541 2861 5598 abbatibus
2884 5543 2984 5595 aut
3012 5537 3331 5613 praepositis
3368 5534 3699 5592 obedientes
3726 5531 3837 5590 sub

2121 5639 2280 5694 arcta
2311 5633 2620 5705 disciplina
2648 5632 2929 5701 viverent,
2961 5648 3111 5705 saepe
3136 5631 3201 5685 ﬁt
3225 5628 3438 5686 mentio
3489 5624 3647 5698 apud
3696 5623 3836 5678 Ful—

2121 5729 2380 5799 berlum,
2408 5725 2790 5796 Bernardum,
2822 5728 3057 5781 Petrum
3089 5720 3423 5778 Blesenscm
3454 5719 3510 5772 et
3550 5714 3694 5770 alios
3736 5728 3843 5767 au-
