4106 6174
318 212 325 217 ξ
398 238 514 298 379
824 239 887 299 S.
933 239 1309 302 GREGORII
1358 242 1598 302 MAGNI
1652 242 1852 313 \"I'l‘A,
1907 243 2001 299 liX
2055 240 2231 300 EJUS
2278 239 2633 299 SClllPTIS
2678 236 3120 295 ADURNATA.
3172 232 3321 292 LIB.
3364 229 3463 290 Ill.
3784 231 3887 290 380

398 376 585 430 ctores
616 389 874 433 coaevos:
909 374 1274 432 abbatiarum
1310 379 1411 432 aut
1439 375 1688 432 aliorum
1720 375 2099 431 monasterio-
2128 377 2181 442 Α
2211 375 2443 447 quando
2499 373 2756 439 eosdem,
2806 368 3053 440 jubente
3107 363 3471 421 sanctissimo
3526 363 3801 435 pontifice,
3845 363 3896 419 in

398 478 526 519 rum
576 480 679 536 pro
730 464 1075 536 hujusmodi
1134 465 1434 521 canonicis
1494 471 1633 522 tunc
1685 471 2112 522 exstructorum
2222 461 2635 519 Gantuariensi
2668 456 3253 515 Eeclesiainstitutos
3285 452 3510 508 asserit.

398 553 651 623 origines
683 555 972 622 novimus,
1006 554 1093 611 vel
1144 555 1384 611 aliorum
1409 556 1533 625 jam
1577 555 1929 612 exstantium
1981 571 2108 627 quae
2293 557 2346 609 9.
2384 554 2575 609 Primo
2606 550 2839 623 quidem
2873 548 3039 618 tingit
3068 563 3136 602 ex
3167 544 3464 600 monachis
3512 543 3578 598 ad
3613 543 3899 607 Anglorum

402 642 543 713 ipsis
582 644 858 700 cesserint
900 644 1255 700 mutationes
1299 645 1465 715 (ipsis
1504 645 1662 700 enim
1720 646 2115 716 praepositum?
2225 644 2652 703 conversionem
2702 639 3126 714 procurandum
3166 635 3420 703 delectis,
3474 652 3505 689 a
3543 638 3596 689 S.
3647 634 3897 705 Gregorio

400 748 515 788 non
536 749 729 804 paucae
761 733 985 789 ordinis
1023 734 1080 789 S.
1116 732 1407 789 Benedicti
1442 737 1581 789 sunt
1612 750 1923 802 concessae,
1970 749 2118 804 quas
2226 738 2454 794 nullum
2495 738 2594 789 aut
2623 731 2957 789 ordinatum
2997 731 3098 784 aut
3135 723 3522 782 ordinandum
3555 739 3621 778 ex
3659 724 3898 793 ejusdem

399 823 555 878 inter
583 823 799 879 eminet
828 822 1266 879 celeberrimum
1300 823 1359 878 S.
1392 823 1641 880 Victoris
1672 824 1825 895 apud
1869 824 2118 879 Parisios
2224 824 2512 882 sententia
2547 823 2748 888 fuisse,
2770 823 2977 891 printer
2997 814 3421 887 Augustinum:
3445 812 3679 867 Necdum
3697 812 3899 879 scilicet,

402 914 815 984 asceterium);
865 914 936 968 de
966 912 1057 969 his
1103 930 1241 968 vero
1274 916 1408 969 ante
1455 913 1595 969 illud
1653 913 1931 970 saeculum
1974 911 2120 968 nihil
2226 916 2436 987 inquit,
2497 913 2790 983 Gregorius
2846 908 3115 980 cogitabat
3163 905 3228 960 de
3270 902 3656 960 monachorum
3698 900 3904 957 ordina-

2222 1011 2400 1069 tione;
2434 1002 2810 1060 tantummodo
2832 1000 3199 1069 Augustinum
3223 997 3307 1051 eis
3329 995 3633 1066 episcopum
3657 992 3907 1046 ordinan-

2223 1096 2533 1162 dum,siub
2574 1094 2765 1164 Anglis
2815 1091 3237 1161 susciperentur,
3291 1086 3635 1156 disposuerat
3664 1082 3793 1153 (Lib.
3837 1096 3909 1150 χι,

2222 1205 2305 1262 ep.
2334 1187 2404 1241 58
2434 1189 2485 1240 cl
2516 1183 2673 1254 seq.).
2706 1183 2854 1254 Ergo
2902 1196 3000 1236 eos
3040 1194 3154 1234 non
3203 1176 3274 1231 ad
3307 1172 3465 1230 verbi
3514 1171 3687 1262 divini
3728 1170 3909 1243 praedi‘

2223 1260 2511 1333 cntionem
2548 1277 2649 1327 aut
2698 1272 2768 1327 ad
2808 1285 3041 1326 sacrum
3089 1264 3473 1323 ministerium
3515 1260 3685 1333 (quod
3731 1264 3906 1315 tamen

2225 1368 2347 1439 ipse
2380 1365 2597 1435 ubique
2627 1363 2861 1431 clamat,
2894 1360 2969 1432 (ὁ)
2999 1354 3505 1417 consentientibus
3552 1352 3721 1415 Beda,
3750 1348 3908 1405 Boni-

2224 1457 2369 1511 facio
2402 1453 2492 1522 IV,
2526 1451 2815 1522 Scriptore
2847 1449 2985 1506 Vitae
3014 1448 3071 1504 S.
3091 1449 3326 1519 August
3355 1485 3369 1513 ,
3396 1445 3551 1514 etc.),
3577 1441 3670 1495 sed
3689 1440 3906 1494 fortasse

2224 1548 2294 1604 ad
2326 1546 2482 1602 olera
2513 1543 2777 1609 serenda,
2813 1544 2914 1597 aut
2944 1540 3016 1595 ad
3047 1536 3312 1609 coquinae
3345 1549 3546 1592 curam
3579 1530 3909 1586 habendam.

402 1003 673 1059 occurrit.
698 1002 843 1059 Nam
870 1004 1376 1075 Aquisgranenses
1400 1005 1666 1061 canonici
1691 1008 1791 1059 aut
1814 1004 1913 1076 qui
1941 1002 2121 1058 Chro-

402 1093 650 1165 degangi
668 1094 929 1166 regulam
955 1095 1351 1159 sectabantur,
1383 1095 1473 1151 vel
1506 1095 1681 1151 etiam
1714 1094 1959 1166 Eugenii
1992 1093 2037 1147 ll
2066 1096 2124 1148 et

404 1180 613 1237 Leonis
644 1181 735 1245 IV,
770 1199 887 1238 non
919 1184 1106 1239 solum
1134 1201 1167 1238 a
1188 1182 1473 1255 religiosis
1504 1188 1561 1239 et
1582 1182 1945 1239 solemnibus
1973 1180 2123 1236 votis

403 1270 580 1326 soluti
611 1271 900 1338 vivebant,
933 1274 1030 1329 sed
1054 1273 1231 1329 etiam
1257 1290 1325 1329 ex
1354 1273 1687 1345 regularum
1714 1289 1953 1328 suarum
1980 1288 2121 1342 prte-

403 1360 618 1431 scripto
642 1378 758 1417 non
776 1362 922 1417 nihil
940 1363 1155 1434 proprii
1177 1362 1469 1419 habebant
1491 1368 1548 1419 et
1563 1362 1792 1433 peculii;
1814 1365 1895 1433 (a)
1911 1362 2123 1417 fatente

409 1449 539 1521 ipso
570 1454 984 1509 canonicorum
1019 1452 1202 1525 regul.
1236 1459 1661 1525 oratore,quem
1689 1453 1779 1509 hic
1810 1452 2124 1523 impugna-

407 1556 561 1597 mus.
594 1543 771 1597 Porro
802 1542 891 1599 vel
915 1544 1035 1600 haec
1075 1542 1200 1599 sola
1235 1545 1452 1616 proprii
1484 1544 1749 1606 retentio,
1776 1558 1841 1598 ex
1868 1527 2124 1613 ipsomet

406 1630 619 1701 ι’θὲυίω
648 1630 935 1699 immuto:
971 1650 1005 1688 οι
1034 1632 1300 1687 canonici
1331 1632 1619 1702 regularis
1650 1635 1802 1687 Statu
1845 1632 1989 1685 adeo
2020 1629 2123 1684 ἂι)-
2229 1637 2331 1693 Cui
2366 1634 2518 1692 enim
2553 1632 2799 1706 sapienti
2830 1630 3023 1685 veniat
3045 1628 3102 1683 in
3129 1630 3402 1691 mentem,
3438 1623 3660 1677 mittere
3681 1620 3746 1675 ad
3787 1632 3911 1688 opus

408 1713 622 1780 horret,
656 1719 723 1769 ut
765 1720 1001 1783 evertat,
1052 1721 1109 1771 et
1154 1715 1492 1772 saecularem
1541 1732 1676 1772 eum
1723 1714 1958 1770 efﬁciat.
2014 1712 2029 1785 (

2287 1726 2616 1798 )ostolicum
2651 1724 2828 1779 laicos
2859 1720 3035 1776 etiam
3070 1731 3372 1788 nunquam
3405 1711 3770 1776 ordinandos,
3798 1723 3908 1763 ma-

409 1799 548 1858 Gall.
585 1802 786 1860 Christ.
818 1804 1054 1859 Alberic.
1088 1805 1156 1860 ad
1188 1822 1281 1860 an.
1316 1805 1498 1874 1029.)

2155 1799 2192 1802 —
2230 1799 2384 1875 xime
2414 1833 2547 1872 cum
2578 1828 2877 1868 sacrorum
2911 1809 3315 1865 ministrorum
3351 1804 3516 1860 adest
3545 1801 3750 1873 copia?

482 1893 535 1946 8.
570 1892 700 1947 Scio
732 1894 999 1965 equidem
1035 1894 1346 1950 minimum
1378 1894 1735 1950 discriminis
1770 1894 1918 1950 inter
1948 1910 2103 1949 cano

2307 1909 2460 1964 llaud
2491 1906 2755 1976 etuidem
2791 1902 3041 1957 diffiteor
3071 1916 3104 1954 a
3134 1896 3411 1968 Gregorio
3436 1893 3621 1951 solum
3650 1888 3907 1963 Augusti-

412 1981 611 2037 nicum
643 1982 980 2039 szecularem
1004 1990 1058 2038 et
1080 1984 1405 2055 regularem
1438 1983 1671 2057 agnosci
1697 2001 1729 2039 a
1756 1984 2032 2055 Disquisit

2293 2015 2374 2052 1m
2409 1998 2476 2051 ad
2513 1992 2899 2066 episcopalem
2943 1988 3309 2061 dignitatem,
3340 1983 3565 2065 statim,
3594 1998 3719 2039 cum
3748 1979 3914 2035 adhuc

415 2088 553 2128 num
581 2077 813 2130 auctore
836 2074 987 2145 apud
1013 2090 1184 2145 quem
1211 2091 1325 2130 non
1358 2076 1579 2146 absque
1601 2079 1835 2145 stupore
1858 2074 1970 2147 legi
1995 2091 2036 2130 c.

2294 2104 2449 2159 lCCpS
2479 2087 2633 2140 esset
2665 2083 2735 2137 de
2786 2082 3018 2145 eventu,
3067 2078 3357 2134 delectum
3391 2074 3594 2130 fuisse.
3633 2070 3828 2126 Verum
3857 2069 3915 2125 de

415 2166 523 2217 art.
554 2163 609 2231 2,
634 2162 799 2234 pag.8
827 2178 839 2217 ε
867 2162 1133 2219 Caeterum
1166 2164 1263 2235 qui
1292 2165 1609 2221 meminerit
1639 2166 1931 2221 monachos
1964 2166 2036 2220 Be

2298 2181 2365 2235 iis
2393 2174 2696 2233 ordinibus
2746 2175 2846 2227 aut
2891 2168 3153 2226 nondum
3203 2166 3459 2231 collatis,
3510 2168 3608 2220 aut
3653 2176 3915 2231 nunquam

416 2251 661 2307 diclinos
690 2252 748 2307 in
778 2252 1026 2309 ordinem
1058 2254 1488 2322 Cluniacensem,
1519 2260 1617 2311 aut
1648 2257 2024 2327 Tyronensem,
2067 2254 2126 2311 in

416 2341 677 2398 ordinem
707 2343 936 2414 majoris
960 2345 1289 2400 monasterii
1315 2353 1483 2416 atque
1505 2346 1563 2399 in
1595 2345 1736 2400 alios
1767 2347 1898 2400 bene
1928 2345 2129 2399 mullos

417 2433 634 2490 ordines
661 2433 838 2504 fuisse
866 2450 923 2489 x1
952 2435 1147 2491 sarculo
1182 2440 1342 2506 atque
1389 2453 1466 2490 xu
1508 2435 1847 2498 distributos,
1891 2434 1938 2490 is
1965 2436 2134 2506 [αωίε

418 2520 694 2591 intelliget
722 2522 986 2595 quomodo
1008 2523 1064 2579 id
1092 2526 1307 2596 tempus
1337 2523 1683 2592 regularium
1722 2523 1851 2579 ordo
1882 2531 1931 2579 et
1959 2540 2129 2579 sacu-

422 2613 628 2668 larium
654 2613 788 2669 ordo
825 2613 1241 2684 canonicorum,
1298 2616 1518 2672 tametsi
1547 2624 1771 2687 uterque
1813 2613 2134 2670 uniusmodi

421 2717 533 2759 esse
562 2703 860 2771 debuisset,
892 2706 1042 2759 inter
1072 2721 1129 2761 se
1157 2704 1431 2776 distingui
1469 2721 1535 2760 ac
1582 2706 1795 2760 secerni
1830 2706 2131 2775 potuerint.

416 2791 584 2848 Unde
612 2792 821 2849 infert:
854 2794 945 2848 sed
990 2809 1167 2866 neque
1214 2794 1403 2850 doctus
1433 2796 1707 2867 quispiam
1740 2794 1789 2849 si
1825 2796 2024 2850 viderit
2054 2810 2133 2850 re-

423 2885 610 2952 giones
625 2883 909 2939 canonicis
928 2885 1291 2941 saecularibus
1311 2884 1651 2940 abundantes
1674 2883 1767 2939 diu
1780 2884 2135 2953 regularibus

423 2975 687 3041 caruisse,
720 2974 846 3029 inde
875 2974 1188 3045 quidquam
1219 2974 1402 3031 eliciet
1433 2975 1502 3029 ad
1532 2975 1942 3047 impingendam
1970 2992 2134 3031 cano-

424 3064 572 3119 nicis
599 3064 949 3134 regularibus
978 3067 1292 3120 novitatem.
1325 3066 1580 3137 Alioquin
1607 3065 1784 3121 simili
1813 3074 2133 3137 argumento

424 3169 636 3210 necesse
662 3161 740 3209 est
768 3160 828 3209 ut
859 3153 1119 3224 conficiat
1140 3171 1173 3208 a
1207 3153 1655 3211 Cluniacensibus
1694 3162 1793 3210 aut
1830 3156 2135 3227 aequalibus

424 3242 706 3299 monachis
733 3258 847 3299 esse
876 3242 1227 3299 Benedictini
1273 3243 1486 3301 ordinis
1512 3244 1779 3301 sumenda
1803 3245 2133 3317 primordia.

429 3335 633 3405 Itaque
663 3334 735 3389 ad
759 3337 1013 3390 mentem
1045 3335 1248 3406 nuperi
1280 3336 1601 3407 scriptoris,
1635 3336 1693 3390 in
1728 3336 1930 3392 ordine
1962 3352 2138 3392 cano-

428 3423 695 3479 nicorum
728 3421 881 3478 haud
916 3422 1108 3492 majus
1129 3429 1216 3478 est
1238 3422 1547 3479 discrimen
1578 3423 1872 3494 regulares
1906 3424 2053 3479 inter
2073 3441 2138 3481 ac

428 3512 756 3578 saeculares,
790 3528 965 3582 quam
994 3512 1053 3567 in
1082 3512 1285 3568 ordine
1317 3513 1689 3569 Benedictino
1719 3513 1871 3569 inter
1901 3513 2139 3569 Clunia-

430 3619 655 3671 censes,
686 3606 1069 3675 Tyronenses,
1102 3606 1238 3669 etc.,
1271 3602 1369 3675 qui
1403 3620 1538 3659 cum
1561 3620 1761 3660 omnes
1795 3604 2137 3674 magistram

429 3695 818 3764 sequerentur
876 3692 1141 3765 regulam
1190 3694 1249 3750 S.
1313 3693 1624 3762 Benedicti,
1684 3695 2141 3768 eorumdemque

430 3788 696 3840 votorum
728 3781 853 3855 lege
884 3788 1242 3853 tenerentur,
1285 3799 1463 3857 penes
1516 3784 1945 3841 minutissimos
1990 3786 2140 3842 ritus

431 3872 717 3945 distingui
751 3877 976 3930 tantum
1017 3878 1305 3946 poterant,
1340 3878 1402 3931 ut
1446 3874 1628 3946 aiunt,
1662 3874 2092 3931 accidentaliter
2122 3893 2137 3943 ;

430 3964 686 4037 indeque
735 3981 1101 4038 consequens
1150 3970 1236 4021 est
1285 3963 1433 4021 nihil
1493 3981 1620 4022 esse
1670 3966 1824 4038 quod
1877 3969 2143 4021 secernat

432 4056 773 4112 canonicum
824 4055 1153 4128 regularem
1198 4074 1231 4112 a
1272 4055 1533 4111 saeculari
1575 4056 1763 4128 quoad
1798 4056 2140 4127 essentiam,

434 4147 503 4201 ad
538 4162 714 4218 quam
749 4145 993 4217 proinde
1025 4161 1213 4217 neque
1241 4149 1371 4202 vota
1394 4162 1581 4217 neque
1598 4145 1885 4216 religiosa:
1906 4145 2030 4200 vitae
2054 4145 2144 4201 in-

436 4235 641 4291 stituta
674 4235 987 4306 pertinent,
1045 4237 1143 4292 sed
1176 4236 1332 4291 velut
1387 4235 1539 4291 inter
1569 4235 1880 4307 adiaphora
1935 4235 2143 4291 debent

436 4322 763 4391 amandari,
817 4321 1295 4397 levissimamque
1344 4326 1753 4383 tantummodo
1783 4324 2145 4381 constituunt

437 4411 847 4472 differentiam.

2238 2267 2601 2326 conferendis
2628 2262 2966 2335 Ausgustini
2990 2258 3497 2317 sodalibusaltum
3529 2254 3730 2326 ubique
3760 2251 3914 2308 silen-

2236 2360 2402 2415 tium.
2429 2361 2549 2413 Imo
2573 2372 2640 2411 ex
2666 2350 2964 2408 monachis
2989 2352 3114 2420 ejus
3137 2345 3640 2418 adjutoribusfere
3664 2342 3918 2415 quotquot

2239 2450 2529 2517 novimus,
2564 2445 2822 2518 episcopi
2866 2443 3045 2506 fuere,
3094 2444 3158 2495 ut
3195 2438 3461 2494 Mellitus
3511 2430 3914 2494 Londoniensis,

2237 2543 2436 2595 Justus
2460 2536 2754 2593 Rofieusis
2789 2551 2803 2602 ;
2837 2549 2953 2604 qua
2983 2532 3053 2586 de
3084 2545 3144 2584 re
3178 2528 3467 2601 legendus
3500 2528 3657 2582 Beda.

2315 2630 2401 2685 10.
2452 2625 2713 2684 Secundo
2768 2624 2954 2695 placet
3001 2619 3417 2676 canonicorum
3454 2615 3788 2690 regularium
3832 2626 3917 2682 pa-

2242 2727 2428 2789 trono,
2464 2717 2836 2773 Laurentium
2888 2711 3292 2784 presbyterum
3325 2724 3517 2765 unum
3546 2724 3612 2764 ex
3648 2698 3920 2774 Augustini

2241 2810 2433 2875 sociis,
2468 2823 2536 2863 ex
2567 2821 2807 2862 numero
2839 2808 3090 2858 etcensu
3124 2799 3550 2856 monachorum
3606 2807 3918 2868 expungere,

2242 2900 2484 2969 suisque
2513 2895 2863 2951 adscribere.
2909 2893 3031 2956 Quo
3061 2906 3193 2946 vero
3219 2891 3373 2961 jure,
3434 2904 3566 2944 cum
3596 2901 3687 2942 eos
3743 2895 3919 2939 omnes

2244 2986 2560 3045 monachos
2593 2984 2849 3041 clament
2881 2984 2935 3037 S.
2970 2980 3304 3053 Gregorius,
3334 2979 3519 3046 Beda,
3551 2982 3605 3033 et
3630 2974 3717 3031 alii
3752 2970 3839 3043 qui
3858 2969 3920 3022 de

2245 3079 2384 3151 ipsis
2402 3076 2763 3149 loquuntur?
2781 3074 2931 3129 Num
2949 3071 3086 3144 quia
3108 3070 3410 3143 presbyter
3438 3073 3560 3125 erat
3580 3068 3606 3123 ‘l
3626 3063 3779 3138 quasi
3794 3067 3915 3116 tunc

2249 3168 2390 3223 nulli
2441 3165 2802 3223 exstitissent
2832 3162 2890 3217 in
2941 3159 3307 3216 monasteriis
3359 3155 3698 3230 presbyteri,
3744 3154 3919 3208 contra

2244 3274 2418 3331 quam
2445 3255 2692 3327 probant
2721 3257 2807 3309 tot
2839 3252 2894 3307 S.
2922 3248 3181 3322 Gregorii
3203 3249 3274 3321 (c)
3306 3248 3594 3320 epistolas.
3626 3240 3920 3301 Gotselinus

2243 3350 2303 3407 in
2335 3347 2459 3401 Vita
2493 3342 2867 3413 S.Augustini
2901 3357 3035 3397 eum
3067 3341 3306 3412 ejusque
3345 3340 3715 3410 symmystas,
3755 3349 3785 3387 a
3811 3346 3921 3385 ma-

2245 3440 2413 3493 ternis
2440 3435 2738 3491 visceribus
2784 3432 3196 3487 monasterialis
3244 3429 3504 3487 Ecclesiae
3550 3425 3753 3483 avulsas
3776 3422 3924 3493 fuisse

2246 3526 2389 3582 dicit
2430 3544 2443 3591 ;
2480 3524 2756 3594 additque
2787 3526 2860 3577 tot
2900 3520 3203 3577 Dominicee
3235 3519 3535 3588 legationis
3562 3512 3919 3586 manipulares,

2246 3617 2318 3673 ad
2347 3612 2727 3686 quadraginta
2760 3609 3065 3676 numerari,
3098 3616 3234 3681 quot
3264 3607 3538 3664 videlicet
3568 3606 3710 3662 Beda
3752 3600 3922 3657 narrat

2248 3706 2320 3761 ad
2352 3704 2609 3760 insulam
2642 3703 2929 3757 Tanetum
2962 3698 3335 3772 applicuisse.
3370 3698 3517 3769 Ergo
3550 3694 3739 3752 nullus
3783 3690 3918 3745 locus

2249 3794 2598 3865 relinquitur
2632 3789 2979 3862 presbyteris
3013 3804 3128 3844 non
3161 3786 3470 3844 monachis
3501 3787 3616 3843 sive
3646 3800 3710 3840 ex
3755 3777 3921 3844 Italia,

2248 3884 2369 3941 sive
2411 3900 2477 3939 ex
2510 3882 2689 3937 Gallia
2746 3879 3087 3951 assumptis,
3141 3877 3460 3950 nequidem
3518 3869 3918 3931 Arelatensibus

2249 3989 2394 4045 quos
2427 3990 2531 4029 suo
2557 3970 2745 4027 ordini
2766 3967 3176 4025 liberalissime
3210 3967 3416 4023 tribuit
3438 3964 3780 4037 Disquisitor
3799 3976 3812 4025 ;
3831 3955 3924 4045 fin-

2248 4044 2450 4133 gitque
2480 4057 2815 4129 religionem
2849 4054 3186 4112 canonicam
3213 4054 3283 4109 ad
3305 4053 3614 4125 Anglicum
3654 4044 3924 4104 Ecclesiam

2250 4148 2553 4207 detulisse.
2582 4148 2920 4217 lniunxerat
2941 4146 3165 4217 quidem
3188 4160 3338 4223 papa
3358 4142 3685 4215 Augustino
3714 4137 3926 4209 ejusque

2251 4238 2425 4296 sociis
2452 4241 2517 4292 ut
2544 4237 2613 4291 ad
2642 4235 2855 4305 agenda
2885 4236 2999 4292 hmo
3026 4251 3054 4291 e
3085 4236 3264 4291 vicino
3293 4249 3479 4289 secum
3528 4231 3769 4287 deberent
3798 4238 3929 4295 pres-

2252 4330 2466 4402 byteros
2495 4327 2707 4383 ducere.
2734 4325 2948 4383 Verum
2980 4326 3224 4381 fortasse
3273 4322 3476 4380 nullus
3526 4319 3709 4377 adfuit
3739 4313 3828 4387 qui
3866 4310 3929 4366 ad

2250 4418 2599 4492 legationem
2629 4424 2682 4472 et
2725 4414 3254 4488 peregrinationem
3286 4412 3436 4468 hanc
3487 4412 3719 4484 paratus
3749 4405 3887 4462 esset
3917 4413 3929 4467 ;

507 4508 595 4563 Ad
643 4506 788 4579 haec,
833 4508 1035 4581 fateor,
1098 4510 1298 4581 expavi
1334 4528 1347 4579 ;
1398 4514 1455 4567 et
1502 4511 1615 4568 nisi
1662 4515 1800 4569 nota
1847 4510 2147 4583 scriptoris
2178 4499 2224 4564 Β
2256 4507 2733 4583 quandoquidem
2782 4508 2949 4563 docet
2980 4506 3127 4562 Beda
3159 4504 3301 4576 (Lib.
3344 4520 3383 4569 ι,
3417 4518 3538 4574 cap.
3561 4502 3651 4569 25)
3677 4492 3931 4583 accepisse

436 4599 679 4669 ejusque
700 4597 989 4654 sodalium
1013 4598 1217 4671 religio
1239 4615 1508 4657 securum
1534 4617 1626 4657 me
1665 4601 1956 4667 fecissent,
1978 4601 2143 4656 valde

436 4687 651 4743 veritus
679 4686 941 4752 fuissem,
978 4704 1047 4745 ne
1079 4689 1227 4745 forte
1258 4689 1331 4744 iis
1365 4689 1609 4746 defectio
1639 4690 2039 4762 transitusque
2069 4688 2143 4745 ad

436 4776 748 4836 canonicos
780 4778 1089 4834 seculares
1120 4782 1445 4851 pararetur,
1476 4797 1623 4852 quos
1656 4781 1797 4837 adeo
1824 4779 2065 4847 vicinos,
2090 4782 2147 4835 et

434 4867 843 4927 vixlevissima
863 4869 1189 4926 differentia
1218 4869 1499 4927 discretos
1529 4872 1779 4927 ostendit
1800 4870 2148 4942 Disquisitio-

436 4978 571 5017 num
600 4960 1058 5033 parens.Verum
1092 4960 1213 5016 haec
1243 4961 1356 5033 ipsi
1388 4961 1642 5026 incaute,
1682 4960 2146 5033 inconsultisque

438 5052 689 5110 maxime
712 5069 829 5109 suae
844 5052 1313 5128 congregationis
1328 5053 1781 5125 religiosissimis
1797 5054 2144 5126 praepositis,

439 5138 719 5197 excidisse
743 5142 973 5197 credere
1007 5140 1334 5212 maluerim,
1367 5157 1540 5213 quam
1587 5140 1737 5197 ultra
1780 5157 2006 5213 urgere.
2048 5140 2146 5196 llis

439 5226 634 5296 itaque
654 5229 911 5299 omissis,
938 5235 1251 5304 postquam
1276 5231 1652 5304 probavimus
1686 5230 1854 5304 plane
1876 5230 2147 5287 fictitium

439 5331 567 5372 esse
598 5319 752 5388 quod
782 5321 1130 5391 excogitavit
1159 5322 1253 5378 hic
1282 5322 1531 5395 scriptor
1560 5323 1631 5378 de
1654 5321 1952 5379 canonicis
1982 5337 2150 5394 regu-

440 5404 665 5463 laribus
694 5406 753 5462 in
787 5404 1045 5466 Ecclesia
1092 5411 1357 5470 Romana
1387 5431 1419 5470 a
1453 5413 1724 5486 Gregorio
1773 5413 1984 5485 Magno
2025 5412 2149 5469 for-

442 5493 641 5561 matis,
690 5497 1087 5570 expendamus
1138 5500 1287 5560 265
1340 5507 1537 5560 utrum
1585 5502 1797 5561 melius
1855 5502 2146 5574 divinarit,

512 5667 594 5811 (tu)
626 5666 764 5796 Pag.
799 5668 889 5737 34,
922 5666 1047 5735 305,
1070 5669 1195 5751 312,
1228 5670 1354 5739 313,
1384 5672 1509 5727 325.

541 5739 592 5811 b)
625 5743 692 5797 Vt
743 5755 773 5797 ο
804 5755 980 5811 supra
1011 5742 1067 5795 et
1098 5742 1251 5796 infra
1279 5741 1309 5811 §
1338 5742 1403 5796 14
1433 5746 1490 5797 et

541 5739 592 5811 b)
625 5739 773 5797 Vide
804 5755 980 5812 supra
1011 5742 1067 5795 et
1098 5740 1251 5796 infra
1279 5741 1309 5813 §
1338 5742 1403 5796 14
1433 5746 1490 5797 et
1519 5743 1607 5799 l5.

2254 4580 2352 4658 eos
2383 4599 2447 4655 de
2476 4602 2635 4667 gente
2685 4597 3023 4653 Francorum
3060 4595 3409 4666 interpretes,
3461 4595 3523 4647 at
3550 4591 3621 4646 de
3651 4580 3935 4653 assumptis

2252 4688 2601 4763 presbyteris
2657 4687 2895 4742 omnino
2929 4685 3097 4751 silet;
3131 4684 3287 4756 quod
3311 4682 3360 4739 si
3394 4682 3612 4739 factum
3650 4679 3806 4739 foret,
3835 4684 3930 4725 non

2254 4781 2460 4837 fuisset
2485 4777 2989 4834 dissimulaturos.
3046 4775 3208 4831 Adde
3254 4772 3649 4846 Augustinum
3697 4770 3935 4858 coactutn.

2244 4862 2433 4926 fuisse
2465 4885 2641 4925 novos
2672 4885 2740 4923 ex
2769 4872 3029 4924 Romano
3059 4867 3119 4921 S.
3155 4865 3393 4920 Andreae
3428 4857 3772 4919 monasterio
3800 4852 3937 4909 verbi

2254 4959 2436 5016 divini
2465 4974 2760 5032 praecones
2792 4959 3070 5015 advocare
3095 4975 3107 5026 ;
3136 4956 3290 5013 haud
3314 4956 3489 5012 dubie
3510 4951 3645 5026 quia
3674 4950 3730 5005 in
3756 4940 3933 5003 Galliis

2255 5067 2462 5123 parum
2495 5050 2742 5107 subsidii
2765 5054 2976 5107 nactus
3007 5054 3180 5106 esset.

2330 5143 2415 5197 11.
2451 5145 2583 5197 Esto
2616 5144 2809 5197 tamen
2841 5140 3023 5196 secuti
3055 5140 3172 5195 sint
3196 5154 3294 5196 eos
3317 5134 3580 5195 nonnulli
3604 5130 3935 5189 ArelatensES

2257 5230 2609 5306 presbyteri;
2644 5230 2849 5302 quidni
2898 5231 3165 5287 dicamus
3197 5246 3293 5286 eos
3324 5229 3504 5284 fuisse
3547 5222 3722 5280 simul
3765 5226 3935 5274 mona-

2257 5323 2419 5389 chos,
2447 5325 2504 5377 et
2536 5321 2777 5376 forsitan
2812 5336 2879 5376 ex
2906 5320 3023 5376 illis
3055 5318 3376 5376 Lirinensis
3406 5309 3743 5373 monasterii
3790 5317 3929 5377 pres-

2258 5412 2478 5485 byteris
2510 5427 2658 5484 quos
2687 5410 2887 5468 laudat
2917 5412 2973 5466 S.
3005 5410 3319 5483 Gregorius
3340 5411 3368 5467 ?
3390 5405 3667 5466 nimirum
3697 5416 3765 5457 ne
3807 5408 3929 5468 pro-

2259 5504 2528 5563 fessionis
2571 5504 2875 5562 diversitas
2926 5502 3143 5577 aliquid
3196 5502 3443 5572 dissidii,
3488 5502 3552 5555 ut
3596 5498 3683 5566 fit,
3737 5492 3790 5547 in
3838 5485 3931 5541 hoc

2334 5673 2406 5748 (ε)
2437 5675 2577 5731 Vide
2606 5674 2926 5749 prmsertiin
2963 5674 3060 5731 lib.
3094 5690 3170 5743 v1,
3204 5690 3295 5749 ep.
3328 5673 3418 5732 56.
