4106 6174
245 258 370 319 381

698 258 761 318 S.
810 257 1185 318 GREGORII
1233 257 1478 318 MAGNI
1524 259 1739 333 Vl’l‘A,
1790 262 1886 320 EX
1937 263 2119 323 EJUS
2168 263 2516 324 SGRIPTIS
2563 263 3007 325 ADORNATA.
3060 266 3207 325 LIB.
3256 265 3365 327 Ill.
3680 264 3793 325 382

240 404 458 455 sancto
490 403 642 453 ecstu
671 400 997 469 generaret,
1037 396 1354 453 monachos
1405 396 1713 453 monachis
1752 399 1973 456 sociare
2002 403 2057 469 Α
2087 406 2273 458 ctores
2304 402 2615 474 nequidem
2639 400 2698 457 in
2732 400 3051 473 appendice
3078 400 3476 472 Epistolarum
3499 400 3716 457 Urbani
3751 400 3797 456 II

238 488 458 545 debuit
488 486 771 559 Virgilius
803 487 1160 544 Arelatensis
1182 486 1515 559 episcopus,
1556 488 1809 545 maxime
1840 505 1972 545 cum

236 578 583 635 Lirinensis
611 578 938 634 monachus
965 577 1193 646 fuisset,
1226 577 1311 632 uti
1334 593 1403 633 ex
1431 578 1561 649 ejus
1602 579 1979 649 praedecesso-

237 670 419 726 ribus
450 668 875 741 quamplurimi
906 669 1049 741 (Lib.
1080 684 1156 734 vr,
1188 685 1272 741 ep.
1305 668 1420 739 56).

314 778 547 835 Demus
569 777 745 834 etiam
769 778 1136 850 presbyteros
1160 776 1389 850 aliquos
1408 777 1977 852 monasticislegibus

235 868 597 925 nullatenus
628 868 938 924 adstrictos
993 867 1309 938 Augustino
1348 867 1599 924 sociatos
1630 885 1795 938 esse;
1829 869 1966 941 quid

233 959 387 1015 inde
420 957 618 1015 eliciet
672 959 761 1013 vir
805 958 1033 1027 doctus,
1072 959 1142 1013 ad
1176 958 1586 1014 canonicorum
1618 958 1975 1031 regularium

234 1046 687 1103 institutionem
720 1046 778 1102 in
812 1046 1218 1104 Cantuariensi
1269 1047 1528 1104 Ecclesia
1570 1048 1931 1119 probandam
1952 1048 1979 1102 ‘l

237 1137 426 1209 quasi
455 1153 591 1194 vero
624 1136 819 1195 clerici
868 1154 935 1193 ac
982 1137 1302 1209 presbyteri
1342 1154 1569 1205 omnes,
1602 1136 1721 1192 illis
1751 1141 1979 1208 tempo-

240 1229 421 1286 ribus
453 1230 529 1285 ad
556 1245 761 1286 eorum
821 1230 1083 1286 ordinem
1140 1228 1537 1302 pertinerent?
1569 1228 1979 1285 Difﬁcultatem

240 1335 513 1387 omnem,
547 1318 598 1373 si
630 1335 745 1389 qua
774 1322 1123 1387 occurreret,
1157 1318 1382 1375 tolleret
1412 1318 1652 1375 unicum
1681 1318 1979 1375 venerabi-

243 1409 323 1465 lis
354 1409 533 1465 Bedas
554 1408 955 1466 testimonium
1015 1427 1194 1482 supra
1245 1409 1511 1467 relatum.
1561 1410 1729 1466 Solus
1760 1414 1846 1466 est
1877 1408 1975 1482 qui

242 1501 699 1572 responsionem
733 1500 793 1555 S.
853 1498 1110 1570 Gregorii
1162 1501 1231 1556 ad
1294 1499 1605 1573 Augustini
1634 1500 1877 1572 quaesita
1909 1498 1978 1552 de

245 1590 369 1646 vita
399 1590 697 1647 communi
720 1590 778 1646 in
805 1591 1205 1648 Cantuariensi
1229 1591 1485 1648 Ecclesia
1507 1592 1789 1648 servanda
1810 1590 1979 1647 nobis

250 1680 660 1736 transmiserit
687 1695 701 1747 ;
734 1680 903 1752 cujus
954 1679 1197 1751 proinde
1229 1680 1524 1751 legitimus
1556 1686 1642 1737 est
1671 1680 1977 1753 interpres.

259 1774 321 1824 At
348 1787 483 1826 vero
516 1770 587 1825 de
616 1770 736 1826 vita
766 1769 1113 1827 cmuobitica
1145 1771 1562 1827 monachorum
1595 1772 1856 1827 eamdem
1889 1770 1980 1825 in-
2008 1785 2054 1852 Β

259 1859 495 1915 tellexit.
519 1859 717 1931 Neque
770 1874 911 1915 sane
942 1860 1211 1931 ignorare
1241 1860 1428 1931 potuit
1458 1861 1705 1931 scriptor
1739 1859 1979 1933 diligen-

264 1949 520 2007 tissimus
552 1954 609 2006 et
639 1950 1043 2016 doctissimus,
1078 1966 1343 2022 peneque
1382 1967 1619 2022 supper,
1651 1950 1892 2022 quinam
1925 1954 1982 2007 et

268 2040 456 2111 quales
488 2039 563 2096 ab
594 2039 761 2097 initio
788 2040 892 2096 hac
923 2040 984 2096 in
1015 2040 1275 2098 Ecclesia
1321 2041 1631 2097 notissima
1660 2040 1835 2097 totius
1863 2042 1979 2096 An-

270 2129 486 2202 glorum
522 2131 716 2203 gentis
743 2130 1020 2202 primaria
1067 2130 1182 2189 Deo
1212 2131 1614 2200 militaverint,
1650 2130 1842 2187 clerici
1875 2146 1979 2187 seu

276 2220 524 2276 canonici
581 2218 896 2291 regulares,
956 2238 1030 2276 an
1089 2220 1414 2289 monachi;
1467 2237 1600 2277 cum
1658 2219 1980 2277 etiamnunc

280 2309 419 2365 haud
441 2311 780 2382 ignoremus
812 2327 1079 2382 quamam
1101 2310 1357 2368 ecclesiae
1382 2310 1766 2378 cathedrales,
1799 2328 1923 2382 quas
1948 2327 1981 2365 a

277 2400 535 2456 trecentis
563 2400 735 2457 annis
765 2401 1064 2457 canonicis
1094 2399 1471 2457 saecularibus
1502 2406 1820 2471 cesserunt,
1844 2400 1979 2456 olim

277 2493 367 2546 aut
395 2508 430 2546 a
457 2490 757 2547 canonicis
805 2490 1186 2563 regularibus,
1220 2496 1323 2548 aut
1366 2509 1399 2547 a
1433 2491 1734 2548 monachis
1767 2491 1982 2547 fuerint

276 2586 581 2653 occupatae.
644 2580 787 2645 Quis
838 2585 1031 2639 autem
1078 2583 1193 2639 nisi
1250 2587 1469 2639 temere
1534 2584 1752 2652 credat,
1791 2583 1976 2638 virum

268 2672 568 2727 sanctitate
591 2671 997 2741 conspicuum,
1024 2673 1239 2744 fingere
1257 2672 1513 2729 voluisse
1543 2671 1773 2728 nullum
1799 2671 1979 2728 alium

263 2765 465 2831 praeter
510 2760 831 2817 monachos
875 2761 1097 2818 clerum
1156 2762 1214 2817 in
1273 2761 1527 2817 Ecclesia
1572 2761 1977 2818 Cantuariensi

262 2852 595 2922 exstitisse;
628 2851 783 2922 quod
816 2850 943 2907 falsi
968 2851 1259 2908 revincere
1290 2851 1457 2908 facile
1490 2851 1776 2924 potuisset
1806 2850 1979 2923 quili-

259 2942 354 2997 bet
384 2940 446 2998 in
476 2940 687 3013 Anglia
718 2944 894 2998 natus
914 2940 943 2996 ‘l

332 3050 419 3105 t2.
454 3047 639 3119 Igitur
658 3051 723 3102 ut
744 3048 868 3119 jam
896 3046 1080 3104 fusius
1103 3048 1256 3103 dicta
1277 3047 1641 3120 colligamus,
1666 3052 1724 3105 et
1745 3064 1812 3104 ex
1836 3064 1976 3121 pras-

234 3126 929 3210 imissisinterpretemur
952 3139 1006 3193 S.
1048 3138 1393 3211 Gregorium
1441 3139 1761 3211 Augustino
1801 3138 1975 3196 inter-
2004 3165 2055 3233 Ο

256 3228 483 3301 roganti
507 3230 584 3298 (a)
614 3229 1061 3302 respondentem
1110 3229 1203 3300 (ex
1232 3230 1360 3301 ejus
1391 3230 1544 3286 enim
1577 3229 1977 3302 responsionis

254 3319 647 3392 intelligentia
677 3320 893 3392 pendet
922 3319 1103 3391 hujus
1152 3320 1560 3377 controversiae
1590 3319 1981 3395 compositio).

251 3410 455 3467 Primo
484 3410 543 3465 S.
576 3410 889 3482 Gregorius
918 3408 1274 3482 discipulum
1305 3427 1477 3467 suum
1502 3410 1839 3468 meminisse
1858 3410 1985 3467 vult

251 3500 388 3555 vita:
416 3499 748 3556 monasticm
780 3516 957 3571 quam
990 3499 1184 3557 Romae
1217 3500 1518 3573 professus
1560 3504 1650 3558 est
1678 3501 1739 3557 in
1772 3502 1831 3557 S.
1866 3503 1982 3555 An-

248 3590 419 3646 dreae
446 3590 743 3647 asceterio.
804 3590 969 3661 Quia,
1007 3589 1221 3661 inquit,
1269 3592 1597 3661 lratemitas
1655 3600 1749 3649 tua
1795 3607 1984 3647 mona-

241 3680 412 3736 ,ςτεήὶ
436 3679 634 3750 regulis
662 3678 903 3749 erudita,
962 3686 1070 3735 etc.
1118 3680 1387 3737 Secundo
1418 3696 1549 3739 eum
1609 3680 1878 3736 hortatur
1908 3678 1981 3734 ad

244 3772 443 3828 vitam
473 3769 873 3826 emnobiticam
906 3774 962 3826 et
1008 3784 1379 3826 communem
1438 3786 1570 3827 cum
1605 3769 1830 3826 clericis
1858 3768 1978 3824 suis

245 3860 613 3927 ducendam,
644 3862 867 3917 seorsim
897 3861 1023 3931 ﬁeri
1058 3876 1169 3918 non
1198 3860 1355 3917 debet
1385 3878 1417 3917 a
1448 3861 1664 3917 clericis
1691 3862 1843 3923 suis;
1866 3876 1979 3931 quo

246 3950 500 4010 nomine
532 3949 941 4023 signiﬁcantur
968 3955 1097 4007 tum
1132 3951 1403 4009 monachi
1436 3951 1507 4007 ad
1544 3950 1979 4023 pradicandum

242 4042 562 4113 adjutores
590 4039 642 4094 ei
670 4039 809 4108 dati,
867 4044 927 4096 et
982 4039 1043 4095 in
1076 4044 1297 4112 partem
1355 4040 1571 4096 laboris
1616 4039 1825 4110 vocati,
1859 4048 1978 4095 tum

240 4131 438 4190 etiam
463 4127 729 4199 juniores
758 4126 954 4184 clerici
985 4144 1135 4200 quos
1167 4129 1567 4196 instituebant,
1595 4135 1872 4201 tanquam
1898 4145 1981 4185 se-

242 4218 499 4279 minarii
532 4218 876 4290 episcopalis
906 4219 1163 4290 praefecti
1204 4223 1262 4276 et
1307 4218 1828 4275 administratores.
1851 4220 1982 4275 Ter-

235 4315 324 4371 tio
362 4308 636 4381 providet
662 4309 837 4365 victui
879 4309 1227 4366 clericorum
1280 4308 1531 4378 illorum,
1581 4310 1812 4381 quibus,
1846 4326 1978 4367 cum

235 4404 305 4461 in
337 4398 539 4458 sacris
565 4397 865 4455 ordinibus
894 4399 1196 4456 constituti
1226 4415 1342 4455 non
1373 4406 1770 4467 essent,uxore
1798 4399 1979 4455 duce-

238 4511 306 4551 re
341 4491 603 4548 licebat:
638 4490 701 4546 Si
732 4490 854 4562 quis
882 4506 1007 4549 vero
1034 4495 1161 4547 sunt
1199 4490 1392 4548 clerici
1420 4496 1584 4548 extra
1621 4508 1807 4547 sacros
1836 4491 1981 4549 ordi-

232 4600 343 4641 nes
374 4582 680 4649 constituti,
705 4582 803 4653 qui
831 4597 888 4638 se
915 4584 1197 4639 continere
1226 4598 1335 4639 non
1360 4586 1605 4654 possunt,
1637 4583 1827 4640 sortiri
1844 4598 1981 4639 uxo-
2009 4554 2054 4621 D

232 4691 331 4731 res
362 4670 588 4742 debent,
616 4678 663 4727 et
683 4671 959 4745 stipendia
988 4688 1089 4728 sua
1118 4674 1356 4728 exterius
1378 4674 1637 4746 recipere.

319 4789 418 4846 13.
452 4787 555 4843 His
589 4788 865 4844 omnibus
896 4787 1281 4859 argumentis,
1314 4786 1433 4844 imo
1462 4788 1976 4845 demonstrationi-

224 4883 393 4946 bus,
431 4877 670 4935 unicum
705 4878 876 4935 nobis
906 4878 1181 4949 objicitur
1210 4876 1427 4935 Urbani
1467 4877 1516 4934 II
1554 4878 1982 4951 testimonium,

240 4974 410 5029 certe
439 4984 632 5041 grave,
662 4972 721 5025 et
749 4985 783 5025 a
812 4968 1207 5026 Benediclinis
1237 4984 1301 5025 eo
1335 4968 1533 5025 minus
1556 4970 1978 5042 respuendum,

241 5060 415 5137 quod
448 5061 573 5132 ipse
602 5074 671 5115 ex
701 5059 762 5114 S.
797 5058 1089 5115 Benedicti
1124 5058 1347 5115 familia
1378 5058 1549 5115 fuerit
1577 5059 1649 5115 ad
1681 5074 1978 5116 summum

244 5150 662 5226 pontiﬁcatum
694 5153 1057 5221 assumptus.
1096 5150 1146 5205 Is
1178 5148 1375 5221 itaque
1404 5148 1463 5205 in
1498 5149 1752 5220 quadam
1786 5150 1857 5205 ad
1889 5166 1976 5206 ca-

243 5240 502 5301 nonicos
553 5239 853 5313 regulares
910 5239 1121 5312 scripta
1166 5237 1415 5310 epistola
1461 5241 1736 5305 testatur,
1770 5238 1978 5309 Grego-

244 5336 409 5392 rium
439 5334 615 5388 vitam
643 5332 970 5387 canonicam
999 5328 1304 5402 Augustino
1354 5328 1652 5399 Anglorum
1678 5330 1978 5402 Archiepis-

242 5438 389 5495 copo
417 5420 820 5479 instituendam
873 5422 1192 5494 praecepisse
1214 5436 1233 5483 ;
1271 5418 1609 5475 hauddubie
1639 5420 1870 5490 quando
1901 5421 1972 5475 ad

243 5532 392 5576 eum
416 5512 651 5585 scripsit
682 5515 748 5568 ut
778 5512 1166 5569 communiter
1187 5525 1321 5568 cum
1341 5508 1461 5565 suis
1482 5508 1699 5567 viveret
1728 5509 1971 5568 clericis.

318 5631 624 5705 Quidquid
655 5630 734 5688 sit
761 5630 833 5688 de
857 5630 967 5690 hac
996 5628 1242 5704 epistola
1268 5626 1363 5687 cui
1394 5626 1775 5687 conciliorum
1805 5628 1975 5687 colle-

316 5779 404 5856 (a)
432 5776 582 5835 Vide
622 5792 799 5851 supra
827 5792 874 5835 c.
906 5778 960 5845 5,
993 5777 1020 5845 §
1047 5776 1103 5848 5,

2088 491 2280 549 locum
2312 492 2620 559 dederunt,
2666 492 2990 563 respondeo
3048 490 3139 546 his
3168 491 3361 547 verbis
3393 492 3797 547 tantummodo

2088 582 2403 650 significari
2435 584 2493 639 S.
2531 583 2876 655 Gregorium
2908 581 3205 638 canonicis
3238 581 3606 653 regularibus
3633 580 3799 636 insti-

2087 674 2313 730 tuendis
2332 674 2388 727 in
2406 690 2513 729 sua
2535 673 2601 729 ad
2627 673 3021 743 Augustinum
3047 673 3427 743 responsione
3442 669 3797 742 praelusisse:

2089 763 2578 836 quemadmodum
2612 765 2696 833 (ut
2745 764 2803 818 in
2844 763 3046 819 eadem
3107 762 3321 817 Urbani
3355 760 3516 816 266
3550 758 3801 832 epistola

2087 854 2319 927 legitur)
2344 852 2589 927 apostoli
2608 853 2666 909 in
2690 852 2945 908 Ecclesia
2963 851 3445 924 Jerosolymitana
3465 848 3803 907 communia

2088 960 2216 1001 esse
2246 944 2443 1001 omnia
2475 942 2858 1010 instituendo,
2892 949 2944 998 et
3006 940 3268 996 Urbanus
3312 956 3462 1011 papa
3492 942 3549 994 et
3579 943 3801 1010 martyr

2088 1034 2213 1089 suis
2245 1032 2493 1090 decretis
2552 1033 2696 1103 (quas
2731 1039 2919 1087 tamen
2954 1047 3055 1103 pro
3103 1030 3318 1101 spuriis
3352 1028 3569 1085 habent
3597 1043 3803 1083 omnes

2088 1125 2324 1195 eruditi)
2358 1126 2770 1181 canonicorum
2803 1120 3160 1194 regularium
3193 1119 3561 1191 disciplinam
3595 1118 3800 1190 praevia

2090 1215 2413 1271 delincasse
2445 1215 2753 1284 dicuntur;
2789 1229 2977 1286 neque
3026 1212 3180 1269 enim
3221 1209 3471 1282 exempli
3515 1208 3701 1280 gratia
3730 1207 3799 1262 de

2090 1321 2288 1361 eorum
2323 1305 2691 1361 institutione
2714 1303 2941 1375 proprie
2963 1302 3118 1358 dicta
3138 1300 3381 1372 intelligi
3406 1302 3653 1372 possunt
3673 1313 3799 1369 quas

2090 1396 2159 1451 de
2189 1394 2449 1451 Ecclesia
2476 1393 2967 1465 Jerosolymitana
3013 1392 3217 1450 scribit
3259 1395 3316 1449 S.
3352 1391 3560 1457 Lucas,
3593 1388 3653 1444 in
3685 1400 3802 1459 qua

2090 1494 2293 1558 praeter
2325 1484 2638 1557 apostolos,
2689 1482 3035 1555 discipulos,
3092 1482 3350 1551 clericos,
3383 1483 3546 1536 erant
3575 1477 3800 1533 uxorati

2086 1573 2239 1640 laici,
2263 1574 2474 1641 viduae,
2508 1571 2785 1629 mulieres
2812 1572 3004 1628 omnis
3035 1571 3221 1627 aetatis
3252 1574 3308 1628 et
3337 1566 3708 1627 conditionis.

2159 1664 2308 1720 Sane
2334 1680 2401 1719 ex
2433 1662 2726 1719 veteribus
2783 1677 2901 1717 non
2964 1660 3133 1732 pauci
3192 1676 3297 1715 nec
3350 1656 3539 1714 inﬁmi
3579 1653 3801 1711 ordinis

2087 1754 2391 1826 scriptore,
2425 1752 2761 1808 monasticm
2786 1750 2913 1806 vitae
2937 1748 3392 1815 institutionem,
3436 1747 3505 1803 ad
3553 1743 3799 1810 Heliam,

2088 1846 2375 1903 Joannem
2433 1843 2772 1915 Baptistam,
2829 1845 2886 1897 et
2936 1839 3223 1913 apostolos
3252 1836 3635 1895 revocandam
3660 1850 3804 1891 cen-

2089 1941 2357 2004 suerunt,
2389 1932 2701 1991 Cassianus
2760 1930 2981 1987 Heliam
3014 1934 3070 1987 et
3118 1930 3388 1986 Elismum
3422 1924 3806 2000 professionis

2093 2028 2267 2099 hujus
2300 2026 2572 2081 fundasse
2605 2022 2923 2094 primordia
2966 2023 3134 2078 docet
3184 2020 3285 2076 lib.
3318 2036 3336 2074 ι
3365 2017 3621 2074 Institut.
3655 2033 3704 2071 c.
3738 2020 3794 2082 2,

2090 2118 2243 2191 quod
2276 2117 2450 2173 etiam
2483 2112 2689 2169 asserit
2740 2112 3125 2184 Hieronymus
3155 2109 3323 2182 epist.
3380 2108 3467 2177 13,
3501 2106 3573 2163 ad
3606 2105 3801 2162 Pauli-

2091 2224 2233 2263 num
2285 2222 2298 2261 :
2360 2204 2748 2260 Monachoi-um
2805 2204 3051 2273 princeps
3106 2201 3343 2254 Joannes
3405 2199 3645 2269 Baptista
3700 2198 3796 2262 est,

2090 2295 2282 2368 inquit
2311 2294 2757 2365 Chrysostomus
2788 2291 2949 2347 hom.
2996 2290 3021 2345 1
3054 2290 3113 2345 in
3142 2290 3423 2355 Marcum,
3465 2284 3555 2340 cui
3587 2282 3802 2340 suffra-

2091 2394 2261 2458 gatur
2294 2386 2650 2439 Sozomenus
2683 2380 2780 2436 lib.
2816 2398 2833 2435 1
2894 2380 3039 2435 Hist.
3075 2395 3123 2434 c.
3162 2380 3247 2432 12.
3283 2374 3671 2432 Monasticum
3705 2388 3801 2428 or-

2092 2474 2285 2532 dinem
2319 2472 2694 2529 commendat
2733 2470 3066 2526 Bernardus
3096 2468 3156 2525 in
3188 2466 3428 2540 Apolog.
3463 2465 3532 2521 ad
3565 2460 3812 2520 Guillel-

2092 2581 2253 2620 mum
2288 2563 2583 2629 abbatem,
2646 2560 2801 2631 quod
2856 2559 3071 2630 primus
3114 2558 3225 2629 fuit
3254 2556 3315 2611 in
3350 2554 3606 2622 Ecclesia,
3637 2551 3749 2607 imo
3779 2567 3813 2606 a

2091 2670 2192 2725 quo
2221 2652 2383 2723 carpit
2412 2651 2675 2718 Ecclesia,
2724 2665 2826 2721 quo
2856 2649 3043 2703 nullus
3099 2648 3160 2702 in
3189 2650 3339 2703 terra
3376 2644 3615 2699 similior
3642 2655 3814 2711 ange-

2092 2746 2208 2799 licis
2237 2740 2537 2809 ordinibus,
2569 2741 2725 2811 cujus
2746 2738 2981 2811 apostoli
3010 2737 3370 2802 institutores,
3420 2733 3577 2805 cujus
3598 2731 3658 2786 hi
3676 2744 3810 2801 quos

2091 2833 2297 2889 Paulus
2328 2835 2441 2887 tam
2479 2846 2616 2902 saepe
2656 2835 2867 2885 sanctos
2896 2827 3139 2900 appellat
3185 2824 3533 2881 inchoatores
3588 2820 3813 2877 exstite-

2088 2926 2239 2978 runt.
2274 2922 2404 2977 Hmc
2433 2919 2762 2976 Bernardus
2795 2916 3103 2975 confirmat
3151 2915 3322 2971 allato
3359 2914 3516 2970 Lucas
3547 2910 3807 2968 testimo-

2090 3012 2209 3082 nio,
2242 3018 2351 3068 act.
2386 3028 2460 3080 1v,
2495 3010 2565 3065 de
2594 3008 2714 3065 vita
2744 3007 3043 3065 communi
3077 3022 3110 3061 a
3153 3004 3361 3077 primis
3391 3001 3606 3060 Christi
3636 2999 3812 3057 disci-

2092 3102 2251 3176 pulis
2281 3102 2599 3159 observata.
2657 3102 2971 3155 Innumera
3028 3110 3334 3168 possemus
3375 3093 3663 3149 adducere
3694 3089 3813 3146 sive

2094 3210 2159 3251 ex
2191 3194 2407 3251 sanctis
2440 3191 2730 3259 Patribus,
2766 3189 2884 3246 sive
2916 3187 3186 3257 etiamex
3217 3184 3478 3244 conciliis
3501 3182 3626 3240 loca
3654 3182 3809 3237 idem

2091 3282 2510 3356 significantia.

2163 3373 2358 3444 Neque
2387 3376 2585 3428 tamen
2618 3369 2836 3426 idcirco
2858 3370 2927 3425 de
2954 3366 3258 3423 monachis
3292 3361 3672 3422 instituendis
3705 3360 3813 3416 ali-

2093 3463 2328 3537 quando
2360 3460 2651 3533 cogitasse
2684 3459 2978 3532 apostolos
3006 3456 3347 3522 asserimus,
3378 3456 3479 3510 aut
3504 3453 3573 3509 de
3589 3450 3810 3507 talibus

2091 3554 2425 3609 auctoribus
2491 3551 2658 3607 nobis
2711 3548 3089 3616 blandimur;
3125 3546 3537 3602 adumbratam
3578 3541 3809 3599 solum-

2090 3643 2263 3699 modo
2295 3642 2354 3697 in
2387 3658 2589 3698 eorum
2625 3638 2909 3711 exemplis
2940 3654 3005 3695 ac
3039 3636 3324 3693 institutis
3347 3632 3734 3691 monasticam
3759 3637 3814 3687 et

2092 3731 2495 3790 cmnobiticam
2536 3730 2714 3787 vitam
2738 3730 3010 3798 dicimus,
3043 3728 3220 3799 idque
3243 3725 3572 3799 significare
3600 3722 3814 3781 voluis-

2090 3839 2151 3878 se
2183 3821 2491 3893 scriptores
2550 3820 2835 3889 laudatos,
2892 3834 3023 3873 cum
3085 3818 3155 3873 ad
3200 3815 3624 3872 monachorum
3653 3828 3811 3869 com-

2092 3912 2525 3968 mendationem
2586 3926 2683 3967 eos
2741 3911 2813 3965 ab
2859 3906 3138 3981 apostolis
3170 3905 3458 3979 prodiisse
3497 3912 3808 3973 ortumque

2091 4003 2301 4059 ducere
2334 4001 2814 4074 pronuntiarunt.
2874 4000 2967 4056 Sic
3024 3996 3298 4069 explicari
3350 4010 3575 4068 quoque
3614 3994 3810 4061 debet,

2091 4095 2246 4164 quod
2278 4093 2551 4149 Urbanus
2579 4092 2627 4148 II
2658 4095 2716 4148 et
2745 4090 2841 4147 alii
2893 4090 2963 4146 de
2994 4087 3295 4146 canonicis
3324 4086 3519 4142 dixere
3549 4100 3695 4156 quos
3726 4083 3809 4139 vi-

2090 4183 2307 4241 debant
2337 4181 2734 4240 coenobiticam
2760 4181 2936 4237 vitam
2962 4178 3167 4236 sectari
3196 4182 3251 4234 et
3283 4174 3602 4233 monachos
3635 4189 3813 4229 aemu-

2091 4274 2221 4341 lari,
2257 4288 2615 4346 prorsusque
2646 4276 2811 4328 nutat
2839 4270 3127 4343 quidquid
3185 4284 3287 4341 pro
3318 4282 3519 4324 eorum
3551 4263 3809 4335 antiqui-

2089 4367 2205 4420 tate
2236 4363 2588 4420 stabilienda
2616 4361 2751 4418 inde
2782 4360 2925 4434 petit
2953 4360 3039 4416 vir
3067 4360 3294 4415 doctus.

2161 4455 2242 4510 Ex
2273 4453 2446 4510 dictis
2494 4468 2634 4525 ergo
2666 4450 3009 4525 planissime
3055 4449 3236 4523 liquet
3270 4449 3327 4505 in
3376 4445 3635 4505 Ecclesia
3663 4444 3813 4502 Can-

2085 4543 2354 4612 turiensi,
2388 4543 2460 4607 ab
2509 4543 2699 4615 ipsius
2759 4541 3014 4610 exordio,
3074 4539 3230 4597 solos
3288 4537 3576 4596 militasse
3602 4552 3807 4593 mona-

2089 4634 2251 4703 chos,
2284 4649 2400 4689 non
2432 4648 2607 4704 puros
2643 4631 2902 4689 clericos.
2936 4630 3100 4688 Unde
3130 4631 3266 4687 licet
3313 4630 3373 4685 in
3406 4626 3807 4685 adversarium

2086 4724 2199 4780 hoc
2245 4725 2658 4793 argumentum
2717 4726 3090 4792 retorquere:
3147 4720 3207 4776 Si
3257 4735 3423 4775 unam
3453 4716 3594 4772 hanc
3636 4713 3811 4769 sedem

2066 4822 2237 4869 'recte
2291 4812 2569 4867 canonicis
2620 4811 2831 4867 clericis
2881 4809 3289 4884 adjudicavero,
3341 4807 3535 4878 inquit
3589 4803 3806 4874 (dicam

2066 4902 2221 4976 lego,
2282 4901 2630 4975 monachis),
2686 4917 2797 4958 non
2856 4901 3132 4958 immerito
3189 4896 3508 4955 concludam
3563 4892 3811 4963 reliquas

2089 4996 2306 5066 Anglice
2334 4994 2480 5051 sedes
2530 4994 2987 5066 pontiﬁcales.....
3036 4990 3313 5049 canonicis
3359 4987 3566 5044 clericis
3596 4982 3807 5055 (dicam

2090 5085 2393 5141 monachis
2423 5084 2670 5156 clericis)
2694 5084 2954 5140 similiter
2972 5083 3273 5139 obvenisse.

2161 5175 2248 5232 14.
2280 5175 2412 5232 Haec
2466 5174 2888 5231 monachorum
2921 5173 2981 5228 in
3039 5168 3433 5227 ecclesiastico
3477 5162 3802 5223 ministerio

2088 5264 2378 5335 praecipua
2408 5264 2717 5319 anctoritas
2765 5278 2897 5318 cum
2929 5276 3131 5317 eorum
3178 5257 3425 5317 amulos
3455 5255 3802 5316 commovis-

2086 5358 2192 5421 set,
2225 5354 2459 5409 Mellitus
2490 5361 2644 5409 unus
2702 5368 2770 5408 ex
2823 5350 3134 5424 Augustini
3164 5351 3341 5408 sociis
3373 5349 3669 5407 Londoniae
3691 5346 3803 5419 epi-

2073 5453 2271 5512 scopus
2318 5444 2539 5498 Romam
2597 5443 2762 5508 venit,
2811 5441 2880 5498 de
2935 5441 3259 5499 necessariis
3309 5441 3553 5499 Ecclesia
3600 5437 3802 5508 Anglo-

2080 5547 2206 5586 rum
2234 5532 2412 5587 causis
2437 5546 2564 5586 cum
2599 5531 2893 5603 apostolico
2935 5547 3083 5604 papa
3127 5532 3411 5603 Bonifacio
3443 5532 3801 5586 tractaturus.

2078 5623 2299 5679 Etcum
2341 5620 2487 5678 idem
2531 5637 2681 5695 papa
2736 5621 3218 5680 reverendissimus
3264 5625 3475 5695 cogeret
3532 5618 3800 5692 synodum
