4106 6174
387 235 501 295 383

385 373 760 445 episcoporum
793 376 997 444 Italiae,
1033 374 1098 431 de
1126 376 1243 430 vita
1284 373 1673 429 monachorum
1711 376 1762 424 et
1794 372 1974 439 quiete
2005 383 2093 421 or-
2130 370 2179 433 Α

386 462 726 527 dinaturus;
767 474 819 521 et
862 468 978 534 ipse
1021 464 1259 520 Mellitus
1308 465 1453 518 inter
1500 477 1584 517 eos
1632 461 1901 515 assedit...
1936 474 2000 512 ac
2042 459 2098 512 in

386 554 737 611 Britanniam
791 558 1002 613 rediens
1056 572 1239 611 secum
1293 555 1595 624 Anglorum
1645 552 1891 607 Ecclesiae
1940 566 2098 604 man-

386 642 521 699 data
549 655 709 718 atque
737 646 1069 702 observanda
1116 644 1342 709 detulit,
1384 660 1496 697 una
1536 658 1664 698 cum
1694 640 1943 710 epistolis
1973 654 2104 710 quas

388 732 542 789 idem
570 737 832 806 ponti/ea:
870 738 976 791 Deo
1021 735 1214 789 dilecto
1258 733 1656 804 archiepiscopo
1699 729 2019 794 Laurentio,
2051 732 2102 784 et

385 821 531 878 clero
562 825 835 887 universo,
868 824 1135 877 similiter
1162 832 1211 877 et
1249 821 1560 877 Edilbertho
1605 822 1742 890 regi,
1774 829 1931 890 atque
1954 819 2103 889 genti

386 912 687 981 Anglorum
740 913 949 967 direxit
1004 911 1170 982 (Beda
1202 912 1297 967 lib.
1334 928 1392 981 ιι,
1428 910 1561 965 Hist.
1596 926 1642 966 c.
1684 910 1757 975 4).
1796 911 1947 964 Inter
1978 907 2099 961 lau-

390 1000 521 1055 data
555 1002 853 1067 mandata,
905 1000 1351 1057 celeberrimum
1384 1010 1470 1057 est
1502 1001 1806 1056 Decretum
1840 998 1991 1068 quod
2022 997 2103 1051 ita

387 1088 627 1159 incipit:
662 1090 799 1145 Sunt
827 1090 1094 1146 nonnulli
1119 1092 1253 1162 fulti
1306 1091 1458 1146 nullo
1504 1090 1755 1159 dogmate
1803 1088 1933 1158 (vel,
1968 1089 2103 1140 sunt

386 1177 649 1233 nonnulli
708 1180 871 1234 stulti
931 1182 1257 1252 dogmatis),
1317 1179 1492 1248 magis
1551 1179 1667 1233 zelo
1712 1176 2102 1232 amaritudinis

384 1281 551 1335 quam
580 1266 884 1325 dilectionis
915 1268 1270 1339 inﬂammati,
1301 1272 1602 1323 asserentes
1629 1265 1938 1334 monachos,
1970 1266 2100 1336 quia

388 1356 590 1412 mundo
622 1358 832 1414 mortui
868 1368 994 1415 sunt
1022 1369 1074 1415 et
1106 1363 1233 1427 Deo,
1288 1362 1497 1425 vivunt,
1546 1357 1895 1412 sacerdotalis
1922 1356 2103 1427 ofﬁcii

385 1448 631 1515 potentia
661 1448 791 1517 (vel,
824 1448 1171 1503 sacerdotali
1233 1448 1445 1519 officio)
1475 1448 1759 1517 indignos,
1791 1454 1896 1500 etc.
1933 1445 2099 1519 (Tom.

390 1536 443 1586 γ
494 1534 723 1606 Concil.)
780 1537 891 1592 Eos
949 1537 1157 1593 refellit
1213 1554 1484 1593 summus
1544 1536 1817 1607 pontifex,
1852 1534 2103 1590 maxime

388 1624 668 1694 exemplis
702 1626 963 1698 Gregorii
996 1627 1188 1699 Magni
1220 1631 1277 1683 et
1305 1626 1614 1697 Augustini
1644 1626 1770 1694 ejus
1803 1623 2100 1694 discipuli,

813 237 876 298 S.
922 232 1295 298 GREGORII
1342 233 1593 295 MAGNI
1639 231 1843 303 VITA,
1892 230 1987 290 EX
2032 226 2215 291 EJUS
2258 226 2604 289 SCRIPTIS
2650 228 3107 290 ADORNA'I‘A.
3156 228 3301 288 LIB.
3346 231 3443 292 IlI.

3750 242 3854 299 384

2276 378 2466 431 nomen
2500 364 2782 431 inscrtum.
2808 391 2870 431 5—
2896 364 2945 411 5.
2967 363 3397 431 Clovesbqviana:
3417 369 3595 431 synodi
3625 371 3867 422 silentium

2273 427 2466 475 frustra
2497 426 2652 474 nobis
2682 427 2965 489 objectum.
3012 452 3077 462 —
3102 425 3149 475 6.
3202 427 3262 475 Et
3291 425 3600 479 venerabilis
3630 433 3785 483 Bedte.
3817 463 3869 471 -—

2271 490 2318 539 7.
2352 489 2507 537 Aliud
2548 495 2924 551 argumentum
2967 504 3031 538 ex
3068 490 3119 538 S.
3158 489 3426 541 Benedicti
3464 497 3637 551 regula
3665 510 3749 551 per
3776 510 3873 546 mo-

2272 552 2473 601 nachos
2508 552 2705 614 Anglos
2740 552 2793 600 in
2825 553 3161 601 Germaniam
3212 553 3397 602 delata.
3429 583 3486 590 —
3512 552 3557 605 3.
3597 552 3875 607 Bollandia-

2273 628 2462 663 norum
2485 628 2547 662 ea
2568 615 2631 662 de
2662 627 2716 663 re
2748 616 3028 663 sententia.
3064 640 3124 652 -
3151 614 3195 661 9.
3232 616 3584 667 Mareshamus
3614 621 3752 669 aliter
3779 635 3877 670 sen-

2272 679 2410 726 tiens
2439 676 2716 726 refellitur.

2284 763 2333 813 1.
2368 758 2895 814 Commemoratum
2928 759 2985 813 S.
3039 760 3329 815 Benedicti
3362 778 3566 818 nomen
3621 779 3653 816 a
3680 780 3877 820 summo

2212 844 2486 916 pontifice
2518 844 2834 911 Bonifacio,
2867 845 3063 900 addito
3094 846 3266 901 etiam
3317 849 3671 918 praeceptoris
3702 865 3878 904 mona-

2211 934 2450 988 chorum
2485 932 2670 999 titulo,
2695 931 2791 987 ubi
2825 932 3075 988 maxime
3105 934 3174 989 de
3207 934 3615 989 monachorum
3644 936 3881 1006 Anglica-

2212 1039 2418 1075 norum
2480 1020 2906 1091 tranquillitate
2938 1023 3236 1093 agebatur,
3302 1039 3414 1078 non
3464 1023 3699 1078 obscure
3734 1023 3880 1078 nobis

2210 1110 2638 1179 conjiciendum
2692 1109 2905 1180 prebet
2950 1109 3167 1181 Anglia:
3218 1111 3527 1167 monachos
3564 1117 3696 1167 tunc
3724 1112 3882 1166 fuisse

2212 1199 2655 1266 Benedictinos;
2690 1199 2808 1253 sive
2840 1199 2877 1252 ii
2909 1206 3106 1254 essent
3138 1201 3443 1271 Augustini
3474 1201 3607 1256 socii
3635 1202 3884 1271 supersti-

2213 1291 2321 1354 tes,
2353 1288 2471 1345 sive
2503 1287 2583 1341 illi
2619 1305 2766 1358 quos
2798 1288 2905 1342 sibi
2967 1294 3097 1360 post
3156 1287 3477 1359 legitimam
3519 1290 3883 1361 probationem

2211 1394 2451 1447 sumque
2481 1378 2915 1449 congregationi
2967 1378 3280 1434 sociarant.
3332 1383 3545 1435 Verum
3588 1378 3718 1449 quid
3756 1395 3885 1449 opus

2211 1470 2302 1521 est
2332 1466 2699 1534 coniecturis,
2737 1467 2834 1521 ubi
2866 1470 2949 1521 tot
2972 1470 3187 1522 adsunt
3214 1466 3775 1523 demonstrationes?
3798 1468 3886 1521 hoc

2213 1571 2354 1612 sane
2387 1557 2621 1611 nomine
2649 1558 2834 1624 dignae
2868 1562 3008 1613 sunt
3056 1558 3334 1628 rationes,
3371 1575 3517 1629 quas
3546 1558 3889 1614 doctissimus

2214 1646 2583 1701 Mabillonius
2612 1646 2670 1701 in
2706 1647 2815 1702 hoc
2868 1652 3277 1717 argumentum
3339 1648 3654 1720 congessit,
3701 1646 3891 1701 tumin

390 1712 489 1782 qui
520 1713 655 1769 licet
704 1716 997 1785 monachi,
1059 1717 1376 1787 pontificali
1434 1716 1713 1787 dignitate
1766 1712 2097 1781 fulserunt;

2230 1736 2428 1791 irrefat.
2464 1736 2532 1789 ad
2566 1734 2845 1790 sesculum
2879 1738 2900 1791 Ι
2935 1712 3224 1792 Benedict.
3258 1737 3342 1804 §8
3371 1752 3388 1803 ;
3421 1712 3542 1792 tum
3575 1712 3895 1791 inobserva-

387 1801 676 1873 addique:
710 1805 894 1876 Neque
947 1806 1096 1861 enim
1126 1808 1442 1861 Benedictus
1474 1806 1863 1861 monachorum
1891 1820 2092 1875 prece-

382 1895 527 1962 plor,
562 1890 727 1960 huius
757 1896 844 1949 rei
870 1894 1057 1966 aliquo
1086 1897 1243 1952 modo
1271 1898 1380 1966 fuit
1402 1895 1739 1951 interdictor.

462 1980 546 2034 15.
581 1982 893 2054 Epistolam
926 1986 996 2039 ad
1030 1984 1431 2041 Edilharthum
1494 2000 1709 2056 regem,
1750 1983 1918 2053 cujus
1950 1982 2097 2037 Beda

391 2070 677 2139 meminit,
711 2072 996 2131 habemus
1019 2076 1077 2130 in
1112 2075 1430 2131 novissima
1459 2074 1793 2131 collectione
1825 2071 2097 2128 concilio-

389 2173 542 2228 rum,
575 2174 643 2214 ex
673 2176 790 2230 qua
848 2178 974 2233 quas
1032 2163 1103 2218 ad
1159 2168 1414 2218 nostrum
1465 2162 1826 2233 propositum
1880 2161 2099 2215 faciunt

389 2246 532 2302 satis
563 2248 670 2303 erit
723 2251 1046 2307 exscribere
1079 2269 1091 2306 τ
1129 2253 1484 2323 Quapropter,
1544 2250 1784 2322 gloriose
1826 2251 1928 2317 ﬁli,
1961 2248 2100 2319 quod

388 2337 456 2392 ab
495 2340 791 2409 apostolica
822 2341 944 2396 sede
972 2358 1069 2411 per
1122 2346 1493 2414 coepiscopum
1541 2346 1786 2396 nostrum
1831 2340 2099 2395 Mellitum

384 2428 730 2499 postulastis,
762 2430 955 2485 libenti
992 2434 1177 2487 animo
1204 2431 1547 2488 concedimus
1568 2448 1588 2491 ;
1619 2431 1677 2485 id
1705 2438 1803 2497 est,
1835 2437 1895 2484 ut
1927 2432 2101 2483 vestra

391 2518 704 2587 benignitas
731 2518 788 2573 in
821 2520 1148 2576 monasterio
1205 2522 1260 2575 in
1312 2518 1704 2575 Dorovernensi
1732 2518 1951 2575 civitate
1978 2534 2103 2572 con-

388 2608 596 2678 stituto,
629 2608 768 2679 quod
819 2618 1041 2667 sanctus
1088 2611 1272 2667 doctor
1330 2616 1499 2667 vester
1545 2611 1888 2681 Augustinus
1929 2608 2103 2664 beatce

389 2699 674 2757 memoriae
705 2699 955 2770 Gregorii
997 2703 1297 2775 discipulus
1343 2702 1519 2760 sancti
1543 2704 1847 2760 Saluatoris
1892 2704 2104 2760 nomini

388 2794 749 2856 consecravit,
809 2792 905 2848 cui
924 2793 994 2849 ad
1036 2810 1286 2864 praesens
1332 2810 1566 2866 precesse
1594 2794 1935 2865 dignoscitur
1970 2794 2106 2851 dile-

391 2882 667 2935 ctissimus
696 2883 870 2950 frater
900 2887 1085 2937 noster
1142 2885 1466 2939 Laurentius
1487 2901 1508 2945 ;
1540 2884 1768 2939 licenter
1794 2899 1893 2954 per
1920 2886 2107 2939 omnia

393 2970 789 3024 monachorum
836 2972 1169 3040 regulariter
1224 2976 1525 3028 viventium
1581 2972 1974 3026 habitationem
2002 2976 2107 3027 sta-

394 3061 544 3111 tuat:
574 3060 870 3128 apostolica
921 3065 1246 3117 auctoritate
1274 3062 1635 3131 decernentes,
1667 3065 1725 3117 ut
1768 3062 1875 3132 ipsi
1919 3072 2110 3116 vestrae

393 3127 1029 3218 salutisiprasdicatores
1102 3154 1376 3220 monachi,
1444 3127 1837 3207 monachorum
1892 3127 2181 3221 gregemC

397 3238 501 3292 sibi
530 3240 792 3294 associent
834 3240 1040 3311 (lbid.).
1101 3242 1181 3296 Ex
1239 3242 1329 3298 his
1378 3242 1560 3313 liquet
1609 3240 2111 3312 metropolitanam

398 3326 455 3381 S.
491 3327 805 3384 Salvatoris
828 3330 1127 3387 ecclesiam
1147 3332 1218 3387 ab
1240 3332 1472 3389 exordio
1496 3330 1913 3387 monasterium
1938 3330 2115 3385 fuisse

400 3412 615 3470 dictam
675 3421 911 3489 propter
958 3420 1351 3477 inhabitantes
1388 3420 1720 3476 monachos.
1764 3419 1888 3476 Non
1921 3418 2113 3474 solum

403 3506 598 3559 autem
634 3511 817 3561 ratum
842 3506 1041 3564 habuit
1061 3526 1331 3566 summus
1353 3510 1609 3582 pontifex
1633 3508 1903 3565 traditam
1938 3507 2115 3563 fuisse

402 3594 707 3651 monachis
738 3595 886 3652 hanc
917 3599 1240 3666 ecclesiam,
1298 3600 1399 3655 sed
1451 3599 1625 3655 etiam
1659 3597 1977 3670 apostolica
2008 3614 2115 3652 au-

402 3683 670 3741 ctoritate
700 3685 950 3743 decrevit
973 3693 1037 3743 ut
1058 3689 1463 3760 praedicatores
1509 3687 1781 3744 monachi
1811 3688 1957 3743 alios
2003 3672 2115 3741 sibi

403 3773 721 3830 monachos
752 3776 1059 3843 sociarent,
1093 3795 1126 3834 a
1160 3779 1377 3850 quibus
1432 3779 1503 3835 ad
1536 3783 1798 3851 posteros
1833 3775 2117 3832 monasti-

403 3878 537 3919 cum
563 3862 895 3921 institutum
922 3874 1361 3939 prepagaretur.
1395 3872 1521 3924 Non
1542 3884 1677 3940 ergo
1701 3866 2115 3923 contendimus

402 3952 722 4010 monachos
753 3956 824 4010 ad
884 3956 1185 4014 ecclesiam
1249 3958 1463 4014 Christi
1521 3958 2117 4023 Cantuariensem,ex

404 4042 682 4099 Bonifacii
734 4045 942 4103 litteris
990 4049 1280 4106 admissos
1321 4065 1469 4115 esse,
1507 4054 1571 4104 ut
1626 4050 1860 4106 credere
1888 4048 2116 4103 videtur

404 4133 817 4192 canonicorum
844 4138 1196 4210 regularium
1220 4145 1515 4210 patronus,
1542 4141 1641 4195 sed
1665 4139 1927 4209 ejusdem
1952 4155 2113 4211 papas

402 4226 742 4283 auctoritate
763 4227 822 4283 in
848 4229 1021 4299 hujus
1048 4229 1305 4286 ecclesiae
1345 4231 1710 4300 possessione
1737 4228 2114 4286 confirmatos

404 4317 457 4367 et
484 4320 755 4370 assertos.
782 4317 1087 4376 Somniare
1123 4324 1317 4375 autem
1357 4320 1627 4376 eumdem
1653 4334 1845 4375 causas
1876 4334 2114 4389 prorsus

405 4401 719 4472 desperatae
743 4412 994 4463 actorem
1024 4424 1168 4479 pene
1205 4409 1471 4477 dixerim,
1508 4409 1648 4464 dum
1680 4408 1849 4480 fingit
1876 4408 2115 4465 Bonifa-

404 4489 477 4545 cii
509 4507 799 4551 consensu
831 4501 931 4552 aut
976 4498 1205 4554 decreto
1236 4500 1543 4570 adjunctos
1576 4499 1871 4555 canonicis
1893 4499 2118 4571 regula-
2143 4506 2191 4571 D

404 4579 568 4637 ribus
598 4582 783 4639 fuisse
812 4586 1152 4656 monachos,
1196 4590 1295 4659 qui
1319 4588 1693 4660 psalmodiam
1725 4588 2110 4660 quotidianam

403 4670 743 4728 absolverent
773 4675 903 4731 dum
932 4675 1023 4730 illi
1078 4677 1289 4745 clerici,
1341 4694 1472 4750 quos
1514 4679 1620 4734 alio
1653 4678 1873 4750 publica
1903 4678 2119 4733 utilitas

400 4762 644 4832 vocabat,
678 4766 846 4823 libere
873 4769 1238 4838 fungerentur
1283 4770 1435 4824 omni
1477 4769 1830 4825 ecclesiastico
1869 4784 2119 4831 munere.

402 4852 579 4925 Nugas
603 4871 763 4924 sane,
791 4859 955 4928 quasi
988 4874 1117 4914 vero
1161 4858 1381 4927 priores
1422 4857 1601 4929 hujus
1628 4857 1884 4915 ecclesiis
1914 4859 2120 4929 praedi-

401 4950 624 5001 catores
670 4950 728 5001 et
771 4945 1128 5003 habitatores
1170 4963 1283 5004 non
1328 4947 1599 5003 monachi
1626 4965 1659 5002 a
1688 4947 1982 5003 Bonifacio
2014 4965 2119 5020 ap-

403 5033 775 5104 pellarentur,
802 5037 902 5092 sed
928 5035 1121 5093 clerici
1150 5062 1163 5105 ;
1188 5042 1290 5093 aut
1332 5036 1534 5106 ullum,
1562 5040 1691 5107 post
1720 5052 1786 5091 ea
1817 5054 1943 5107 quae
1970 5035 2115 5091 dixi-

403 5138 557 5190 mus,
590 5130 955 5197 receptorum
989 5126 1060 5183 ab
1093 5126 1259 5183 initio
1294 5127 1354 5182 in
1413 5124 1658 5182 ecclesia
1710 5125 2113 5181 Cantuariensi

402 5209 740 5269 clericorum
773 5232 887 5273 non
927 5217 1347 5273 monachorum
1378 5216 1685 5289 vestigium
1718 5220 2041 5288 appareret.

954 5305 1127 5364 267
1171 5307 1399 5365 CAPUT
1436 5306 1558 5365 VII.

404 5401 606 5467 August.
632 5429 694 5438 —
723 5402 767 5453 1.
794 5405 993 5467 Anglia)
1014 5408 1263 5457 monachi
1303 5406 1450 5457 fuere
1481 5406 1546 5455 ab
1580 5406 1730 5455 initio
1756 5403 2112 5455 Benedictini.

469 5465 617 5539 [inde
648 5466 758 5539 iam
788 5465 1433 5539 di_cta_conﬁrmantur_de
1456 5468 1507 5517 S.
1541 5468 1875 5539 Gregorio
1899 5468 2118 5539 Benedi-

467 5528 536 5590 cti
558 5528 766 5590 legibus
786 5530 1055 5579 adstricto.
1092 5558 1153 5568 --
1188 5532 1236 5579 2.
1278 5532 1451 5580 Prima
1483 5530 1623 5580 ratio
1642 5528 1707 5580 ἐκ
1728 5530 2025 5580 Aldhelmo.
2053 5555 2117 5568 —

464 5589 514 5657 3_o.
544 5589 788 5657 secunda
818 5605 881 5641 ex
929 5592 981 5641 S.
1031 5593 1419 5657 Wilfridijitin
1454 5593 1712 5657 scriptore
1749 5608 1947 5657 coaevo.
1977 5621 2039 5657 έ-
2067 5596 2115 5645 4.

465 5652 643 5704 Tertia
686 5651 821 5703 ratio
870 5667 931 5702 ex
978 5655 1243 5703 veteribus
1274 5654 1490 5708 litaniis.
1521 5651 1714 5718 qnibus
1758 5656 1810 5705 S.
1844 5656 2113 5706 Benedicti

2206 1825 2469 1881 tionibus
2502 1826 2727 1894 praeviis
2759 1826 2829 1881 ad
2881 1827 2939 1881 S.
2985 1826 3238 1880 Wilfridi
3271 1826 3453 1881 vitam
3484 1828 3505 1880 1
3536 1834 3689 1897 parte
3713 1823 3898 1881 Saeculi

2210 1916 2278 1971 [V
2316 1914 2601 1969 Benedict.
2631 1931 2644 1982 ;
2681 1924 2799 1970 tum
2830 1915 3237 1971 Analectorum
3273 1924 3435 1972 tomo
3470 1917 3542 1985 Il,
3566 1916 3623 1971 in
3654 1915 3900 1970 disserta-

2205 2006 2361 2061 tione
2392 2007 2460 2060 de
2495 2005 2552 2060 S.
2586 2005 2842 2073 Gregorii
2903 2006 3280 2075 monachatu,
3334 2011 3503 2078 parte
3560 2022 3620 2071 Il,
3652 2006 3750 2071 §8,
3781 2020 3896 2074 pag.

2210 2097 2310 2150 173
2341 2104 2390 2150 et
2425 2113 2577 2165 scq.;
2617 2102 2739 2151 tum
2774 2096 3023 2167 denique
3052 2098 3375 2152 Annalium
3408 2096 3697 2152 Benedict.
3727 2092 3820 2149 lib.
3849 2110 3899 2160 x,

2209 2190 2236 2255 §
2268 2187 2351 2253 i8,
2386 2204 2451 2241 ac
2481 2187 2539 2241 in
2572 2188 2889 2257 appendice
2928 2190 2972 2252 Ι,
3005 2203 3136 2258 pag.
3167 2188 3275 2241 655
3324 2190 3391 2241 et
3439 2203 3559 2257 seq.
3601 2186 3899 2256 Praecipuas

2208 2284 2398 2331 autem
2434 2275 2689 2331 delibare
2748 2278 2817 2331 ad
2880 2282 3143 2332 nostrum
3190 2278 3332 2333 satis
3391 2276 3499 2333 erit
3542 2276 3899 2339 institutum;

2210 2369 2363 2423 unde
2389 2384 2750 2439 consequens
2772 2368 2900 2430 erit.
2926 2371 3079 2440 quod
3098 2370 3221 2439 jam
3242 2385 3488 2441 quoque
3505 2368 3750 2423 diximus
3777 2366 3900 2435 (Lib.

2211 2476 2249 2523 ι,
2281 2475 2329 2514 c.
2362 2459 2415 2526 3,
2448 2461 2474 2525 §
2501 2458 2683 2529 3-10),
2716 2459 2769 2513 S.
2806 2458 3147 2531 Gregorium
3185 2459 3624 2514 Benedictinam
3670 2454 3903 2528 regulam

2209 2549 2566 2617 observasse,
2598 2548 3132 2619 observandamque
3164 2548 3288 2603 suis
3315 2546 3780 2604 commendasse.

2280 2638 2333 2694 2.
2370 2637 2558 2691 Prima
2615 2637 2839 2692 ducitur
2870 2654 2937 2692 ex
2986 2638 3315 2694 indubitato
3343 2642 3413 2694 Ξ,
3446 2635 3734 2692 Aldhelmi
3761 2633 3909 2689 testi-

2213 2728 2429 2792 monio,
2462 2727 2556 2798 qui
2593 2727 2662 2781 ah
2712 2726 3003 2782 Hadriano
3063 2728 3270 2783 abbate
3301 2726 3653 2783 monasterii
3697 2727 3749 2781 S.
3783 2719 3919 2779 Petri

2212 2820 2362 2890 apud
2386 2819 2765 2873 Cantuarium
2787 2818 3041 2888 primum
3062 2820 3353 2885 eruditus,
3382 2819 3595 2874 deinde
3619 2814 3917 2872 monachus

2215 2912 2271 2962 et
2294 2908 2471 2962 abbas
2494 2907 2550 2961 in
2576 2907 2837 2963 coenobio
2880 2907 3272 2963 Maildunensi
3296 2924 3407 2964 seu
3437 2902 3921 2963 Malmesburiensi

2218 2997 2366 3067 apud
2400 2996 2865 3065 West-Saxones,
2887 3013 3136 3068 quorum
3162 2998 3335 3053 etiam
3386 2998 3695 3069 episcopus
3716 2994 3836 3056 fuit,
3868 2991 3922 3046 in

2220 3086 2477 3142 carmine
2503 3087 2573 3142 de
2602 3087 2949 3159 virginitate,
2985 3088 3043 3143 S.
3078 3087 3468 3144 Benedictum
3505 3088 3613 3143 hoc
3642 3083 3816 3157 elogio
3845 3081 3936 3136 de-

2228 3178 2454 3248 signat:

2412 3266 2615 3329 Primus
2645 3265 2737 3329 qui
2771 3266 2955 3315 statuit
2988 3269 3183 3315 nostra:
3216 3266 3523 3315 certamina
3556 3265 3691 3316 vita}.

2410 3327 2913 3390 Qualiter—optatam
2943 3333 3166 3378 teneant
3195 3330 3452 3379 cmnobia
3485 3338 3746 3382 normam.

2411 3391 2629 3454 Quoque
2661 3392 2821 3441 modo
2856 3396 3106 3454 properet
3136 3391 3339 3454 directo
3377 3390 3600 3441 tramite
3629 3390 3854 3454 sanctus,

2411 3453 2501 3517 Adi
2522 3452 2744 3517 superos
2774 3452 3037 3502 scandens
3068 3452 3323 3517 ccelorum
3358 3455 3610 3503 culmina
3638 3452 3801 3501 cultor

2410 3516 2913 3578 (lujus’praaclaram
2952 3517 3191 3579 pandens
3222 3516 3289 3564 ab
3318 3518 3539 3579 origine
3568 3518 3727 3579 vitam

2410 3577 2693 3639 Gregorius
2724 3579 2919 3643 praesul
2950 3577 3145 3628 ohartis
3175 3577 3547 3642 descripserat
3576 3577 3719 3627 olim.

2226 3661 2325 3715 Hic
2359 3660 2663 3715 manifeste
2693 3659 2751 3715 S.
2786 3658 3131 3716 Aldhelmus
3163 3659 3503 3715 monachus
3538 3666 3591 3714 et
3622 3657 3817 3725 abbas,
3848 3653 3935 3725 qui

2225 3754 2423 3807 eodem
2453 3751 2661 3807 saeculo
2707 3768 2821 3823 quo
2853 3756 2908 3806 S.
2951 3752 3313 3824 Augustinus
3359 3753 3621 3823 ejusque
3663 3750 3801 3807 socii
3829 3749 3935 3803 An-

2224 3840 2350 3913 glos
2383 3842 2450 3896 ad
2485 3839 2657 3896 ﬁdem
2690 3840 3075 3898 Christianam
3126 3840 3509 3896 adduxerunt
3539 3839 3743 3897 ﬂoruit
3771 3835 3940 3910 (devi-

2224 3932 2303 3985 xit
2332 3930 2488 3986 enim
2524 3935 2750 3987 tantum
2786 3946 2884 3986 an.
2928 3930 3054 3999 709,
3099 3933 3244 3986 teste
3300 3929 3511 4002 Beda),
3559 3929 3756 4002 palam
3786 3930 3943 3982 testa-

2226 4024 2324 4076 tur
2380 4022 2750 4079 Benedictum
2795 4022 2927 4078 vitaa
2999 4019 3356 4087 monasticm,
3422 4036 3605 4093 quam
3663 4017 3944 4093 professus

2227 4109 2407 4167 fuerat
2459 4112 2965 4183 observabantque
3012 4110 3328 4183 Anglicana
3388 4109 3781 4176 monasteria,
3840 4104 3944 4177 pri-

2226 4218 2386 4258 mum
2418 4202 2597 4258 fuisse
2630 4202 3042 4259 institutorem.

2292 4292 2348 4347 3.
2381 4292 2707 4348 Secundam
2742 4292 3025 4347 rationem
3058 4288 3398 4361 suppeditat
3434 4288 3571 4345 vitae
3617 4289 3678 4344 S.
3710 4281 3948 4342 Wilfridi

2223 4382 2472 4451 scriptor
2492 4398 2718 4437 coaevus
2742 4381 2957 4436 Eddius
2990 4378 3346 4451 Stephanus,
3395 4379 3567 4449 apud
3618 4392 3796 4449 quem
3818 4389 3952 4431 san-

2224 4476 2354 4529 ctus
2374 4471 2681 4527 Wilfridus
2702 4472 2782 4526 ita
2802 4469 3135 4541 loquiturad
3155 4468 3446 4540 synodum
3468 4469 3605 4539 ejus
3628 4483 3809 4523 causa
3829 4479 3952 4520 con-

2224 4566 2553 4635 gregatum:
2588 4561 2773 4616 Nonne
2795 4560 2906 4631 [ΑΙ.
2941 4558 3179 4629 Necnon]
3220 4573 3318 4629 ego
3340 4559 3576 4629 primus
3597 4560 3727 4629 post
3756 4555 3949 4611 obitum

2225 4656 2528 4724 primorum
2554 4666 2843 4723 procerum
2871 4665 2906 4703 a
2936 4649 2991 4704 S.
3024 4647 3279 4717 Gregorio
3308 4646 3663 4703 directorum
3695 4646 3885 4701 curavi
3904 4645 3953 4695 ut

2228 4745 2458 4800 Scoticze
2490 4741 2770 4798 virulenta
2800 4740 3161 4809 plantationis
3193 4740 3447 4808 germina
3482 4738 3952 4794 eradicarem.....

2224 4836 2311 4888 vel
2340 4830 2602 4905 quomodo
2626 4833 2791 4887 vitam
2825 4827 3212 4886 monachorum
3259 4827 3573 4883 secundum
3618 4827 3873 4897 regulam
3902 4822 3954 4876 S.

2226 4922 2497 4979 Benedicti
2523 4924 2719 4993 patris,
2752 4937 2915 4991 quam
2968 4919 3155 4974 nullus
3209 4920 3362 4990 prior
3390 4919 3625 4974 invexit
3664 4917 3956 4973 constitue-

2225 5030 2343 5069 rem
2402 5011 2622 5084 (Saecut.
2684 5027 2739 5066 iv
2797 5009 3093 5076 Benedict.,
3142 5016 3288 5081 part.
3352 5011 3399 5073 1,
3466 5009 3532 5063 in
3581 5002 3960 5079 Appendice);

2227 5104 2446 5161 scilicet
2478 5102 2631 5173 apud
2666 5098 3289 5157 Ultra-Humbrenses:
3326 5111 3461 5153 nam
3498 5098 3562 5152 in
3605 5112 3787 5165 regno
3816 5093 3959 5149 Can-

2224 5194 2287 5251 tii
2312 5195 2434 5265 jam
2467 5195 2757 5264 receptam
2818 5189 2995 5245 fuisse
3026 5188 3085 5245 S.
3134 5186 3435 5244 Benedicti
3473 5186 3780 5259 regulam,
3811 5181 3964 5239 inde-

2226 5302 2337 5357 que
2377 5284 2447 5339 ad
2484 5279 3159 5337 Nordam-llumbrorum
3202 5274 3473 5333 coenobia
3518 5275 3616 5332 vel
3661 5273 3964 5331 instituen-

2222 5375 2295 5429 da
2316 5372 2401 5429 vel
2425 5371 2779 5428 restituenda
2803 5386 2833 5423 a
2854 5372 2910 5423 S.
2928 5368 3195 5423 Wilfrido
3218 5368 3473 5423 delatam
3502 5366 3695 5422 fuisse
3720 5360 3967 5437 probant

2221 5464 2341 5520 haec
2375 5462 2537 5519 Eddii
2569 5461 2737 5518 verba
2769 5476 2819 5516 c.
2855 5460 2956 5515 14ε
3001 5459 3257 5514 Ecberlus
3286 5472 3506 5530 quoque
3550 5473 3665 5511 rea:
3719 5454 3962 5509 Cantua-

2222 5558 2431 5610 riorum
2460 5553 2773 5624 religiosus,
2828 5549 3140 5622 pontiﬁcem
3192 5560 3442 5605 nostrum
3474 5546 3553 5602 ad
3583 5563 3644 5603 se
3689 5540 3966 5603 accersivit

2222 5650 2275 5704 et
2330 5644 2449 5700 illic
2500 5643 2843 5716 presbyteros
2890 5640 3201 5695 multos.....
3242 5637 3657 5694 ordinavit.....
3713 5632 3967 5691 omnibus
