4106 6174
232 217 363 281 385
680 222 741 284 S.
789 223 1168 285 GBEGORII
1214 224 1462 285 MAGNI
1505 225 1713 298 VITA,
1766 226 1869 285 EX
1916 225 2104 287 EJUS
2150 227 2493 291 SCRIPTIS
2536 232 2997 297 ADORNATA.
3043 241 3193 305 LIB.
3238 247 3342 311 Ill.
3654 253 3775 318 386

228 363 447 419 charus
476 362 811 435 episcOpalia
851 363 1037 432 officia
1065 379 1163 433 per
1200 363 1364 433 plura
1406 366 1587 433 spatia
1617 377 1802 432 agens,
1834 378 1960 417 eum
1988 364 2041 431 Α
2072 366 2361 436 suspicari
2393 366 2525 424 licet
2572 371 2641 439 (si
2675 372 2790 427 alia
2830 390 2943 431 non
2976 387 3348 452 suppeterent
3386 400 3771 455 argumenta:

230 453 565 508 cantoribus
604 453 777 506 .aEdde
826 456 875 505 et
916 454 1112 517 Αέοηα,
1153 457 1205 507 et
1249 451 1735 509 caementariis“...
1783 454 1839 506 in
1871 467 1961 506 re-
2070 457 2356 525 synodum
2401 457 2963 536 Cloveshoviensem,
3006 451 3291 529 Joannem
3343 451 3631 539 laudando

224 544 465 613 gionem
491 560 648 598 suam
672 551 939 598 revertens
980 559 1101 598 cum
1140 544 1330 614 regula
1364 543 1660 609 Benedicti,
1703 545 1961 598 instituta
2071 544 2328 612 Apostoli
2353 546 2610 613 nomine,
2646 565 2865 608 morem
2892 558 3148 625 gessisse
3179 562 3236 617 S.
3262 563 3593 626 Benedicto.

225 635 619 689 Ecclesiarum
652 634 785 688 bene
818 634 1151 689 melioravit.

2104 631 2205 731 ‘61
2227 633 2391 731 Quod
2413 639 2732 731 spectatast
2766 645 3152 703 venerabilem
3202 650 3441 721 Bedam,
3479 659 3535 713 in
3565 660 3645 731 (a)
3679 662 3774 717 Bi-

306 725 363 777 4.
400 724 597 779 Tertia
628 725 777 779 ratio
810 726 1024 795 petitur
1064 740 1132 779 ex
1162 724 1459 779 veteribus
1504 724 1728 779 litaniis
1757 723 1958 795 Angli-
2069 721 2257 775 storias
2289 722 2579 779 Abbalum
2612 725 3141 792 Wiremutensium
3185 746 3240 793 et
3272 721 3669 805 Girwensium
3702 753 3774 808 ab

222 813 431 878 canis,
466 827 617 884 quas
665 831 695 869 a
731 814 889 869 mille
939 816 1146 869 saltem
1193 814 1385 881 annis,
1432 818 1486 869 et
1514 820 1647 911 ante
1678 814 1955 911 saeculum
2067 809 2195 880 ipso
2224 810 2561 911 cdilaallbt'o
2642 815 2889 886 legimus
2928 823 2980 875 S.
3037 825 3409 889 Benedictum
3459 835 3773 911 Biscopum

220 919 329 957 vni
368 904 760 957 concinnatae
784 904 990 973 probat
1020 904 1398 959 doctissimus
1415 902 1954 998 Mabillqnius,_tum
2068 905 2340 998 quartam
2380 902 2792 998 ρνοξῡοιίοηξθω
2824 912 3068 968 Romam
3102 932 3443 988 aggressum
3476 902 3775 998 esse,.post

216 1010 293 1048 ex
331 992 664 1063 pervetusti
696 992 909 1049 codicis
949 993 1381 1049 characteribus
1444 992 1952 1059 semi-Saxonicis;
2066 990 2453 1057 compositum
2477 995 2647 1062 juxta
2682 996 2950 1066 Regulam
2982 1009 3426 1066 monasterium.
3470 990 3661 1078 Quam
3682 1036 3775 1075 re-

216 1090 364 1138 turn
405 1084 661 1138 maxime
693 1086 844 1155 quod
880 1086 939 1141 in
973 1086 1055 1139 eis
1088 1084 1288 1139 nullus
1337 1084 1635 1141 invocetur
1665 1088 1766 1138 aut
1793 1099 1952 1139 com-
2066 1076 2264 1172 gulam
2288 1078 2558 1172 ίξιῐϐυξὲίι
2583 1082 2689 1172 οίβί
2712 1085 3162 1161 δθῠθάἱθιίηθοω,
3186 1076 3583 1172 praeterquam
3610 1108 3773 1163 nulla

221 1180 598 1229 memorelur
634 1179 873 1230 sanctus
907 1176 1097 1231 medio
1129 1176 1338 1231 saeculo
1391 1192 1466 1230 v11
1516 1176 1792 1241 inferior;
1840 1191 1953 1228 non
2066 1167 2174 1220 fuit
2204 1167 2260 1221 in
2305 1166 2609 1225 OCCidenle
2640 1171 2752 1228 late
2774 1182 3135 1250 propagata?
3168 1185 3375 1244 Verum
3407 1166 3553 1247 hanc
3586 1196 3769 1265 ipsam

221 1262 525 1329 Mellitus,
559 1279 673 1317 non
727 1264 1026 1333 Paulinus,
1077 1265 1449 1331 Culhbertus,
1483 1265 1805 1330 Willridus,
1852 1265 1955 1318 Ai-
2065 1261 2266 1326 Ροδῐθδ
2301 1257 2453 1314 Clare
2500 1260 2762 1329 ἀθείεηειι
2812 1266 2963 1321 Beda
3011 1270 3267 1329 referens
3329 1277 3386 1331 in
3434 1280 3547 1335 line
3586 1257 3721 1339 libri
3754 1304 3772 1341 ι

224 1354 432 1408 danus
452 1360 514 1408 et
536 1356 636 1410 alii
662 1353 923 1426 plurimi,
948 1354 1149 1409 multis
1185 1355 1597 1409 recensitorum
1632 1354 1689 1408 in
1716 1353 1956 1408 litania-
2065 1345 2185 1400 hac
2214 1347 2440 1402 abbatis
2472 1348 2565 1403 ευὶ
2605 1352 2775 1407 verba
2814 1354 2873 1408 in
2899 1359 3158 1416 oratione
3204 1370 3460 1425 extrema
3492 1372 3560 1427 ad
3600 1373 3775 1429 disci-

223 1460 367 1498 rum
403 1446 553 1501 serie
607 1446 916 1501 Beatorum
958 1445 1268 1499 sanctitate
1296 1452 1348 1497 el
1382 1444 1647 1499 doctrina
1677 1443 1848 1513 longe
1878 1442 1953 1496 il-
2064 1433 2518 1531 Pfl_108_habita:
2571 1440 2798 1496 Multum
2846 1453 3109 1515 cavetote,
3173 1454 3397 1523 fratres,
3447 1474 3517 1514 ne
3564 1462 3769 1531 deforis

227 1532 578 1603 lnstriores;
607 1536 706 1607 qui
730 1552 867 1590 sane
892 1533 1267 1605 praetermissi
1293 1549 1402 1587 non
1438 1534 1772 1600 fuissent,si
1800 1533 1951 1587 diem

228 1626 363 1696 jam
415 1628 769 1682 clausissent
812 1631 1160 1694 extremum,
1194 1631 1248 1679 et
1281 1625 1350 1680 de
1383 1640 1583 1680 eorum
1620 1626 1951 1689 sanctitate,

239 1718 746 1786 quemadmodum
772 1722 971 1787 postea
995 1715 1203 1770 saeculo
1234 1731 1335 1769 vm
1368 1714 1745 1769 constitisset.
1775 1717 1835 1769 In
1862 1714 1951 1767 his
1988 1747 2032 1811 Β

253 1812 440 1860 autem
516 1804 739 1861 litaniis
782 1809 835 1859 S.
880 1804 1169 1859 Benedicti
1212 1820 1420 1858 nomen
1471 1803 1554 1858 bis
1606 1804 1956 1858 inclamatur

249 1900 370 1966 post
402 1896 461 1951 S.
529 1896 969 1968 Hieronymum,
1004 1899 1135 1949 ante
1183 1895 1274 1948 SS.
1325 1894 1596 1949 Hilarium
1645 1898 1700 1948 et
1750 1893 1954 1947 Marti-

254 2002 379 2040 num
406 2006 420 2053 ;
456 1987 611 2057 quod
640 1990 1053 2057 argumentum
1082 1989 1169 2039 est
1200 1985 1649 2049 validissimum,
1680 1989 1735 2039 S.
1772 1986 1953 2040 Bene-

255 2074 456 2129 dictum
503 2076 660 2145 apud
701 2092 800 2131 eos
833 2076 932 2148 qui
973 2076 1314 2146 hujusmodi
1357 2074 1577 2130 litaniis
1624 2076 1951 2137 utebantur,

260 2165 469 2234 patroni
529 2165 725 2220 locum
776 2166 1150 2221 obtinuisse:
1202 2164 1457 2236 alioquin
1510 2181 1615 2220 cur
1655 2164 1750 2219 hic
1790 2165 1953 2220 solus

263 2258 801 2309 commemoraretur
830 2253 1063 2309 omissis
1097 2254 1433 2320 Pachomio,
1483 2254 1753 2323 Antonio,
1788 2255 1955 2310 Basi-

267 2339 350 2409 lio,
382 2342 745 2399 Columbano
769 2343 797 2398 ‘t
835 2344 947 2399 Cur
977 2343 1066 2401 bis
1092 2343 1477 2410 invocaretur,
1511 2344 1669 2413 quod
1704 2344 1851 2399 nulli
1875 2344 1956 2400 al-

268 2432 357 2485 teri
386 2448 753 2499 concessum,
798 2437 1181 2504 praeterquam
1216 2434 1272 2487 S.
1333 2433 1626 2502 Stephano
1667 2439 1724 2488 et
1754 2434 1810 2488 S.
1846 2436 1956 2488 Ma-

266 2519 349 2573 riae
381 2525 466 2575 ter
496 2521 799 2593 appellatas
826 2522 853 2576 ‘t
900 2522 1074 2578 Porro
1111 2523 1295 2577 usitas
1342 2522 1515 2578 fuisse
1563 2522 1795 2577 litanias
1826 2522 1954 2576 illas

261 2608 308 2663 in
350 2610 589 2681 Anglia;
643 2612 761 2667 imo
793 2629 897 2683 pro
927 2611 1134 2683 Anglia
1158 2610 1555 2673 concinnatae.
1598 2612 1801 2683 probat
1834 2612 1952 2666 haec

266 2699 639 2771 supplicatio:
696 2701 761 2757 Ut
808 2702 1017 2756 clerum
1044 2709 1097 2756 et
1135 2701 1342 2771 plebem
1382 2702 1684 2771 Anglorum
1731 2716 1950 2756 conser-

260 2805 381 2844 vare
410 2790 669 2860 digneris,
702 2796 758 2844 te
787 2806 1059 2861 rogamus,
1094 2789 1227 2846 audi
1255 2805 1352 2845 nos
1380 2811 1399 2856 ,-
1444 2790 1666 2845 nullius
1712 2791 1950 2846 alterius

255 2881 438 2951 gentis
470 2882 623 2937 facta
655 2884 971 2938 mentione.

309 2970 360 3024 5.
393 2969 493 3025 His
543 2986 710 3041 aequa
752 2972 917 3028 lance
950 2972 1303 3043 ponderalis,
1354 2972 1819 3028 Cloveshovianaa
1852 2984 1949 3044 sy-

246 3059 381 3114 nodi
432 3068 484 3114 et
533 3061 876 3117 venerabliis
930 3062 1090 3117 Bedes
1140 3062 1435 3117 silentium
1487 3063 1557 3116 de
1618 3062 1839 3133 Regula
1889 3064 1947 3118 S.

242 3144 569 3213 Benedicti,
602 3149 752 3217 quod
787 3148 859 3202 ab
891 3148 1237 3203 adversariis
1272 3147 1409 3202 olim
1444 3149 1736 3218 objectum
1783 3148 1952 3204 nobis

238 3239 353 3301 est,
408 3234 654 3290 minime
716 3252 901 3291 causas
942 3243 1157 3293 nostra:
1214 3253 1418 3293 nocere
1467 3245 1681 3308 posset,
1731 3238 1957 3293 etiamsi

256 3323 418 3379 nulla
448 3326 504 3379 in
533 3326 648 3381 illis
677 3332 778 3381 aut
808 3327 863 3381 S.
904 3328 1218 3394 Benedicti,
1242 3335 1343 3381 aut
1384 3327 1761 3399 promulgatas
1790 3328 1861 3383 ab
1892 3344 1957 3384 eo

253 3414 471 3486 regula:
504 3417 663 3473 ﬁeret
696 3418 935 3473 mentio.
980 3418 1198 3473 Verum
1245 3434 1313 3473 ne
1358 3418 1497 3473 illud
1550 3420 1778 3490 quidem
1826 3420 1960 3475 licet

249 3504 428 3559 nobis
456 3523 777 3578 opponere;
805 3524 939 3562 nam
971 3506 1031 3563 in
1054 3510 1274 3579 synodo
1297 3508 1678 3564 Cloveshovias
1704 3509 1953 3580 legitur:

256 3596 522 3650 Vicesimo
568 3604 765 3668 quarto
804 3599 1089 3652 sancitum
1117 3605 1192 3652 est
1227 3598 1485 3667 capitulo,
1520 3607 1577 3652 ut
1611 3600 1660 3651 si
1707 3601 1827 3668 quis
1864 3615 1960 3653 sa:-

242 3685 535 3739 cularium
562 3693 764 3741 sancta'
794 3688 1147 3756 professionis
1174 3689 1508 3757 famulatum
1538 3688 1721 3742 subire
1756 3688 1957 3743 deside-

240 3777 355 3838 rat,
395 3790 502 3828 non
543 3782 705 3829 antea
731 3781 969 3830 tonsura:
1010 3776 1259 3830 habitum
1302 3776 1563 3847 suscipiat
1595 3794 1761 3847 quam
1802 3779 1955 3833 illius

237 3866 589 3922 conversatio
645 3874 693 3920 et
750 3883 970 3921 morum
1017 3868 1261 3939 qualitas
1303 3871 1595 3922 secundum
1639 3870 1957 3925 monasticae

238 3954 460 4025 regula:
508 3953 877 4023 deﬁnitionem
926 3958 1272 4024 manifestius
1309 3957 1588 4026 probetur,
1619 3956 1789 4027 juxta
1821 3974 1953 4028 apo-

234 4046 507 4100 stolicum
522 4050 851 4115 praeceptum
872 4064 890 4100 :
924 4047 1159 4102 Probata
1180 4048 1438 4119 spiritus,
1471 4050 1524 4102 si
1543 4064 1612 4102 ea:
1636 4048 1737 4103 Deo
1782 4052 1910 4102 sunt
1930 4063 1952 4108 ,θ

234 4138 351 4190 nisi
393 4135 586 4205 aliqua
625 4136 979 4191 rationabilis
1019 4153 1186 4192 causa
1227 4142 1285 4192 ut
1333 4146 1457 4192 ante
1495 4137 1869 4209 suscipiantur
1892 4141 1952 4194 in

232 4224 721 4294 congregationem
753 4227 858 4281 rite
903 4228 1247 4297 persuadeat.
1295 4229 1593 4293 Quasnam,
1648 4243 1802 4299 rogo,
1841 4245 1950 4283 me-

233 4317 447 4370 diante
472 4318 670 4370 octavo
701 4315 935 4383 saeculo,
980 4333 1095 4387 quo
1148 4317 1298 4373 268
1344 4322 1604 4385 tempore
1636 4317 1946 4372 concilium

232 4402 635 4461 Cloveshovias
692 4404 1047 4461 celebratum
1099 4411 1206 4472 est,
1258 4405 1451 4476 regula
1502 4406 1819 4461 monastica
1872 4407 1948 4461 ita

2062 1526 2288 1581 aliunde
2316 1527 2464 1622 vobis
2489 1538 2705 1622 patrem
2744 1538 3045 1603 quaeratis;
3073 1541 3168 1595 sed
3198 1544 3366 1613 juxta
3406 1549 3546 1617 quod
3578 1526 3771 1622 regula

2061 1619 2259 1710 magni
2282 1620 2559 1710 quondam
2592 1620 2798 1677 abbatis
2831 1627 3132 1697 Benedicti,
3166 1633 3340 1699 juxta
3365 1641 3516 1707 quod
3534 1619 3769 1710 prii'ile-

2062 1708 2141 1773 gii
2169 1708 2335 1763 vestri
2372 1712 2649 1765 continent
2696 1712 2936 1782 decreta,
2984 1720 3043 1773 in
3086 1728 3356 1780 conventu
3392 1708 3590 1788 vestra:
3638 1748 3767 1788 con-

2062 1796 2425 1867 gregationis,
2475 1804 2755 1857 communi
2790 1808 3023 1863 consilio
3063 1816 3421 1883 perquiratis,
3458 1823 3555 1889 qui
3582 1836 3772 1877 secun-

2064 1886 2201 1981 dum
2234 1889 2359 1943 vita
2390 1890 2652 1981 meritum
2698 1898 2749 1947 et
2776 1896 3061 1966 sapientia:
3106 1901 3436 1974 doctrinam,
3470 1886 3672 1981 aptior
3700 1913 3770 1968 ad

2066 1976 2177 2069 tate
2219 1980 2591 2069 ministerium
2652 1986 3048 2054 perﬁciendum
3108 1992 3431 2067 digniorque
3482 1976 3766 2069 probetur.

2064 2064 2159 2120 His
2191 2074 2326 2158 sunt
2371 2068 2533 2124 dotes
2563 2086 2705 2141 quas
2736 2072 2795 2127 in
2835 2074 3102 2148 eligendo
3144 2064 3362 2141 Abbate
3417 2064 3677 2158 postulat
3707 2093 3744 2149 S

2063 2157 2411 2212 Benedictus
2450 2160 2681 2231 Regula:
2703 2179 2829 2234 cap.
2858 2165 2946 2220 64.

2135 2244 2453 2303 Ceolfridus
2485 2250 2687 2319 abbas,
2722 2252 2949 2324 BiscOpi
3009 2274 3332 2331 successor,
3385 2281 3546 2323 mare
3578 2276 3770 2327 trans-

2064 2334 2374 2404 missurus,
2407 2340 2609 2394 eadem
2642 2342 2763 2396 suis
2797 2343 3072 2403 fratribus
3103 2354 3411 2423 precepit:
3448 2356 3647 2415 Utilius
3674 2362 3767 2416 de-

2062 2427 2248 2517 crevit,
2272 2426 2462 2497 inquit
2484 2428 2634 2483 Beda
2652 2432 2913 2499 ejusdem
2935 2441 3401 2510 congregationis
3420 2448 3761 2517 monachus,

2063 2512 2161 2570 lib.
2198 2530 2258 2581 II,
2306 2514 2429 2570 dato
2472 2516 2745 2584 fratribus
2786 2531 3076 2593 praecepto,
3118 2535 3177 2581 ut
3212 2529 3384 2599 juata
3426 2536 3517 2588 sui
3560 2512 3766 2595 statuta

2058 2605 2360 2695 privilegii,
2384 2606 2660 2678 juxtaque
2700 2612 2946 2679 regulam
2978 2612 3033 2668 S.
3085 2617 3303 2674 abbatis
3352 2623 3662 2695 Benedicti,
3700 2630 3767 2685 de

2060 2694 2175 2749 suis
2206 2694 2343 2764 ipsis
2371 2700 2586 2766 patrem
2617 2697 2715 2767 qui
2743 2702 2928 2769 aptior
2965 2717 3075 2758 esse
3102 2706 3387 2777 eligerent.

2130 2784 2273 2839 Cum
2309 2784 2461 2841 idem
2494 2788 2838 2844 venerabilis
2862 2792 3112 2865 scriptor
3141 2806 3366 2855 asserat
3395 2801 3543 2871 lib.i,
3580 2806 3767 2866 Bisco-

2062 2891 2201 2968 pum
2234 2891 2361 2929 eam
2408 2875 2711 2948 discipulis
2751 2880 2873 2936 suis
2904 2884 3165 2954 regulam
3200 2890 3534 2962 tradidisse,
3588 2912 3764 2968 quam

2060 2963 2117 3018 ir.
2152 2964 2353 3020 decem
2378 2969 2433 3019 et
2462 2971 2683 3038 septem
2719 2973 3091 3028 monasteriis
3122 2992 3154 3030 a
3186 2992 3246 3031 se
3280 2963 3647 3047 perlustratis
3679 2987 3770 3041 in-

2064 3059 2319 3121 venerat,
2352 3072 2601 3126 quorum
2650 3074 2833 3114 unum
2864 3069 2984 3117 erat
3033 3062 3447 3125 Cantuariense
3494 3074 3556 3127 S.
3609 3077 3769 3133 Petri

2066 3145 2415 3209 cmnobium,
2450 3146 2875 3203 evidentissima
2926 3155 3079 3221 patet
3110 3152 3280 3227 longe
3319 3161 3454 3214 ante
3486 3160 3677 3232 ipsum
3710 3165 3767 3221 S.

2068 3231 2361 3288 Benedicti
2403 3234 2665 3304 regulam
2716 3236 2773 3290 in
2825 3238 3034 3308 Anglia:
3068 3246 3437 3301 monasteriis
3478 3231 3769 3323 receptam

2070 3321 2251 3377 fuisse
2282 3330 2333 3378 el
2364 3323 2641 3394 viguisse.

2136 3413 2189 3464 7.
2225 3411 2349 3467 Non
2385 3413 2576 3468 minus
2628 3413 2888 3505 validum
2931 3418 3295 3488 depromitur
3332 3436 3766 3505 argumentum,

2067 3516 2134 3554 ex
2176 3502 2585 3573 prOpagatione
2611 3504 2820 3574 regulas
2862 3505 3245 3567 Bcnedictinaa
3276 3514 3333 3569 in
3373 3516 3683 3577 Germania
3715 3502 3770 3579 et

2067 3590 2274 3644 vicinis
2323 3592 2656 3662 regionibus
2689 3595 3261 3671 septentrionalibus,
3304 3611 3539 3665 auctore
3564 3617 3619 3665 Β.
3654 3613 3765 3669 Βο-

2066 3679 2277 3733 nifacio
2327 3680 2576 3751 aliisque
2630 3683 2931 3738 monachis
2971 3702 3037 3741 ex
3093 3690 3298 3761 Anglia
3348 3698 3640 3767 profectis,
3692 3705 3763 3759 ad

2065 3768 2235 3861 fidem
2257 3769 2647 3861 Christianam
2672 3772 3169 3861 disseminandam
3198 3800 3211 3846 ;
3240 3783 3337 3851 qui
3356 3785 3766 3861 videlicetplu-

2065 3857 2210 3913 rima
2241 3858 2501 3913 coenobia
2533 3860 2941 3921 condiderunt,
2977 3864 3033 3918 in
3067 3865 3159 3922 his
3192 3872 3441 3929 maxime
3481 3857 3765 3937 Fuldense

2066 3947 2477 4003 monasterium
2513 3952 2631 4002 tota
2660 3949 2886 4019 Europa
2920 3954 3133 4010 nedum
3177 3956 3485 4017 Germania
3515 3966 3766 4024 celeber-

2063 4037 2297 4103 rimum,
2345 4036 2443 4091 ubi
2481 4038 2628 4093 ritus
2678 4038 3085 4098 Benedictinos
3117 4046 3189 4100 ab
3234 4049 3464 4107 exordio
3512 4053 3763 4125 viguisse

2059 4126 2355 4183 inﬁciatur
2376 4142 2565 4184 nemo.
2592 4127 2876 4183 Nimirum
2902 4146 3078 4201 quam
3107 4152 3140 4189 a
3165 4137 3481 4205 majoribus
3506 4144 3630 4199 suis
3647 4148 3765 4201 Au-

2059 4215 2296 4287 gustino
2327 4216 2567 4287 ejusque
2597 4216 2892 4273 sodalibus
2925 4218 3179 4293 Gregorii
3216 4225 3407 4298 Magni
3454 4231 3763 4306 discipulis

2062 4306 2425 4377 Romanique
2462 4306 2796 4362 monasterii
2840 4308 3097 4365 alumnis
3148 4325 3490 4384 acceperant
3519 4320 3576 4376 bi
3610 4326 3761 4380 sacri

2057 4395 2215 4449 verbi
2266 4411 2580 4465 praecones,
2629 4397 2893 4451 eamdem
2945 4397 3001 4452 in
3051 4403 3259 4459 erectis
3289 4421 3322 4458 a
3362 4422 3425 4462 se
3464 4416 3763 4472 asceteriis

234 4492 498 4549 celebris
530 4498 668 4561 erat,
694 4504 753 4549 ιιι
786 4496 1133 4567 simpliciter
1163 4494 1441 4565 nulloque
1462 4494 1679 4561 addito,
1713 4496 1950 4551 nomine
1981 4489 2025 4554 1)
2058 4485 2476 4540 observandam
2525 4484 2915 4553 tradiderunt,
2960 4492 3016 4541 et
3047 4488 3103 4543 in
3151 4490 3339 4563 ipsius
3382 4494 3667 4556 institutis
3690 4505 3759 4558 ad

236 4580 481 4654 Regulae
518 4584 841 4639 monasticae
875 4586 1300 4656 designaretur,
1338 4589 1542 4654 praeter
1573 4586 1629 4639 S.
1665 4586 1948 4641 Benedicti

234 4667 509 4741 regulam
564 4670 620 4723 in
653 4672 821 4739 cujus
869 4688 994 4744 cap.
1027 4673 1097 4726 58
1146 4670 1403 4743 legitur:
1454 4671 1675 4726 Novitcr
1722 4675 1951 4727 veniens

232 4762 365 4828 quis
398 4758 469 4811 ad
500 4762 923 4826 conversionem,
965 4777 1075 4816 non
1112 4763 1168 4816 ci
1194 4760 1385 4829 facilis
1428 4762 1706 4815 tribuatur
1737 4764 1945 4831 ingres-

234 4865 327 4903 sus
384 4849 428 4919 (Ι
466 4849 665 4905 Joann.
714 4852 815 4919 iv),
856 4852 949 4906 sed
1008 4852 1153 4907 sicut
1199 4856 1277 4907 ait
1336 4854 1659 4919 Apostolus:
1712 4854 1950 4909 Probata

234 4939 475 5007 spiritus
513 4941 561 4991 si
587 4954 655 4993 ea:
688 4939 789 4995 Deo
820 4948 946 4995 sunt
969 4944 996 4994 ?
1025 4940 1244 4996 Deinde
1274 4941 1629 5013 praescriptis
1669 4942 1946 4997 omnibus

235 5028 303 5082 ad
338 5026 747 5097 probationem
787 5032 841 5083 et
875 5032 1256 5099 receptionem
1302 5030 1669 5098 novitiorum,
1697 5032 1945 5102 subjun-

234 5118 430 5186 gitur:
481 5118 545 5170 Et
563 5120 688 5186 jam
721 5134 791 5172 ex
820 5119 917 5173 illa
948 5120 1035 5175 die
1065 5122 1123 5173 in
1161 5123 1588 5192 congregatione
1633 5128 1940 5191 reputetur.

232 5206 431 5275 Neque
463 5204 700 5263 silentio
742 5210 1299 5277 praetermittendum
1352 5210 1579 5264 videtur
1608 5210 1664 5263 in
1701 5216 1943 5282 utroque

233 5300 504 5349 contextu
530 5296 587 5351 S.
613 5294 914 5364 Joannem,
934 5300 1383 5370 praetersolitum
1400 5300 1591 5355 vocari
1616 5304 1945 5371 Apostolum

230 5383 601 5455 simpliciter,
634 5386 787 5457 quod
818 5386 923 5444 soli
956 5388 1133 5445 Paulo
1165 5405 1230 5446 ex
1264 5405 1420 5445 more
1444 5390 1757 5461 tribuitur;
1788 5392 1941 5447 unde

2063 4576 2345 4630 amussim
2378 4574 2672 4631 sectandis
2702 4575 2772 4630 ad
2808 4581 3053 4633 mortem
3089 4597 3275 4653 usque
3297 4600 3761 4655 perseverarunt.

2062 4664 2183 4719 Huc
2208 4664 2527 4720 revocanda
2557 4668 2697 4719 sunt
2725 4681 2852 4735 quas
2892 4665 3039 4723 libro
3075 4686 3091 4723 ι
3123 4670 3402 4743 diximus,
3446 4692 3572 4749 cap.
3606 4681 3659 4745 3,
3693 4684 3765 4738 de

2057 4760 2112 4807 ὃ.
2139 4753 2431 4808 Benedicti
2461 4753 2656 4824 regula
2687 4754 2743 4807 in
2779 4754 3039 4811 Romano
3068 4758 3375 4817 S.Andrea3
3410 4770 3763 4823 monasterio

2058 4848 2347 4914 suscepta,
2378 4847 2433 4897 et
2464 4844 2533 4896 ab
2564 4842 2813 4912 ipsomet
2839 4849 2893 4897 S.
2930 4844 3205 4916 Gregorio
3226 4857 3471 4908 servata.

2127 4935 2179 4990 8.
2216 4934 2316 4988 His
2367 4932 2691 4987 rationibus
2737 4934 2871 4988 victi
2922 4934 3281 4991 Bollandiani
3314 4941 3475 5009 socii,
3527 4949 3757 5001 contra-

2056 5022 2201 5078 riam
2235 5023 2373 5078 olim
2407 5022 2587 5077 secuti
2628 5022 2997 5089 sententiam,
3050 5025 3275 5079 tandem
3324 5028 3473 5083 ultro
3505 5034 3757 5093 confessi

2054 5119 2195 5168 sunt
2254 5114 2655 5169 Benedictinos
2696 5112 2943 5167 maxima
2987 5131 3113 5167 cum
3173 5119 3670 5179 verosimilitudine
3696 5145 3760 5184 ac

2052 5205 2436 5275 prapemadum
2487 5204 2766 5259 evidentia
2808 5204 3200 5271 Augustinum
3236 5206 3476 5279 ejusque
3526 5215 3757 5275 sodales

2055 5295 2202 5350 inter
2250 5312 2388 5350 suos
2434 5308 2761 5348 numerare.
2830 5291 3053 5354 Quibus
3088 5293 3135 5345 si
3184 5294 3381 5351 videre
3420 5302 3759 5374 contigisset

2052 5385 2346 5441 laudatam
2381 5399 2559 5455 supra
2590 5380 2756 5437 Eddii
2788 5380 3251 5440 lucubrationem
3292 5385 3362 5443 de
3393 5390 3463 5445 8.
3502 5393 3754 5454 Wilfridi

300 5554 388 5637 (a)_
419 5552 907 5637 Hancb‘istpriam
929 5558 1097 5629 cujus
1122 5559 1387 5616 meminit
1408 5560 1754 5617 Guillelmus
1788 5560 2155 5619 Malmesbur.
2184 5557 2283 5613 lib.
2318 5574 2357 5623 ι,
2388 5570 2438 5611 c.
2463 5556 2516 5623 3,
2543 5553 2767 5627 primus
2799 5551 2981 5609 edidit
3009 5552 3260 5611 Jacobus
3293 5558 3552 5619 Warmus
3580 5579 3755 5637 eques

226 5630 472 5681 auratus
504 5625 735 5682 Dublini
760 5627 917 5683 1664.
