4106 6174
422 214 540 275 387

852 214 916 273 S.
967 212 1334 274 GREGOBII
1383 214 1631 276 MAGNI
1681 215 1889 289 VITA,
1940 216 2037 276 EX
2080 217 2261 281 EJUS
2305 218 2653 281 SClllPTlS
2698 217 3156 279 ADORNATA.
3202 217 3349 280 LIB.
3399 219 3509 280 ΙΙΙ.

3815 218 3916 281 388

406 358 525 414 vita
574 356 856 429 (nondum
904 352 1060 410 enim
1092 366 1221 408 eam
1261 366 1292 407 e
1339 351 1598 409 tenebris
1637 356 1867 410 eruerat
1919 358 2119 411 noster
2146 359 2199 427 Λ
2230 355 2544 427 Gregorius
2574 355 2793 412 amicos
2818 370 2956 411 suos
3001 354 3076 410 ad
3102 354 3317 424 gratias
3360 356 3475 412 Dec
3507 370 3609 428 pro
3659 358 3811 413 tanto
3839 356 3921 412 be-

400 447 796 511 Mabillonius,
846 460 980 503 cum
1011 443 1134 499 haec
1165 441 1316 497 docti
1349 442 1452 497 viri
1484 442 1850 514 scriberent),
1886 449 2115 504 remota

409 538 571 596 omni
619 538 985 595 dubitatione
1032 549 1098 591 ac
1146 532 1545 600 ﬂuctuatione,
1586 538 1642 590 S.
1695 536 2116 607 Augustinum,

409 628 725 699 Anglorum
758 625 1087 699 apostolum
1120 623 1364 693 ejusque
1389 624 1579 681 socios
1616 624 2006 682 Benedictinae
2040 626 2117 681 l'a-

413 717 587 774 miliaa
628 718 1080 790 adjudieassent.

477 810 532 863 9.
565 808 744 865 Aliter
768 825 909 865 sane
946 809 1123 865 sentit
1150 809 1407 865 Joannes
1442 803 1853 861 Mareshamus
1886 803 1945 859 in
1975 819 2114 875 pro-

405 897 591 971 pylan
622 898 693 955 ad
724 898 1109 955 Monasticum
1142 895 1530 969 Anglicanum
1558 910 1573 962 ;
1600 893 1722 965 qui,
1763 892 1899 950 licet
1930 892 2113 949 fatea-

404 992 499 1043 tur
540 988 852 1043 maximam
903 988 1059 1057 apud
1112 986 1331 1059 Anglos
1386 983 1524 1041 olim
1576 983 1752 1039 fuisse
1793 982 2004 1054 regulae
2050 982 2109 1038 S.

402 1076 697 1133 Benedicti
729 1076 1133 1145 reverentiam,
1158 1077 1422 1133 eamdem
1455 1081 1648 1129 tamen
1680 1074 1753 1129 ab
1796 1088 1948 1128 anno
1980 1076 2113 1127 tan-

398 1168 525 1221 tum
574 1165 681 1220 965
729 1166 787 1221 in
836 1165 1176 1239 Anglicanis
1227 1162 1602 1221 monasteriis
1643 1166 1936 1234 receptam
1985 1178 2110 1219 esse

400 1255 721 1324 contendit,
784 1256 857 1312 ob
915 1256 1122 1329 synodi
1179 1254 1569 1312 Cloveshoviaa
1639 1269 1705 1309 ac
1761 1251 2109 1309 venerabilis

403 1344 567 1399 Beda;
598 1342 707 1400 hac
738 1345 808 1400 de
839 1346 1042 1417 regula
1068 1344 1390 1401 silentium.
1432 1342 1645 1398 Verum
1680 1341 1954 1413 negantia
1988 1341 2108 1397 hinc

397 1438 743 1505 argumenta
760 1436 884 1506 jam
907 1435 1269 1493 sufﬁcienter
1288 1434 1595 1500 diluimus,
1621 1432 1861 1504 prolatis
1888 1435 2012 1488 tum
2038 1448 2105 1488 ex

396 1524 636 1581 laudata
665 1527 907 1598 synodo,
922 1531 1045 1583 tum
1084 1542 1154 1582 ex
1178 1523 1495 1582 venerabili
1528 1522 1813 1595 scriptore
1845 1540 1960 1579 non
1992 1523 2109 1578 du—

396 1614 509 1671 biis
540 1615 609 1671 de
641 1616 1017 1672 Benedictina
1047 1615 1248 1688 regula
1277 1612 1649 1672 testimoniis.
1692 1611 1943 1668 Aliunde
1972 1628 2105 1669 vero

396 1702 469 1759 ab
518 1703 779 1761 historias
827 1705 1067 1763 veritate
1120 1721 1359 1777 prorsus
1411 1704 1641 1759 aberrat
1680 1702 2100 1771 Mareshamus,

394 1808 529 1849 cum
561 1800 693 1851 ante
721 1795 1005 1853 sarculum
1027 1812 1060 1851 x
1086 1796 1140 1851 S.
1192 1793 1486 1851 Benedicti
1519 1792 1784 1864 regulam
1838 1792 2104 1863 Anglica-

398 1881 493 1938 nis
524 1883 897 1941 monasteriis
928 1884 1188 1956 ignotam
1221 1882 1471 1939 asserit:
1519 1881 1674 1953 quod
1708 1896 1887 1952 quam
1930 1881 2004 1937 sit
2026 1885 2106 1937 te-

397 1987 556 2029 mere
584 1973 827 2041 diclum,
872 1974 960 2030 vel
1019 1990 1172 2030 unus
1216 1973 1470 2029 Joannes
1518 1971 1816 2027 Diaconus
1846 1973 2103 2028 ostendit

392 2061 492 2118 lib.
526 2080 583 2119 ιν
612 2064 752 2119 Vitas
784 2066 842 2121 S.
890 2064 1149 2136 Gregorii
1203 2078 1329 2135 cap.
1378 2065 1483 2117 82:
1518 2062 1675 2130 Quod
1706 2077 1852 2129 vero,
1893 2063 2098 2134 inquit,

390 2153 665 2222 monachi,
691 2152 787 2224 qui
824 2170 858 2207 a
899 2154 1155 2225 Gregorio
1187 2154 1249 2208 in
1287 2152 1589 2207 Saxoniam
1623 2150 2100 2219 (transmarinam

389 2242 608 2299 scilicet
655 2259 757 2299 seu
798 2244 1123 2317 Anglicam)
1173 2244 1324 2298 missi
1369 2250 1515 2309 sunt,
1568 2242 1621 2297 S.
1687 2241 1971 2298 Benedicti
2009 2260 2101 2301 re-

389 2332 538 2404 gulae
565 2332 777 2403 fuerint
805 2334 1148 2405 mancipati;
1196 2332 1342 2388 inter
1370 2332 1485 2387 alia
1515 2332 1691 2387 etiam
1737 2329 1884 2386 illud
1913 2340 2099 2388 osten-

389 2420 488 2490 dit,
538 2421 681 2494 quod
727 2438 797 2479 ea:
826 2424 1002 2495 ipsius
1030 2422 1317 2493 discipulis
1346 2423 1441 2476 via:
1468 2424 1634 2491 potest
1666 2419 1725 2475 in
1776 2420 1892 2475 illis
1918 2423 2097 2493 parti-

390 2510 486 2568 bus
516 2514 816 2569 monachus
866 2513 1129 2580 inveniri,
1160 2528 1195 2566 a
1232 2527 1336 2583 quo
1379 2525 1489 2566 non
1533 2510 1844 2566 observetur
1892 2517 2004 2565 tam
2036 2513 2096 2566 in

385 2605 663 2681 proposito
693 2619 858 2678 quam
888 2604 951 2659 in
981 2603 1175 2658 habitu
1218 2600 1407 2669 regula
1437 2602 1493 2657 S.
1538 2600 1839 2657 Benedicti.
1870 2601 2095 2657 Scribe-

389 2700 489 2755 bat
546 2699 795 2753 Joannes
824 2694 1113 2750 Diaconus
1162 2706 1315 2748 nono
1368 2691 1599 2761 saeculo,
1657 2696 1887 2747 centum
1949 2707 2095 2763 pene

386 2787 557 2845 annis
586 2792 717 2841 ante
746 2783 1055 2840 concilium
1088 2781 1500 2837 Wintoniense
1532 2779 1801 2836 habitum
1836 2798 1928 2836 an.
1962 2783 2088 2852 965,

385 2878 443 2933 in
479 2893 594 2947 quo
620 2876 691 2930 de
716 2875 773 2929 S.
809 2870 1103 2928 Benedicti
1122 2869 1322 2942 regula
1344 2871 1398 2924 in
1427 2869 1763 2941 Anglicanis
1785 2876 2089 2928 monaste—

385 2965 492 3020 riis
544 2962 910 3019 admittenda
940 2965 1133 3016 actum
1175 2964 1373 3015 censet
1403 2958 1838 3026 Mareshamus;
1884 2964 1940 3015 et
1966 2963 2085 3031 jam

382 3071 450 3111 eo
482 3058 740 3125 tempore
766 3051 847 3106 ita
879 3050 1087 3121 passim
1122 3051 1179 3105 S.
1225 3048 1521 3104 Benedicti
1553 3049 1749 3120 regula
1780 3048 1838 3103 in
1870 3051 2083 3120 Anglia:

385 3141 760 3200 monasteriis
808 3140 1158 3205 obtinuerat,
1213 3144 1277 3193 ut
1324 3138 1413 3193 vix
1458 3139 1515 3192 in
1558 3142 1678 3194 tota
1743 3140 2090 3209 reperiretur

381 3232 590 3306 Anglia
638 3230 724 3287 vel
771 3246 926 3286 unus
977 3228 1301 3285 monachus
1341 3228 1436 3297 qui
1487 3228 1547 3283 S.
1600 3228 1889 3285 Benedicti
1932 3230 2088 3301 leges

381 3340 497 3380 non
560 3322 906 3378 observaret.
940 3319 1137 3391 Neque
1189 3335 1324 3374 vero
1376 3318 1429 3372 id
1483 3317 1670 3374 levius
1720 3323 2005 3375 assertum
2055 3338 2088 3376 a

380 3414 601 3469 Joanne
662 3410 806 3465 Vitas
840 3411 895 3465 S.
947 3407 1206 3480 Gregorii
1240 3406 1521 3479 scriptore
1552 3407 1965 3479 suspicabitur,
1990 3410 2087 3481 qui

380 3502 633 3559 adducta
662 3517 836 3573 supra
876 3516 944 3556 ex
973 3498 1302 3565 Aldhelmo,
1337 3498 1508 3564 Beda,
1559 3497 1743 3553 Eddio
1774 3502 1830 3554 et
1866 3498 2087 3555 Cloves-

382 3590 649 3649 hoviensi
689 3589 935 3646 concilio
968 3586 1300 3644 testimonia
1333 3604 1447 3643 non
1495 3588 1810 3644 oscitanter
1860 3588 2085 3661 legerit.

383 3682 662 3738 Prseterea
701 3680 1009 3747 Joannem,
1043 3681 1107 3733 ut
1136 3677 1206 3733 de
1253 3678 1309 3733 S.
1368 3677 1626 3748 Gregorii
1672 3678 1846 3734 rebus
1887 3679 2088 3750 gestis,

382 3790 449 3829 ae
480 3770 803 3844 praesertim
836 3770 903 3825 de
923 3767 1245 3839 Anglicana
1266 3768 1522 3824 Ecclesia
1540 3768 1611 3825 ab
1634 3769 1755 3839 ejus
1785 3769 2088 3841 discipulis

378 3863 636 3929 fundata,
684 3860 1025 3932 gubernata,
1077 3862 1395 3930 propagata
1450 3859 1747 3927 scriberet,
1800 3876 1915 3916 non
1962 3876 2086 3933 per-

376 3951 727 4009 functoriam
762 3948 1221 4021 Anglicanarum
1253 3963 1445 4004 rerum
1489 3947 1756 4004 notitiam
1778 3948 1888 4005 sibi
1919 3965 2086 4005 com-

378 4058 616 4116 parasse
658 4044 926 4096 constat:
974 4039 1128 4094 unde
1173 4040 1440 4109 ignorare
1482 4054 1597 4094 non
1628 4040 1816 4110 potuit
1870 4040 2084 4111 quibus

374 4127 1123 4201 adstringerenturlegibus
1139 4127 1360 4198 Anglia
1378 4128 1761 4181 monasteria.
1786 4127 1995 4183 Verum
2013 4129 2084 4184 de

370 4216 481 4275 hoc
512 4222 857 4290 argumento
891 4217 1205 4288 plusquam
1240 4215 1422 4281 satis;
1474 4215 1724 4270 maxime
1770 4232 1904 4272 cum
1939 4216 2083 4272 illud

372 4306 743 4377 occupaverit
789 4305 1169 4361 doctissimus
1233 4303 1627 4359 Mabillonius.
1692 4304 1858 4360 Nunc
1906 4306 1977 4360 ad
2018 4306 2076 4362 S.

373 4394 712 4465 Gregorium
746 4396 1078 4461 redeamus,
1111 4394 1182 4448 de
1203 4395 1495 4450 conversis
1515 4393 1800 4465 Anglisin
1836 4397 2078 4452 Domino

373 4484 783 4550 exsultantem,
824 4500 889 4539 ac
938 4483 1009 4539 de
1059 4482 1407 4540 absolvendo
1441 4488 1597 4539 tanto
1646 4499 1817 4556 opere
1869 4483 2081 4543 sollici-

370 4576 517 4628 tum.

905 4678 1066 4737 239
1100 4678 1331 4736 CAPUT
1366 4680 1510 4736 Vlll.

371 4784 569 4836 Ascon.
598 4778 967 4847 —_i.Sa_nctus
987 4780 1269 4847 Gregorius
1297 4781 1502 4847 debitas
1524 4782 1626 4847 sibi
1648 4796 1742 4846 pro
1780 4783 2069 4847 Anglorum

2228 444 2432 503 neﬁcio
2462 446 2716 518 agendas
2756 444 2966 502 litteris
2997 444 3122 501 suis
3162 444 3510 515 provocavit.
3551 444 3637 500 Ad
3670 444 3727 501 S.
3764 446 3921 502 Eulo-

2226 535 2409 607 gium,
2443 553 2476 591 a
2516 552 2632 608 quo
2665 551 2852 607 nuper
2902 534 3091 590 laetum
3140 535 3211 590 de
3257 534 3663 591 haereticorum
3708 552 3923 593 conver-

2226 623 2409 693 sione,
2443 625 2599 680 etde
2651 624 3071 680 catholicorum
3114 624 3425 680 concordia
3464 626 3733 681 nuntium
3781 641 3927 683 acce-

2225 723 2406 786 perat,
2446 716 2525 771 ita
2563 715 2806 772 scribit:
2866 717 3144 787 Quoniam
3182 731 3305 771 vere
3338 717 3395 770 in
3428 716 3576 771 bonis
3610 731 3733 788 quae
3770 716 3921 786 agitis

2220 808 2331 861 scio
2360 805 2501 877 quod
2538 814 2589 861 et
2618 806 2746 861 aliis
2776 804 3152 876 congaudetis,
3196 812 3401 862 vestrae
3443 804 3594 862 vobis
3622 808 3814 876 gratia
3840 810 3922 863 vi-

2221 911 2334 952 cem
2366 896 2549 968 reddo,
2580 901 2629 952 et
2671 912 2781 952 non
2842 894 3144 951 dissimilia
3193 898 3388 952 nuntio
3410 912 3429 951 :
3477 895 3607 967 quia
3638 897 3769 952 dum
3800 914 3920 967 gens

2221 986 2519 1058 Anglorum
2548 989 2608 1043 in
2638 986 2832 1042 mundi
2856 987 3063 1056 angulo
3108 988 3317 1059 posita,
3350 986 3409 1040 in
3452 987 3608 1042 cultu
3648 986 3920 1057 lignorum

2218 1094 2282 1133 ac
2328 1077 2575 1150 lapidum
2622 1078 2831 1151 perﬁda
2874 1093 3192 1150 nuncusque
3234 1082 3568 1146 remaneret,
3613 1094 3685 1134 ea:
3728 1087 3920 1139 vestrae

2217 1168 2358 1223 mihi
2384 1170 2657 1225 orationis
2688 1169 2957 1241 adjutorio
2997 1170 3225 1242 placuit,
3278 1177 3338 1225 ut
3366 1169 3435 1225 ad
3465 1185 3586 1225 eam
3614 1176 3927 1229 monasterii

2215 1260 2326 1315 mei
2378 1258 2709 1315 monachum
2766 1259 2829 1315 in
2884 1260 3334 1331 praedicationem
3390 1262 3764 1318 transmittere
3819 1262 3921 1319 Deo

2215 1356 2432 1405 auctore
2486 1349 2791 1405 debuissem
2830 1350 2969 1419 (Lib.
3012 1366 3132 1417 Vill,
3190 1366 3253 1421 ep
3302 1349 3414 1420 30).
3464 1348 3677 1407 Narrat
3725 1356 3926 1423 postea

2216 1444 2361 1513 quot
2382 1441 2736 1512 quantisque
2766 1439 3068 1496 miraculis
3114 1440 3478 1511 Augustinus
3509 1441 3756 1514 ejusque
3788 1445 3929 1501 socii

2214 1546 2359 1602 apus
2388 1530 2605 1603 Anglos
2652 1534 3058 1599 coruscarent;
3092 1530 3171 1586 ita
3200 1534 3265 1587 ut
3302 1530 3701 1603 apostolorum
3738 1533 3921 1590 virtu-

2212 1625 2322 1687 tes,
2356 1621 2415 1675 in
2465 1620 2650 1691 signis
2700 1637 2827 1692 qua!
2881 1619 3255 1687 exhibebant,
3298 1619 3519 1677 imitari
3564 1622 3919 1682 viderentur.

2214 1710 2363 1779 Quod
2396 1710 2599 1767 idcirco
2657 1711 2905 1777 narravi,
2946 1711 3159 1782 inquit,
3218 1712 3276 1766 ut
3318 1714 3648 1779 cognoscatis
3701 1715 3836 1786 quid
3865 1718 3927 1771 in

2213 1800 2590 1857 Alexandrino
2627 1801 2829 1872 populo
2861 1800 3147 1872 loquendo,
3191 1808 3241 1857 et
3287 1800 3419 1873 quid
3458 1803 3516 1855 in
3550 1802 3748 1858 mundi
3782 1804 3920 1873 ﬁni-

2214 1889 2311 1945 bus
2360 1891 2523 1961 agitis
2567 1890 2797 1946 orando.
2840 1892 3048 1947 Vestra:
3086 1892 3234 1946 enim
3273 1889 3550 1946 orationes
3596 1896 3724 1947 sunt
3770 1893 3830 1948 in
3861 1910 3923 1951 eo

2210 1979 2321 2036 loco
2352 1981 2449 2036 ubi
2488 1996 2594 2036 non
2644 1982 2790 2048 estis,
2858 1996 3089 2053 quorum
3149 1982 3485 2050 operationes
3528 1988 3732 2037 sanctae
3761 2000 3923 2040 mon-

2205 2074 2453 2125 strantur
2480 2072 2541 2126 in
2581 2084 2640 2125 eo
2681 2069 2793 2124 loco
2826 2070 2883 2123 in
2913 2084 3021 2141 quo
3050 2068 3199 2125 estis.
3243 2068 3336 2126 Sic
3386 2067 3613 2126 debitas
3644 2070 3756 2127 sibi
3788 2072 3917 2129 lau-

2211 2158 2312 2214 des
2336 2176 2435 2229 pro
2459 2163 2619 2215 tanto
2640 2174 2814 2231 opere
2839 2158 3131 2229 deprecari
3156 2157 3480 2215 conabatur
3500 2157 3745 2217 humilis
3771 2177 3923 2235 pon-

2207 2250 2368 2316 tifex,
2400 2266 2465 2305 ac
2491 2250 2548 2304 in
2578 2247 2877 2322 quoslibet
2908 2248 3054 2306 alios
3095 2263 3375 2321 regerere.

2275 2359 2323 2412 2.
2357 2358 2542 2422 Quam
2574 2361 2714 2413 tunc
2744 2356 2973 2413 floreret
3004 2356 3060 2412 in
3086 2356 3387 2416 Britannia
3403 2357 3602 2431 religio
3631 2358 3909 2417 Christia-

2206 2464 2300 2513 na,
2336 2446 2425 2502 his
2454 2446 2645 2503 verbis
2675 2446 2949 2519 exprimit
2978 2463 2999 2502 :
3029 2447 3172 2502 Ecce
3200 2446 3401 2521 lingua
3431 2448 3763 2515 Britanniae,
3787 2465 3914 2520 quae

2203 2536 2287 2592 nil
2317 2536 2475 2592 aliud
2492 2542 2743 2603 noverat,
2766 2554 2929 2608 quam
2962 2536 3256 2592 barbarum
3283 2538 3553 2609 frendere,
3565 2539 3687 2609 jam
3701 2540 3913 2597 dudum

2204 2627 2262 2684 in
2292 2627 2496 2684 divinis
2527 2627 2785 2683 laudibus
2830 2628 3113 2684 Hebreum
3144 2630 3309 2701 capit
3345 2630 3609 2703 Alleluya
3629 2646 3908 2689 resonare.

2204 2721 2333 2775 Ecce
2382 2719 2655 2791 quondam
2700 2718 2967 2786 tumidus,
2977 2719 3097 2791 jam
3125 2720 3437 2777 substratus
3476 2729 3789 2778 sanctorum
3818 2739 3914 2796 pe-

2197 2808 2356 2865 dibus
2391 2810 2559 2865 servil
2616 2811 2885 2876 Oceanus,
2936 2810 3161 2880 eiusque
3224 2809 3482 2866 barbaros
3530 2816 3726 2883 motus,
3783 2828 3916 2883 quos

2194 2902 2408 2955 terreni
2444 2901 2725 2971 principes
2756 2899 3008 2955 edomare
3050 2902 3204 2969 [erro
3254 2901 3637 2973 nequiverant,
3691 2903 3786 2958 hos
3814 2919 3921 2967 pro

2196 2986 2389 3044 divina
2425 2988 2729 3057 formidine
2759 2988 3102 3045 sacerdotum
3132 3005 3233 3045 ora
3262 2990 3607 3062 simplicibus
3638 2991 3813 3047 verbis
3836 2992 3917 3047 li-

2121 3116 2163 3185 C
2200 3084 2333 3148 gant
2365 3094 2383 3132 :
2414 3085 2464 3133 et
2494 3076 2591 3148 qui
2619 3086 2864 3133 catervas
2888 3079 3273 3150 pugnantium
3303 3078 3540 3149 inﬁdelis
3565 3096 3922 3151 nequaquam

2203 3169 2492 3232 metuerat,
2524 3168 2644 3237 jam
2683 3181 2829 3221 nunc
2887 3165 3063 3235 ﬁdelis
3119 3167 3418 3223 humilium
3470 3168 3693 3239 linguas
3729 3170 3917 3227 timet.

2198 3251 2339 3322 Quia
2386 3256 2535 3310 enim
2571 3256 2843 3325 perceptis
2883 3254 3188 3310 cwlestibus
3241 3256 3424 3311 verbis
3469 3258 3909 3315 clarescentibus

2195 3360 2407 3415 quoque
2431 3344 2736 3411 miraculis,
2771 3345 2946 3398 virtus
2968 3345 3022 3399 ei
3048 3343 3259 3401 divinae
3285 3348 3615 3415 cognitionis
3654 3348 3916 3417 infundi-

2195 3442 2312 3500 tur,
2362 3432 2605 3503 cjusdem
2643 3433 2953 3488 divinitatis
2991 3437 3196 3490 terrore
3238 3437 3577 3504 refrenatur,
3632 3441 3689 3491 ut
3728 3454 3917 3508 prava

2196 3537 2361 3589 agere
2388 3524 2612 3587 metuat,
2643 3535 2708 3575 ac
2737 3519 2861 3576 totis
2892 3520 3181 3577 desideriis
3202 3521 3272 3576 ad
3292 3522 3624 3578 aeternitatis
3660 3525 3917 3593 gratiam

2189 3612 2479 3683 pervenire
2494 3612 2837 3682 concupiscat
2865 3611 3089 3683 (Morel.
3125 3611 3163 3665 l.
3196 3627 3370 3681 xxvn,
3396 3628 3554 3668 num.
3578 3613 3693 3685 21).

2271 3718 2326 3773 3.
2351 3718 2624 3782 Quaedam
2658 3721 2853 3774 tamen
2883 3718 2941 3773 in
2973 3718 3222 3789 gratiam
3254 3718 3674 3791 neophytorum
3707 3722 3917 3781 indul-

2194 3808 2287 3877 sit,
2313 3825 2440 3880 qua}
2474 3809 2800 3880 antiquitus
2846 3814 3088 3879 receptas
3120 3808 3180 3863 in
3236 3809 3489 3866 Ecclesia
3519 3810 3673 3882 leges
3704 3814 3917 3885 prohi-

2198 3900 2443 3966 bebant;
2497 3897 2744 3954 maxime
2780 3897 2850 3953 de
2900 3898 3296 3955 contrahendo
3356 3899 3510 3957 intra
3558 3910 3744 3960 certos
3777 3921 3921 3961 con-

2193 3987 2605 4060 sanguinitatis
2653 3992 2710 4043 et
2750 3987 3056 4045 afﬁnitatis
3106 3988 3320 4057 gradus
3375 3990 3797 4049 matrimonio:
3847 4000 3921 4051 ut

2195 4079 2475 4150 paulatim
2508 4078 2724 4134 Christi
2750 4079 2889 4150 jugo
2922 4086 3316 4135 assuescerent
3347 4079 3405 4135 in
3436 4080 3562 4150 ipso
3584 4098 3789 4140 recens
3817 4102 3922 4155 ge-

2194 4165 2337 4232 niti;
2370 4169 2477 4221 eta
2511 4165 2623 4220 ﬁde
2656 4182 2830 4237 quam
2881 4174 3215 4237 susceperat
3245 4184 3385 4236 gens
3434 4168 3779 4240 Anglorum,
3817 4188 3919 4229 ro-

2193 4254 2393 4310 cedere
2424 4270 2538 4309 non
2563 4259 2833 4325 cogerent
2873 4255 3193 4310 austeriora
3223 4255 3363 4326 (Lib.
3397 4272 3472 4324 ιι,
3496 4273 3578 4328 ep.
3601 4259 3711 4327 64).
3736 4260 3919 4318 Hanc

2191 4344 2472 4399 rationem
2494 4360 2777 4400 concessas
2801 4343 3177 4417 indulgentias
3194 4345 3357 4400 affert
3381 4346 3510 4417 ipse
3534 4351 3919 4419 respondens

2193 4433 2385 4502 Felici,
2435 4434 2791 4490 Messanensi
2835 4434 3118 4506 EpiscOpo
3168 4434 3309 4505 (Lib.
3342 4452 3457 4505 xiv,
3497 4452 3581 4509 ep.
3631 4439 3786 4511 ult.),
3834 4442 3919 4498 de

2110 4496 2158 4563 Ῑ)
2189 4522 2297 4578 hoc
2346 4496 2523 4579 sacrae
2557 4524 2701 4594 legis
2750 4496 3077 4579 laxamento
3135 4496 3279 4595 pene
3331 4496 3917 4596 exposiulanti.“Sic

2184 4629 2479 4670 summam
2499 4612 2558 4668 in
2583 4612 2838 4669 Ecclesia
2859 4618 3066 4670 nactus
3087 4614 3515 4683 auctoritatem,
3539 4624 3596 4673 et
3626 4633 3916 4689 premere

2180 4707 2238 4758 et
2297 4702 2453 4758 laxas
2485 4703 2622 4758 dare
2680 4702 2962 4769 habenas,
2995 4707 3060 4760 ut
3098 4720 3127 4760 e
3172 4720 3228 4761 re
3277 4704 3601 4777 videbatur,
3650 4716 3919 4768 noverat

2180 4794 2513 4864 pontiﬁcum
2548 4793 3057 4863 prudentissimus.

2268 4899 2321 4953 4.
2357 4898 2519 4954 Prius
2549 4903 2829 4956 statuerat
2870 4908 2931 4955 ut
2979 4900 3268 4957 idolorum
3315 4903 3529 4976 templa
3565 4913 3919 4964 everteren-

2177 4994 2307 5056 tur;
2370 5005 2483 5059 qua
2540 4989 2611 5044 de
2661 5006 2719 5045 re
2768 4991 2935 5046 etiam
2992 4991 3063 5046 ad
3128 4991 3530 5048 Edilherthum
3580 4993 3922 5068 scripserat

2178 5078 2318 5146 (Lib.
2351 5095 2429 5144 χι,
2453 5093 2536 5151 ep.
2568 5081 2692 5152 66);
2744 5080 2843 5137 sed
2880 5084 3103 5138 mutato
3151 5082 3395 5139 consilio
3434 5086 3618 5142 satius
3658 5089 3924 5158 putavit

2176 5184 2262 5236 ea,
2290 5169 2593 5225 destructis
2625 5170 2937 5242 ejectisque
2984 5170 3174 5240 idolis,
3226 5173 3559 5245 aspersione
3588 5192 3757 5248 aquae
3795 5179 3924 5236 be-

2178 5257 2417 5313 nedictae
2449 5257 2719 5327 lustrare,
2753 5264 2928 5333 atque
2968 5260 3084 5317 ritu
3130 5261 3458 5321 Christiano
3498 5280 3863 5324 consecrare
3902 5288 3920 5337 ;

2176 5351 2239 5403 ut
2268 5346 2440 5417 Angli
2472 5364 2657 5422 nuper
2688 5350 2759 5406 ad
2813 5351 2983 5407 ﬁdem
3018 5353 3221 5423 vocati,
3271 5353 3621 5411 familiarius
3653 5358 3725 5413 ad
3766 5357 3923 5417 loca

2174 5445 2451 5493 consueta
2482 5445 2895 5498 concurrerent
2926 5441 3111 5513 (lbid.,
3153 5460 3240 5515 ep.
3270 5445 3379 5515 76).

2244 5538 2298 5593 5.
2349 5539 2720 5596 Consuetudo
2764 5545 2888 5597 erat
2936 5540 3243 5615 gentilium
3294 5544 3524 5614 mullos,
3576 5562 3707 5603 cum
3765 5551 3916 5606 suis

2174 5626 2345 5683 idolis
2388 5630 2661 5688 offerrent
2700 5632 3007 5701 sacriﬁcia,
3048 5632 3224 5691 boves
3271 5636 3553 5704 occidere,
3601 5641 3793 5711 atque
3829 5658 3921 5699 ex

2171 5719 2257 5777 eis
2278 5719 2519 5793 epulari.
2545 5723 2707 5788 Quod
2729 5723 2873 5781 utin
2896 5726 3054 5796 piam
3077 5724 3505 5786 solemnitatem
3530 5731 3922 5793 transferret

1676 4847 1945 4904 Quantum
1973 4848 2073 4897 llo-

428 4912 568 4959 reret
599 4912 726 4957 tunc
759 4906 940 4968 religio
972 4905 1026 4953 in
1060 4904 1349 4966 Anglia-4
1374 4905 1420 4954 3.
1453 4906 1702 4964 Quasdam
1726 4923 1915 4959 recens
1947 4923 2072 4958 con-

426 4972 595 5020 versis
625 4969 873 5032 indulget
902 4982 1059 5031 papa.
1091 4992 1153 5003 —
1175 4970 1217 5017 4.
1244 4968 1512 5018 ldolorum
1537 4969 1734 5031 templa
1769 4971 2069 5022 Christiano

428 5035 531 5083 ritu
575 5032 874 5082 consecrari
914 5033 1086 5104 jubet.
1114 5057 1177 5104 -Σ
1307 5032 1449 5104 Ουδῆ
1483 5033 1767 5104 necphytis
1802 5035 1987 5104 epulas
2018 5041 2073 5085 et

428 5110 621 5169 agapes
665 5093 1004 5145 concesserit.
1036 5121 1097 5129 —
1225 5094 1560 5167 Augustinus
1590 5093 1803 5168 frustra.
1826 5097 2071 5147 Britones

429 5159 746 5223 dissidentes
790 5158 877 5223 ad,
916 5170 1097 5223 pacem
1149 5162 1350 5207 mvntat.
1396 5157 1495 5223 Qui
1544 5171 1853 5223 pervicaclse
1883 5174 2068 5223 poenas

428 5220 574 5283 dant.
601 5222 883 5281 Augustini
905 5220 1100 5281 obitus,
1132 5224 1184 5269 et
1214 5224 1335 5283 post
1365 5220 1567 5269 obitum
1599 5220 1771 5269 cultus
1813 5220 1979 5272 sacer.
2009 5248 2069 5261 —

426 5281 475 5346 7.
507 5282 918 5346 Quantumeius
941 5281 1278 5333 successores
1300 5296 1397 5346 pro
1415 5283 1825 5346 reconciliandis
1846 5286 2070 5335 Britoni-

429 5344 531 5391 bus
560 5348 612 5391 et
630 5343 825 5409 Scottis
856 5345 1235 5409 laboraverint.
1267 5343 1329 5381 -ὲ
1356 5345 1403 5395 8.
1437 5345 1495 5395 In
1526 5346 1722 5409 Anglos
1737 5348 2067 5398 Christianos

428 5405 723 5465 persecutio
746 5406 981 5456 desaevit.
1014 5408 1138 5465 Qum
1157 5410 1370 5458 tandem
1408 5405 1641 5460 sedatur'.
1674 5438 1735 5445 —
1754 5410 1803 5460 9.
1827 5410 2068 5461 Britones

426 5467 673 5537 Ecclesim
708 5466 1276 5537 Romanmdoctrinam
1329 5471 1570 5537 ritusque
1619 5475 1935 5537 suscipiunt.
1969 5476 2065 5524 Pro

426 5529 809 5581 bodiernorum
844 5530 1137 5592 Anglorum
1168 5529 1520 5585 conversione
1550 5542 1750 5587 votum.

434 5622 481 5675 1.
517 5617 784 5689 Acceptis
816 5634 946 5688 quae
975 5617 1032 5673 in
1066 5620 1388 5691 Anglicana
1418 5625 1781 5697 expeditione
1822 5626 2065 5684 feliciter

365 5714 435 5771 ab
484 5706 811 5779 Augustino
846 5707 1085 5779 ejusque
1118 5709 1395 5768 fratribus
1424 5713 1482 5769 in
1522 5714 1646 5770 dies
1694 5718 2062 5792 gerebantur,

427 4844 778 4895 conversione
804 4842 988 4892 laudes
1018 4842 1073 4891 in
1100 4840 1238 4905 alios
1270 4844 1477 4905 regerit.
1513 4871 1575 4880 -—
1602 4844 1646 4892 2.
