4104 6162
264 156 385 218 380

690 162 749 223 s.
800 165 1171 229 enneonn
1219 170 1481 234 MAGNI
1529 175 1736 243 Vl't‘A,
1786 179 1882 238 nx
1932 180 2123 243 usus
2169 188 2206 245 δ
2244 190 2519 254 ‘ttIP'l‘lS
2563 195 3019 265 ADORNA'I‘A.
3066 182 3212 271 LIB.
3260 214 3365 277 Ill.

3683 228 3802 291 390

262 298 679 356 sanctissimus
712 318 882 374 papa,
914 304 1119 361 annuit
1139 314 1195 361 ut
1215 308 1275 361 in
1304 308 1393 365 die
1414 309 1777 370 dedicationis
1799 317 1972 373 Eccle-
2001 320 2055 386 Α
2085 321 2315 380 Kalend.
2349 330 2553 404 Junii),
2595 334 2651 390 S.
2705 338 3001 409 Augustini
3040 348 3448 426 archiepiscopi
3474 366 3528 414 et
3576 369 3790 438 confes-

262 389 378 438 δέω-
412 388 497 438 vel
526 390 782 438 natali/in
826 400 1154 438 snnrtnrnm
1200 400 1506 438 innrhn'nn)
1541 418 1791 438 ηηηνηπη
1847 406 1975 438 νοις-
2088 415 2220 438 --...-.
2448 436 2457 438 -
2511 422 2552 438 ..
2600 430 2612 438 .
2708 427 2721 438 .
2980 432 2991 438 -

259 389 378 456 sim,
412 388 497 443 vel
526 390 782 445 natali/io
826 400 1154 449 sanctorum
1200 400 1509 468 martyrum
1541 418 1794 471 quorum
1846 406 1977 460 reli-

262 478 414 548 quiae
445 479 503 533 in
538 481 700 537 novis
732 483 965 552 templis
996 487 1240 541 conditae
1286 488 1539 559 fuerant,
1585 493 1752 565 Angli
1792 512 1977 567 nuper

260 566 577 624 Christiani
612 569 744 626 facti
778 571 1137 628 tabernacula
1166 576 1293 645 sibi,
1315 578 1467 633 circa
1489 582 1699 638 easdem
1724 586 1975 643 ecclesias

260 674 384 728 quae
408 674 481 714 ex
508 660 657 728 fanis
687 671 843 717 erant
876 669 1243 734 commutatae,
1286 666 1351 722 de
1387 673 1560 726 ramis
1591 675 1849 730 arborum
1882 677 1973 749 fa-

258 753 468 814 cerent,
502 760 550 805 et
582 752 855 821 religiosis
884 754 1150 810 conviviis
1180 757 1581 817 solemnitatem
1612 764 1969 823 celebrarent.

256 837 402 892 Nam
432 838 607 901 duris,
642 841 853 913 inquit,
895 844 1168 900 mentibus
1199 846 1369 902 simul
1414 855 1603 907 omnia
1652 855 1973 912 abscindere

256 925 605 997 impossibile
649 946 764 985 esse
812 948 920 987 non
950 932 1176 989 dubium
1222 939 1295 990 est
1328 955 1347 991 :
1396 941 1527 1009 quia
1574 941 1620 996 is
1660 946 1755 1013 qui
1795 945 1971 1001 locum

250 1032 530 1073 summum
561 1020 850 1076 ascendere
880 1021 1102 1093 nititur,
1149 1040 1365 1083 necesse
1391 1037 1468 1084 est
1509 1034 1570 1085 ut
1597 1033 1857 1102 gradibus
1888 1038 1969 1091 vel

248 1108 527 1176 passibus,
560 1125 668 1165 non
698 1115 883 1166 autem
912 1112 1143 1169 saltibus
1172 1115 1414 1172 elevetur
1448 1120 1586 1190 (Lib.
1622 1139 1702 1187 χι,
1735 1140 1817 1195 ep.
1849 1128 1962 1196 76).

250 1195 469 1253 Eadem
504 1199 599 1271 pia
627 1200 916 1257 industria
966 1219 1137 1259 usum
1171 1204 1307 1261 olim
1341 1207 1590 1280 legimus
1640 1213 1697 1270 S.
1753 1195 1967 1290 Grego-

251 1286 409 1342 rium
449 1296 832 1361 cognomento
884 1292 1397 1368 'l‘haumatnrgum
1431 1315 1567 1372 erga
1616 1286 1961 1378 ncepbytbs,

250 1381 319 1432 ut
351 1380 525 1435 rel'ert
555 1379 699 1435 alter
729 1381 1041 1454 Gregorius
1071 1387 1364 1454 Nyssenus
1398 1389 1583 1447 dictus
1608 1392 1665 1448 in
1698 1395 1959 1465 ejusdem

244 1466 403 1537 vita;
434 1470 584 1542 quod
608 1471 1234 1543 idcircojudicavimus
1252 1477 1702 1551 observandum,
1732 1500 1801 1541 ne
1829 1487 1963 1543 Gre-

245 1558 456 1626 gorius
488 1564 672 1616 noster
709 1560 806 1615 illa
838 1564 1077 1633 paganis
1120 1583 1306 1637 nuper
1336 1573 1629 1628 conversis
1672 1576 1743 1631 ad
1782 1576 1956 1634 ﬁdem

241 1647 638 1705 Christianam
673 1652 1045 1709 concedendo
1078 1659 1134 1709 et
1158 1656 1321 1712 lacile
1354 1658 1731 1733 indulgendo,
1758 1665 1959 1723 huma-
1992 1660 2039 1726 B

241 1751 387 1791 num
424 1738 638 1809 aliquid
672 1756 914 1811 passum
944 1759 1070 1798 esse
1103 1761 1167 1800 ac
1200 1749 1523 1805 secundum
1576 1769 1811 1811 carnem
1865 1774 1960 1813 sa-

242 1824 450 1896 puisse
480 1828 766 1883 videatur.
792 1827 894 1884 Hic
928 1846 1041 1886 una
1062 1832 1384 1905 eademque
1408 1838 1553 1893 serie
1578 1856 1959 1914 quaecumque

240 1916 315 1970 ad
361 1915 678 1987 Anglorum
729 1920 1162 1977 conversionem
1218 1925 1517 1983 annitente
1573 1930 1630 1986 S.
1684 1934 1954 2006 Gregorio

236 2006 419 2065 facta,
456 2013 509 2062 et
540 2006 613 2063 ad
655 2010 942 2065 noscentis
983 2012 1320 2083 Anglicanas
1364 2015 1629 2075 Ecclesiae
1669 2025 1954 2082 constitu-

234 2096 467 2151 tionem
500 2097 871 2168 pertinebant
909 2101 1328 2173 contraximus,
1364 2106 1474 2162 etsi
1504 2109 1747 2168 diversis
1779 2116 1952 2174 annis

234 2186 615 2259 contigerint.
650 2190 783 2254 Quae
811 2194 928 2245 tam
953 2190 1162 2249 faustis
1183 2192 1367 2251 initiis
1390 2204 1800 2271 successerint,
1827 2207 1954 2263 bre-

229 2277 387 2334 viter
415 2276 729 2347 delineare,
762 2284 818 2337 et
849 2281 920 2337 ob
953 2282 1150 2339 oculos
1180 2293 1475 2348 contracta
1513 2307 1727 2363 ponere
1759 2313 1945 2370 operae

233 2368 495 2439 pretium
520 2376 626 2425 est.

306 2458 359 2511 6.
433 2457 703 2521 Quamvis
758 2459 906 2516 nihil
950 2463 1255 2536 antiquius
1316 2467 1543 2526 haberet
1576 2476 1943 2546 Augustinus

225 2563 414 2617 quam
445 2547 662 2620 Anglos
693 2550 762 2606 ad
797 2550 1193 2610 Christianam
1230 2555 1402 2613 fidem
1448 2562 1786 2634 perducere,
1823 2567 1942 2622 Bri-

224 2643 404 2693 tones
450 2640 645 2695 tamen
696 2639 973 2712 antiquos
1021 2642 1233 2701 insula:
1281 2646 1522 2721 incolas,
1555 2653 1626 2707 ad
1678 2653 1940 2711 Ecclesiae

225 2730 511 2783 Romanae
532 2727 841 2799 unitatem,
866 2748 900 2787 a
923 2749 1037 2803 qua
1070 2750 1246 2806 penes
1272 2739 1581 2796 nonnullos
1605 2742 1751 2799 ritus
1774 2745 1942 2801 dissi-

226 2816 474 2882 debant,
506 2834 769 2875 revocare
799 2819 1089 2879 sollicitus
1124 2825 1253 2892 fuit,
1298 2834 1495 2885 coacta
1535 2832 1710 2887 semel
1743 2838 1799 2889 et
1838 2836 1939 2892 ite-

221 2922 365 2962 rum
402 2906 459 2962 in
491 2906 639 2964 hanc
672 2925 793 2965 rem
829 2912 1069 2983 synodo.
1105 2914 1324 2978 Quibus
1358 2918 1803 2994 reluctantibus,
1828 2927 1936 2982 etsi

2084 415 2239 481 soris,
2273 419 2369 488 qui
2397 422 2552 490 genti
2580 427 2877 497 Anglorum
2910 432 3109 491 missus
3138 446 3219 493 est
3250 458 3286 495 a
3314 415 3553 517 prae/ato
3572 415 3787 527 pap'a...

2083 503 2373 563 scientiam
2402 511 2549 582 ﬁdei,
2576 514 2832 585 baptismi
2848 537 3257 585 sacramentum
3280 503 3333 589 et
3352 503 3793 615 ccclestisrpcitrise

2084 594 2342 651 notitiam
2369 600 2582 669 primus
2611 607 2817 677 attulit,
2849 610 2920 666 ab
2962 618 3225 673 omnibus
3254 623 3395 678 sicut
3434 594 3790 693 decetrhono-

2084 683 2237 752 ri/ice
2269 694 2595 746 venerentur
2625 711 2643 747 :
2674 694 2754 751 ita
2797 707 2857 753 ut
2887 710 3115 775 uterque
3144 708 3259 764 dies
3300 714 3368 766 ab
3409 718 3793 781 ecclesiasticis

2081 779 2134 826 et
2159 780 2635 838 monasterialibus
2663 786 2898 854 feriatus
2920 790 3201 863 habeatur,
3225 816 3529 877 nomenque
3546 812 3787 881 ejusdem

2085 862 2143 915 Β.
2180 866 2363 921 Patris
2391 874 2443 924 et
2490 872 2732 930 Doctoris
2778 880 2955 935 nostri
3000 862 3290 955 Augustini
3336 893 3391 947 in

2079 955 2392 1012 cantatione
2439 970 2565 1029 post
2632 966 2814 1021 sancti
2886 969 3133 1042 Gregorii
3186 984 3518 1041 vocationem
3566 1004 3783 1064 semper

2085 1040 2296 1064 J.'-_.‘-.__

2079 1040 2316 1100 dicatur.

2149 1162 2201 1215 7.
2237 1164 2479 1268 lEvpcato
2512 1171 2584 1227 ad
2615 1189 2856 1247 snperos
2895 1182 3247 1257 Augustino,
3278 1191 3376 1260 qui
3423 1193 3494 1248 ab
3525 1194 3651 1268 ipso
3683 1217 3775 1257 or-

2079 1248 2529 1351 dinatimt’uerant
2568 1262 2848 1337 episcopi,
2894 1248 3148 1329 Mellitus
3192 1248 3775 1351 Lundoniarlustus

2073 1338 2147 1435 (ρ)
2183 1342 2377 1412 Rollin,
2411 1354 2462 1402 et
2488 1347 2827 1411 Laurentius
2852 1357 3036 1428 ipsius
3067 1362 3123 1417 in
3146 1338 3778 1435 Dorovernen’siﬁcatbe:

2074 1428 2179 1484 dra
2209 1446 2542 1506 successor;
2578 1439 2648 1496 de
2680 1449 3016 1505 revocandis
3038 1467 3067 1506 a
3098 1452 3413 1514 schismate
3438 1465 3562 1518 tum
3584 1464 3773 1523 Brito-

2073 1520 2267 1618 nibus,
2297 1532 2414 1581 tum
2438 1531 2644 1586 Scottis
2666 1532 2951 1592 Hiberniae
2973 1540 3172 1597 insulae
3199 1520 3774 1629 habitatoribus

2069 1609 2283 1704 rimum
2302 1620 2657 1704 sategerunt,
2682 1624 2915 1695 scriptis
2940 1629 3012 1684 ad
3034 1647 3130 1686 eos
3146 1633 3407 1704 epistolis
3426 1609 3769 1703 Charitelen:

2069 1701 2124 1753 et
2156 1698 2544 1763 humilitatem
2597 1710 2987 1772 Christianam
3031 1698 3415 1791 spirantibus.
3459 1698 3765 1791 Missas—and

2068 1788 2294 1888 Bcottos
2326 1809 2427 1849 seu
2466 1798 2742 1857 Hibernos
2772 1803 2892 1861 haec
2917 1816 3035 1863 erat
3058 1788 3357 1885 inscriptio
3389 1833 3563 1888 quam
3594 1788 3771 1881 refert

2068 1876 2219 1933 Beda
2250 1897 2263 1936 :
2302 1882 2542 1942 Dominis
2571 1889 2907 1950 charissimis
2949 1900 3217 1968 fratribus
3248 1908 3505 1979 episcopis
3544 1914 3630 1968 vel
3664 1917 3770 1971 ab-

2066 1965 2280 2066 batibus
2307 1989 2404 2039 per
2429 1979 2739 2037 universam
2760 1965 3020 2043 Scotiam.
3047 1988 3153 2046 Ubi
3177 1965 3434 2069 episcopi
3452 2003 3508 2055 et

2064 2056 2238 2115 iidem
2272 2061 2450 2120 fuisse
2478 2066 2766 2127 videntur.

2060 2280 2353 2333 cremento
2375 2277 2777 2343 allaborarnnt
2794 2288 3227 2361 vigilantissimi
3252 2277 3544 2377 episcopi;
3568 2311 3627 2362 at
3648 2309 3763 2366 vita

2060 2364 2277 2464 functis
2304 2370 2536 2439 regibus
2568 2373 2904 2464 Edilbertho
2934 2386 2992 2437 et
3032 2364 3348 2446 Saberctbo
3389 2364 3763 2464 ejus'sororis

2056 2454 2202 2523 ﬁlio,
2246 2459 2344 2527 qui
2384 2460 2770 2522 Christianam
2823 2468 2998 2526 ﬁdem
3048 2473 3313 2547 impense
3359 2454 3766 2545 co-lnerantiet

2056 2553 2446 2614 asseruerant,
2478 2552 2620 2608 adeo
2652 2570 2825 2624 grave
2852 2558 3072 2617 bellum
3112 2564 3170 2621 in
3220 2570 3607 2641 Anglicanam
3650 2578 3761 2634 Ec-

2054 2634 2290 2692 clesium
2322 2642 2559 2709 exarsit,
2587 2648 2954 2706 moventibus
2982 2658 3444 2722 persecutionem
3473 2663 3533 2719 in
3562 2665 3758 2725 fideles

1977 2745 1981 2749 ·
2051 2740 2248 2782 eorum
2280 2734 2735 2803 successoribus,
2761 2745 2825 2794 ut
2850 2739 3098 2799 Mellitus
3122 2750 3179 2800 et
3198 2747 3402 2807 Justus
3429 2751 3487 2808 in
3513 2754 3754 2815 Galliam

2050 2817 2313 2888 trajicere
2342 2823 2527 2878 coacti
2559 2824 2717 2895 sint;
2752 2844 2897 2897 quos
2930 2831 3082 2888 brevi
3113 2838 3280 2907 sequi
3327 2843 3570 2911 parabat
3600 2851 3754 2904 Lan-

2049 2907 2296 2978 rentins,
2330 2909 2443 2966 nisi
2482 2915 2827 2984 gravissima
2873 2920 3275 2995 objurgatione
3320 2932 3754 3008 acrioribusque

221 3013 357 3067 qum
397 2996 589 3053 verbis
642 3000 998 3069 praedicaret,
1036 3004 1315 3105 miraculo
1366 3010 1793 3105 conﬁrmasset,
1845 3018 1934 3071 uir
1966 3036 2008 3105 ρ
2050 2996 2392 3105 ξῙξλ-ξξδιξδξξδ
2418 3003 2682 3105 ,θροεῖωο
2714 3009 3119 3105 Rimini?“
3157 3014 3486 3076 ἀθίθηίίυει
3536 2996 3751 3084 Αάίέιιε

216 3084 450 3140 Domini
502 3090 687 3156 fertur
738 3090 1009 3145 minitans
1060 3093 1403 3165 praedixisse,
1464 3100 1603 3168 quod
1649 3100 1701 3156 si
1748 3120 1935 3174 pacem

218 3190 350 3228 cum
382 3176 651 3244 fratribus
680 3179 924 3249 accipere
962 3180 1194 3248 nollent,
1240 3183 1438 3240 bellum
1470 3188 1541 3244 ab
1571 3190 1812 3248 hostibus
1840 3197 1935 3263 fo-

217 3271 346 3319 rent
379 3265 654 3337 accepturi
682 3267 840 3339 (Bed.
872 3269 911 3325 l.
944 3286 1006 3336 Il,
1039 3286 1086 3326 c.
1118 3271 1191 3343 2).
1225 3274 1338 3329 Nec
1362 3277 1699 3336 vaticinium
1725 3283 1933 3341 structu

210 3356 449 3422 caruit;
482 3372 617 3412 nam
650 3358 969 3415 Edilt'ridus
1001 3361 1662 3425 Nordan-IInmbrorum
1686 3389 1785 3428 rex
1817 3376 1929 3432 for-

208 3445 507 3516 tissimus,
559 3452 691 3518 post
747 3450 1055 3520 Augustini
1119 3453 1345 3510 obitum
1394 3457 1657 3516 Britones
1706 3463 1930 3537 ingenti

211 3540 418 3607 strage
466 3537 839 3610 proﬂigavit;
892 3555 999 3596 nec
1048 3544 1455 3603 sacerdotibus
1506 3552 1779 3623 pepercit,
1833 3558 1930 3627 qui

209 3628 553 3698 frequentes
623 3635 1034 3698 convenerant,
1108 3635 1357 3692 maxime
1428 3654 1496 3693 ex
1573 3648 1928 3703 monasterio

208 3717 295 3788 (α)
330 3718 573 3786 Bancor,
606 3719 759 3775 270
792 3720 851 3776 in
882 3738 984 3793 quo
1017 3729 1203 3779 tantus
1241 3728 1421 3792 fertur
1449 3729 1623 3797 fuisse
1660 3750 1928 3793 numerus

208 3808 636 3877 monachorum,
672 3817 730 3865 ut
782 3827 902 3866 cum
946 3812 999 3867 in
1049 3817 1251 3885 septem
1293 3821 1570 3889 portiones
1617 3833 1751 3880 esset
1801 3842 1927 3882 cum

203 3900 529 3971 praepositis
557 3901 667 3955 sibi
693 3902 992 3958 rectoribus
1022 3905 1283 3975 divisum,
1319 3909 1475 3964 nulla
1516 3910 1717 3968 harum
1744 3920 1926 3985 portio

206 3991 406 4045 minus
437 4006 600 4062 quam
627 3995 887 4047 trecentos
928 3993 1174 4050 homines
1214 3995 1455 4068 haberet,
1488 4001 1585 4071 qui
1632 4018 1815 4061 omnes
1860 4006 1927 4063 de

212 4078 416 4138 labore
443 4099 708 4137 manuum
736 4100 965 4139 suarum
996 4087 1177 4142 vicere
1216 4088 1461 4144 solebant
1498 4093 1703 4165 (lbid.).
1736 4096 1925 4168 Hujus

204 4169 631 4226 internecionis
655 4171 870 4227 invidia
891 4175 1284 4245 Augustinum
1310 4195 1553 4235 onerare
1572 4184 1760 4239 conati
1786 4192 1923 4242 sunt

202 4275 278 4315 ex
329 4259 693 4317 heterodoxis
724 4263 1011 4333 nonnulli,
1046 4266 1217 4336 quasi
1252 4268 1373 4339 ipse
1418 4270 1551 4325 belli
1585 4272 1922 4333 Britonibus

202 4348 501 4404 inferendi
549 4349 833 4406 Edilirido
882 4361 1085 4409 auctor
1130 4355 1298 4410 fuerit
1355 4357 1680 4430 (Spelman.,
1718 4366 1854 4419 tom.
1893 4369 1916 4421 ι

208 4437 421 4494 Concil.
452 4438 637 4507 Angl.,
668 4457 723 4510 p.
755 4440 868 4511 03).
896 4441 1100 4498 Verum
1136 4443 1193 4499 id
1224 4445 1464 4503 minime
1494 4452 1646 4520 apud
1681 4452 1917 4524 Bedam,

208 4535 313 4582 aut
337 4527 482 4583 alios
511 4543 540 4583 e
570 4530 861 4585 veteribus
892 4530 1107 4603 legitur
1146 4534 1549 4606 scriptoribus.
1587 4540 1708 4597 Imo
1740 4558 1918 4600 cresos

206 4632 337 4683 eos,
370 4619 481 4688 ipso
510 4618 636 4687 jam
684 4622 852 4690 multo
894 4629 1023 4676 ante
1074 4626 1314 4695 tempore
1345 4626 1416 4680 ad
1464 4628 1706 4686 cwlestia
1752 4649 1923 4704 regna

204 4706 451 4774 sublato,
486 4724 755 4779 expresse
786 4710 953 4766 docet
983 4714 1329 4770 venerabilis
1364 4715 1535 4772 Beda.
1581 4720 1718 4784 Quae
1749 4726 1922 4781 verba

209 4798 585 4866 praetermisit
616 4800 851 4869 quidem
888 4800 1167 4858 Alvredus
1216 4802 1275 4859 in
1308 4806 1565 4863 versione
1599 4808 1919 4885 Saxonica;

208 4888 311 4942 sed
346 4902 415 4941 ea
463 4896 875 4957 repraesentant
924 4892 1277 4963 exemplaria
1328 4896 1520 4951 omnia
1565 4900 1785 4956 Latina.
1839 4905 1916 4958 Ad

209 4994 459 5049 superos
489 4984 684 5035 autem
740 4981 965 5036 transiit
1017 4985 1381 5055 Augustinus
1420 5004 1515 5043 an.
1553 4990 1680 5060 607,
1714 4992 1805 5048 die
1852 4996 1921 5049 26

202 5069 369 5134 Maii,
405 5069 503 5140 qui
546 5069 784 5126 feriatus
816 5071 925 5127 fuit
970 5075 1122 5144 apud
1154 5075 1375 5147 Anglos
1414 5076 1521 5134 hoc
1553 5082 1759 5153 synodi
1791 5082 1921 5140 Clo-

197 5160 606 5218 veshoviensis
655 5178 793 5219 ann.
842 5164 946 5219 747
978 5164 1206 5220 decreto
1236 5182 1247 5222 :
1283 5167 1490 5235 Septem
1539 5171 1753 5230 decimo
1791 5192 1917 5232 con-

196 5253 461 5306 stitutum
512 5256 588 5307 est
635 5259 921 5324 praecepto,
960 5259 1021 5308 ut
1078 5253 1186 5309 dies
1233 5257 1525 5313 natalitius
1565 5261 1709 5317 beati
1758 5280 1921 5336 papae

196 5340 487 5410 Gregorii,
514 5345 569 5397 et
617 5341 731 5397 dies
764 5358 970 5413 quoque
1015 5343 1366 5416 depositionis
1407 5348 1527 5419 (qui
1566 5358 1642 5405 est
1687 5355 1917 5426 septimo

276 5512 369 5591 (a)_
392 5510 457 5591 l_n
486 5511 698 5591 Wallia
718 5514 936 5591 Angliae
960 5516 1256 5591 provincia
1277 5518 1451 5591 situm
1477 5528 1625 5591 erat,
1646 5531 1697 5580 et
1716 5526 1917 5584 distin-

242 5585 304 5639 ui
336 5583 634 5657 debetwab
686 5583 1100 5657 alio'ejusdem
1148 5590 1406 5648 nominis
1458 5583 1822 5655 monasterio
1854 5601 1915 5657 in

242 5600 304 5639 οι
336 5598 514 5639 debet
563 5598 634 5639 an
686 5598 798 5640 uno
839 5598 1100 5657 ejusdem
1148 5598 1406 5648 nominis
1458 5599 1809 5655 monasterio
1854 5601 1913 5657 in

200 5598 440 5711 filtonia
474 5655 756 5712 Hiberniae
787 5658 1088 5728 provincia
1116 5662 1326 5734 posito,
1371 5666 1538 5737 cujus
1569 5668 1627 5725 S.
1670 5670 1913 5729 Bernar-

2046 3098 2183 3157 ergo
2214 3086 2572 3147 Eadbaldum
2606 3110 2823 3166 regem,
2850 3103 2907 3153 et
2928 3099 3149 3157 inﬂicta
3170 3106 3282 3162 sibi
3303 3111 3543 3168 verbera
3563 3118 3755 3172 osten-

2044 3174 2209 3245 dens,
2227 3194 2361 3233 eum
2379 3180 2453 3236 ad
2469 3182 2861 3243 idololatriam
2879 3189 3245 3261 ejurandam,
3262 3198 3755 3270 amplectendam-

2043 3283 2156 3337 que
2203 3268 2592 3327 Cbristianam
2628 3273 2825 3342 ﬁdem,
2882 3280 2976 3333 cui
3024 3288 3226 3352 postea
3257 3301 3325 3341 ex
3365 3268 3564 3346 animo
3614 3294 3753 3351 favit

2042 3357 2100 3411 in
2133 3359 2431 3427 omnibus,
2464 3362 2727 3419 adduxit.
2760 3367 3059 3425 Saberethi
3091 3378 3286 3429 autem
3322 3377 3425 3433 ﬁlii
3465 3381 3565 3452 qui
3600 3382 3752 3439 Mel-

2039 3446 2210 3504 litum
2259 3458 2312 3506 et
2364 3455 2511 3521 quod
2566 3454 2921 3527 praedicabat
2969 3460 3347 3535 Evangelinm
3409 3446 3744 3542 reiecerunt,

2038 3538 2452 3608 perduellionis
2474 3560 2592 3599 suae
2616 3562 2818 3616 poenas
2836 3548 3143 3621 dederunt,
3159 3553 3216 3608 in
3242 3556 3443 3625 prcelio
3466 3538 3747 3619 adversus

2039 3626 2419 3684 Geuissorum
2439 3638 2668 3703 gentem
2695 3652 2826 3691 cum
2853 3639 3014 3694 omni
3032 3642 3283 3700 exercitu
3298 3647 3448 3702 caesi.
3476 3647 3747 3707 Revocati

2038 3714 2236 3787 itaque
2268 3734 2333 3773 ex
2366 3719 2569 3777 Galliis
2600 3724 2671 3778 ab
2706 3726 3016 3785 Laurentio
3043 3730 3303 3789 Mellitus
3334 3740 3392 3791 et
3417 3737 3646 3811 Justus,
3670 3741 3744 3798 ad

2037 3804 2442 3863 intermissum
2477 3812 2906 3881 praedicationis
2938 3835 3085 3889 Opus
3120 3823 3435 3880 redierunt.
3476 3828 3605 3883 Hth
3649 3830 3742 3887 fu-

2036 3895 2154 3952 sius
2185 3900 2337 3969 apnd
2373 3902 2604 3958 Bedam.
2648 3905 2760 3976 (Cr.
2802 3908 2962 3976 Beda,
2988 3909 3025 3964 l.
3062 3928 3122 3981 ιι,
3156 3930 3202 3967 c.
3234 3914 3315 3985 6.)

2104 4016 2155 4070 9.
2191 4018 2250 4073 S.
2285 4023 2591 4077 Laurentio
2639 4023 2939 4082 laboribus
2990 4031 3324 4100 apostolicis
3375 4038 3431 4089 et
3476 4036 3592 4092 vita
3640 4038 3741 4096 de-

2034 4104 2230 4163 functo
2264 4125 2566 4167 successor
2592 4114 2766 4171 datus
2798 4121 2886 4172 est
2927 4117 3224 4188 Mellitus;
3260 4121 3500 4193 Mellito,
3544 4133 3742 4198 postea

2033 4198 2318 4254 successit
2347 4199 2582 4270 Justus;
2601 4202 2769 4259 Justo
2794 4205 3102 4262 Honorius.
3128 4208 3293 4265 Hunc
3316 4213 3540 4285 excepit
3566 4219 3741 4275 Dens-

2033 4290 2211 4359 dedit,
2249 4298 2374 4361 post
2407 4308 2574 4362 quem
2620 4294 2767 4349 sedit
2818 4296 3158 4355 Theodorus
3187 4317 3220 4355 θ.
3248 4300 3539 4360 Vitaliano
3591 4323 3741 4380 papa

2033 4376 2274 4443 missus,
2319 4379 2418 4449 qui
2451 4380 2719 4437 Britones
2771 4385 3007 4440 tandem
3041 4386 3113 4440 ad
3154 4387 3423 4445 Ecclesia:
3464 4376 3739 4452 Romana:

2030 4467 2179 4523 ritus
2210 4484 2413 4524 omnes
2448 4470 2691 4527 feliciter
2722 4474 3008 4543 perduxit.
3030 4475 3136 4532 Hic
3166 4477 3603 4540 subsistendum
3640 4502 3739 4557 pu-

2033 4560 2244 4626 tamus,
2276 4565 2336 4612 nl
2367 4560 2437 4614 ad
2471 4559 2530 4616 S.
2582 4561 2841 4634 Gregorii
2889 4570 3054 4635 gesta
3101 4566 3297 4624 redeat
3345 4572 3555 4631 oratio.
3605 4576 3736 4641 Quas

2033 4646 2103 4701 de
2133 4646 2453 4718 Anglorum
2484 4651 2862 4709 conversione
2893 4656 3320 4729 congessimus,
3364 4661 3620 4719 recolant
3650 4680 3738 4720 eo-

2033 4752 2158 4791 rum
2194 4738 2403 4809 posteri
2440 4755 2453 4792 :
2488 4739 2843 4814 interrogent
2866 4745 3091 4803 Patrem
3127 4765 3244 4803 suae
3278 4750 3411 4806 ﬁdei
3436 4753 3492 4807 S.
3519 4753 3735 4825 Grego-

2032 4825 2206 4893 rium,
2242 4834 2293 4881 et
2326 4830 2693 4887 annuntiabit
2725 4833 2806 4889 eis
2834 4852 2847 4902 ;
2883 4835 3132 4905 majores
3154 4840 3546 4910 Augustinum
3576 4843 3735 4912 ejus-

2032 4930 2140 4986 que
2169 4917 2462 4987 adjutores
2495 4923 2833 4992 monachos,
2880 4930 2936 4981 et
2983 4926 3179 4982 dicent
3213 4928 3380 4999 ipsis,
3434 4946 3611 5001 quam
3662 4933 3733 4986 ab

2031 5003 2264 5058 exordio
2297 5004 2468 5061 ﬁdem
2502 5006 2618 5062 sint
2645 5009 2916 5082 amplexi,
2941 5017 3215 5081 quantam
3249 5014 3577 5084 apostolicae
3608 5017 3734 5071 sedi

2030 5094 2406 5151 reverentiam
2440 5095 2805 5154 exhibuerint
2834 5103 2891 5155 et
2911 5100 3321 5170 obedientiam,
3356 5103 3573 5174 quibus
3591 5104 3731 5163 olim

2031 5181 2121 5238 nsi
2154 5186 2560 5253 sacramentis,
2593 5203 2735 5258 quos
2766 5189 2835 5243 ad
2878 5188 2978 5243 Dei
3009 5188 3231 5244 cultum
3263 5190 3411 5248 ritus
3442 5191 3734 5252 adhibue-

2031 5271 2164 5327 rint.
2206 5276 2365 5330 Heu!
2421 5276 2625 5331 altaria
2679 5293 2805 5349 quae
2847 5276 2930 5332 illi
2975 5283 3275 5335 erexerant
3322 5281 3734 5343 destruxerunt

2028 5361 2381 5430 heterodoxi,
2442 5369 2499 5420 et
2555 5367 2767 5421 avitam
2830 5367 3295 5443 catholicamque
3362 5372 3728 5445 religionem,

2027 5531 2135 5586 dus
2166 5530 2501 5587 meminisse
2532 5532 2752 5588 videtur
2787 5535 2841 5591 in
2874 5536 3007 5593 Vita
3038 5539 3096 5593 S.
3140 5536 3436 5594 Malachiaa
3468 5555 3519 5596 c.
3549 5543 3605 5597 6.

2095 5602 2171 5674 (b)
2202 5602 2517 5660 Rochester
2550 5606 2702 5681 apud
2755 5607 2963 5668 Bcdam
2995 5615 3251 5683 vocatur,
3305 5611 3459 5683 quod
3512 5629 3724 5671 nomen

2025 5676 2217 5733 adhuc
2252 5676 2480 5736 retinet.
