  <div class='ocr_page' id='page_1' title='image "/cluster/home/n/w/nwhite01/storage/ocr_20150623/75/hvd.32044054758800/202.png"; bbox 0 0 4104 6162; ppageno 0'>
   <div class='ocr_carea' id='block_1_1' title="bbox 291 231 410 289">
    <p class='ocr_par' dir='ltr' id='par_1_1' title="bbox 291 231 410 289">
     <span class='ocr_line' id='line_1_1' title="bbox 291 231 410 289; baseline 0 -1"><span class='ocrx_word' id='word_1_1' title='bbox 291 231 410 289; x_wconf 86' lang='grc'>393</span> 
     </span>
    </p>
   </div>
   <div class='ocr_carea' id='block_1_2' title="bbox 729 229 3390 308">
    <p class='ocr_par' dir='ltr' id='par_1_2' title="bbox 729 229 3390 308">
     <span class='ocr_line' id='line_1_2' title="bbox 729 229 3390 308; baseline 0.007 -18"><span class='ocrx_word' id='word_1_2' title='bbox 729 231 795 290; x_wconf 91' lang='lat' dir='ltr'>S.</span> <span class='ocrx_word' id='word_1_3' title='bbox 842 229 1212 292; x_wconf 78' lang='lat' dir='ltr'>GREGORII</span> <span class='ocrx_word' id='word_1_4' title='bbox 1259 231 1495 292; x_wconf 80' lang='lat' dir='ltr'>MAGNI</span> <span class='ocrx_word' id='word_1_5' title='bbox 1547 231 1750 303; x_wconf 84' lang='lat' dir='ltr'>VITA,</span> <span class='ocrx_word' id='word_1_6' title='bbox 1800 233 1903 291; x_wconf 84' lang='lat' dir='ltr'>EX</span> <span class='ocrx_word' id='word_1_7' title='bbox 1954 231 2133 292; x_wconf 84' lang='lat' dir='ltr'>EJUS</span> <span class='ocrx_word' id='word_1_8' title='bbox 2179 231 2524 294; x_wconf 82' lang='lat' dir='ltr'>SGRIPTIS</span> <span class='ocrx_word' id='word_1_9' title='bbox 2569 237 3030 302; x_wconf 77' lang='lat' dir='ltr'>ADORNATA.</span> <span class='ocrx_word' id='word_1_10' title='bbox 3081 243 3226 306; x_wconf 88' lang='lat' dir='ltr'><strong>LIB.</strong></span> <span class='ocrx_word' id='word_1_11' title='bbox 3274 247 3390 308; x_wconf 89' lang='lat' dir='ltr'>III.</span> 
     </span>
    </p>
   </div>
   <div class='ocr_carea' id='block_1_3' title="bbox 3711 252 3830 312">
    <p class='ocr_par' dir='ltr' id='par_1_3' title="bbox 3711 252 3830 312">
     <span class='ocr_line' id='line_1_3' title="bbox 3711 252 3830 312; baseline 0 0"><span class='ocrx_word' id='word_1_12' title='bbox 3711 252 3830 312; x_wconf 72' lang='lat'>394</span> 
     </span>
    </p>
   </div>
   <div class='ocr_carea' id='block_1_4' title="bbox 290 369 3832 459">
    <p class='ocr_par' dir='ltr' id='par_1_4' title="bbox 290 369 3832 459">
     <span class='ocr_line' id='line_1_4' title="bbox 290 369 3832 459; baseline 0.006 -34"><span class='ocrx_word' id='word_1_13' title='bbox 290 369 618 426; x_wconf 86' lang='lat' dir='ltr'>necessaria</span> <span class='ocrx_word' id='word_1_14' title='bbox 650 370 1283 443; x_wconf 67' lang='lat' dir='ltr'>nanciscerentur,quaa</span> <span class='ocrx_word' id='word_1_15' title='bbox 1307 387 1551 428; x_wconf 79' lang='lat' dir='ltr'>noverca</span> <span class='ocrx_word' id='word_1_16' title='bbox 1569 369 1805 426; x_wconf 67' lang='lat' dir='ltr'>haeresis</span> <span class='ocrx_word' id='word_1_17' title='bbox 1838 369 2002 442; x_wconf 90' lang='lat' dir='ltr'>prius</span> <span class='ocrx_word' id='word_1_18' title='bbox 2029 372 2086 439; x_wconf 69' lang='grc' dir='ltr'><strong>Α</strong></span> <span class='ocrx_word' id='word_1_19' title='bbox 2114 375 2304 430; x_wconf 91' lang='lat' dir='ltr'>cundo</span> <span class='ocrx_word' id='word_1_20' title='bbox 2352 372 2672 429; x_wconf 79' lang='lat' dir='ltr'>inclinante</span> <span class='ocrx_word' id='word_1_21' title='bbox 2704 376 2919 443; x_wconf 89' lang='lat' dir='ltr'>floruit,</span> <span class='ocrx_word' id='word_1_22' title='bbox 2953 378 3034 433; x_wconf 89' lang='lat' dir='ltr'>ita</span> <span class='ocrx_word' id='word_1_23' title='bbox 3073 382 3278 438; x_wconf 76' lang='lat' dir='ltr'>scribit</span> <span class='ocrx_word' id='word_1_24' title='bbox 3318 386 3389 440; x_wconf 89' lang='lat' dir='ltr'>ad</span> <span class='ocrx_word' id='word_1_25' title='bbox 3422 387 3736 459; x_wconf 82' lang='lat' dir='ltr'>Romanos,</span> <span class='ocrx_word' id='word_1_26' title='bbox 3771 395 3832 447; x_wconf 86' lang='lat' dir='ltr'>et</span> 
     </span>
    </p>
   </div>
   <div class='ocr_carea' id='block_1_5' title="bbox 291 459 993 531">
    <p class='ocr_par' dir='ltr' id='par_1_5' title="bbox 291 459 993 531">
     <span class='ocr_line' id='line_1_5' title="bbox 291 459 993 531; baseline -0.001 -16"><span class='ocrx_word' id='word_1_27' title='bbox 291 460 530 516; x_wconf 83' lang='lat' dir='ltr'>abunde</span> <span class='ocrx_word' id='word_1_28' title='bbox 560 459 993 531; x_wconf 87' lang='lat' dir='ltr'>suppeditabat.</span> 
     </span>
    </p>
   </div>
   <div class='ocr_carea' id='block_1_6' title="bbox 363 549 2003 619">
    <p class='ocr_par' dir='ltr' id='par_1_6' title="bbox 363 549 2003 619">
     <span class='ocr_line' id='line_1_6' title="bbox 363 549 2003 619; baseline 0.001 -16"><span class='ocrx_word' id='word_1_29' title='bbox 363 552 419 605; x_wconf 89' lang='lat'>6.</span> <span class='ocrx_word' id='word_1_30' title='bbox 452 549 596 605; x_wconf 89' lang='lat' dir='ltr'>Cum</span> <span class='ocrx_word' id='word_1_31' title='bbox 631 549 928 606; x_wconf 90' lang='lat' dir='ltr'>multoties</span> <span class='ocrx_word' id='word_1_32' title='bbox 957 549 1082 619; x_wconf 91' lang='lat' dir='ltr'>jam</span> <span class='ocrx_word' id='word_1_33' title='bbox 1128 550 1198 604; x_wconf 92' lang='lat' dir='ltr'>de</span> <span class='ocrx_word' id='word_1_34' title='bbox 1228 551 1408 604; x_wconf 74' lang='lat' dir='ltr'>effusa</span> <span class='ocrx_word' id='word_1_35' title='bbox 1455 549 1513 604; x_wconf 90' lang='lat' dir='ltr'>in</span> <span class='ocrx_word' id='word_1_36' title='bbox 1547 564 1742 604; x_wconf 89' lang='lat' dir='ltr'>omnes</span> <span class='ocrx_word' id='word_1_37' title='bbox 1774 550 1833 605; x_wconf 91' lang='lat' dir='ltr'>S.</span> <span class='ocrx_word' id='word_1_38' title='bbox 1867 549 2003 605; x_wconf 85' lang='lat' dir='ltr'>Gre-</span> 
     </span>
    </p>
   </div>
   <div class='ocr_carea' id='block_1_7' title="bbox 285 638 2005 712">
    <p class='ocr_par' dir='ltr' id='par_1_7' title="bbox 285 638 2005 712">
     <span class='ocr_line' id='line_1_7' title="bbox 285 638 2005 712; baseline -0.001 -18"><span class='ocrx_word' id='word_1_39' title='bbox 285 639 435 709; x_wconf 79' lang='lat' dir='ltr'>gorii</span> <span class='ocrx_word' id='word_1_40' title='bbox 469 638 816 694; x_wconf 75' lang='lat' dir='ltr'>liberalitate</span> <span class='ocrx_word' id='word_1_41' title='bbox 847 641 1022 695; x_wconf 83' lang='lat' dir='ltr'>verba</span> <span class='ocrx_word' id='word_1_42' title='bbox 1051 640 1386 707; x_wconf 80' lang='lat' dir='ltr'>fecerimus,</span> <span class='ocrx_word' id='word_1_43' title='bbox 1421 657 1610 712; x_wconf 66' lang='lat' dir='ltr'>operai</span> <span class='ocrx_word' id='word_1_44' title='bbox 1642 639 1884 709; x_wconf 92' lang='lat' dir='ltr'>pretium</span> <span class='ocrx_word' id='word_1_45' title='bbox 1917 643 2005 694; x_wconf 91' lang='lat' dir='ltr'>est</span> 
     </span>
    </p>
   </div>
   <div class='ocr_carea' id='block_1_8' title="bbox 289 730 2001 800">
    <p class='ocr_par' dir='ltr' id='par_1_8' title="bbox 289 730 2001 800">
     <span class='ocr_line' id='line_1_8' title="bbox 289 730 2001 800; baseline -0.001 -16"><span class='ocrx_word' id='word_1_46' title='bbox 289 730 499 800; x_wconf 77' lang='lat' dir='ltr'>paucis</span> <span class='ocrx_word' id='word_1_47' title='bbox 538 730 840 785; x_wconf 75' lang='lat' dir='ltr'>ostendere</span> <span class='ocrx_word' id='word_1_48' title='bbox 887 746 1009 800; x_wconf 74' lang='lat' dir='ltr'>quas</span> <span class='ocrx_word' id='word_1_49' title='bbox 1043 737 1179 786; x_wconf 90' lang='lat' dir='ltr'>tunc</span> <span class='ocrx_word' id='word_1_50' title='bbox 1209 734 1406 786; x_wconf 83' lang='lat' dir='ltr'>essent</span> <span class='ocrx_word' id='word_1_51' title='bbox 1437 730 1699 786; x_wconf 78' lang='lat' dir='ltr'>Ecclesiae</span> <span class='ocrx_word' id='word_1_52' title='bbox 1731 730 2001 784; x_wconf 77' lang='lat' dir='ltr'>Romanae</span> 
     </span>
    </p>
   </div>
   <div class='ocr_carea' id='block_1_9' title="bbox 282 819 2002 891">
    <p class='ocr_par' dir='ltr' id='par_1_9' title="bbox 282 819 2002 891">
     <span class='ocr_line' id='line_1_9' title="bbox 282 819 2002 891; baseline -0.001 -17"><span class='ocrx_word' id='word_1_53' title='bbox 282 835 445 890; x_wconf 90' lang='lat' dir='ltr'>opes,</span> <span class='ocrx_word' id='word_1_54' title='bbox 493 819 647 873; x_wconf 90' lang='lat' dir='ltr'>unde</span> <span class='ocrx_word' id='word_1_55' title='bbox 685 819 756 873; x_wconf 88' lang='lat' dir='ltr'>ad</span> <span class='ocrx_word' id='word_1_56' title='bbox 803 824 1077 890; x_wconf 85' lang='lat' dir='ltr'>sumptus</span> <span class='ocrx_word' id='word_1_57' title='bbox 1145 823 1343 874; x_wconf 87' lang='lat' dir='ltr'>tantos</span> <span class='ocrx_word' id='word_1_58' title='bbox 1387 827 1442 875; x_wconf 88' lang='lat' dir='ltr'>et</span> <span class='ocrx_word' id='word_1_59' title='bbox 1498 836 1640 891; x_wconf 91' lang='lat' dir='ltr'>pene</span> <span class='ocrx_word' id='word_1_60' title='bbox 1681 819 2002 874; x_wconf 89' lang='lat' dir='ltr'>immensos</span> 
     </span>
    </p>
   </div>
   <div class='ocr_carea' id='block_1_10' title="bbox 286 907 2002 980">
    <p class='ocr_par' dir='ltr' id='par_1_10' title="bbox 286 907 2002 980">
     <span class='ocr_line' id='line_1_10' title="bbox 286 907 2002 980; baseline -0.001 -16"><span class='ocrx_word' id='word_1_61' title='bbox 286 908 567 964; x_wconf 81' lang='lat' dir='ltr'>hauriret.</span> <span class='ocrx_word' id='word_1_62' title='bbox 603 907 786 964; x_wconf 84' lang='lat' dir='ltr'>Multa</span> <span class='ocrx_word' id='word_1_63' title='bbox 811 913 868 963; x_wconf 89' lang='lat' dir='ltr'>et</span> <span class='ocrx_word' id='word_1_64' title='bbox 908 907 1158 964; x_wconf 83' lang='lat' dir='ltr'>maxima</span> <span class='ocrx_word' id='word_1_65' title='bbox 1185 909 1304 978; x_wconf 89' lang='lat' dir='ltr'>jam</span> <span class='ocrx_word' id='word_1_66' title='bbox 1339 927 1372 964; x_wconf 88' lang='lat' dir='ltr'>a</span> <span class='ocrx_word' id='word_1_67' title='bbox 1397 909 1602 980; x_wconf 84' lang='lat' dir='ltr'>priscis</span> <span class='ocrx_word' id='word_1_68' title='bbox 1639 909 2002 978; x_wconf 88' lang='lat' dir='ltr'>temporibus</span> 
     </span>
    </p>
   </div>
   <div class='ocr_carea' id='block_1_11' title="bbox 287 998 2003 1070">
    <p class='ocr_par' dir='ltr' id='par_1_11' title="bbox 287 998 2003 1070">
     <span class='ocr_line' id='line_1_11' title="bbox 287 998 2003 1070; baseline 0.001 -16"><span class='ocrx_word' id='word_1_69' title='bbox 287 998 602 1054; x_wconf 80' lang='lat' dir='ltr'>latifundia</span> <span class='ocrx_word' id='word_1_70' title='bbox 634 998 964 1070; x_wconf 90' lang='lat' dir='ltr'>possidebat</span> <span class='ocrx_word' id='word_1_71' title='bbox 991 999 1047 1052; x_wconf 92' lang='lat' dir='ltr'>in</span> <span class='ocrx_word' id='word_1_72' title='bbox 1079 1003 1197 1054; x_wconf 90' lang='lat' dir='ltr'>toto</span> <span class='ocrx_word' id='word_1_73' title='bbox 1226 1000 1364 1054; x_wconf 91' lang='lat' dir='ltr'>orbe</span> <span class='ocrx_word' id='word_1_74' title='bbox 1391 999 1714 1055; x_wconf 83' lang='lat' dir='ltr'>Christiano</span> <span class='ocrx_word' id='word_1_75' title='bbox 1746 1000 2003 1056; x_wconf 88' lang='lat' dir='ltr'>Ecclesia</span> 
     </span>
    </p>
   </div>
   <div class='ocr_carea' id='block_1_12' title="bbox 283 1087 2002 1162">
    <p class='ocr_par' dir='ltr' id='par_1_12' title="bbox 283 1087 2002 1162">
     <span class='ocr_line' id='line_1_12' title="bbox 283 1087 2002 1162; baseline 0.001 -19"><span class='ocrx_word' id='word_1_76' title='bbox 283 1088 409 1143; x_wconf 71' lang='lat' dir='ltr'>hinc</span> <span class='ocrx_word' id='word_1_77' title='bbox 452 1093 790 1143; x_wconf 64' lang='lat' dir='ltr'>ceterarum</span> <span class='ocrx_word' id='word_1_78' title='bbox 841 1087 1132 1160; x_wconf 89' lang='lat' dir='ltr'>princeps,</span> <span class='ocrx_word' id='word_1_79' title='bbox 1179 1104 1306 1159; x_wconf 68' lang='lat' dir='ltr'>quae</span> <span class='ocrx_word' id='word_1_80' title='bbox 1354 1090 1407 1143; x_wconf 92' lang='lat' dir='ltr'>S.</span> <span class='ocrx_word' id='word_1_81' title='bbox 1443 1089 1594 1145; x_wconf 88' lang='lat' dir='ltr'>Petri</span> <span class='ocrx_word' id='word_1_82' title='bbox 1647 1090 2002 1162; x_wconf 87' lang='lat' dir='ltr'>patrimonia</span> 
     </span>
    </p>
   </div>
   <div class='ocr_carea' id='block_1_13' title="bbox 281 1178 2000 1248">
    <p class='ocr_par' dir='ltr' id='par_1_13' title="bbox 281 1178 2000 1248">
     <span class='ocr_line' id='line_1_13' title="bbox 281 1178 2000 1248; baseline 0.001 -16"><span class='ocrx_word' id='word_1_83' title='bbox 281 1179 666 1234; x_wconf 81' lang='lat' dir='ltr'>vocabantur.</span> <span class='ocrx_word' id='word_1_84' title='bbox 716 1178 862 1232; x_wconf 89' lang='lat' dir='ltr'>Nota</span> <span class='ocrx_word' id='word_1_85' title='bbox 911 1183 1050 1233; x_wconf 89' lang='lat' dir='ltr'>sunt</span> <span class='ocrx_word' id='word_1_86' title='bbox 1083 1194 1150 1232; x_wconf 88' lang='lat' dir='ltr'>ex</span> <span class='ocrx_word' id='word_1_87' title='bbox 1185 1180 1370 1234; x_wconf 90' lang='lat' dir='ltr'>sancti</span> <span class='ocrx_word' id='word_1_88' title='bbox 1407 1179 1694 1248; x_wconf 82' lang='lat' dir='ltr'>pontificis</span> <span class='ocrx_word' id='word_1_89' title='bbox 1740 1179 2000 1248; x_wconf 80' lang='lat' dir='ltr'>epistolis</span> 
     </span>
    </p>
   </div>
   <div class='ocr_carea' id='block_1_14' title="bbox 282 1267 1998 1340">
    <p class='ocr_par' dir='ltr' id='par_1_14' title="bbox 282 1267 1998 1340">
     <span class='ocr_line' id='line_1_14' title="bbox 282 1267 1998 1340; baseline 0 -16"><span class='ocrx_word' id='word_1_90' title='bbox 282 1269 658 1334; x_wconf 85' lang='lat' dir='ltr'>Africanum;</span> <span class='ocrx_word' id='word_1_91' title='bbox 693 1267 953 1322; x_wconf 91' lang='lat' dir='ltr'>Siculum</span> <span class='ocrx_word' id='word_1_92' title='bbox 979 1267 1304 1339; x_wconf 82' lang='lat' dir='ltr'>multiplex,</span> <span class='ocrx_word' id='word_1_93' title='bbox 1337 1272 1401 1323; x_wconf 87' lang='lat' dir='ltr'>ut</span> <span class='ocrx_word' id='word_1_94' title='bbox 1431 1285 1498 1323; x_wconf 87' lang='lat' dir='ltr'>ex</span> <span class='ocrx_word' id='word_1_95' title='bbox 1528 1269 1697 1340; x_wconf 88' lang='lat' dir='ltr'>epist.</span> <span class='ocrx_word' id='word_1_96' title='bbox 1732 1269 1797 1324; x_wconf 74' lang='grc'><strong>44</strong></span> <span class='ocrx_word' id='word_1_97' title='bbox 1821 1269 1921 1324; x_wconf 90' lang='lat' dir='ltr'>lib.</span> <span class='ocrx_word' id='word_1_98' title='bbox 1959 1287 1998 1336; x_wconf 83' lang='grc' dir='ltr'>ι,</span> 
     </span>
    </p>
   </div>
   <div class='ocr_carea' id='block_1_15' title="bbox 279 1357 1997 1430">
    <p class='ocr_par' dir='ltr' id='par_1_15' title="bbox 279 1357 1997 1430">
     <span class='ocr_line' id='line_1_15' title="bbox 279 1357 1997 1430; baseline -0.001 -16"><span class='ocrx_word' id='word_1_99' title='bbox 279 1362 342 1414; x_wconf 79' lang='lat' dir='ltr'>et</span> <span class='ocrx_word' id='word_1_100' title='bbox 372 1373 440 1414; x_wconf 87' lang='lat' dir='ltr'>ex</span> <span class='ocrx_word' id='word_1_101' title='bbox 471 1358 743 1430; x_wconf 88' lang='lat' dir='ltr'>plurimis</span> <span class='ocrx_word' id='word_1_102' title='bbox 776 1359 848 1413; x_wconf 90' lang='lat' dir='ltr'>ad</span> <span class='ocrx_word' id='word_1_103' title='bbox 877 1357 1086 1413; x_wconf 74' lang='lat' dir='ltr'>Siciliaa</span> <span class='ocrx_word' id='word_1_104' title='bbox 1121 1358 1449 1414; x_wconf 80' lang='lat' dir='ltr'>defensores</span> <span class='ocrx_word' id='word_1_105' title='bbox 1483 1363 1539 1414; x_wconf 89' lang='lat' dir='ltr'>et</span> <span class='ocrx_word' id='word_1_106' title='bbox 1572 1363 1815 1415; x_wconf 90' lang='lat' dir='ltr'>rectores</span> <span class='ocrx_word' id='word_1_107' title='bbox 1848 1359 1997 1413; x_wconf 91' lang='lat' dir='ltr'>mis-</span> 
     </span>
    </p>
   </div>
   <div class='ocr_carea' id='block_1_16' title="bbox 283 1448 1996 1521">
    <p class='ocr_par' dir='ltr' id='par_1_16' title="bbox 283 1448 1996 1521">
     <span class='ocr_line' id='line_1_16' title="bbox 283 1448 1996 1521; baseline -0.001 -16"><span class='ocrx_word' id='word_1_108' title='bbox 283 1449 398 1516; x_wconf 87' lang='lat' dir='ltr'>sis,</span> <span class='ocrx_word' id='word_1_109' title='bbox 446 1465 588 1521; x_wconf 85' lang='lat' dir='ltr'>quas</span> <span class='ocrx_word' id='word_1_110' title='bbox 628 1448 686 1502; x_wconf 89' lang='lat' dir='ltr'>in</span> <span class='ocrx_word' id='word_1_111' title='bbox 750 1448 941 1503; x_wconf 90' lang='lat' dir='ltr'>indice</span> <span class='ocrx_word' id='word_1_112' title='bbox 983 1448 1366 1520; x_wconf 89' lang='lat' dir='ltr'>geographico</span> <span class='ocrx_word' id='word_1_113' title='bbox 1416 1449 1527 1504; x_wconf 89' lang='lat' dir='ltr'>sub</span> <span class='ocrx_word' id='word_1_114' title='bbox 1575 1448 1781 1504; x_wconf 81' lang='lat' dir='ltr'>Sicilize</span> <span class='ocrx_word' id='word_1_115' title='bbox 1831 1448 1996 1504; x_wconf 92' lang='lat' dir='ltr'>titulo</span> 
     </span>
    </p>
   </div>
   <div class='ocr_carea' id='block_1_17' title="bbox 289 1539 1994 1610">
    <p class='ocr_par' dir='ltr' id='par_1_17' title="bbox 289 1539 1994 1610">
     <span class='ocr_line' id='line_1_17' title="bbox 289 1539 1994 1610; baseline -0.001 -15"><span class='ocrx_word' id='word_1_116' title='bbox 289 1540 651 1610; x_wconf 73' lang='lat' dir='ltr'>collegimus,</span> <span class='ocrx_word' id='word_1_117' title='bbox 679 1539 1051 1594; x_wconf 89' lang='lat' dir='ltr'>manifestum</span> <span class='ocrx_word' id='word_1_118' title='bbox 1077 1545 1200 1606; x_wconf 90' lang='lat' dir='ltr'>est;</span> <span class='ocrx_word' id='word_1_119' title='bbox 1231 1539 1554 1609; x_wconf 88' lang='lat' dir='ltr'>Corsicum,</span> <span class='ocrx_word' id='word_1_120' title='bbox 1583 1539 1994 1607; x_wconf 86' lang='lat' dir='ltr'>Dalmaticum,</span> 
     </span>
    </p>
   </div>
   <div class='ocr_carea' id='block_1_18' title="bbox 290 1629 2000 1701">
    <p class='ocr_par' dir='ltr' id='par_1_18' title="bbox 290 1629 2000 1701">
     <span class='ocr_line' id='line_1_18' title="bbox 290 1629 2000 1701; baseline -0.001 -17"><span class='ocrx_word' id='word_1_121' title='bbox 290 1629 664 1686; x_wconf 84' lang='lat' dir='ltr'>Gallicanum.</span> <span class='ocrx_word' id='word_1_122' title='bbox 701 1630 781 1685; x_wconf 92' lang='lat' dir='ltr'>De</span> <span class='ocrx_word' id='word_1_123' title='bbox 819 1629 888 1684; x_wconf 89' lang='lat' dir='ltr'>iis</span> <span class='ocrx_word' id='word_1_124' title='bbox 937 1646 1065 1700; x_wconf 67' lang='lat' dir='ltr'>quas</span> <span class='ocrx_word' id='word_1_125' title='bbox 1106 1629 1256 1685; x_wconf 91' lang='lat' dir='ltr'>intra</span> <span class='ocrx_word' id='word_1_126' title='bbox 1297 1630 1544 1700; x_wconf 83' lang='lat' dir='ltr'>Italiam,</span> <span class='ocrx_word' id='word_1_127' title='bbox 1578 1631 1634 1686; x_wconf 92' lang='lat' dir='ltr'>in</span> <span class='ocrx_word' id='word_1_128' title='bbox 1681 1630 2000 1701; x_wconf 87' lang='lat' dir='ltr'>Campania</span> 
     </span>
    </p>
   </div>
   <div class='ocr_carea' id='block_1_19' title="bbox 278 1718 2080 1814">
    <p class='ocr_par' dir='ltr' id='par_1_19' title="bbox 278 1718 2080 1814">
     <span class='ocr_line' id='line_1_19' title="bbox 278 1718 2080 1814; baseline 0 -40"><span class='ocrx_word' id='word_1_129' title='bbox 278 1720 609 1792; x_wconf 64' lang='lat' dir='ltr'>praesrtim</span> <span class='ocrx_word' id='word_1_130' title='bbox 660 1718 915 1774; x_wconf 83' lang='lat' dir='ltr'>Ecclesia</span> <span class='ocrx_word' id='word_1_131' title='bbox 964 1719 1226 1814; x_wconf 33' lang='lat' dir='ltr'>lion-mna</span> <span class='ocrx_word' id='word_1_132' title='bbox 1266 1720 1600 1792; x_wconf 89' lang='lat' dir='ltr'>possidebat</span> <span class='ocrx_word' id='word_1_133' title='bbox 1645 1720 1806 1791; x_wconf 90' lang='lat' dir='ltr'>loqui</span> <span class='ocrx_word' id='word_1_134' title='bbox 1847 1721 1989 1775; x_wconf 86' lang='lat' dir='ltr'>foret</span> <span class='ocrx_word' id='word_1_135' title='bbox 2036 1749 2080 1814; x_wconf 76' lang='grc' dir='ltr'>Β</span> 
     </span>
    </p>
   </div>
   <div class='ocr_carea' id='block_1_20' title="bbox 273 1809 1997 1882">
    <p class='ocr_par' dir='ltr' id='par_1_20' title="bbox 273 1809 1997 1882">
     <span class='ocr_line' id='line_1_20' title="bbox 273 1809 1997 1882; baseline 0.001 -17"><span class='ocrx_word' id='word_1_136' title='bbox 273 1825 800 1882; x_wconf 87' lang='lat' dir='ltr'>supervacaneum.</span> <span class='ocrx_word' id='word_1_137' title='bbox 818 1809 1228 1880; x_wconf 84' lang='lat' dir='ltr'>Amplissimas</span> <span class='ocrx_word' id='word_1_138' title='bbox 1249 1810 1648 1881; x_wconf 88' lang='lat' dir='ltr'>possessiones</span> <span class='ocrx_word' id='word_1_139' title='bbox 1672 1810 1997 1866; x_wconf 88' lang='lat' dir='ltr'>aConstan-</span> 
     </span>
    </p>
   </div>
   <div class='ocr_carea' id='block_1_21' title="bbox 276 1899 1996 1971">
    <p class='ocr_par' dir='ltr' id='par_1_21' title="bbox 276 1899 1996 1971">
     <span class='ocr_line' id='line_1_21' title="bbox 276 1899 1996 1971; baseline 0 -17"><span class='ocrx_word' id='word_1_140' title='bbox 276 1900 408 1956; x_wconf 89' lang='lat' dir='ltr'>tino</span> <span class='ocrx_word' id='word_1_141' title='bbox 439 1900 651 1971; x_wconf 83' lang='lat' dir='ltr'>Magno</span> <span class='ocrx_word' id='word_1_142' title='bbox 687 1915 994 1956; x_wconf 89' lang='lat' dir='ltr'>concessas</span> <span class='ocrx_word' id='word_1_143' title='bbox 1028 1915 1406 1970; x_wconf 85' lang='lat' dir='ltr'>auguramur,</span> <span class='ocrx_word' id='word_1_144' title='bbox 1440 1901 1611 1970; x_wconf 89' lang='lat' dir='ltr'>cujus</span> <span class='ocrx_word' id='word_1_145' title='bbox 1650 1899 1710 1954; x_wconf 91' lang='lat' dir='ltr'>in</span> <span class='ocrx_word' id='word_1_146' title='bbox 1744 1899 1996 1954; x_wconf 87' lang='lat' dir='ltr'>ditandis</span> 
     </span>
    </p>
   </div>
   <div class='ocr_carea' id='block_1_22' title="bbox 276 1988 1994 2060">
    <p class='ocr_par' dir='ltr' id='par_1_22' title="bbox 276 1988 1994 2060">
     <span class='ocr_line' id='line_1_22' title="bbox 276 1988 1994 2060; baseline -0.001 -15"><span class='ocrx_word' id='word_1_147' title='bbox 276 1990 546 2046; x_wconf 88' lang='lat' dir='ltr'>ecclesiis</span> <span class='ocrx_word' id='word_1_148' title='bbox 573 1988 1041 2044; x_wconf 84' lang='lat' dir='ltr'>munificentiam</span> <span class='ocrx_word' id='word_1_149' title='bbox 1071 1989 1384 2060; x_wconf 70' lang='lat' dir='ltr'>praesertim</span> <span class='ocrx_word' id='word_1_150' title='bbox 1412 1988 1609 2044; x_wconf 90' lang='lat' dir='ltr'>laudat</span> <span class='ocrx_word' id='word_1_151' title='bbox 1635 1988 1994 2044; x_wconf 87' lang='lat' dir='ltr'>Eusebiusin</span> 
     </span>
    </p>
   </div>
   <div class='ocr_carea' id='block_1_23' title="bbox 276 2080 1992 2151">
    <p class='ocr_par' dir='ltr' id='par_1_23' title="bbox 276 2080 1992 2151">
     <span class='ocr_line' id='line_1_23' title="bbox 276 2080 1992 2151; baseline -0.001 -16"><span class='ocrx_word' id='word_1_152' title='bbox 276 2082 410 2151; x_wconf 90' lang='lat' dir='ltr'>ejus</span> <span class='ocrx_word' id='word_1_153' title='bbox 444 2083 592 2134; x_wconf 87' lang='lat' dir='ltr'>Vita.</span> <span class='ocrx_word' id='word_1_154' title='bbox 627 2080 776 2150; x_wconf 85' lang='lat' dir='ltr'>(Vide</span> <span class='ocrx_word' id='word_1_155' title='bbox 807 2080 901 2134; x_wconf 87' lang='lat' dir='ltr'>lib.</span> <span class='ocrx_word' id='word_1_156' title='bbox 927 2095 966 2142; x_wconf 89' lang='grc' dir='ltr'>ι,</span> <span class='ocrx_word' id='word_1_157' title='bbox 1001 2095 1083 2150; x_wconf 87' lang='lat' dir='ltr'>ep.</span> <span class='ocrx_word' id='word_1_158' title='bbox 1116 2080 1219 2145; x_wconf 87' lang='lat'>75;</span> <span class='ocrx_word' id='word_1_159' title='bbox 1269 2080 1365 2135; x_wconf 87' lang='lat' dir='ltr'>lib.</span> <span class='ocrx_word' id='word_1_160' title='bbox 1401 2096 1485 2147; x_wconf 86' lang='grc' dir='ltr'>ιιι,</span> <span class='ocrx_word' id='word_1_161' title='bbox 1516 2080 1733 2150; x_wconf 90' lang='lat' dir='ltr'>ep.27;</span> <span class='ocrx_word' id='word_1_162' title='bbox 1781 2080 1874 2133; x_wconf 83' lang='lat' dir='ltr'>lib.</span> <span class='ocrx_word' id='word_1_163' title='bbox 1913 2096 1992 2148; x_wconf 85' lang='lat' dir='ltr'>1x,</span> 
     </span>
    </p>
   </div>
   <div class='ocr_carea' id='block_1_24' title="bbox 275 2173 1994 2246">
    <p class='ocr_par' dir='ltr' id='par_1_24' title="bbox 275 2173 1994 2246">
     <span class='ocr_line' id='line_1_24' title="bbox 275 2173 1994 2246; baseline -0.002 -17"><span class='ocrx_word' id='word_1_164' title='bbox 275 2189 364 2246; x_wconf 85' lang='lat' dir='ltr'>ep.</span> <span class='ocrx_word' id='word_1_165' title='bbox 399 2173 465 2227; x_wconf 88' lang='grc'>18</span> <span class='ocrx_word' id='word_1_166' title='bbox 492 2189 507 2241; x_wconf 85' lang='grc'><strong>;</strong></span> <span class='ocrx_word' id='word_1_167' title='bbox 531 2174 630 2228; x_wconf 96' lang='lat' dir='ltr'>lib.</span> <span class='ocrx_word' id='word_1_168' title='bbox 683 2190 758 2240; x_wconf 78' lang='lat' dir='ltr'>vr,</span> <span class='ocrx_word' id='word_1_169' title='bbox 800 2189 882 2244; x_wconf 87' lang='lat' dir='ltr'>ep.</span> <span class='ocrx_word' id='word_1_170' title='bbox 934 2175 1042 2241; x_wconf 86' lang='lat'>22;</span> <span class='ocrx_word' id='word_1_171' title='bbox 1078 2175 1172 2228; x_wconf 88' lang='lat' dir='ltr'>lib.</span> <span class='ocrx_word' id='word_1_172' title='bbox 1223 2189 1304 2240; x_wconf 92' lang='grc' dir='ltr'>ιιι,</span> <span class='ocrx_word' id='word_1_173' title='bbox 1335 2189 1455 2244; x_wconf 89' lang='lat' dir='ltr'>epp.</span> <span class='ocrx_word' id='word_1_174' title='bbox 1505 2173 1576 2226; x_wconf 80' lang='lat'><strong><em>22</em></strong></span> <span class='ocrx_word' id='word_1_175' title='bbox 1605 2181 1655 2228; x_wconf 86' lang='lat' dir='ltr'>et</span> <span class='ocrx_word' id='word_1_176' title='bbox 1675 2173 1780 2240; x_wconf 87' lang='lat'>33;</span> <span class='ocrx_word' id='word_1_177' title='bbox 1819 2173 1916 2228; x_wconf 90' lang='lat' dir='ltr'>tib.</span> <span class='ocrx_word' id='word_1_178' title='bbox 1953 2189 1994 2243; x_wconf 82' lang='lat'>1,</span> 
     </span>
    </p>
   </div>
   <div class='ocr_carea' id='block_1_25' title="bbox 275 2262 1216 2333">
    <p class='ocr_par' dir='ltr' id='par_1_25' title="bbox 275 2262 1216 2333">
     <span class='ocr_line' id='line_1_25' title="bbox 275 2262 1216 2333; baseline -0.002 -14"><span class='ocrx_word' id='word_1_179' title='bbox 275 2279 400 2333; x_wconf 86' lang='lat' dir='ltr'>epp.</span> <span class='ocrx_word' id='word_1_180' title='bbox 431 2263 506 2316; x_wconf 89' lang='grc'>55</span> <span class='ocrx_word' id='word_1_181' title='bbox 533 2269 588 2317; x_wconf 86' lang='lat' dir='ltr'>et</span> <span class='ocrx_word' id='word_1_182' title='bbox 620 2264 724 2330; x_wconf 84' lang='lat'>65;</span> <span class='ocrx_word' id='word_1_183' title='bbox 759 2263 857 2317; x_wconf 87' lang='lat' dir='ltr'>lib.</span> <span class='ocrx_word' id='word_1_184' title='bbox 889 2278 964 2326; x_wconf 87' lang='lat' dir='ltr'>iv,</span> <span class='ocrx_word' id='word_1_185' title='bbox 995 2278 1044 2317; x_wconf 93' lang='lat' dir='ltr'>c.</span> <span class='ocrx_word' id='word_1_186' title='bbox 1068 2262 1159 2317; x_wconf 85' lang='lat'>28.</span> <span class='ocrx_word' id='word_1_187' title='bbox 1199 2262 1216 2332; x_wconf 91' lang='lat'>)</span> 
     </span>
    </p>
   </div>
   <div class='ocr_carea' id='block_1_26' title="bbox 345 2350 1992 2423">
    <p class='ocr_par' dir='ltr' id='par_1_26' title="bbox 345 2350 1992 2423">
     <span class='ocr_line' id='line_1_26' title="bbox 345 2350 1992 2423; baseline -0.001 -14"><span class='ocrx_word' id='word_1_188' title='bbox 345 2350 696 2423; x_wconf 83' lang='lat' dir='ltr'>Nepesinam</span> <span class='ocrx_word' id='word_1_189' title='bbox 723 2351 1013 2406; x_wconf 87' lang='lat' dir='ltr'>civitatem</span> <span class='ocrx_word' id='word_1_190' title='bbox 1041 2351 1098 2406; x_wconf 92' lang='lat' dir='ltr'>in</span> <span class='ocrx_word' id='word_1_191' title='bbox 1137 2351 1368 2406; x_wconf 88' lang='lat' dir='ltr'>Etruria</span> <span class='ocrx_word' id='word_1_192' title='bbox 1393 2351 1511 2420; x_wconf 87' lang='lat' dir='ltr'>juri</span> <span class='ocrx_word' id='word_1_193' title='bbox 1548 2351 1785 2407; x_wconf 78' lang='lat' dir='ltr'>Romani</span> <span class='ocrx_word' id='word_1_194' title='bbox 1811 2351 1992 2420; x_wconf 85' lang='lat' dir='ltr'>ponti-</span> 
     </span>
    </p>
   </div>
   <div class='ocr_carea' id='block_1_27' title="bbox 269 2441 1991 2512">
    <p class='ocr_par' dir='ltr' id='par_1_27' title="bbox 269 2441 1991 2512">
     <span class='ocr_line' id='line_1_27' title="bbox 269 2441 1991 2512; baseline -0.001 -15"><span class='ocrx_word' id='word_1_195' title='bbox 269 2441 396 2498; x_wconf 80' lang='lat' dir='ltr'>ﬁcis</span> <span class='ocrx_word' id='word_1_196' title='bbox 434 2442 729 2498; x_wconf 79' lang='lat' dir='ltr'>subditam</span> <span class='ocrx_word' id='word_1_197' title='bbox 781 2442 964 2498; x_wconf 83' lang='lat' dir='ltr'>fuisse</span> <span class='ocrx_word' id='word_1_198' title='bbox 995 2442 1342 2512; x_wconf 90' lang='lat' dir='ltr'>conjicimus</span> <span class='ocrx_word' id='word_1_199' title='bbox 1387 2458 1454 2496; x_wconf 89' lang='lat' dir='ltr'>ex</span> <span class='ocrx_word' id='word_1_200' title='bbox 1498 2458 1586 2511; x_wconf 91' lang='lat' dir='ltr'>ep.</span> <span class='ocrx_word' id='word_1_201' title='bbox 1639 2442 1696 2496; x_wconf 84' lang='grc'><strong>11</strong></span> <span class='ocrx_word' id='word_1_202' title='bbox 1739 2441 1868 2496; x_wconf 86' lang='lat' dir='ltr'>libri</span> <span class='ocrx_word' id='word_1_203' title='bbox 1901 2459 1991 2496; x_wconf 85' lang='lat' dir='ltr'>se-</span> 
     </span>
    </p>
   </div>
   <div class='ocr_carea' id='block_1_28' title="bbox 267 2531 1994 2604">
    <p class='ocr_par' dir='ltr' id='par_1_28' title="bbox 267 2531 1994 2604">
     <span class='ocr_line' id='line_1_28' title="bbox 267 2531 1994 2604; baseline -0.003 -14"><span class='ocrx_word' id='word_1_204' title='bbox 267 2533 470 2598; x_wconf 89' lang='lat' dir='ltr'>cundi,</span> <span class='ocrx_word' id='word_1_205' title='bbox 506 2551 622 2604; x_wconf 87' lang='lat' dir='ltr'>qua</span> <span class='ocrx_word' id='word_1_206' title='bbox 668 2534 884 2589; x_wconf 93' lang='lat' dir='ltr'>Leontio</span> <span class='ocrx_word' id='word_1_207' title='bbox 928 2535 1046 2588; x_wconf 86' lang='lat' dir='ltr'>viro</span> <span class='ocrx_word' id='word_1_208' title='bbox 1088 2533 1398 2588; x_wconf 87' lang='lat' dir='ltr'>clarissimo</span> <span class='ocrx_word' id='word_1_209' title='bbox 1427 2549 1628 2587; x_wconf 87' lang='lat' dir='ltr'>curam</span> <span class='ocrx_word' id='word_1_210' title='bbox 1665 2531 1994 2588; x_wconf 84' lang='lat' dir='ltr'>sollicitudi-</span> 
     </span>
    </p>
   </div>
   <div class='ocr_carea' id='block_1_29' title="bbox 271 2621 1994 2692">
    <p class='ocr_par' dir='ltr' id='par_1_29' title="bbox 271 2621 1994 2692">
     <span class='ocr_line' id='line_1_29' title="bbox 271 2621 1994 2692; baseline -0.002 -14"><span class='ocrx_word' id='word_1_211' title='bbox 271 2638 515 2692; x_wconf 81' lang='lat' dir='ltr'>nemque</span> <span class='ocrx_word' id='word_1_212' title='bbox 559 2625 789 2677; x_wconf 79' lang='lat' dir='ltr'>civitatis</span> <span class='ocrx_word' id='word_1_213' title='bbox 829 2622 1132 2689; x_wconf 80' lang='lat' dir='ltr'>iniunctam</span> <span class='ocrx_word' id='word_1_214' title='bbox 1159 2639 1191 2675; x_wconf 93' lang='lat' dir='ltr'>a</span> <span class='ocrx_word' id='word_1_215' title='bbox 1221 2638 1278 2676; x_wconf 86' lang='lat' dir='ltr'>se</span> <span class='ocrx_word' id='word_1_216' title='bbox 1304 2623 1478 2690; x_wconf 79' lang='lat' dir='ltr'>fuisse</span> <span class='ocrx_word' id='word_1_217' title='bbox 1507 2621 1815 2691; x_wconf 87' lang='lat' dir='ltr'>significat,</span> <span class='ocrx_word' id='word_1_218' title='bbox 1843 2627 1900 2676; x_wconf 88' lang='lat' dir='ltr'>ut</span> <span class='ocrx_word' id='word_1_219' title='bbox 1932 2621 1994 2675; x_wconf 91' lang='lat' dir='ltr'>in</span> 
     </span>
    </p>
   </div>
   <div class='ocr_carea' id='block_1_30' title="bbox 271 2711 1996 2784">
    <p class='ocr_par' dir='ltr' id='par_1_30' title="bbox 271 2711 1996 2784">
     <span class='ocr_line' id='line_1_30' title="bbox 271 2711 1996 2784; baseline -0.001 -17"><span class='ocrx_word' id='word_1_220' title='bbox 271 2729 339 2768; x_wconf 86' lang='lat' dir='ltr'>cu</span> <span class='ocrx_word' id='word_1_221' title='bbox 350 2716 484 2766; x_wconf 81' lang='lat' dir='ltr'>netis</span> <span class='ocrx_word' id='word_1_222' title='bbox 505 2714 801 2783; x_wconf 87' lang='lat' dir='ltr'>invigilans</span> <span class='ocrx_word' id='word_1_223' title='bbox 816 2728 939 2784; x_wconf 72' lang='lat' dir='ltr'>qua:</span> <span class='ocrx_word' id='word_1_224' title='bbox 957 2711 1026 2767; x_wconf 90' lang='lat' dir='ltr'>ad</span> <span class='ocrx_word' id='word_1_225' title='bbox 1043 2711 1346 2767; x_wconf 78' lang='lat' dir='ltr'>utilitatem</span> <span class='ocrx_word' id='word_1_226' title='bbox 1360 2714 1562 2765; x_wconf 86' lang='lat' dir='ltr'>civium</span> <span class='ocrx_word' id='word_1_227' title='bbox 1578 2713 1658 2765; x_wconf 93' lang='lat' dir='ltr'>vet</span> <span class='ocrx_word' id='word_1_228' title='bbox 1680 2711 1996 2782; x_wconf 66' lang='lat' dir='ltr'>Republica;</span> 
     </span>
    </p>
   </div>
   <div class='ocr_carea' id='block_1_31' title="bbox 279 2800 1996 2872">
    <p class='ocr_par' dir='ltr' id='par_1_31' title="bbox 279 2800 1996 2872">
     <span class='ocr_line' id='line_1_31' title="bbox 279 2800 1996 2872; baseline 0 -16"><span class='ocrx_word' id='word_1_229' title='bbox 279 2803 555 2872; x_wconf 80' lang='lat' dir='ltr'>pertinere</span> <span class='ocrx_word' id='word_1_230' title='bbox 593 2801 887 2872; x_wconf 85' lang='lat' dir='ltr'>dignoscet,</span> <span class='ocrx_word' id='word_1_231' title='bbox 947 2802 1069 2870; x_wconf 91' lang='lat' dir='ltr'>ipse</span> <span class='ocrx_word' id='word_1_232' title='bbox 1137 2801 1426 2871; x_wconf 86' lang='lat' dir='ltr'>disponat.</span> <span class='ocrx_word' id='word_1_233' title='bbox 1491 2800 1699 2854; x_wconf 90' lang='lat' dir='ltr'>Eadem</span> <span class='ocrx_word' id='word_1_234' title='bbox 1747 2801 1996 2872; x_wconf 89' lang='lat' dir='ltr'>epistola</span> 
     </span>
    </p>
   </div>
   <div class='ocr_carea' id='block_1_32' title="bbox 285 2889 1995 2961">
    <p class='ocr_par' dir='ltr' id='par_1_32' title="bbox 285 2889 1995 2961">
     <span class='ocr_line' id='line_1_32' title="bbox 285 2889 1995 2961; baseline -0.001 -15"><span class='ocrx_word' id='word_1_235' title='bbox 285 2890 528 2957; x_wconf 89' lang='lat' dir='ltr'>clerum,</span> <span class='ocrx_word' id='word_1_236' title='bbox 565 2891 828 2946; x_wconf 88' lang='lat' dir='ltr'>ordinem</span> <span class='ocrx_word' id='word_1_237' title='bbox 863 2892 1244 2954; x_wconf 83' lang='lat' dir='ltr'>senatorium,</span> <span class='ocrx_word' id='word_1_238' title='bbox 1279 2896 1333 2945; x_wconf 87' lang='lat' dir='ltr'>et</span> <span class='ocrx_word' id='word_1_239' title='bbox 1365 2889 1588 2961; x_wconf 90' lang='lat' dir='ltr'>plebem</span> <span class='ocrx_word' id='word_1_240' title='bbox 1635 2890 1792 2945; x_wconf 91' lang='lat' dir='ltr'>urbis</span> <span class='ocrx_word' id='word_1_241' title='bbox 1823 2891 1995 2960; x_wconf 88' lang='lat' dir='ltr'>hujus</span> 
     </span>
    </p>
   </div>
   <div class='ocr_carea' id='block_1_33' title="bbox 279 2979 1995 3049">
    <p class='ocr_par' dir='ltr' id='par_1_33' title="bbox 279 2979 1995 3049">
     <span class='ocr_line' id='line_1_33' title="bbox 279 2979 1995 3049; baseline 0 -15"><span class='ocrx_word' id='word_1_242' title='bbox 279 2980 583 3046; x_wconf 87' lang='lat' dir='ltr'>admonet,</span> <span class='ocrx_word' id='word_1_243' title='bbox 630 2986 690 3034; x_wconf 91' lang='lat' dir='ltr'>ut</span> <span class='ocrx_word' id='word_1_244' title='bbox 738 2997 770 3033; x_wconf 90' lang='lat' dir='ltr'>a</span> <span class='ocrx_word' id='word_1_245' title='bbox 820 2996 882 3034; x_wconf 89' lang='lat' dir='ltr'>se</span> <span class='ocrx_word' id='word_1_246' title='bbox 927 2981 1245 3034; x_wconf 89' lang='lat' dir='ltr'>constituto</span> <span class='ocrx_word' id='word_1_247' title='bbox 1287 2981 1555 3049; x_wconf 66' lang='lat' dir='ltr'>praefecto</span> <span class='ocrx_word' id='word_1_248' title='bbox 1613 2980 1670 3033; x_wconf 91' lang='lat' dir='ltr'>in</span> <span class='ocrx_word' id='word_1_249' title='bbox 1720 2979 1995 3034; x_wconf 88' lang='lat' dir='ltr'>omnibus</span> 
     </span>
    </p>
   </div>
   <div class='ocr_carea' id='block_1_34' title="bbox 2116 461 3829 553">
    <p class='ocr_par' dir='ltr' id='par_1_34' title="bbox 2116 461 3829 553">
     <span class='ocr_line' id='line_1_34' title="bbox 2116 461 3829 553; baseline 0.015 -40"><span class='ocrx_word' id='word_1_250' title='bbox 2116 461 2186 553; x_wconf 80' lang='lat' dir='ltr'>ad</span> <span class='ocrx_word' id='word_1_251' title='bbox 2199 463 2451 553; x_wconf 81' lang='lat' dir='ltr'>solerem</span> <span class='ocrx_word' id='word_1_252' title='bbox 2474 481 2708 537; x_wconf 86' lang='lat' dir='ltr'>papam,</span> <span class='ocrx_word' id='word_1_253' title='bbox 2725 467 2877 536; x_wconf 90' lang='lat' dir='ltr'>apud</span> <span class='ocrx_word' id='word_1_254' title='bbox 2893 469 3204 526; x_wconf 84' lang='lat' dir='ltr'>Eusebium</span> <span class='ocrx_word' id='word_1_255' title='bbox 3221 473 3449 543; x_wconf 80' lang='lat' dir='ltr'>(Lib.v1,</span> <span class='ocrx_word' id='word_1_256' title='bbox 3466 495 3513 533; x_wconf 92' lang='lat' dir='ltr'>c.</span> <span class='ocrx_word' id='word_1_257' title='bbox 3535 479 3624 550; x_wconf 89' lang='lat'>23)</span> <span class='ocrx_word' id='word_1_258' title='bbox 3643 498 3656 535; x_wconf 89' lang='lat'><strong>:</strong></span> <span class='ocrx_word' id='word_1_259' title='bbox 3677 485 3829 553; x_wconf 64' lang='lat' dir='ltr'>Hac,</span> 
     </span>
    </p>
   </div>
   <div class='ocr_carea' id='block_1_35' title="bbox 2114 549 3832 637">
    <p class='ocr_par' dir='ltr' id='par_1_35' title="bbox 2114 549 3832 637">
     <span class='ocr_line' id='line_1_35' title="bbox 2114 549 3832 637; baseline 0.014 -35"><span class='ocrx_word' id='word_1_260' title='bbox 2114 549 2321 621; x_wconf 89' lang='lat' dir='ltr'>inquit,</span> <span class='ocrx_word' id='word_1_261' title='bbox 2350 553 2497 609; x_wconf 88' lang='lat' dir='ltr'>vobis</span> <span class='ocrx_word' id='word_1_262' title='bbox 2529 556 2849 611; x_wconf 79' lang='lat' dir='ltr'>consuetudo</span> <span class='ocrx_word' id='word_1_263' title='bbox 2871 562 2972 627; x_wconf 84' lang='lat' dir='ltr'>est,</span> <span class='ocrx_word' id='word_1_264' title='bbox 3006 561 3117 625; x_wconf 78' lang='lat' dir='ltr'>iam</span> <span class='ocrx_word' id='word_1_265' title='bbox 3140 562 3268 617; x_wconf 88' lang='lat' dir='ltr'>inde</span> <span class='ocrx_word' id='word_1_266' title='bbox 3287 564 3354 618; x_wconf 91' lang='lat' dir='ltr'>ab</span> <span class='ocrx_word' id='word_1_267' title='bbox 3386 564 3504 636; x_wconf 89' lang='lat' dir='ltr'>ipso</span> <span class='ocrx_word' id='word_1_268' title='bbox 3543 549 3832 637; x_wconf 79' lang='lat' dir='ltr'>religionis</span> 
     </span>
    </p>
   </div>
   <div class='ocr_carea' id='block_1_36' title="bbox 2113 641 3831 729">
    <p class='ocr_par' dir='ltr' id='par_1_36' title="bbox 2113 641 3831 729">
     <span class='ocr_line' id='line_1_36' title="bbox 2113 641 3831 729; baseline 0.012 -36"><span class='ocrx_word' id='word_1_269' title='bbox 2113 641 2359 710; x_wconf 72' lang='lat' dir='ltr'>exordio,</span> <span class='ocrx_word' id='word_1_270' title='bbox 2381 651 2437 697; x_wconf 90' lang='lat' dir='ltr'>ut</span> <span class='ocrx_word' id='word_1_271' title='bbox 2464 646 2662 713; x_wconf 79' lang='lat' dir='ltr'>fratres</span> <span class='ocrx_word' id='word_1_272' title='bbox 2684 662 2870 701; x_wconf 88' lang='lat' dir='ltr'>omnes</span> <span class='ocrx_word' id='word_1_273' title='bbox 2894 651 3044 704; x_wconf 88' lang='lat' dir='ltr'>vario</span> <span class='ocrx_word' id='word_1_274' title='bbox 3069 651 3455 723; x_wconf 82' lang='lat' dir='ltr'>beneﬁciorum</span> <span class='ocrx_word' id='word_1_275' title='bbox 3481 673 3687 725; x_wconf 86' lang='lat' dir='ltr'>genere</span> <span class='ocrx_word' id='word_1_276' title='bbox 3707 661 3831 729; x_wconf 79' lang='lat' dir='ltr'>afﬁ-</span> 
     </span>
    </p>
   </div>
   <div class='ocr_carea' id='block_1_37' title="bbox 2112 731 3832 814">
    <p class='ocr_par' dir='ltr' id='par_1_37' title="bbox 2112 731 3832 814">
     <span class='ocr_line' id='line_1_37' title="bbox 2112 731 3832 814; baseline 0.012 -30"><span class='ocrx_word' id='word_1_277' title='bbox 2112 731 2273 786; x_wconf 87' lang='lat' dir='ltr'>ciatis</span> <span class='ocrx_word' id='word_1_278' title='bbox 2304 737 2352 787; x_wconf 85' lang='lat' dir='ltr'>et</span> <span class='ocrx_word' id='word_1_279' title='bbox 2379 735 2616 789; x_wconf 81' lang='lat' dir='ltr'>ecclesiis</span> <span class='ocrx_word' id='word_1_280' title='bbox 2647 738 3075 807; x_wconf 85' lang='lat' dir='ltr'>quamplurimis</span> <span class='ocrx_word' id='word_1_281' title='bbox 3105 757 3224 812; x_wconf 57' lang='lat' dir='ltr'>qua</span> <span class='ocrx_word' id='word_1_282' title='bbox 3247 745 3308 797; x_wconf 89' lang='lat' dir='ltr'>in</span> <span class='ocrx_word' id='word_1_283' title='bbox 3329 744 3576 814; x_wconf 81' lang='lat' dir='ltr'>singulis</span> <span class='ocrx_word' id='word_1_284' title='bbox 3598 750 3832 805; x_wconf 82' lang='lat' dir='ltr'>urbibus</span> 
     </span>
    </p>
   </div>
   <div class='ocr_carea' id='block_1_38' title="bbox 2111 824 3830 910">
    <p class='ocr_par' dir='ltr' id='par_1_38' title="bbox 2111 824 3830 910">
     <span class='ocr_line' id='line_1_38' title="bbox 2111 824 3830 910; baseline 0.011 -34"><span class='ocrx_word' id='word_1_285' title='bbox 2111 824 2422 879; x_wconf 71' lang='lat' dir='ltr'>constituta?</span> <span class='ocrx_word' id='word_1_286' title='bbox 2441 831 2570 879; x_wconf 85' lang='lat' dir='ltr'>sunt</span> <span class='ocrx_word' id='word_1_287' title='bbox 2592 826 2902 881; x_wconf 85' lang='lat' dir='ltr'>necessaria</span> <span class='ocrx_word' id='word_1_288' title='bbox 2920 830 3038 883; x_wconf 73' lang='lat' dir='ltr'>vitae</span> <span class='ocrx_word' id='word_1_289' title='bbox 3061 833 3309 887; x_wconf 82' lang='lat' dir='ltr'>subsidia</span> <span class='ocrx_word' id='word_1_290' title='bbox 3329 837 3746 910; x_wconf 81' lang='lat' dir='ltr'>transmittatis,</span> <span class='ocrx_word' id='word_1_291' title='bbox 3775 849 3830 895; x_wconf 85' lang='lat' dir='ltr'>et</span> 
     </span>
    </p>
   </div>
   <div class='ocr_carea' id='block_1_39' title="bbox 2113 910 3830 999">
    <p class='ocr_par' dir='ltr' id='par_1_39' title="bbox 2113 910 3830 999">
     <span class='ocr_line' id='line_1_39' title="bbox 2113 910 3830 999; baseline 0.012 -35"><span class='ocrx_word' id='word_1_292' title='bbox 2113 910 2436 969; x_wconf 83' lang='lat' dir='ltr'>hacratione</span> <span class='ocrx_word' id='word_1_293' title='bbox 2460 919 2574 968; x_wconf 89' lang='lat' dir='ltr'>lum</span> <span class='ocrx_word' id='word_1_294' title='bbox 2595 915 2874 983; x_wconf 84' lang='lat' dir='ltr'>egentium</span> <span class='ocrx_word' id='word_1_295' title='bbox 2900 919 3210 975; x_wconf 83' lang='lat' dir='ltr'>molestiam</span> <span class='ocrx_word' id='word_1_296' title='bbox 3230 924 3546 993; x_wconf 89' lang='lat' dir='ltr'>sublevalis,</span> <span class='ocrx_word' id='word_1_297' title='bbox 3569 932 3688 982; x_wconf 87' lang='lat' dir='ltr'>tum</span> <span class='ocrx_word' id='word_1_298' title='bbox 3708 934 3830 999; x_wconf 78' lang='lat' dir='ltr'>[ra-</span> 
     </span>
    </p>
   </div>
   <div class='ocr_carea' id='block_1_40' title="bbox 2112 1001 3833 1089">
    <p class='ocr_par' dir='ltr' id='par_1_40' title="bbox 2112 1001 3833 1089">
     <span class='ocr_line' id='line_1_40' title="bbox 2112 1001 3833 1089; baseline 0.013 -36"><span class='ocrx_word' id='word_1_299' title='bbox 2112 1001 2292 1056; x_wconf 88' lang='lat' dir='ltr'>tribus</span> <span class='ocrx_word' id='word_1_300' title='bbox 2340 1005 2434 1073; x_wconf 86' lang='lat' dir='ltr'>qui</span> <span class='ocrx_word' id='word_1_301' title='bbox 2467 1005 2522 1057; x_wconf 89' lang='lat' dir='ltr'>in</span> <span class='ocrx_word' id='word_1_302' title='bbox 2557 1007 2793 1059; x_wconf 81' lang='lat' dir='ltr'>metallis</span> <span class='ocrx_word' id='word_1_303' title='bbox 2830 1024 2966 1077; x_wconf 86' lang='lat' dir='ltr'>opus</span> <span class='ocrx_word' id='word_1_304' title='bbox 2997 1012 3213 1078; x_wconf 75' lang='lat' dir='ltr'>faciunt</span> <span class='ocrx_word' id='word_1_305' title='bbox 3243 1019 3551 1071; x_wconf 86' lang='lat' dir='ltr'>necessaria</span> <span class='ocrx_word' id='word_1_306' title='bbox 3577 1020 3833 1089; x_wconf 78' lang='lat' dir='ltr'>suppedi-</span> 
     </span>
    </p>
   </div>
   <div class='ocr_carea' id='block_1_41' title="bbox 2113 1092 3834 1173">
    <p class='ocr_par' dir='ltr' id='par_1_41' title="bbox 2113 1092 3834 1173">
     <span class='ocr_line' id='line_1_41' title="bbox 2113 1092 3834 1173; baseline 0.013 -31"><span class='ocrx_word' id='word_1_307' title='bbox 2113 1092 2310 1148; x_wconf 84' lang='lat' dir='ltr'>tatis...</span> <span class='ocrx_word' id='word_1_308' title='bbox 2364 1095 2546 1162; x_wconf 82' lang='lat' dir='ltr'>Atque</span> <span class='ocrx_word' id='word_1_309' title='bbox 2596 1093 2739 1149; x_wconf 85' lang='lat' dir='ltr'>hunc</span> <span class='ocrx_word' id='word_1_310' title='bbox 2771 1112 2974 1152; x_wconf 89' lang='lat' dir='ltr'>morem</span> <span class='ocrx_word' id='word_1_311' title='bbox 3007 1098 3190 1154; x_wconf 85' lang='lat' dir='ltr'>beatus</span> <span class='ocrx_word' id='word_1_312' title='bbox 3219 1102 3500 1173; x_wconf 85' lang='lat' dir='ltr'>episcopus</span> <span class='ocrx_word' id='word_1_313' title='bbox 3537 1116 3708 1163; x_wconf 87' lang='lat' dir='ltr'>vester</span> <span class='ocrx_word' id='word_1_314' title='bbox 3732 1109 3834 1164; x_wconf 83' lang='lat' dir='ltr'>So-</span> 
     </span>
    </p>
   </div>
   <div class='ocr_carea' id='block_1_42' title="bbox 2113 1184 3834 1251">
    <p class='ocr_par' dir='ltr' id='par_1_42' title="bbox 2113 1184 3834 1251">
     <span class='ocr_line' id='line_1_42' title="bbox 2113 1184 3834 1251; baseline 0.012 -19"><span class='ocrx_word' id='word_1_315' title='bbox 2113 1185 2196 1232; x_wconf 85' lang='lat' dir='ltr'>ter</span> <span class='ocrx_word' id='word_1_316' title='bbox 2224 1196 2332 1234; x_wconf 90' lang='lat' dir='ltr'>non</span> <span class='ocrx_word' id='word_1_317' title='bbox 2379 1184 2556 1236; x_wconf 84' lang='lat' dir='ltr'>solum</span> <span class='ocrx_word' id='word_1_318' title='bbox 2601 1187 2865 1251; x_wconf 86' lang='lat' dir='ltr'>servavit,</span> <span class='ocrx_word' id='word_1_319' title='bbox 2916 1203 3104 1241; x_wconf 91' lang='lat' dir='ltr'>verum</span> <span class='ocrx_word' id='word_1_320' title='bbox 3149 1191 3322 1245; x_wconf 87' lang='lat' dir='ltr'>etiam</span> <span class='ocrx_word' id='word_1_321' title='bbox 3372 1192 3632 1249; x_wconf 72' lang='lat' dir='ltr'>adauxit.</span> <span class='ocrx_word' id='word_1_322' title='bbox 3673 1196 3834 1251; x_wconf 85' lang='lat' dir='ltr'>Alter</span> 
     </span>
    </p>
   </div>
   <div class='ocr_carea' id='block_1_43' title="bbox 2115 1269 3831 1356">
    <p class='ocr_par' dir='ltr' id='par_1_43' title="bbox 2115 1269 3831 1356">
     <span class='ocr_line' id='line_1_43' title="bbox 2115 1269 3831 1356; baseline 0.011 -35"><span class='ocrx_word' id='word_1_323' title='bbox 2115 1269 2445 1342; x_wconf 86' lang='lat' dir='ltr'>Dionysius,</span> <span class='ocrx_word' id='word_1_324' title='bbox 2481 1273 2706 1328; x_wconf 87' lang='lat' dir='ltr'>scilicet</span> <span class='ocrx_word' id='word_1_325' title='bbox 2743 1275 3190 1345; x_wconf 86' lang='lat' dir='ltr'>Alexandrinus,</span> <span class='ocrx_word' id='word_1_326' title='bbox 3231 1281 3284 1333; x_wconf 90' lang='lat' dir='ltr'>in</span> <span class='ocrx_word' id='word_1_327' title='bbox 3319 1280 3564 1353; x_wconf 87' lang='lat' dir='ltr'>epistola</span> <span class='ocrx_word' id='word_1_328' title='bbox 3591 1284 3831 1356; x_wconf 86' lang='lat' dir='ltr'>Stepha-</span> 
     </span>
    </p>
   </div>
   <div class='ocr_carea' id='block_1_44' title="bbox 2113 1361 3830 1444">
    <p class='ocr_par' dir='ltr' id='par_1_44' title="bbox 2113 1361 3830 1444">
     <span class='ocr_line' id='line_1_44' title="bbox 2113 1361 3830 1444; baseline 0.009 -31"><span class='ocrx_word' id='word_1_329' title='bbox 2113 1376 2185 1414; x_wconf 93' lang='lat' dir='ltr'>no</span> <span class='ocrx_word' id='word_1_330' title='bbox 2219 1378 2376 1432; x_wconf 82' lang='lat' dir='ltr'>papae</span> <span class='ocrx_word' id='word_1_331' title='bbox 2437 1361 2627 1416; x_wconf 90' lang='lat' dir='ltr'>medio</span> <span class='ocrx_word' id='word_1_332' title='bbox 2697 1363 2929 1420; x_wconf 86' lang='lat' dir='ltr'>circiter</span> <span class='ocrx_word' id='word_1_333' title='bbox 2995 1369 3202 1422; x_wconf 78' lang='lat' dir='ltr'>saeculo</span> <span class='ocrx_word' id='word_1_334' title='bbox 3255 1370 3422 1425; x_wconf 87' lang='lat' dir='ltr'>tertio</span> <span class='ocrx_word' id='word_1_335' title='bbox 3474 1377 3830 1444; x_wconf 88' lang='lat' dir='ltr'>nuncupata,</span> 
     </span>
    </p>
   </div>
   <div class='ocr_carea' id='block_1_45' title="bbox 2111 1449 3831 1528">
    <p class='ocr_par' dir='ltr' id='par_1_45' title="bbox 2111 1449 3831 1528">
     <span class='ocr_line' id='line_1_45' title="bbox 2111 1449 3831 1528; baseline 0.009 -25"><span class='ocrx_word' id='word_1_336' title='bbox 2111 1449 2178 1519; x_wconf 90' lang='lat' dir='ltr'>(b)</span> <span class='ocrx_word' id='word_1_337' title='bbox 2220 1455 2466 1506; x_wconf 84' lang='lat' dir='ltr'>testatur</span> <span class='ocrx_word' id='word_1_338' title='bbox 2484 1451 2678 1522; x_wconf 88' lang='lat' dir='ltr'>ipsum</span> <span class='ocrx_word' id='word_1_339' title='bbox 2700 1453 2975 1509; x_wconf 89' lang='lat' dir='ltr'>omnibus</span> <span class='ocrx_word' id='word_1_340' title='bbox 2997 1457 3170 1524; x_wconf 65' lang='lat' dir='ltr'>Syria</span> <span class='ocrx_word' id='word_1_341' title='bbox 3196 1459 3510 1528; x_wconf 87' lang='lat' dir='ltr'>provinciis</span> <span class='ocrx_word' id='word_1_342' title='bbox 3535 1477 3663 1516; x_wconf 90' lang='lat' dir='ltr'>cum</span> <span class='ocrx_word' id='word_1_343' title='bbox 3685 1463 3831 1518; x_wconf 88' lang='lat' dir='ltr'>Ara-</span> 
     </span>
    </p>
   </div>
   <div class='ocr_carea' id='block_1_46' title="bbox 2114 1539 3827 1622">
    <p class='ocr_par' dir='ltr' id='par_1_46' title="bbox 2114 1539 3827 1622">
     <span class='ocr_line' id='line_1_46' title="bbox 2114 1539 3827 1622; baseline 0.008 -28"><span class='ocrx_word' id='word_1_344' title='bbox 2114 1539 2210 1594; x_wconf 92' lang='lat' dir='ltr'>bia</span> <span class='ocrx_word' id='word_1_345' title='bbox 2229 1542 2556 1596; x_wconf 88' lang='lat' dir='ltr'>necessaria</span> <span class='ocrx_word' id='word_1_346' title='bbox 2579 1543 2954 1613; x_wconf 85' lang='lat' dir='ltr'>suppeditare</span> <span class='ocrx_word' id='word_1_347' title='bbox 2978 1547 3221 1603; x_wconf 90' lang='lat' dir='ltr'>solitum</span> <span class='ocrx_word' id='word_1_348' title='bbox 3247 1549 3408 1616; x_wconf 82' lang='lat' dir='ltr'>(Ibid.</span> <span class='ocrx_word' id='word_1_349' title='bbox 3432 1549 3528 1605; x_wconf 85' lang='lat' dir='ltr'>lib.</span> <span class='ocrx_word' id='word_1_350' title='bbox 3554 1568 3654 1620; x_wconf 85' lang='lat' dir='ltr'>vn,</span> <span class='ocrx_word' id='word_1_351' title='bbox 3677 1569 3723 1605; x_wconf 90' lang='lat' dir='ltr'>c.</span> <span class='ocrx_word' id='word_1_352' title='bbox 3738 1552 3792 1622; x_wconf 87' lang='lat'>5)</span> <span class='ocrx_word' id='word_1_353' title='bbox 3813 1569 3827 1620; x_wconf 92' lang='lat'><strong>;</strong></span> 
     </span>
    </p>
   </div>
   <div class='ocr_carea' id='block_1_47' title="bbox 2111 1631 3829 1711">
    <p class='ocr_par' dir='ltr' id='par_1_47' title="bbox 2111 1631 3829 1711">
     <span class='ocr_line' id='line_1_47' title="bbox 2111 1631 3829 1711; baseline 0.008 -28"><span class='ocrx_word' id='word_1_354' title='bbox 2111 1645 2242 1700; x_wconf 63' lang='lat' dir='ltr'>quas</span> <span class='ocrx_word' id='word_1_355' title='bbox 2274 1631 2470 1685; x_wconf 88' lang='lat' dir='ltr'>omnia</span> <span class='ocrx_word' id='word_1_356' title='bbox 2518 1635 2644 1685; x_wconf 91' lang='lat' dir='ltr'>tum</span> <span class='ocrx_word' id='word_1_357' title='bbox 2679 1650 2924 1688; x_wconf 80' lang='lat' dir='ltr'>summae</span> <span class='ocrx_word' id='word_1_358' title='bbox 2976 1638 3301 1705; x_wconf 89' lang='lat' dir='ltr'>potestatis,</span> <span class='ocrx_word' id='word_1_359' title='bbox 3338 1643 3465 1693; x_wconf 87' lang='lat' dir='ltr'>tum</span> <span class='ocrx_word' id='word_1_360' title='bbox 3490 1641 3707 1711; x_wconf 90' lang='lat' dir='ltr'>optime</span> <span class='ocrx_word' id='word_1_361' title='bbox 3740 1641 3829 1696; x_wconf 79' lang='lat' dir='ltr'>di-</span> 
     </span>
    </p>
   </div>
   <div class='ocr_carea' id='block_1_48' title="bbox 2111 1724 3828 1792">
    <p class='ocr_par' dir='ltr' id='par_1_48' title="bbox 2111 1724 3828 1792">
     <span class='ocr_line' id='line_1_48' title="bbox 2111 1724 3828 1792; baseline 0.007 -20"><span class='ocrx_word' id='word_1_362' title='bbox 2111 1727 2401 1789; x_wconf 68' lang='lat' dir='ltr'>spensalas</span> <span class='ocrx_word' id='word_1_363' title='bbox 2424 1724 2561 1775; x_wconf 92' lang='lat' dir='ltr'>sunt</span> <span class='ocrx_word' id='word_1_364' title='bbox 2591 1727 2957 1792; x_wconf 88' lang='lat' dir='ltr'>argumenta.</span> <span class='ocrx_word' id='word_1_365' title='bbox 2992 1724 3151 1780; x_wconf 89' lang='lat' dir='ltr'>Piam</span> <span class='ocrx_word' id='word_1_366' title='bbox 3177 1725 3327 1781; x_wconf 89' lang='lat' dir='ltr'>hanc</span> <span class='ocrx_word' id='word_1_367' title='bbox 3359 1727 3421 1783; x_wconf 91' lang='lat' dir='ltr'>in</span> <span class='ocrx_word' id='word_1_368' title='bbox 3450 1727 3828 1785; x_wconf 89' lang='lat' dir='ltr'>sublevandis</span> 
     </span>
    </p>
   </div>
   <div class='ocr_carea' id='block_1_49' title="bbox 2110 1809 3825 1880">
    <p class='ocr_par' dir='ltr' id='par_1_49' title="bbox 2110 1809 3825 1880">
     <span class='ocr_line' id='line_1_49' title="bbox 2110 1809 3825 1880; baseline 0.006 -17"><span class='ocrx_word' id='word_1_369' title='bbox 2110 1809 2312 1880; x_wconf 84' lang='lat' dir='ltr'>egenis</span> <span class='ocrx_word' id='word_1_370' title='bbox 2345 1810 2709 1865; x_wconf 86' lang='lat' dir='ltr'>decessorum</span> <span class='ocrx_word' id='word_1_371' title='bbox 2747 1829 2986 1868; x_wconf 89' lang='lat' dir='ltr'>suorum</span> <span class='ocrx_word' id='word_1_372' title='bbox 3019 1817 3505 1872; x_wconf 84' lang='lat' dir='ltr'>consuetudinem</span> <span class='ocrx_word' id='word_1_373' title='bbox 3540 1819 3683 1873; x_wconf 90' lang='lat' dir='ltr'>adeo</span> <span class='ocrx_word' id='word_1_374' title='bbox 3707 1834 3825 1875; x_wconf 88' lang='lat' dir='ltr'>non</span> 
     </span>
    </p>
   </div>
   <div class='ocr_carea' id='block_1_50' title="bbox 2103 1899 3825 1974">
    <p class='ocr_par' dir='ltr' id='par_1_50' title="bbox 2103 1899 3825 1974">
     <span class='ocr_line' id='line_1_50' title="bbox 2103 1899 3825 1974; baseline 0.007 -22"><span class='ocrx_word' id='word_1_375' title='bbox 2103 1899 2420 1968; x_wconf 85' lang='lat' dir='ltr'>abrogavit,</span> <span class='ocrx_word' id='word_1_376' title='bbox 2467 1899 2553 1954; x_wconf 88' lang='lat' dir='ltr'>vel</span> <span class='ocrx_word' id='word_1_377' title='bbox 2605 1900 2901 1956; x_wconf 85' lang='lat' dir='ltr'>imminuit</span> <span class='ocrx_word' id='word_1_378' title='bbox 2932 1905 3260 1974; x_wconf 88' lang='lat' dir='ltr'>Gregorius,</span> <span class='ocrx_word' id='word_1_379' title='bbox 3296 1911 3361 1961; x_wconf 90' lang='lat' dir='ltr'>ut</span> <span class='ocrx_word' id='word_1_380' title='bbox 3391 1907 3565 1962; x_wconf 89' lang='lat' dir='ltr'>etiam</span> <span class='ocrx_word' id='word_1_381' title='bbox 3600 1907 3825 1965; x_wconf 84' lang='lat' dir='ltr'>auxerit</span> 
     </span>
    </p>
   </div>
   <div class='ocr_carea' id='block_1_51' title="bbox 2104 1986 2452 2058">
    <p class='ocr_par' dir='ltr' id='par_1_51' title="bbox 2104 1986 2452 2058">
     <span class='ocr_line' id='line_1_51' title="bbox 2104 1986 2452 2058; baseline 0.014 -18"><span class='ocrx_word' id='word_1_382' title='bbox 2104 1986 2452 2058; x_wconf 90' lang='lat' dir='ltr'>plurimum.</span> 
     </span>
    </p>
   </div>
   <div class='ocr_carea' id='block_1_52' title="bbox 2176 2079 3824 2152">
    <p class='ocr_par' dir='ltr' id='par_1_52' title="bbox 2176 2079 3824 2152">
     <span class='ocr_line' id='line_1_52' title="bbox 2176 2079 3824 2152; baseline 0.006 -20"><span class='ocrx_word' id='word_1_383' title='bbox 2176 2079 2331 2133; x_wconf 89' lang='lat' dir='ltr'>Inter</span> <span class='ocrx_word' id='word_1_384' title='bbox 2363 2080 2560 2150; x_wconf 91' lang='lat' dir='ltr'>inopes</span> <span class='ocrx_word' id='word_1_385' title='bbox 2596 2081 2808 2152; x_wconf 89' lang='lat' dir='ltr'>quibus</span> <span class='ocrx_word' id='word_1_386' title='bbox 2849 2083 3239 2140; x_wconf 84' lang='lat' dir='ltr'>libentissime</span> <span class='ocrx_word' id='word_1_387' title='bbox 3270 2086 3602 2142; x_wconf 87' lang='lat' dir='ltr'>necessaria</span> <span class='ocrx_word' id='word_1_388' title='bbox 3643 2087 3824 2142; x_wconf 89' lang='lat' dir='ltr'>mini-</span> 
     </span>
    </p>
   </div>
   <div class='ocr_carea' id='block_1_53' title="bbox 2103 2169 3822 2234">
    <p class='ocr_par' dir='ltr' id='par_1_53' title="bbox 2103 2169 3822 2234">
     <span class='ocr_line' id='line_1_53' title="bbox 2103 2169 3822 2234; baseline 0.006 -13"><span class='ocrx_word' id='word_1_389' title='bbox 2103 2169 2348 2234; x_wconf 90' lang='lat' dir='ltr'>strabat,</span> <span class='ocrx_word' id='word_1_390' title='bbox 2400 2176 2666 2226; x_wconf 89' lang='lat' dir='ltr'>numerat</span> <span class='ocrx_word' id='word_1_391' title='bbox 2712 2173 2820 2226; x_wconf 87' lang='lat' dir='ltr'>tria</span> <span class='ocrx_word' id='word_1_392' title='bbox 2854 2173 3196 2228; x_wconf 90' lang='lat' dir='ltr'>monialium</span> <span class='ocrx_word' id='word_1_393' title='bbox 3233 2174 3410 2229; x_wconf 91' lang='lat' dir='ltr'>millia</span> <span class='ocrx_word' id='word_1_394' title='bbox 3444 2175 3503 2229; x_wconf 91' lang='lat' dir='ltr'>in</span> <span class='ocrx_word' id='word_1_395' title='bbox 3538 2179 3677 2231; x_wconf 90' lang='lat' dir='ltr'>urbe</span> <span class='ocrx_word' id='word_1_396' title='bbox 3709 2177 3822 2232; x_wconf 78' lang='lat' dir='ltr'>Ro-</span> 
     </span>
    </p>
   </div>
   <div class='ocr_carea' id='block_1_54' title="bbox 2105 2260 3821 2334">
    <p class='ocr_par' dir='ltr' id='par_1_54' title="bbox 2105 2260 3821 2334">
     <span class='ocr_line' id='line_1_54' title="bbox 2105 2260 3821 2334; baseline 0.004 -22"><span class='ocrx_word' id='word_1_397' title='bbox 2105 2274 2239 2323; x_wconf 89' lang='lat' dir='ltr'>ma;</span> <span class='ocrx_word' id='word_1_398' title='bbox 2269 2275 2459 2328; x_wconf 90' lang='lat' dir='ltr'>neque</span> <span class='ocrx_word' id='word_1_399' title='bbox 2484 2276 2615 2314; x_wconf 92' lang='lat' dir='ltr'>vero</span> <span class='ocrx_word' id='word_1_400' title='bbox 2641 2260 2749 2316; x_wconf 88' lang='lat' dir='ltr'>sibi</span> <span class='ocrx_word' id='word_1_401' title='bbox 2777 2261 3008 2332; x_wconf 84' lang='lat' dir='ltr'>abipsis</span> <span class='ocrx_word' id='word_1_402' title='bbox 3032 2264 3354 2333; x_wconf 91' lang='lat' dir='ltr'>quidquam</span> <span class='ocrx_word' id='word_1_403' title='bbox 3372 2263 3442 2318; x_wconf 94' lang='lat' dir='ltr'>ob</span> <span class='ocrx_word' id='word_1_404' title='bbox 3461 2269 3576 2319; x_wconf 89' lang='lat' dir='ltr'>tam</span> <span class='ocrx_word' id='word_1_405' title='bbox 3596 2266 3821 2334; x_wconf 89' lang='lat' dir='ltr'>amplas</span> 
     </span>
    </p>
   </div>
   <div class='ocr_carea' id='block_1_55' title="bbox 2103 2346 3817 2422">
    <p class='ocr_par' dir='ltr' id='par_1_55' title="bbox 2103 2346 3817 2422">
     <span class='ocr_line' id='line_1_55' title="bbox 2103 2346 3817 2422; baseline 0.005 -22"><span class='ocrx_word' id='word_1_406' title='bbox 2103 2346 2504 2420; x_wconf 85' lang='lat' dir='ltr'>eleemosynas</span> <span class='ocrx_word' id='word_1_407' title='bbox 2552 2349 2744 2404; x_wconf 84' lang='lat' dir='ltr'>deberi</span> <span class='ocrx_word' id='word_1_408' title='bbox 2799 2351 3073 2422; x_wconf 88' lang='lat' dir='ltr'>putabat;</span> <span class='ocrx_word' id='word_1_409' title='bbox 3118 2352 3256 2422; x_wconf 92' lang='lat' dir='ltr'>quin</span> <span class='ocrx_word' id='word_1_410' title='bbox 3305 2354 3498 2422; x_wconf 87' lang='lat' dir='ltr'>potius</span> <span class='ocrx_word' id='word_1_411' title='bbox 3522 2369 3582 2408; x_wconf 86' lang='lat' dir='ltr'>se</span> <span class='ocrx_word' id='word_1_412' title='bbox 3608 2353 3817 2408; x_wconf 82' lang='lat' dir='ltr'>Roma-</span> 
     </span>
    </p>
   </div>
   <div class='ocr_carea' id='block_1_56' title="bbox 2103 2441 3816 2512">
    <p class='ocr_par' dir='ltr' id='par_1_56' title="bbox 2103 2441 3816 2512">
     <span class='ocr_line' id='line_1_56' title="bbox 2103 2441 3816 2512; baseline 0.004 -19"><span class='ocrx_word' id='word_1_413' title='bbox 2103 2454 2329 2507; x_wconf 90' lang='lat' dir='ltr'>nosque</span> <span class='ocrx_word' id='word_1_414' title='bbox 2370 2455 2568 2493; x_wconf 89' lang='lat' dir='ltr'>omnes</span> <span class='ocrx_word' id='word_1_415' title='bbox 2619 2441 2824 2494; x_wconf 86' lang='lat' dir='ltr'>iisdem</span> <span class='ocrx_word' id='word_1_416' title='bbox 2875 2441 3166 2497; x_wconf 86' lang='lat' dir='ltr'>debitores</span> <span class='ocrx_word' id='word_1_417' title='bbox 3220 2458 3345 2496; x_wconf 86' lang='lat' dir='ltr'>esse</span> <span class='ocrx_word' id='word_1_418' title='bbox 3392 2443 3816 2512; x_wconf 79' lang='lat' dir='ltr'>profitebatur:</span> 
     </span>
    </p>
   </div>
   <div class='ocr_carea' id='block_1_57' title="bbox 2103 2527 3817 2601">
    <p class='ocr_par' dir='ltr' id='par_1_57' title="bbox 2103 2527 3817 2601">
     <span class='ocr_line' id='line_1_57' title="bbox 2103 2527 3817 2601; baseline 0.003 -20"><span class='ocrx_word' id='word_1_419' title='bbox 2103 2529 2331 2586; x_wconf 85' lang='lat' dir='ltr'>Harum.</span> <span class='ocrx_word' id='word_1_420' title='bbox 2379 2527 2588 2598; x_wconf 88' lang='lat' dir='ltr'>inquit,</span> <span class='ocrx_word' id='word_1_421' title='bbox 2622 2529 2749 2584; x_wconf 87' lang='lat' dir='ltr'>tatis</span> <span class='ocrx_word' id='word_1_422' title='bbox 2791 2529 2901 2583; x_wconf 90' lang='lat' dir='ltr'>vita</span> <span class='ocrx_word' id='word_1_423' title='bbox 2936 2535 3034 2598; x_wconf 87' lang='lat' dir='ltr'>est,</span> <span class='ocrx_word' id='word_1_424' title='bbox 3086 2536 3256 2601; x_wconf 88' lang='lat' dir='ltr'>atque</span> <span class='ocrx_word' id='word_1_425' title='bbox 3288 2529 3348 2584; x_wconf 92' lang='lat' dir='ltr'>in</span> <span class='ocrx_word' id='word_1_426' title='bbox 3391 2540 3604 2586; x_wconf 89' lang='lat' dir='ltr'>tantum</span> <span class='ocrx_word' id='word_1_427' title='bbox 3635 2533 3817 2601; x_wconf 82' lang='lat' dir='ltr'>lacry-</span> 
     </span>
    </p>
   </div>
   <div class='ocr_carea' id='block_1_58' title="bbox 2101 2617 3816 2691">
    <p class='ocr_par' dir='ltr' id='par_1_58' title="bbox 2101 2617 3816 2691">
     <span class='ocr_line' id='line_1_58' title="bbox 2101 2617 3816 2691; baseline 0.003 -20"><span class='ocrx_word' id='word_1_428' title='bbox 2101 2617 2226 2683; x_wconf 81' lang='lat' dir='ltr'>mis,</span> <span class='ocrx_word' id='word_1_429' title='bbox 2259 2623 2310 2672; x_wconf 88' lang='lat' dir='ltr'>et</span> <span class='ocrx_word' id='word_1_430' title='bbox 2340 2617 2672 2672; x_wconf 84' lang='lat' dir='ltr'>abstinentia</span> <span class='ocrx_word' id='word_1_431' title='bbox 2715 2619 2989 2686; x_wconf 84' lang='lat' dir='ltr'>districta,</span> <span class='ocrx_word' id='word_1_432' title='bbox 3021 2630 3079 2674; x_wconf 88' lang='lat' dir='ltr'>ut</span> <span class='ocrx_word' id='word_1_433' title='bbox 3111 2620 3394 2674; x_wconf 86' lang='lat' dir='ltr'>credamus</span> <span class='ocrx_word' id='word_1_434' title='bbox 3431 2620 3563 2691; x_wconf 63' lang='lat' dir='ltr'>quia.</span> <span class='ocrx_word' id='word_1_435' title='bbox 3589 2621 3640 2676; x_wconf 88' lang='lat' dir='ltr'>si</span> <span class='ocrx_word' id='word_1_436' title='bbox 3684 2621 3816 2686; x_wconf 58' lang='lat' dir='ltr'>ipsa</span> 
     </span>
    </p>
   </div>
   <div class='ocr_carea' id='block_1_59' title="bbox 2103 2707 3813 2778">
    <p class='ocr_par' dir='ltr' id='par_1_59' title="bbox 2103 2707 3813 2778">
     <span class='ocr_line' id='line_1_59' title="bbox 2103 2707 3813 2778; baseline 0.004 -19"><span class='ocrx_word' id='word_1_437' title='bbox 2103 2721 2210 2760; x_wconf 87' lang='lat' dir='ltr'>non</span> <span class='ocrx_word' id='word_1_438' title='bbox 2255 2710 2451 2770; x_wconf 77' lang='lat' dir='ltr'>essent,</span> <span class='ocrx_word' id='word_1_439' title='bbox 2494 2707 2679 2760; x_wconf 89' lang='lat' dir='ltr'>nullus</span> <span class='ocrx_word' id='word_1_440' title='bbox 2713 2713 2962 2761; x_wconf 76' lang='lat' dir='ltr'>nostrum</span> <span class='ocrx_word' id='word_1_441' title='bbox 2997 2709 3120 2777; x_wconf 88' lang='lat' dir='ltr'>jam</span> <span class='ocrx_word' id='word_1_442' title='bbox 3151 2720 3267 2778; x_wconf 87' lang='lat' dir='ltr'>post</span> <span class='ocrx_word' id='word_1_443' title='bbox 3306 2717 3377 2765; x_wconf 91' lang='lat' dir='ltr'>tot</span> <span class='ocrx_word' id='word_1_444' title='bbox 3408 2725 3579 2763; x_wconf 86' lang='lat' dir='ltr'>annos</span> <span class='ocrx_word' id='word_1_445' title='bbox 3609 2711 3667 2763; x_wconf 87' lang='lat' dir='ltr'>in</span> <span class='ocrx_word' id='word_1_446' title='bbox 3700 2710 3813 2765; x_wconf 89' lang='lat' dir='ltr'>loco</span> 
     </span>
    </p>
   </div>
   <div class='ocr_carea' id='block_1_60' title="bbox 2104 2796 3812 2869">
    <p class='ocr_par' dir='ltr' id='par_1_60' title="bbox 2104 2796 3812 2869">
     <span class='ocr_line' id='line_1_60' title="bbox 2104 2796 3812 2869; baseline 0.002 -19"><span class='ocrx_word' id='word_1_447' title='bbox 2104 2796 2200 2850; x_wconf 89' lang='lat' dir='ltr'>hoc</span> <span class='ocrx_word' id='word_1_448' title='bbox 2231 2796 2522 2851; x_wconf 82' lang='lat' dir='ltr'>subsistere</span> <span class='ocrx_word' id='word_1_449' title='bbox 2563 2799 2706 2851; x_wconf 81' lang='lat' dir='ltr'>inter</span> <span class='ocrx_word' id='word_1_450' title='bbox 2753 2798 3236 2866; x_wconf 84' lang='lat' dir='ltr'>Langobardorum</span> <span class='ocrx_word' id='word_1_451' title='bbox 3270 2799 3480 2867; x_wconf 87' lang='lat' dir='ltr'>gladios</span> <span class='ocrx_word' id='word_1_452' title='bbox 3521 2801 3812 2869; x_wconf 85' lang='lat' dir='ltr'>potuisset.</span> 
     </span>
    </p>
   </div>
   <div class='ocr_carea' id='block_1_61' title="bbox 2174 2886 3810 2959">
    <p class='ocr_par' dir='ltr' id='par_1_61' title="bbox 2174 2886 3810 2959">
     <span class='ocr_line' id='line_1_61' title="bbox 2174 2886 3810 2959; baseline 0.004 -22"><span class='ocrx_word' id='word_1_453' title='bbox 2174 2886 2225 2938; x_wconf 79' lang='lat'>7.</span> <span class='ocrx_word' id='word_1_454' title='bbox 2262 2888 2382 2951; x_wconf 89' lang='lat' dir='ltr'>Quo</span> <span class='ocrx_word' id='word_1_455' title='bbox 2415 2886 2538 2940; x_wconf 91' lang='lat' dir='ltr'>suis</span> <span class='ocrx_word' id='word_1_456' title='bbox 2571 2888 2775 2940; x_wconf 87' lang='lat' dir='ltr'>ovibus</span> <span class='ocrx_word' id='word_1_457' title='bbox 2811 2892 3019 2957; x_wconf 73' lang='lat' dir='ltr'>praesto</span> <span class='ocrx_word' id='word_1_458' title='bbox 3057 2904 3283 2957; x_wconf 88' lang='lat' dir='ltr'>semper</span> <span class='ocrx_word' id='word_1_459' title='bbox 3314 2889 3588 2942; x_wconf 88' lang='lat' dir='ltr'>adessent</span> <span class='ocrx_word' id='word_1_460' title='bbox 3622 2896 3810 2959; x_wconf 84' lang='lat' dir='ltr'>pasto-</span> 
     </span>
    </p>
   </div>
   <div class='ocr_carea' id='block_1_62' title="bbox 2105 2975 3814 3046">
    <p class='ocr_par' dir='ltr' id='par_1_62' title="bbox 2105 2975 3814 3046">
     <span class='ocr_line' id='line_1_62' title="bbox 2105 2975 3814 3046; baseline 0.002 -18"><span class='ocrx_word' id='word_1_461' title='bbox 2105 2991 2220 3040; x_wconf 88' lang='lat' dir='ltr'>res,</span> <span class='ocrx_word' id='word_1_462' title='bbox 2267 2979 2326 3028; x_wconf 92' lang='lat' dir='ltr'>ut</span> <span class='ocrx_word' id='word_1_463' title='bbox 2365 2991 2608 3045; x_wconf 69' lang='lat' dir='ltr'>quaeque</span> <span class='ocrx_word' id='word_1_464' title='bbox 2652 2976 2722 3029; x_wconf 87' lang='lat' dir='ltr'>ad</span> <span class='ocrx_word' id='word_1_465' title='bbox 2757 2976 2953 3041; x_wconf 89' lang='lat' dir='ltr'>vitam,</span> <span class='ocrx_word' id='word_1_466' title='bbox 2989 2975 3108 3030; x_wconf 90' lang='lat' dir='ltr'>sive</span> <span class='ocrx_word' id='word_1_467' title='bbox 3130 2978 3359 3043; x_wconf 75' lang='lat' dir='ltr'>animae,</span> <span class='ocrx_word' id='word_1_468' title='bbox 3400 2976 3521 3030; x_wconf 89' lang='lat' dir='ltr'>sive</span> <span class='ocrx_word' id='word_1_469' title='bbox 3555 2979 3814 3046; x_wconf 83' lang='lat' dir='ltr'>corporis</span> 
     </span>
    </p>
   </div>
   <div class='ocr_carea' id='block_1_63' title="bbox 277 3063 3816 3152">
    <p class='ocr_par' dir='ltr' id='par_1_63' title="bbox 277 3063 3816 3152">
     <span class='ocr_line' id='line_1_63' title="bbox 277 3063 3816 3152; baseline -0.001 -28"><span class='ocrx_word' id='word_1_470' title='bbox 277 3068 676 3124; x_wconf 87' lang='lat' dir='ltr'>obedientiam</span> <span class='ocrx_word' id='word_1_471' title='bbox 699 3069 1007 3124; x_wconf 86' lang='lat' dir='ltr'>exhibeant</span> <span class='ocrx_word' id='word_1_472' title='bbox 1040 3083 1053 3123; x_wconf 90' lang='lat'>:</span> <span class='ocrx_word' id='word_1_473' title='bbox 1081 3068 1222 3137; x_wconf 85' lang='lat' dir='ltr'>Quia</span> <span class='ocrx_word' id='word_1_474' title='bbox 1255 3068 1524 3140; x_wconf 88' lang='lat' dir='ltr'>quisquis,</span> <span class='ocrx_word' id='word_1_475' title='bbox 1560 3068 1771 3140; x_wconf 86' lang='lat' dir='ltr'>inquit,</span> <span class='ocrx_word' id='word_1_476' title='bbox 1808 3071 1993 3124; x_wconf 86' lang='lat' dir='ltr'>incon-</span> <span class='ocrx_word' id='word_1_477' title='bbox 2029 3087 2070 3152; x_wconf 70' lang='grc' dir='ltr'><strong>ρ</strong></span> <span class='ocrx_word' id='word_1_478' title='bbox 2111 3063 2298 3118; x_wconf 89' lang='lat' dir='ltr'>forent</span> <span class='ocrx_word' id='word_1_479' title='bbox 2331 3064 2660 3118; x_wconf 87' lang='lat' dir='ltr'>necessaria</span> <span class='ocrx_word' id='word_1_480' title='bbox 2686 3064 3152 3134; x_wconf 87' lang='lat' dir='ltr'>suppeditarent,</span> <span class='ocrx_word' id='word_1_481' title='bbox 3184 3080 3282 3118; x_wconf 90' lang='lat' dir='ltr'>eos</span> <span class='ocrx_word' id='word_1_482' title='bbox 3308 3065 3377 3119; x_wconf 90' lang='lat' dir='ltr'>ab</span> <span class='ocrx_word' id='word_1_483' title='bbox 3405 3064 3669 3119; x_wconf 90' lang='lat' dir='ltr'>ecclesiis</span> <span class='ocrx_word' id='word_1_484' title='bbox 3690 3065 3816 3120; x_wconf 89' lang='lat' dir='ltr'>suis</span> 
     </span>
    </p>
   </div>
   <div class='ocr_carea' id='block_1_64' title="bbox 270 3158 1992 3229">
    <p class='ocr_par' dir='ltr' id='par_1_64' title="bbox 270 3158 1992 3229">
     <span class='ocr_line' id='line_1_64' title="bbox 270 3158 1992 3229; baseline 0.002 -19"><span class='ocrx_word' id='word_1_485' title='bbox 270 3174 415 3229; x_wconf 86' lang='lat' dir='ltr'>grue</span> <span class='ocrx_word' id='word_1_486' title='bbox 434 3158 772 3213; x_wconf 89' lang='lat' dir='ltr'>ordinationi</span> <span class='ocrx_word' id='word_1_487' title='bbox 802 3161 916 3226; x_wconf 79' lang='lat' dir='ltr'>eius</span> <span class='ocrx_word' id='word_1_488' title='bbox 951 3160 1244 3225; x_wconf 87' lang='lat' dir='ltr'>restiterit,</span> <span class='ocrx_word' id='word_1_489' title='bbox 1277 3168 1482 3215; x_wconf 62' lang='lat' dir='ltr'>nostrae</span> <span class='ocrx_word' id='word_1_490' title='bbox 1512 3159 1778 3213; x_wconf 77' lang='lat' dir='ltr'>resulture</span> <span class='ocrx_word' id='word_1_491' title='bbox 1808 3158 1992 3229; x_wconf 82' lang='lat' dir='ltr'>dispo-</span> 
     </span>
    </p>
   </div>
   <div class='ocr_carea' id='block_1_65' title="bbox 270 3247 1993 3320">
    <p class='ocr_par' dir='ltr' id='par_1_65' title="bbox 270 3247 1993 3320">
     <span class='ocr_line' id='line_1_65' title="bbox 270 3247 1993 3320; baseline 0.001 -18"><span class='ocrx_word' id='word_1_492' title='bbox 270 3250 474 3304; x_wconf 85' lang='lat' dir='ltr'>sitioni</span> <span class='ocrx_word' id='word_1_493' title='bbox 521 3256 892 3318; x_wconf 71' lang='lat' dir='ltr'>cognoscatur.</span> <span class='ocrx_word' id='word_1_494' title='bbox 944 3247 1281 3318; x_wconf 82' lang='lat' dir='ltr'>Quicumque</span> <span class='ocrx_word' id='word_1_495' title='bbox 1332 3265 1457 3301; x_wconf 85' lang='lat' dir='ltr'>vero</span> <span class='ocrx_word' id='word_1_496' title='bbox 1480 3263 1604 3302; x_wconf 74' lang='lat' dir='ltr'>eum</span> <span class='ocrx_word' id='word_1_497' title='bbox 1636 3249 1696 3301; x_wconf 86' lang='lat' dir='ltr'>in</span> <span class='ocrx_word' id='word_1_498' title='bbox 1735 3250 1828 3312; x_wconf 88' lang='lat' dir='ltr'>iis,</span> <span class='ocrx_word' id='word_1_499' title='bbox 1873 3265 1993 3320; x_wconf 77' lang='lat' dir='ltr'>quae</span> 
     </span>
    </p>
   </div>
   <div class='ocr_carea' id='block_1_66' title="bbox 267 3337 1989 3409">
    <p class='ocr_par' dir='ltr' id='par_1_66' title="bbox 267 3337 1989 3409">
     <span class='ocr_line' id='line_1_66' title="bbox 267 3337 1989 3409; baseline 0.002 -17"><span class='ocrx_word' id='word_1_500' title='bbox 267 3355 442 3409; x_wconf 84' lang='lat' dir='ltr'>supra</span> <span class='ocrx_word' id='word_1_501' title='bbox 489 3337 804 3404; x_wconf 83' lang='lat' dir='ltr'>retulimus,</span> <span class='ocrx_word' id='word_1_502' title='bbox 843 3338 1110 3402; x_wconf 86' lang='lat' dir='ltr'>audierit,</span> <span class='ocrx_word' id='word_1_503' title='bbox 1163 3352 1260 3392; x_wconf 88' lang='lat' dir='ltr'>nos</span> <span class='ocrx_word' id='word_1_504' title='bbox 1299 3337 1501 3392; x_wconf 85' lang='lat' dir='ltr'>audiet.</span> <span class='ocrx_word' id='word_1_505' title='bbox 1547 3337 1603 3391; x_wconf 87' lang='lat' dir='ltr'>Si</span> <span class='ocrx_word' id='word_1_506' title='bbox 1636 3341 1755 3408; x_wconf 89' lang='lat' dir='ltr'>quis</span> <span class='ocrx_word' id='word_1_507' title='bbox 1785 3342 1989 3396; x_wconf 87' lang='lat' dir='ltr'>autem.</span> 
     </span>
    </p>
   </div>
   <div class='ocr_carea' id='block_1_67' title="bbox 264 3426 1994 3499">
    <p class='ocr_par' dir='ltr' id='par_1_67' title="bbox 264 3426 1994 3499">
     <span class='ocr_line' id='line_1_67' title="bbox 264 3426 1994 3499; baseline -0.001 -16"><span class='ocrx_word' id='word_1_508' title='bbox 264 3427 416 3499; x_wconf 84' lang='lat' dir='ltr'>quod</span> <span class='ocrx_word' id='word_1_509' title='bbox 446 3444 553 3483; x_wconf 87' lang='lat' dir='ltr'>non</span> <span class='ocrx_word' id='word_1_510' title='bbox 598 3427 896 3495; x_wconf 83' lang='lat' dir='ltr'>credimus,</span> <span class='ocrx_word' id='word_1_511' title='bbox 927 3444 1056 3482; x_wconf 87' lang='lat' dir='ltr'>eum</span> <span class='ocrx_word' id='word_1_512' title='bbox 1091 3436 1209 3499; x_wconf 85' lang='lat' dir='ltr'>post</span> <span class='ocrx_word' id='word_1_513' title='bbox 1240 3428 1381 3480; x_wconf 78' lang='lat' dir='ltr'>hanc</span> <span class='ocrx_word' id='word_1_514' title='bbox 1433 3426 1864 3483; x_wconf 83' lang='lat' dir='ltr'>admonitionem</span> <span class='ocrx_word' id='word_1_515' title='bbox 1895 3447 1994 3482; x_wconf 88' lang='lat' dir='ltr'>no-</span> 
     </span>
    </p>
   </div>
   <div class='ocr_carea' id='block_1_68' title="bbox 261 3515 1989 3586">
    <p class='ocr_par' dir='ltr' id='par_1_68' title="bbox 261 3515 1989 3586">
     <span class='ocr_line' id='line_1_68' title="bbox 261 3515 1989 3586; baseline 0.001 -15"><span class='ocrx_word' id='word_1_516' title='bbox 261 3521 418 3572; x_wconf 84' lang='lat' dir='ltr'>tram</span> <span class='ocrx_word' id='word_1_517' title='bbox 467 3517 922 3572; x_wconf 84' lang='lat' dir='ltr'>contemnendum</span> <span class='ocrx_word' id='word_1_518' title='bbox 966 3517 1268 3585; x_wconf 86' lang='lat' dir='ltr'>putaverit,</span> <span class='ocrx_word' id='word_1_519' title='bbox 1310 3515 1380 3570; x_wconf 87' lang='lat' dir='ltr'>ad</span> <span class='ocrx_word' id='word_1_520' title='bbox 1418 3533 1579 3570; x_wconf 89' lang='lat' dir='ltr'>suum</span> <span class='ocrx_word' id='word_1_521' title='bbox 1626 3517 1989 3586; x_wconf 81' lang='lat' dir='ltr'>proculdubio</span> 
     </span>
    </p>
   </div>
   <div class='ocr_carea' id='block_1_69' title="bbox 261 3603 1988 3675">
    <p class='ocr_par' dir='ltr' id='par_1_69' title="bbox 261 3603 1988 3675">
     <span class='ocr_line' id='line_1_69' title="bbox 261 3603 1988 3675; baseline 0 -15"><span class='ocrx_word' id='word_1_522' title='bbox 261 3606 410 3660; x_wconf 82' lang='lat' dir='ltr'>sciat</span> <span class='ocrx_word' id='word_1_523' title='bbox 440 3606 720 3675; x_wconf 85' lang='lat' dir='ltr'>pertinere</span> <span class='ocrx_word' id='word_1_524' title='bbox 748 3605 1082 3674; x_wconf 83' lang='lat' dir='ltr'>periculum.</span> <span class='ocrx_word' id='word_1_525' title='bbox 1119 3606 1243 3669; x_wconf 82' lang='lat' dir='ltr'>Qua</span> <span class='ocrx_word' id='word_1_526' title='bbox 1265 3603 1604 3658; x_wconf 88' lang='lat' dir='ltr'>auctoritate</span> <span class='ocrx_word' id='word_1_527' title='bbox 1627 3608 1683 3658; x_wconf 90' lang='lat' dir='ltr'>et</span> <span class='ocrx_word' id='word_1_528' title='bbox 1707 3609 1988 3674; x_wconf 86' lang='lat' dir='ltr'>potestate</span> 
     </span>
    </p>
   </div>
   <div class='ocr_carea' id='block_1_70' title="bbox 265 3693 1985 3764">
    <p class='ocr_par' dir='ltr' id='par_1_70' title="bbox 265 3693 1985 3764">
     <span class='ocr_line' id='line_1_70' title="bbox 265 3693 1985 3764; baseline 0.001 -16"><span class='ocrx_word' id='word_1_529' title='bbox 265 3693 606 3764; x_wconf 88' lang='lat' dir='ltr'>Gregorius,</span> <span class='ocrx_word' id='word_1_530' title='bbox 662 3699 786 3749; x_wconf 91' lang='lat' dir='ltr'>tum</span> <span class='ocrx_word' id='word_1_531' title='bbox 835 3695 1071 3749; x_wconf 89' lang='lat' dir='ltr'>Leontio</span> <span class='ocrx_word' id='word_1_532' title='bbox 1121 3693 1239 3748; x_wconf 90' lang='lat' dir='ltr'>viro</span> <span class='ocrx_word' id='word_1_533' title='bbox 1285 3693 1610 3748; x_wconf 90' lang='lat' dir='ltr'>clarissimo</span> <span class='ocrx_word' id='word_1_534' title='bbox 1657 3695 1985 3749; x_wconf 84' lang='lat' dir='ltr'>custodiam</span> 
     </span>
    </p>
   </div>
   <div class='ocr_carea' id='block_1_71' title="bbox 262 3783 1988 3854">
    <p class='ocr_par' dir='ltr' id='par_1_71' title="bbox 262 3783 1988 3854">
     <span class='ocr_line' id='line_1_71' title="bbox 262 3783 1988 3854; baseline 0.001 -16"><span class='ocrx_word' id='word_1_535' title='bbox 262 3784 573 3854; x_wconf 66' lang='lat' dir='ltr'>Nepesina</span> <span class='ocrx_word' id='word_1_536' title='bbox 623 3783 785 3838; x_wconf 89' lang='lat' dir='ltr'>urbis</span> <span class='ocrx_word' id='word_1_537' title='bbox 837 3784 1269 3849; x_wconf 89' lang='lat' dir='ltr'>demandasset,</span> <span class='ocrx_word' id='word_1_538' title='bbox 1322 3787 1445 3837; x_wconf 90' lang='lat' dir='ltr'>tum</span> <span class='ocrx_word' id='word_1_539' title='bbox 1497 3783 1718 3838; x_wconf 89' lang='lat' dir='ltr'>civibus</span> <span class='ocrx_word' id='word_1_540' title='bbox 1772 3789 1832 3837; x_wconf 92' lang='lat' dir='ltr'>ut</span> <span class='ocrx_word' id='word_1_541' title='bbox 1876 3784 1988 3853; x_wconf 90' lang='lat' dir='ltr'>ipsi</span> 
     </span>
    </p>
   </div>
   <div class='ocr_carea' id='block_1_72' title="bbox 264 3872 1984 3944">
    <p class='ocr_par' dir='ltr' id='par_1_72' title="bbox 264 3872 1984 3944">
     <span class='ocr_line' id='line_1_72' title="bbox 264 3872 1984 3944; baseline -0.001 -15"><span class='ocrx_word' id='word_1_542' title='bbox 264 3875 748 3944; x_wconf 89' lang='lat' dir='ltr'>obsequerentur,</span> <span class='ocrx_word' id='word_1_543' title='bbox 784 3874 992 3927; x_wconf 87' lang='lat' dir='ltr'>additis</span> <span class='ocrx_word' id='word_1_544' title='bbox 1036 3873 1211 3927; x_wconf 87' lang='lat' dir='ltr'>etiam</span> <span class='ocrx_word' id='word_1_545' title='bbox 1249 3872 1422 3926; x_wconf 86' lang='lat' dir='ltr'>minis</span> <span class='ocrx_word' id='word_1_546' title='bbox 1446 3875 1835 3943; x_wconf 68' lang='lat' dir='ltr'>praecepisset,</span> <span class='ocrx_word' id='word_1_547' title='bbox 1873 3874 1984 3928; x_wconf 92' lang='lat' dir='ltr'>nisi</span> 
     </span>
    </p>
   </div>
   <div class='ocr_carea' id='block_1_73' title="bbox 253 3962 1986 4035">
    <p class='ocr_par' dir='ltr' id='par_1_73' title="bbox 253 3962 1986 4035">
     <span class='ocr_line' id='line_1_73' title="bbox 253 3962 1986 4035; baseline -0.002 -16"><span class='ocrx_word' id='word_1_548' title='bbox 253 3964 422 4035; x_wconf 84' lang='lat' dir='ltr'>juris</span> <span class='ocrx_word' id='word_1_549' title='bbox 456 3963 662 4018; x_wconf 89' lang='lat' dir='ltr'>fuisset</span> <span class='ocrx_word' id='word_1_550' title='bbox 709 3963 1018 4018; x_wconf 65' lang='lat' dir='ltr'>Ecclesiae?</span> <span class='ocrx_word' id='word_1_551' title='bbox 1051 3963 1132 4017; x_wconf 81' lang='lat' dir='ltr'>Ad</span> <span class='ocrx_word' id='word_1_552' title='bbox 1167 3963 1433 4018; x_wconf 89' lang='lat' dir='ltr'>eamdem</span> <span class='ocrx_word' id='word_1_553' title='bbox 1487 3962 1836 4033; x_wconf 88' lang='lat' dir='ltr'>pertinuisse</span> <span class='ocrx_word' id='word_1_554' title='bbox 1879 3968 1986 4035; x_wconf 81' lang='lat' dir='ltr'>Hy-</span> 
     </span>
    </p>
   </div>
   <div class='ocr_carea' id='block_1_74' title="bbox 261 4051 1986 4123">
    <p class='ocr_par' dir='ltr' id='par_1_74' title="bbox 261 4051 1986 4123">
     <span class='ocr_line' id='line_1_74' title="bbox 261 4051 1986 4123; baseline 0.001 -16"><span class='ocrx_word' id='word_1_555' title='bbox 261 4054 550 4108; x_wconf 89' lang='lat' dir='ltr'>druntum</span> <span class='ocrx_word' id='word_1_556' title='bbox 571 4058 628 4106; x_wconf 89' lang='lat' dir='ltr'>et</span> <span class='ocrx_word' id='word_1_557' title='bbox 648 4052 1120 4123; x_wconf 87' lang='lat' dir='ltr'>Callipolitanum</span> <span class='ocrx_word' id='word_1_558' title='bbox 1146 4061 1400 4106; x_wconf 86' lang='lat' dir='ltr'>castrum</span> <span class='ocrx_word' id='word_1_559' title='bbox 1431 4051 1670 4106; x_wconf 88' lang='lat' dir='ltr'>aliunde</span> <span class='ocrx_word' id='word_1_560' title='bbox 1692 4052 1986 4123; x_wconf 88' lang='lat' dir='ltr'>colligitur</span> 
     </span>
    </p>
   </div>
   <div class='ocr_carea' id='block_1_75' title="bbox 255 4141 1979 4214">
    <p class='ocr_par' dir='ltr' id='par_1_75' title="bbox 255 4141 1979 4214">
     <span class='ocr_line' id='line_1_75' title="bbox 255 4141 1979 4214; baseline 0 -17"><span class='ocrx_word' id='word_1_561' title='bbox 255 4145 393 4214; x_wconf 85' lang='lat' dir='ltr'>(Lib</span> <span class='ocrx_word' id='word_1_562' title='bbox 417 4159 491 4208; x_wconf 83' lang='lat' dir='ltr'>ix,</span> <span class='ocrx_word' id='word_1_563' title='bbox 523 4159 643 4213; x_wconf 85' lang='lat' dir='ltr'>epp.</span> <span class='ocrx_word' id='word_1_564' title='bbox 677 4143 748 4195; x_wconf 85' lang='lat'>99</span> <span class='ocrx_word' id='word_1_565' title='bbox 777 4148 828 4197; x_wconf 90' lang='lat' dir='ltr'>et</span> <span class='ocrx_word' id='word_1_566' title='bbox 861 4143 1004 4212; x_wconf 82' lang='grc'>100).</span> <span class='ocrx_word' id='word_1_567' title='bbox 1042 4141 1102 4195; x_wconf 92' lang='lat' dir='ltr'>Id</span> <span class='ocrx_word' id='word_1_568' title='bbox 1134 4158 1364 4212; x_wconf 89' lang='lat' dir='ltr'>quoque</span> <span class='ocrx_word' id='word_1_569' title='bbox 1393 4142 1705 4196; x_wconf 91' lang='lat' dir='ltr'>dicendum</span> <span class='ocrx_word' id='word_1_570' title='bbox 1741 4143 1806 4196; x_wconf 90' lang='lat' dir='ltr'>de</span> <span class='ocrx_word' id='word_1_571' title='bbox 1841 4143 1979 4197; x_wconf 84' lang='lat' dir='ltr'>Nea-</span> 
     </span>
    </p>
   </div>
   <div class='ocr_carea' id='block_1_76' title="bbox 261 4231 1983 4305">
    <p class='ocr_par' dir='ltr' id='par_1_76' title="bbox 261 4231 1983 4305">
     <span class='ocr_line' id='line_1_76' title="bbox 261 4231 1983 4305; baseline -0.001 -17"><span class='ocrx_word' id='word_1_572' title='bbox 261 4232 408 4305; x_wconf 86' lang='lat' dir='ltr'>poli,</span> <span class='ocrx_word' id='word_1_573' title='bbox 459 4248 589 4289; x_wconf 91' lang='lat' dir='ltr'>cum</span> <span class='ocrx_word' id='word_1_574' title='bbox 639 4231 903 4303; x_wconf 89' lang='lat' dir='ltr'>legamus</span> <span class='ocrx_word' id='word_1_575' title='bbox 954 4248 1165 4302; x_wconf 90' lang='lat' dir='ltr'>papam</span> <span class='ocrx_word' id='word_1_576' title='bbox 1197 4233 1265 4285; x_wconf 90' lang='lat' dir='ltr'>ad</span> <span class='ocrx_word' id='word_1_577' title='bbox 1299 4232 1478 4300; x_wconf 88' lang='lat' dir='ltr'>hujus</span> <span class='ocrx_word' id='word_1_578' title='bbox 1515 4231 1764 4288; x_wconf 85' lang='lat' dir='ltr'>civitatis</span> <span class='ocrx_word' id='word_1_579' title='bbox 1794 4237 1983 4287; x_wconf 89' lang='lat' dir='ltr'>custo-</span> 
     </span>
    </p>
   </div>
   <div class='ocr_carea' id='block_1_77' title="bbox 255 4320 1981 4391">
    <p class='ocr_par' dir='ltr' id='par_1_77' title="bbox 255 4320 1981 4391">
     <span class='ocr_line' id='line_1_77' title="bbox 255 4320 1981 4391; baseline -0.001 -14"><span class='ocrx_word' id='word_1_580' title='bbox 255 4324 420 4378; x_wconf 85' lang='lat' dir='ltr'>diam</span> <span class='ocrx_word' id='word_1_581' title='bbox 495 4320 794 4376; x_wconf 89' lang='lat' dir='ltr'>tribunum</span> <span class='ocrx_word' id='word_1_582' title='bbox 874 4322 1181 4391; x_wconf 81' lang='lat' dir='ltr'>depulasse</span> <span class='ocrx_word' id='word_1_583' title='bbox 1251 4320 1390 4391; x_wconf 86' lang='lat' dir='ltr'>(Lib.</span> <span class='ocrx_word' id='word_1_584' title='bbox 1471 4337 1533 4388; x_wconf 91' lang='grc' dir='ltr'>ιι,</span> <span class='ocrx_word' id='word_1_585' title='bbox 1603 4337 1684 4390; x_wconf 84' lang='lat' dir='ltr'>ep.</span> <span class='ocrx_word' id='word_1_586' title='bbox 1747 4323 1855 4390; x_wconf 88' lang='lat' dir='ltr'>3t),</span> <span class='ocrx_word' id='word_1_587' title='bbox 1916 4339 1981 4376; x_wconf 87' lang='lat' dir='ltr'>ac</span> 
     </span>
    </p>
   </div>
   <div class='ocr_carea' id='block_1_78' title="bbox 256 4410 1971 4482">
    <p class='ocr_par' dir='ltr' id='par_1_78' title="bbox 256 4410 1971 4482">
     <span class='ocr_line' id='line_1_78' title="bbox 256 4410 1971 4482; baseline 0 -14"><span class='ocrx_word' id='word_1_588' title='bbox 256 4412 550 4468; x_wconf 86' lang='lat' dir='ltr'>militibus</span> <span class='ocrx_word' id='word_1_589' title='bbox 595 4411 694 4482; x_wconf 91' lang='lat' dir='ltr'>qui</span> <span class='ocrx_word' id='word_1_590' title='bbox 744 4411 802 4465; x_wconf 91' lang='lat' dir='ltr'>in</span> <span class='ocrx_word' id='word_1_591' title='bbox 857 4411 1033 4482; x_wconf 89' lang='lat' dir='ltr'>hujus</span> <span class='ocrx_word' id='word_1_592' title='bbox 1076 4410 1236 4465; x_wconf 90' lang='lat' dir='ltr'>urbis</span> <span class='ocrx_word' id='word_1_593' title='bbox 1289 4410 1554 4481; x_wconf 67' lang='lat' dir='ltr'>praesidio</span> <span class='ocrx_word' id='word_1_594' title='bbox 1605 4417 1770 4465; x_wconf 86' lang='lat' dir='ltr'>erant</span> <span class='ocrx_word' id='word_1_595' title='bbox 1819 4413 1971 4468; x_wconf 73' lang='lat'>272</span> 
     </span>
    </p>
   </div>
   <div class='ocr_carea' id='block_1_79' title="bbox 252 4499 1970 4573">
    <p class='ocr_par' dir='ltr' id='par_1_79' title="bbox 252 4499 1970 4573">
     <span class='ocr_line' id='line_1_79' title="bbox 252 4499 1970 4573; baseline -0.001 -15"><span class='ocrx_word' id='word_1_596' title='bbox 252 4503 599 4573; x_wconf 87' lang='lat' dir='ltr'>imperasse,</span> <span class='ocrx_word' id='word_1_597' title='bbox 635 4517 749 4554; x_wconf 91' lang='lat' dir='ltr'>non</span> <span class='ocrx_word' id='word_1_598' title='bbox 785 4499 898 4554; x_wconf 87' lang='lat' dir='ltr'>alia</span> <span class='ocrx_word' id='word_1_599' title='bbox 938 4499 1320 4569; x_wconf 86' lang='lat' dir='ltr'>proculdubio</span> <span class='ocrx_word' id='word_1_600' title='bbox 1359 4501 1577 4553; x_wconf 85' lang='lat' dir='ltr'>ratione</span> <span class='ocrx_word' id='word_1_601' title='bbox 1612 4517 1810 4570; x_wconf 90' lang='lat' dir='ltr'>quam,</span> <span class='ocrx_word' id='word_1_602' title='bbox 1837 4502 1970 4572; x_wconf 87' lang='lat' dir='ltr'>quia</span> 
     </span>
    </p>
   </div>
   <div class='ocr_carea' id='block_1_80' title="bbox 249 4589 1971 4661">
    <p class='ocr_par' dir='ltr' id='par_1_80' title="bbox 249 4589 1971 4661">
     <span class='ocr_line' id='line_1_80' title="bbox 249 4589 1971 4661; baseline 0.001 -15"><span class='ocrx_word' id='word_1_603' title='bbox 249 4593 383 4661; x_wconf 81' lang='lat' dir='ltr'>ejus</span> <span class='ocrx_word' id='word_1_604' title='bbox 415 4591 650 4646; x_wconf 87' lang='lat' dir='ltr'>domino</span> <span class='ocrx_word' id='word_1_605' title='bbox 682 4591 824 4647; x_wconf 87' lang='lat' dir='ltr'>foret</span> <span class='ocrx_word' id='word_1_606' title='bbox 853 4591 930 4660; x_wconf 74' lang='grc' dir='ltr'>(τι)</span> <span class='ocrx_word' id='word_1_607' title='bbox 957 4589 1216 4658; x_wconf 84' lang='lat' dir='ltr'>subdita,</span> <span class='ocrx_word' id='word_1_608' title='bbox 1248 4607 1356 4644; x_wconf 90' lang='lat' dir='ltr'>non</span> <span class='ocrx_word' id='word_1_609' title='bbox 1386 4606 1627 4645; x_wconf 83' lang='lat' dir='ltr'>excusso</span> <span class='ocrx_word' id='word_1_610' title='bbox 1663 4598 1852 4646; x_wconf 89' lang='lat' dir='ltr'>tamen</span> <span class='ocrx_word' id='word_1_611' title='bbox 1881 4609 1971 4661; x_wconf 91' lang='lat' dir='ltr'>pe-</span> 
     </span>
    </p>
   </div>
   <div class='ocr_carea' id='block_1_81' title="bbox 253 4679 1970 4750">
    <p class='ocr_par' dir='ltr' id='par_1_81' title="bbox 253 4679 1970 4750">
     <span class='ocr_line' id='line_1_81' title="bbox 253 4679 1970 4750; baseline 0.002 -15"><span class='ocrx_word' id='word_1_612' title='bbox 253 4682 418 4736; x_wconf 90' lang='lat' dir='ltr'>nitus</span> <span class='ocrx_word' id='word_1_613' title='bbox 469 4679 888 4750; x_wconf 87' lang='lat' dir='ltr'>imperatorum</span> <span class='ocrx_word' id='word_1_614' title='bbox 941 4681 1102 4749; x_wconf 82' lang='lat' dir='ltr'>jugo.</span> <span class='ocrx_word' id='word_1_615' title='bbox 1143 4679 1272 4734; x_wconf 87' lang='lat' dir='ltr'>Jam</span> <span class='ocrx_word' id='word_1_616' title='bbox 1335 4679 1434 4734; x_wconf 91' lang='lat' dir='ltr'>diu</span> <span class='ocrx_word' id='word_1_617' title='bbox 1477 4686 1647 4734; x_wconf 89' lang='lat' dir='ltr'>antea</span> <span class='ocrx_word' id='word_1_618' title='bbox 1707 4697 1970 4738; x_wconf 90' lang='lat' dir='ltr'>summos</span> 
     </span>
    </p>
   </div>
   <div class='ocr_carea' id='block_1_82' title="bbox 255 4768 1968 4843">
    <p class='ocr_par' dir='ltr' id='par_1_82' title="bbox 255 4768 1968 4843">
     <span class='ocr_line' id='line_1_82' title="bbox 255 4768 1968 4843; baseline 0.001 -19"><span class='ocrx_word' id='word_1_619' title='bbox 255 4768 563 4843; x_wconf 83' lang='lat' dir='ltr'>pontifices</span> <span class='ocrx_word' id='word_1_620' title='bbox 584 4769 654 4822; x_wconf 87' lang='lat' dir='ltr'>ad</span> <span class='ocrx_word' id='word_1_621' title='bbox 677 4768 1103 4838; x_wconf 88' lang='lat' dir='ltr'>amplissimam</span> <span class='ocrx_word' id='word_1_622' title='bbox 1136 4768 1482 4840; x_wconf 85' lang='lat' dir='ltr'>dignitatem</span> <span class='ocrx_word' id='word_1_623' title='bbox 1513 4773 1738 4824; x_wconf 88' lang='lat' dir='ltr'>evectos</span> <span class='ocrx_word' id='word_1_624' title='bbox 1772 4769 1968 4839; x_wconf 85' lang='lat' dir='ltr'>fuisse,</span> 
     </span>
    </p>
   </div>
   <div class='ocr_carea' id='block_1_83' title="bbox 251 4858 1966 4932">
    <p class='ocr_par' dir='ltr' id='par_1_83' title="bbox 251 4858 1966 4932">
     <span class='ocr_line' id='line_1_83' title="bbox 251 4858 1966 4932; baseline -0.002 -15"><span class='ocrx_word' id='word_1_625' title='bbox 251 4860 424 4917; x_wconf 83' lang='lat' dir='ltr'>testis</span> <span class='ocrx_word' id='word_1_626' title='bbox 464 4863 552 4915; x_wconf 86' lang='lat' dir='ltr'>est</span> <span class='ocrx_word' id='word_1_627' title='bbox 583 4859 929 4914; x_wconf 83' lang='lat' dir='ltr'>Ammianus</span> <span class='ocrx_word' id='word_1_628' title='bbox 960 4858 1324 4914; x_wconf 85' lang='lat' dir='ltr'>Marcellinus</span> <span class='ocrx_word' id='word_1_629' title='bbox 1371 4859 1509 4926; x_wconf 86' lang='lat' dir='ltr'>(Lib.</span> <span class='ocrx_word' id='word_1_630' title='bbox 1562 4876 1735 4926; x_wconf 81' lang='lat' dir='ltr'>xxvu,</span> <span class='ocrx_word' id='word_1_631' title='bbox 1780 4875 1826 4914; x_wconf 89' lang='lat' dir='ltr'>c.</span> <span class='ocrx_word' id='word_1_632' title='bbox 1869 4861 1966 4932; x_wconf 74' lang='lat'>5);</span> 
     </span>
    </p>
   </div>
   <div class='ocr_carea' id='block_1_84' title="bbox 245 4948 1967 5023">
    <p class='ocr_par' dir='ltr' id='par_1_84' title="bbox 245 4948 1967 5023">
     <span class='ocr_line' id='line_1_84' title="bbox 245 4948 1967 5023; baseline 0.001 -19"><span class='ocrx_word' id='word_1_633' title='bbox 245 4966 439 5023; x_wconf 88' lang='lat' dir='ltr'>quam</span> <span class='ocrx_word' id='word_1_634' title='bbox 471 4948 641 5005; x_wconf 85' lang='lat' dir='ltr'>etiam</span> <span class='ocrx_word' id='word_1_635' title='bbox 661 4965 777 5003; x_wconf 78' lang='lat' dir='ltr'>suae</span> <span class='ocrx_word' id='word_1_636' title='bbox 802 4949 1222 5020; x_wconf 71' lang='lat' dir='ltr'>praeferendam</span> <span class='ocrx_word' id='word_1_637' title='bbox 1261 4965 1374 5004; x_wconf 90' lang='lat' dir='ltr'>non</span> <span class='ocrx_word' id='word_1_638' title='bbox 1410 4949 1703 5003; x_wconf 89' lang='lat' dir='ltr'>dubitaret</span> <span class='ocrx_word' id='word_1_639' title='bbox 1734 4955 1967 5020; x_wconf 65' lang='lat' dir='ltr'>praetex-</span> 
     </span>
    </p>
   </div>
   <div class='ocr_carea' id='block_1_85' title="bbox 249 5037 1969 5109">
    <p class='ocr_par' dir='ltr' id='par_1_85' title="bbox 249 5037 1969 5109">
     <span class='ocr_line' id='line_1_85' title="bbox 249 5037 1969 5109; baseline 0.001 -15"><span class='ocrx_word' id='word_1_640' title='bbox 249 5045 419 5094; x_wconf 86' lang='lat' dir='ltr'>tatus</span> <span class='ocrx_word' id='word_1_641' title='bbox 437 5039 602 5095; x_wconf 87' lang='lat' dir='ltr'>Urbis</span> <span class='ocrx_word' id='word_1_642' title='bbox 627 5039 955 5109; x_wconf 68' lang='lat' dir='ltr'>praefectus,</span> <span class='ocrx_word' id='word_1_643' title='bbox 975 5039 1079 5094; x_wconf 89' lang='lat' dir='ltr'>etsi</span> <span class='ocrx_word' id='word_1_644' title='bbox 1098 5037 1398 5094; x_wconf 63' lang='lat' dir='ltr'>saecularis</span> <span class='ocrx_word' id='word_1_645' title='bbox 1419 5042 1645 5094; x_wconf 88' lang='lat' dir='ltr'>tantum</span> <span class='ocrx_word' id='word_1_646' title='bbox 1661 5039 1969 5109; x_wconf 89' lang='lat' dir='ltr'>potestatis</span> 
     </span>
    </p>
   </div>
   <div class='ocr_carea' id='block_1_86' title="bbox 250 5128 836 5185">
    <p class='ocr_par' dir='ltr' id='par_1_86' title="bbox 250 5128 836 5185">
     <span class='ocr_line' id='line_1_86' title="bbox 250 5128 836 5185; baseline 0 0"><span class='ocrx_word' id='word_1_647' title='bbox 250 5129 546 5185; x_wconf 81' lang='lat' dir='ltr'>rationem</span> <span class='ocrx_word' id='word_1_648' title='bbox 577 5128 836 5185; x_wconf 87' lang='lat' dir='ltr'>haberet.</span> 
     </span>
    </p>
   </div>
   <div class='ocr_carea' id='block_1_87' title="bbox 331 5216 1970 5290">
    <p class='ocr_par' dir='ltr' id='par_1_87' title="bbox 331 5216 1970 5290">
     <span class='ocr_line' id='line_1_87' title="bbox 331 5216 1970 5290; baseline 0.001 -17"><span class='ocrx_word' id='word_1_649' title='bbox 331 5217 643 5290; x_wconf 81' lang='lat' dir='ltr'>Dionysius</span> <span class='ocrx_word' id='word_1_650' title='bbox 681 5216 1118 5276; x_wconf 82' lang='lat' dir='ltr'>Corinthiorum</span> <span class='ocrx_word' id='word_1_651' title='bbox 1150 5217 1481 5289; x_wconf 87' lang='lat' dir='ltr'>episcopus,</span> <span class='ocrx_word' id='word_1_652' title='bbox 1513 5216 1614 5290; x_wconf 89' lang='lat' dir='ltr'>qui</span> <span class='ocrx_word' id='word_1_653' title='bbox 1641 5217 1854 5274; x_wconf 63' lang='lat' dir='ltr'>saeculo</span> <span class='ocrx_word' id='word_1_654' title='bbox 1877 5235 1970 5275; x_wconf 92' lang='lat' dir='ltr'>se-</span> 
     </span>
    </p>
   </div>
   <div class='ocr_carea' id='block_1_88' title="bbox 320 5424 1962 5498">
    <p class='ocr_par' dir='ltr' id='par_1_88' title="bbox 320 5424 1962 5498">
     <span class='ocr_line' id='line_1_88' title="bbox 320 5424 1962 5498; baseline -0.001 -17"><span class='ocrx_word' id='word_1_655' title='bbox 320 5428 396 5498; x_wconf 88' lang='lat' dir='ltr'>(a)</span> <span class='ocrx_word' id='word_1_656' title='bbox 423 5425 563 5481; x_wconf 89' lang='lat' dir='ltr'>Vide</span> <span class='ocrx_word' id='word_1_657' title='bbox 597 5424 798 5498; x_wconf 83' lang='lat' dir='ltr'>lib.ix,</span> <span class='ocrx_word' id='word_1_658' title='bbox 833 5442 922 5493; x_wconf 89' lang='lat' dir='ltr'>ep.</span> <span class='ocrx_word' id='word_1_659' title='bbox 946 5427 1040 5493; x_wconf 88' lang='lat'>69,</span> <span class='ocrx_word' id='word_1_660' title='bbox 1070 5425 1166 5481; x_wconf 90' lang='lat' dir='ltr'>ubi</span> <span class='ocrx_word' id='word_1_661' title='bbox 1187 5426 1378 5496; x_wconf 87' lang='lat' dir='ltr'>arguit</span> <span class='ocrx_word' id='word_1_662' title='bbox 1413 5425 1804 5498; x_wconf 80' lang='lat' dir='ltr'>Maurentium</span> <span class='ocrx_word' id='word_1_663' title='bbox 1839 5443 1962 5480; x_wconf 89' lang='lat' dir='ltr'>ma-</span> 
     </span>
    </p>
   </div>
   <div class='ocr_carea' id='block_1_89' title="bbox 239 5497 1967 5571">
    <p class='ocr_par' dir='ltr' id='par_1_89' title="bbox 239 5497 1967 5571">
     <span class='ocr_line' id='line_1_89' title="bbox 239 5497 1967 5571; baseline 0.001 -19"><span class='ocrx_word' id='word_1_664' title='bbox 239 5497 498 5571; x_wconf 79' lang='lat' dir='ltr'>gistrum</span> <span class='ocrx_word' id='word_1_665' title='bbox 535 5497 811 5571; x_wconf 88' lang='lat' dir='ltr'>militum,</span> <span class='ocrx_word' id='word_1_666' title='bbox 852 5501 998 5571; x_wconf 83' lang='lat' dir='ltr'>quod</span> <span class='ocrx_word' id='word_1_667' title='bbox 1041 5499 1379 5571; x_wconf 90' lang='lat' dir='ltr'>epis_c0pum</span> <span class='ocrx_word' id='word_1_668' title='bbox 1413 5497 1967 5571; x_wconf 84' lang='lat' dir='ltr'>Neapolitanumea</span> 
     </span>
    </p>
   </div>
   <div class='ocr_carea' id='block_1_90' title="bbox 238 5568 1962 5642">
    <p class='ocr_par' dir='ltr' id='par_1_90' title="bbox 238 5568 1962 5642">
     <span class='ocr_line' id='line_1_90' title="bbox 238 5568 1962 5642; baseline -0.001 -18"><span class='ocrx_word' id='word_1_669' title='bbox 238 5568 374 5642; x_wconf 62' lang='lat' dir='ltr'>(ius:</span> <span class='ocrx_word' id='word_1_670' title='bbox 412 5570 637 5640; x_wconf 85' lang='lat' dir='ltr'>patroni</span> <span class='ocrx_word' id='word_1_671' title='bbox 671 5573 836 5642; x_wconf 79' lang='lat' dir='ltr'>erant</span> <span class='ocrx_word' id='word_1_672' title='bbox 852 5568 1209 5642; x_wconf 10' lang='lat' dir='ltr'>hujusﬁurbis</span> <span class='ocrx_word' id='word_1_673' title='bbox 1235 5576 1618 5640; x_wconf 89' lang='lat' dir='ltr'>usurpantem</span> <span class='ocrx_word' id='word_1_674' title='bbox 1654 5587 1766 5625; x_wconf 92' lang='lat' dir='ltr'>non</span> <span class='ocrx_word' id='word_1_675' title='bbox 1800 5569 1962 5642; x_wconf 83' lang='lat' dir='ltr'>cohi-</span> 
     </span>
    </p>
   </div>
   <div class='ocr_carea' id='block_1_91' title="bbox 237 5639 1968 5713">
    <p class='ocr_par' dir='ltr' id='par_1_91' title="bbox 237 5639 1968 5713">
     <span class='ocr_line' id='line_1_91' title="bbox 237 5639 1968 5713; baseline -0.001 -15"><span class='ocrx_word' id='word_1_676' title='bbox 237 5639 447 5706; x_wconf 76' lang='lat' dir='ltr'>beret;</span> <span class='ocrx_word' id='word_1_677' title='bbox 500 5657 613 5696; x_wconf 93' lang='lat' dir='ltr'>non</span> <span class='ocrx_word' id='word_1_678' title='bbox 665 5640 799 5706; x_wconf 86' lang='lat' dir='ltr'>alia,</span> <span class='ocrx_word' id='word_1_679' title='bbox 851 5645 913 5713; x_wconf 90' lang='lat' dir='ltr'>ut</span> <span class='ocrx_word' id='word_1_680' title='bbox 947 5641 1282 5710; x_wconf 89' lang='lat' dir='ltr'>opinamur,</span> <span class='ocrx_word' id='word_1_681' title='bbox 1331 5639 1576 5707; x_wconf 87' lang='lat' dir='ltr'>ratione,</span> <span class='ocrx_word' id='word_1_682' title='bbox 1615 5657 1794 5713; x_wconf 87' lang='lat' dir='ltr'>quam</span> <span class='ocrx_word' id='word_1_683' title='bbox 1827 5639 1968 5712; x_wconf 78' lang='lat' dir='ltr'>quia</span> 
     </span>
    </p>
   </div>
   <div class='ocr_carea' id='block_1_92' title="bbox 238 5712 1955 5794">
    <p class='ocr_par' dir='ltr' id='par_1_92' title="bbox 238 5712 1955 5794">
     <span class='ocr_line' id='line_1_92' title="bbox 238 5712 1955 5794; baseline -0.003 -22"><span class='ocrx_word' id='word_1_684' title='bbox 238 5714 577 5772; x_wconf 85' lang='lat' dir='ltr'>dominium</span> <span class='ocrx_word' id='word_1_685' title='bbox 629 5712 942 5786; x_wconf 82' lang='lat' dir='ltr'>temporale</span> <span class='ocrx_word' id='word_1_686' title='bbox 985 5713 1252 5785; x_wconf 86' lang='lat' dir='ltr'>Neapolis</span> <span class='ocrx_word' id='word_1_687' title='bbox 1280 5713 1352 5770; x_wconf 91' lang='lat' dir='ltr'>ad</span> <span class='ocrx_word' id='word_1_688' title='bbox 1389 5714 1555 5773; x_wconf 77' lang='lat' dir='ltr'>Rom.</span> <span class='ocrx_word' id='word_1_689' title='bbox 1594 5712 1792 5771; x_wconf 84' lang='lat' dir='ltr'>sedem</span> <span class='ocrx_word' id='word_1_690' title='bbox 1822 5728 1955 5794; x_wconf 83' lang='lat' dir='ltr'>per-</span> 
     </span>
    </p>
   </div>
   <div class='ocr_carea' id='block_1_93' title="bbox 574 5812 1114 5874">
    <p class='ocr_par' dir='ltr' id='par_1_93' title="bbox 574 5812 1114 5874">
     <span class='ocr_line' id='line_1_93' title="bbox 574 5812 1114 5874; baseline 0.002 -3"><span class='ocrx_word' id='word_1_691' title='bbox 574 5812 839 5874; x_wconf 71' lang='lat' dir='ltr'>PATBOL.</span> <span class='ocrx_word' id='word_1_692' title='bbox 887 5812 1114 5874; x_wconf 80' lang='lat' dir='ltr'>LXXV.</span> 
     </span>
    </p>
   </div>
   <div class='ocr_carea' id='block_1_94' title="bbox 2109 3152 3816 3224">
    <p class='ocr_par' dir='ltr' id='par_1_94' title="bbox 2109 3152 3816 3224">
     <span class='ocr_line' id='line_1_94' title="bbox 2109 3152 3816 3224; baseline 0.001 -17"><span class='ocrx_word' id='word_1_693' title='bbox 2109 3152 2309 3207; x_wconf 89' lang='lat' dir='ltr'>abesse</span> <span class='ocrx_word' id='word_1_694' title='bbox 2360 3157 2460 3205; x_wconf 89' lang='lat' dir='ltr'>aut</span> <span class='ocrx_word' id='word_1_695' title='bbox 2498 3153 2692 3223; x_wconf 87' lang='lat' dir='ltr'>vagari</span> <span class='ocrx_word' id='word_1_696' title='bbox 2729 3170 2841 3207; x_wconf 93' lang='lat' dir='ltr'>non</span> <span class='ocrx_word' id='word_1_697' title='bbox 2875 3153 3116 3206; x_wconf 77' lang='lat' dir='ltr'>sinebat.</span> <span class='ocrx_word' id='word_1_698' title='bbox 3153 3155 3512 3224; x_wconf 88' lang='lat' dir='ltr'>Quapropter</span> <span class='ocrx_word' id='word_1_699' title='bbox 3545 3169 3675 3208; x_wconf 92' lang='lat' dir='ltr'>cum</span> <span class='ocrx_word' id='word_1_700' title='bbox 3711 3171 3816 3209; x_wconf 90' lang='lat' dir='ltr'>au-</span> 
     </span>
    </p>
   </div>
   <div class='ocr_carea' id='block_1_95' title="bbox 2104 3243 3820 3315">
    <p class='ocr_par' dir='ltr' id='par_1_95' title="bbox 2104 3243 3820 3315">
     <span class='ocr_line' id='line_1_95' title="bbox 2104 3243 3820 3315; baseline 0.001 -18"><span class='ocrx_word' id='word_1_701' title='bbox 2104 3245 2284 3298; x_wconf 89' lang='lat' dir='ltr'>disset</span> <span class='ocrx_word' id='word_1_702' title='bbox 2312 3243 2634 3298; x_wconf 88' lang='lat' dir='ltr'>Pimenium</span> <span class='ocrx_word' id='word_1_703' title='bbox 2668 3245 3148 3315; x_wconf 82' lang='lat' dir='ltr'>Amalpbitanum</span> <span class='ocrx_word' id='word_1_704' title='bbox 3183 3246 3524 3315; x_wconf 90' lang='lat' dir='ltr'>episcopum</span> <span class='ocrx_word' id='word_1_705' title='bbox 3569 3243 3624 3298; x_wconf 89' lang='lat' dir='ltr'>in</span> <span class='ocrx_word' id='word_1_706' title='bbox 3649 3247 3820 3300; x_wconf 86' lang='lat' dir='ltr'>eccle—</span> 
     </span>
    </p>
   </div>
   <div class='ocr_carea' id='block_1_96' title="bbox 2101 3333 3816 3405">
    <p class='ocr_par' dir='ltr' id='par_1_96' title="bbox 2101 3333 3816 3405">
     <span class='ocr_line' id='line_1_96' title="bbox 2101 3333 3816 3405; baseline 0.001 -18"><span class='ocrx_word' id='word_1_707' title='bbox 2101 3333 2187 3387; x_wconf 73' lang='lat' dir='ltr'>sia</span> <span class='ocrx_word' id='word_1_708' title='bbox 2217 3351 2315 3388; x_wconf 88' lang='lat' dir='ltr'>sua</span> <span class='ocrx_word' id='word_1_709' title='bbox 2347 3349 2456 3388; x_wconf 85' lang='lat' dir='ltr'>non</span> <span class='ocrx_word' id='word_1_710' title='bbox 2490 3333 2745 3400; x_wconf 78' lang='lat' dir='ltr'>residere,</span> <span class='ocrx_word' id='word_1_711' title='bbox 2779 3335 2848 3388; x_wconf 91' lang='lat' dir='ltr'>de</span> <span class='ocrx_word' id='word_1_712' title='bbox 2873 3335 2996 3405; x_wconf 90' lang='lat' dir='ltr'>ipso</span> <span class='ocrx_word' id='word_1_713' title='bbox 3023 3334 3353 3389; x_wconf 90' lang='lat' dir='ltr'>minacibus</span> <span class='ocrx_word' id='word_1_714' title='bbox 3386 3333 3591 3389; x_wconf 87' lang='lat' dir='ltr'>litteris</span> <span class='ocrx_word' id='word_1_715' title='bbox 3614 3335 3684 3389; x_wconf 87' lang='lat' dir='ltr'>ad</span> <span class='ocrx_word' id='word_1_716' title='bbox 3711 3338 3816 3389; x_wconf 87' lang='lat' dir='ltr'>An-</span> 
     </span>
    </p>
   </div>
   <div class='ocr_carea' id='block_1_97' title="bbox 2103 3424 3818 3496">
    <p class='ocr_par' dir='ltr' id='par_1_97' title="bbox 2103 3424 3818 3496">
     <span class='ocr_line' id='line_1_97' title="bbox 2103 3424 3818 3496; baseline 0.001 -18"><span class='ocrx_word' id='word_1_717' title='bbox 2103 3424 2390 3478; x_wconf 89' lang='lat' dir='ltr'>themium</span> <span class='ocrx_word' id='word_1_718' title='bbox 2426 3424 2652 3494; x_wconf 83' lang='lat' dir='ltr'>scripsit</span> <span class='ocrx_word' id='word_1_719' title='bbox 2684 3427 2818 3493; x_wconf 86' lang='lat' dir='ltr'>(Lib.</span> <span class='ocrx_word' id='word_1_720' title='bbox 2857 3443 2933 3490; x_wconf 83' lang='grc' dir='ltr'>νι,</span> <span class='ocrx_word' id='word_1_721' title='bbox 2961 3441 3042 3493; x_wconf 89' lang='lat' dir='ltr'>ep.</span> <span class='ocrx_word' id='word_1_722' title='bbox 3079 3427 3192 3496; x_wconf 85' lang='lat'>23),</span> <span class='ocrx_word' id='word_1_723' title='bbox 3225 3429 3286 3478; x_wconf 88' lang='lat' dir='ltr'>ut</span> <span class='ocrx_word' id='word_1_724' title='bbox 3308 3441 3440 3480; x_wconf 87' lang='lat' dir='ltr'>eum</span> <span class='ocrx_word' id='word_1_725' title='bbox 3468 3426 3536 3479; x_wconf 91' lang='lat' dir='ltr'>ad</span> <span class='ocrx_word' id='word_1_726' title='bbox 3566 3425 3818 3480; x_wconf 87' lang='lat' dir='ltr'>residen-</span> 
     </span>
    </p>
   </div>
   <div class='ocr_carea' id='block_1_98' title="bbox 2100 3513 3817 3585">
    <p class='ocr_par' dir='ltr' id='par_1_98' title="bbox 2100 3513 3817 3585">
     <span class='ocr_line' id='line_1_98' title="bbox 2100 3513 3817 3585; baseline 0.001 -17"><span class='ocrx_word' id='word_1_727' title='bbox 2100 3515 2238 3568; x_wconf 93' lang='lat' dir='ltr'>dum</span> <span class='ocrx_word' id='word_1_728' title='bbox 2287 3513 2626 3568; x_wconf 88' lang='lat' dir='ltr'>sacerdotali</span> <span class='ocrx_word' id='word_1_729' title='bbox 2662 3531 2818 3570; x_wconf 91' lang='lat' dir='ltr'>more</span> <span class='ocrx_word' id='word_1_730' title='bbox 2850 3521 3117 3585; x_wconf 85' lang='lat' dir='ltr'>cogeret:</span> <span class='ocrx_word' id='word_1_731' title='bbox 3144 3517 3187 3568; x_wconf 86' lang='lat' dir='ltr'>si</span> <span class='ocrx_word' id='word_1_732' title='bbox 3220 3531 3354 3569; x_wconf 88' lang='lat' dir='ltr'>vero</span> <span class='ocrx_word' id='word_1_733' title='bbox 3389 3532 3503 3569; x_wconf 91' lang='lat' dir='ltr'>non</span> <span class='ocrx_word' id='word_1_734' title='bbox 3535 3514 3817 3570; x_wconf 86' lang='lat' dir='ltr'>emenda-</span> 
     </span>
    </p>
   </div>
   <div class='ocr_carea' id='block_1_99' title="bbox 2100 3605 3816 3674">
    <p class='ocr_par' dir='ltr' id='par_1_99' title="bbox 2100 3605 3816 3674">
     <span class='ocr_line' id='line_1_99' title="bbox 2100 3605 3816 3674; baseline 0.001 -17"><span class='ocrx_word' id='word_1_735' title='bbox 2100 3609 2276 3667; x_wconf 85' lang='lat' dir='ltr'>retur,</span> <span class='ocrx_word' id='word_1_736' title='bbox 2328 3621 2460 3657; x_wconf 90' lang='lat' dir='ltr'>eum</span> <span class='ocrx_word' id='word_1_737' title='bbox 2501 3605 2555 3658; x_wconf 89' lang='lat' dir='ltr'>in</span> <span class='ocrx_word' id='word_1_738' title='bbox 2609 3605 3024 3658; x_wconf 63' lang='lat' dir='ltr'>monasterium</span> <span class='ocrx_word' id='word_1_739' title='bbox 3079 3605 3431 3660; x_wconf 87' lang='lat' dir='ltr'>detruderet.</span> <span class='ocrx_word' id='word_1_740' title='bbox 3487 3605 3816 3674; x_wconf 87' lang='lat' dir='ltr'>Episcopali</span> 
     </span>
    </p>
   </div>
   <div class='ocr_carea' id='block_1_100' title="bbox 2101 3691 3815 3762">
    <p class='ocr_par' dir='ltr' id='par_1_100' title="bbox 2101 3691 3815 3762">
     <span class='ocr_line' id='line_1_100' title="bbox 2101 3691 3815 3762; baseline 0.001 -16"><span class='ocrx_word' id='word_1_741' title='bbox 2101 3693 2419 3746; x_wconf 76' lang='lat' dir='ltr'>residentiae</span> <span class='ocrx_word' id='word_1_742' title='bbox 2472 3693 2680 3762; x_wconf 87' lang='lat' dir='ltr'>gratia,</span> <span class='ocrx_word' id='word_1_743' title='bbox 2731 3691 2940 3746; x_wconf 72' lang='lat' dir='ltr'>Siciliae</span> <span class='ocrx_word' id='word_1_744' title='bbox 2985 3693 3271 3762; x_wconf 81' lang='lat' dir='ltr'>episCOpis</span> <span class='ocrx_word' id='word_1_745' title='bbox 3305 3693 3633 3748; x_wconf 84' lang='lat' dir='ltr'>indulsitut</span> <span class='ocrx_word' id='word_1_746' title='bbox 3667 3710 3815 3747; x_wconf 86' lang='lat' dir='ltr'>uno-</span> 
     </span>
    </p>
   </div>
   <div class='ocr_carea' id='block_1_101' title="bbox 2098 3782 3816 3852">
    <p class='ocr_par' dir='ltr' id='par_1_101' title="bbox 2098 3782 3816 3852">
     <span class='ocr_line' id='line_1_101' title="bbox 2098 3782 3816 3852; baseline 0.001 -18"><span class='ocrx_word' id='word_1_747' title='bbox 2098 3797 2329 3851; x_wconf 90' lang='lat' dir='ltr'>quoque</span> <span class='ocrx_word' id='word_1_748' title='bbox 2366 3782 2768 3852; x_wconf 78' lang='lat' dir='ltr'>quinqucnnio</span> <span class='ocrx_word' id='word_1_749' title='bbox 2803 3788 3030 3835; x_wconf 83' lang='lat' dir='ltr'>tantum</span> <span class='ocrx_word' id='word_1_750' title='bbox 3066 3783 3242 3836; x_wconf 91' lang='lat' dir='ltr'>semel</span> <span class='ocrx_word' id='word_1_751' title='bbox 3277 3783 3513 3837; x_wconf 77' lang='lat' dir='ltr'>Romam</span> <span class='ocrx_word' id='word_1_752' title='bbox 3547 3783 3816 3838; x_wconf 87' lang='lat' dir='ltr'>conveni-</span> 
     </span>
    </p>
   </div>
   <div class='ocr_carea' id='block_1_102' title="bbox 2100 3870 3814 3941">
    <p class='ocr_par' dir='ltr' id='par_1_102' title="bbox 2100 3870 3814 3941">
     <span class='ocr_line' id='line_1_102' title="bbox 2100 3870 3814 3941; baseline 0.002 -18"><span class='ocrx_word' id='word_1_753' title='bbox 2100 3881 2244 3934; x_wconf 87' lang='lat' dir='ltr'>rent,</span> <span class='ocrx_word' id='word_1_754' title='bbox 2281 3887 2412 3924; x_wconf 91' lang='lat' dir='ltr'>cum</span> <span class='ocrx_word' id='word_1_755' title='bbox 2449 3872 2610 3939; x_wconf 90' lang='lat' dir='ltr'>prius</span> <span class='ocrx_word' id='word_1_756' title='bbox 2635 3870 2887 3940; x_wconf 87' lang='lat' dir='ltr'>singulis</span> <span class='ocrx_word' id='word_1_757' title='bbox 2915 3870 3186 3924; x_wconf 86' lang='lat' dir='ltr'>trienniis</span> <span class='ocrx_word' id='word_1_758' title='bbox 3212 3871 3414 3925; x_wconf 81' lang='lat' dir='ltr'>sistere</span> <span class='ocrx_word' id='word_1_759' title='bbox 3446 3889 3507 3926; x_wconf 91' lang='lat' dir='ltr'>se</span> <span class='ocrx_word' id='word_1_760' title='bbox 3542 3889 3814 3941; x_wconf 85' lang='lat' dir='ltr'>cogeren-</span> 
     </span>
    </p>
   </div>
   <div class='ocr_carea' id='block_1_103' title="bbox 2096 3960 3814 4030">
    <p class='ocr_par' dir='ltr' id='par_1_103' title="bbox 2096 3960 3814 4030">
     <span class='ocr_line' id='line_1_103' title="bbox 2096 3960 3814 4030; baseline 0.001 -17"><span class='ocrx_word' id='word_1_761' title='bbox 2096 3965 2224 4025; x_wconf 88' lang='lat' dir='ltr'>tur;</span> <span class='ocrx_word' id='word_1_762' title='bbox 2260 3977 2371 4030; x_wconf 91' lang='lat' dir='ltr'>qua</span> <span class='ocrx_word' id='word_1_763' title='bbox 2416 3960 2470 4012; x_wconf 95' lang='lat' dir='ltr'>in</span> <span class='ocrx_word' id='word_1_764' title='bbox 2507 3977 2565 4014; x_wconf 91' lang='lat' dir='ltr'>re</span> <span class='ocrx_word' id='word_1_765' title='bbox 2595 3960 2857 4030; x_wconf 90' lang='lat' dir='ltr'>ipsorum</span> <span class='ocrx_word' id='word_1_766' title='bbox 2900 3961 3068 4013; x_wconf 81' lang='lat' dir='ltr'>etiam</span> <span class='ocrx_word' id='word_1_767' title='bbox 3107 3961 3285 4014; x_wconf 54' lang='lat' dir='ltr'>labori</span> <span class='ocrx_word' id='word_1_768' title='bbox 3326 3962 3638 4014; x_wconf 84' lang='lat' dir='ltr'>minuendo</span> <span class='ocrx_word' id='word_1_769' title='bbox 3672 3977 3814 4014; x_wconf 92' lang='lat' dir='ltr'>con-</span> 
     </span>
    </p>
   </div>
   <div class='ocr_carea' id='block_1_104' title="bbox 2095 4049 3809 4120">
    <p class='ocr_par' dir='ltr' id='par_1_104' title="bbox 2095 4049 3809 4120">
     <span class='ocr_line' id='line_1_104' title="bbox 2095 4049 3809 4120; baseline 0 -16"><span class='ocrx_word' id='word_1_770' title='bbox 2095 4049 2324 4104; x_wconf 89' lang='lat' dir='ltr'>sulebat</span> <span class='ocrx_word' id='word_1_771' title='bbox 2353 4051 2499 4120; x_wconf 87' lang='lat' dir='ltr'>(Lib.</span> <span class='ocrx_word' id='word_1_772' title='bbox 2526 4067 2622 4117; x_wconf 89' lang='grc' dir='ltr'>νιι,</span> <span class='ocrx_word' id='word_1_773' title='bbox 2656 4066 2736 4117; x_wconf 88' lang='lat' dir='ltr'>ep.</span> <span class='ocrx_word' id='word_1_774' title='bbox 2764 4052 2875 4119; x_wconf 72' lang='lat' dir='ltr'>Z2).</span> <span class='ocrx_word' id='word_1_775' title='bbox 2906 4049 3059 4104; x_wconf 84' lang='lat' dir='ltr'>Felix</span> <span class='ocrx_word' id='word_1_776' title='bbox 3086 4049 3466 4103; x_wconf 80' lang='lat' dir='ltr'>Messanensis</span> <span class='ocrx_word' id='word_1_777' title='bbox 3497 4050 3809 4119; x_wconf 87' lang='lat' dir='ltr'>episcopus</span> 
     </span>
    </p>
   </div>
   <div class='ocr_carea' id='block_1_105' title="bbox 2099 4138 3811 4210">
    <p class='ocr_par' dir='ltr' id='par_1_105' title="bbox 2099 4138 3811 4210">
     <span class='ocr_line' id='line_1_105' title="bbox 2099 4138 3811 4210; baseline 0.001 -19"><span class='ocrx_word' id='word_1_778' title='bbox 2099 4155 2302 4207; x_wconf 80' lang='lat' dir='ltr'>magno</span> <span class='ocrx_word' id='word_1_779' title='bbox 2336 4139 2561 4192; x_wconf 81' lang='lat' dir='ltr'>videndi</span> <span class='ocrx_word' id='word_1_780' title='bbox 2595 4139 2858 4210; x_wconf 87' lang='lat' dir='ltr'>Gregorii</span> <span class='ocrx_word' id='word_1_781' title='bbox 2883 4138 3168 4192; x_wconf 86' lang='lat' dir='ltr'>desiderio</span> <span class='ocrx_word' id='word_1_782' title='bbox 3191 4139 3475 4208; x_wconf 81' lang='lat' dir='ltr'>ﬂagrabat</span> <span class='ocrx_word' id='word_1_783' title='bbox 3497 4156 3508 4204; x_wconf 90' lang='lat'><strong>;</strong></span> <span class='ocrx_word' id='word_1_784' title='bbox 3534 4140 3634 4193; x_wconf 91' lang='lat' dir='ltr'>sed</span> <span class='ocrx_word' id='word_1_785' title='bbox 3671 4139 3811 4209; x_wconf 88' lang='lat' dir='ltr'>quia</span> 
     </span>
    </p>
   </div>
   <div class='ocr_carea' id='block_1_106' title="bbox 2094 4229 3870 4302">
    <p class='ocr_par' dir='ltr' id='par_1_106' title="bbox 2094 4229 3870 4302">
     <span class='ocr_line' id='line_1_106' title="bbox 2094 4229 3870 4302; baseline 0 -18"><span class='ocrx_word' id='word_1_786' title='bbox 2094 4246 2163 4284; x_wconf 85' lang='lat' dir='ltr'>ex</span> <span class='ocrx_word' id='word_1_787' title='bbox 2203 4231 2484 4285; x_wconf 90' lang='lat' dir='ltr'>diuturna</span> <span class='ocrx_word' id='word_1_788' title='bbox 2537 4229 2776 4284; x_wconf 75' lang='lat' dir='ltr'>forsitan</span> <span class='ocrx_word' id='word_1_789' title='bbox 2825 4231 3092 4284; x_wconf 78' lang='lat' dir='ltr'>absentia</span> <span class='ocrx_word' id='word_1_790' title='bbox 3137 4230 3411 4298; x_wconf 84' lang='lat' dir='ltr'>pastoris,</span> <span class='ocrx_word' id='word_1_791' title='bbox 3454 4246 3590 4302; x_wconf 75' lang='lat' dir='ltr'>grex</span> <span class='ocrx_word' id='word_1_792' title='bbox 3621 4231 3808 4300; x_wconf 89' lang='lat' dir='ltr'>ipsius</span> <span class='ocrx_word' id='word_1_793' title='bbox 3861 4271 3870 4276; x_wconf 88' lang='lat'>.</span> 
     </span>
    </p>
   </div>
   <div class='ocr_carea' id='block_1_107' title="bbox 2093 4320 3808 4390">
    <p class='ocr_par' dir='ltr' id='par_1_107' title="bbox 2093 4320 3808 4390">
     <span class='ocr_line' id='line_1_107' title="bbox 2093 4320 3808 4390; baseline 0.001 -18"><span class='ocrx_word' id='word_1_794' title='bbox 2093 4320 2317 4390; x_wconf 90' lang='lat' dir='ltr'>aliquid</span> <span class='ocrx_word' id='word_1_795' title='bbox 2350 4320 2545 4374; x_wconf 89' lang='lat' dir='ltr'>damni</span> <span class='ocrx_word' id='word_1_796' title='bbox 2572 4320 2686 4388; x_wconf 90' lang='lat' dir='ltr'>pati</span> <span class='ocrx_word' id='word_1_797' title='bbox 2722 4320 3027 4389; x_wconf 89' lang='lat' dir='ltr'>potuisset,</span> <span class='ocrx_word' id='word_1_798' title='bbox 3050 4321 3272 4388; x_wconf 77' lang='lat' dir='ltr'>rogavit</span> <span class='ocrx_word' id='word_1_799' title='bbox 3292 4321 3544 4373; x_wconf 90' lang='lat' dir='ltr'>amicum</span> <span class='ocrx_word' id='word_1_800' title='bbox 3585 4320 3808 4376; x_wconf 72' lang='lat' dir='ltr'>natanti</span> 
     </span>
    </p>
   </div>
   <div class='ocr_carea' id='block_1_108' title="bbox 2092 4409 3807 4481">
    <p class='ocr_par' dir='ltr' id='par_1_108' title="bbox 2092 4409 3807 4481">
     <span class='ocr_line' id='line_1_108' title="bbox 2092 4409 3807 4481; baseline 0.001 -19"><span class='ocrx_word' id='word_1_801' title='bbox 2092 4409 2312 4464; x_wconf 89' lang='lat' dir='ltr'>itineris</span> <span class='ocrx_word' id='word_1_802' title='bbox 2354 4409 2614 4464; x_wconf 89' lang='lat' dir='ltr'>laborem</span> <span class='ocrx_word' id='word_1_803' title='bbox 2659 4418 3014 4463; x_wconf 88' lang='lat' dir='ltr'>assumeret:</span> <span class='ocrx_word' id='word_1_804' title='bbox 3051 4409 3150 4462; x_wconf 79' lang='lat' dir='ltr'>Sed</span> <span class='ocrx_word' id='word_1_805' title='bbox 3182 4425 3298 4474; x_wconf 89' lang='lat' dir='ltr'>ora,</span> <span class='ocrx_word' id='word_1_806' title='bbox 3325 4409 3537 4481; x_wconf 85' lang='lat' dir='ltr'>inquit,</span> <span class='ocrx_word' id='word_1_807' title='bbox 3575 4425 3675 4475; x_wconf 86' lang='lat' dir='ltr'>pro</span> <span class='ocrx_word' id='word_1_808' title='bbox 3713 4424 3807 4463; x_wconf 86' lang='lat' dir='ltr'>no-</span> 
     </span>
    </p>
   </div>
   <div class='ocr_carea' id='block_1_109' title="bbox 2081 4498 3802 4569">
    <p class='ocr_par' dir='ltr' id='par_1_109' title="bbox 2081 4498 3802 4569">
     <span class='ocr_line' id='line_1_109' title="bbox 2081 4498 3802 4569; baseline 0.002 -19"><span class='ocrx_word' id='word_1_809' title='bbox 2081 4498 2179 4564; x_wconf 82' lang='lat' dir='ltr'>bis,</span> <span class='ocrx_word' id='word_1_810' title='bbox 2205 4507 2262 4552; x_wconf 91' lang='lat' dir='ltr'>ut</span> <span class='ocrx_word' id='word_1_811' title='bbox 2304 4504 2504 4569; x_wconf 86' lang='lat' dir='ltr'>quanto</span> <span class='ocrx_word' id='word_1_812' title='bbox 2553 4515 2649 4553; x_wconf 86' lang='lat' dir='ltr'>nos</span> <span class='ocrx_word' id='word_1_813' title='bbox 2691 4499 2914 4552; x_wconf 86' lang='lat' dir='ltr'>itineris</span> <span class='ocrx_word' id='word_1_814' title='bbox 2966 4500 3262 4553; x_wconf 85' lang='lat' dir='ltr'>intervalla</span> <span class='ocrx_word' id='word_1_815' title='bbox 3295 4499 3613 4564; x_wconf 81' lang='lat' dir='ltr'>dissociant,</span> <span class='ocrx_word' id='word_1_816' title='bbox 3649 4506 3802 4554; x_wconf 88' lang='lat' dir='ltr'>tanta</span> 
     </span>
    </p>
   </div>
   <div class='ocr_carea' id='block_1_110' title="bbox 2082 4588 3805 4658">
    <p class='ocr_par' dir='ltr' id='par_1_110' title="bbox 2082 4588 3805 4658">
     <span class='ocr_line' id='line_1_110' title="bbox 2082 4588 3805 4658; baseline 0.001 -18"><span class='ocrx_word' id='word_1_817' title='bbox 2082 4590 2284 4642; x_wconf 87' lang='lat' dir='ltr'>animis</span> <span class='ocrx_word' id='word_1_818' title='bbox 2335 4590 2535 4644; x_wconf 64' lang='lat' dir='ltr'>nostris</span> <span class='ocrx_word' id='word_1_819' title='bbox 2567 4590 2636 4644; x_wconf 81' lang='lat' dir='ltr'>ad</span> <span class='ocrx_word' id='word_1_820' title='bbox 2670 4591 2905 4643; x_wconf 85' lang='lat' dir='ltr'>invicem</span> <span class='ocrx_word' id='word_1_821' title='bbox 2937 4589 3155 4645; x_wconf 86' lang='lat' dir='ltr'>Christo</span> <span class='ocrx_word' id='word_1_822' title='bbox 3186 4589 3514 4658; x_wconf 83' lang='lat' dir='ltr'>adjuvante,</span> <span class='ocrx_word' id='word_1_823' title='bbox 3548 4588 3720 4643; x_wconf 86' lang='lat' dir='ltr'>simus</span> <span class='ocrx_word' id='word_1_824' title='bbox 3744 4590 3805 4642; x_wconf 86' lang='lat' dir='ltr'>in</span> 
     </span>
    </p>
   </div>
   <div class='ocr_carea' id='block_1_111' title="bbox 2079 4677 3153 4750">
    <p class='ocr_par' dir='ltr' id='par_1_111' title="bbox 2079 4677 3153 4750">
     <span class='ocr_line' id='line_1_111' title="bbox 2079 4677 3153 4750; baseline 0.004 -20"><span class='ocrx_word' id='word_1_825' title='bbox 2079 4677 2346 4732; x_wconf 85' lang='lat' dir='ltr'>charitate</span> <span class='ocrx_word' id='word_1_826' title='bbox 2376 4678 2649 4750; x_wconf 86' lang='lat' dir='ltr'>conjuncti</span> <span class='ocrx_word' id='word_1_827' title='bbox 2681 4678 2823 4750; x_wconf 91' lang='lat' dir='ltr'>(Lib.</span> <span class='ocrx_word' id='word_1_828' title='bbox 2860 4694 2898 4744; x_wconf 83' lang='grc' dir='ltr'>ι,</span> <span class='ocrx_word' id='word_1_829' title='bbox 2922 4694 3002 4748; x_wconf 86' lang='lat' dir='ltr'>ep.</span> <span class='ocrx_word' id='word_1_830' title='bbox 3039 4679 3153 4749; x_wconf 88' lang='lat'>66).</span> 
     </span>
    </p>
   </div>
   <div class='ocr_carea' id='block_1_112' title="bbox 2152 4765 3801 4838">
    <p class='ocr_par' dir='ltr' id='par_1_112' title="bbox 2152 4765 3801 4838">
     <span class='ocr_line' id='line_1_112' title="bbox 2152 4765 3801 4838; baseline -0.002 -16"><span class='ocrx_word' id='word_1_831' title='bbox 2152 4771 2202 4822; x_wconf 92' lang='lat'>8.</span> <span class='ocrx_word' id='word_1_832' title='bbox 2231 4769 2354 4823; x_wconf 85' lang='lat' dir='ltr'>Non</span> <span class='ocrx_word' id='word_1_833' title='bbox 2390 4768 2580 4822; x_wconf 86' lang='lat' dir='ltr'>solum</span> <span class='ocrx_word' id='word_1_834' title='bbox 2632 4769 2954 4838; x_wconf 89' lang='lat' dir='ltr'>episcopos,</span> <span class='ocrx_word' id='word_1_835' title='bbox 2989 4769 3088 4821; x_wconf 92' lang='lat' dir='ltr'>sed</span> <span class='ocrx_word' id='word_1_836' title='bbox 3131 4769 3302 4821; x_wconf 86' lang='lat' dir='ltr'>etiam</span> <span class='ocrx_word' id='word_1_837' title='bbox 3348 4765 3712 4838; x_wconf 84' lang='lat' dir='ltr'>presbyteros</span> <span class='ocrx_word' id='word_1_838' title='bbox 3744 4781 3801 4834; x_wconf 66' lang='lat' dir='ltr'>et</span> 
     </span>
    </p>
   </div>
   <div class='ocr_carea' id='block_1_113' title="bbox 2082 4855 3797 4925">
    <p class='ocr_par' dir='ltr' id='par_1_113' title="bbox 2082 4855 3797 4925">
     <span class='ocr_line' id='line_1_113' title="bbox 2082 4855 3797 4925; baseline -0.002 -15"><span class='ocrx_word' id='word_1_839' title='bbox 2082 4856 2222 4912; x_wconf 89' lang='lat' dir='ltr'>alios</span> <span class='ocrx_word' id='word_1_840' title='bbox 2270 4856 2511 4912; x_wconf 87' lang='lat' dir='ltr'>clericos</span> <span class='ocrx_word' id='word_1_841' title='bbox 2558 4859 2698 4912; x_wconf 84' lang='lat' dir='ltr'>ﬁxos</span> <span class='ocrx_word' id='word_1_842' title='bbox 2740 4857 2795 4910; x_wconf 92' lang='lat' dir='ltr'>in</span> <span class='ocrx_word' id='word_1_843' title='bbox 2827 4856 2953 4911; x_wconf 90' lang='lat' dir='ltr'>suis</span> <span class='ocrx_word' id='word_1_844' title='bbox 2986 4855 3246 4910; x_wconf 88' lang='lat' dir='ltr'>ecclesiis</span> <span class='ocrx_word' id='word_1_845' title='bbox 3291 4869 3647 4925; x_wconf 87' lang='lat' dir='ltr'>permanere,</span> <span class='ocrx_word' id='word_1_846' title='bbox 3683 4869 3797 4907; x_wconf 93' lang='lat' dir='ltr'>non</span> 
     </span>
    </p>
   </div>
   <div class='ocr_carea' id='block_1_114' title="bbox 2081 4941 3798 5018">
    <p class='ocr_par' dir='ltr' id='par_1_114' title="bbox 2081 4941 3798 5018">
     <span class='ocr_line' id='line_1_114' title="bbox 2081 4941 3798 5018; baseline -0.003 -19"><span class='ocrx_word' id='word_1_847' title='bbox 2081 4946 2150 5000; x_wconf 92' lang='lat' dir='ltr'>de</span> <span class='ocrx_word' id='word_1_848' title='bbox 2184 4947 2453 5018; x_wconf 86' lang='lat' dir='ltr'>parocbia</span> <span class='ocrx_word' id='word_1_849' title='bbox 2479 4947 2538 5001; x_wconf 87' lang='lat' dir='ltr'>in</span> <span class='ocrx_word' id='word_1_850' title='bbox 2574 4946 2902 5016; x_wconf 89' lang='lat' dir='ltr'>parochiam</span> <span class='ocrx_word' id='word_1_851' title='bbox 2932 4945 3204 5016; x_wconf 88' lang='lat' dir='ltr'>migrare,</span> <span class='ocrx_word' id='word_1_852' title='bbox 3232 4960 3294 4996; x_wconf 85' lang='lat' dir='ltr'>ac</span> <span class='ocrx_word' id='word_1_853' title='bbox 3329 4941 3526 5012; x_wconf 90' lang='lat' dir='ltr'>vagari</span> <span class='ocrx_word' id='word_1_854' title='bbox 3544 4941 3798 5009; x_wconf 88' lang='lat' dir='ltr'>volebat,</span> 
     </span>
    </p>
   </div>
   <div class='ocr_carea' id='block_1_115' title="bbox 2081 5029 3796 5110">
    <p class='ocr_par' dir='ltr' id='par_1_115' title="bbox 2081 5029 3796 5110">
     <span class='ocr_line' id='line_1_115' title="bbox 2081 5029 3796 5110; baseline -0.004 -18"><span class='ocrx_word' id='word_1_855' title='bbox 2081 5039 2232 5110; x_wconf 86' lang='lat' dir='ltr'>quod</span> <span class='ocrx_word' id='word_1_856' title='bbox 2290 5038 2463 5093; x_wconf 87' lang='lat' dir='ltr'>etiam</span> <span class='ocrx_word' id='word_1_857' title='bbox 2501 5038 2755 5093; x_wconf 72' lang='lat' dir='ltr'>ecclesiae</span> <span class='ocrx_word' id='word_1_858' title='bbox 2789 5036 3110 5090; x_wconf 90' lang='lat' dir='ltr'>canonibus</span> <span class='ocrx_word' id='word_1_859' title='bbox 3145 5037 3378 5087; x_wconf 86' lang='lat' dir='ltr'>cautum</span> <span class='ocrx_word' id='word_1_860' title='bbox 3422 5033 3567 5084; x_wconf 88' lang='lat' dir='ltr'>erat.</span> <span class='ocrx_word' id='word_1_861' title='bbox 3602 5029 3661 5083; x_wconf 93' lang='lat' dir='ltr'>Si</span> <span class='ocrx_word' id='word_1_862' title='bbox 3695 5029 3796 5100; x_wconf 89' lang='lat' dir='ltr'>qui</span> 
     </span>
    </p>
   </div>
   <div class='ocr_carea' id='block_1_116' title="bbox 2078 5117 3796 5200">
    <p class='ocr_par' dir='ltr' id='par_1_116' title="bbox 2078 5117 3796 5200">
     <span class='ocr_line' id='line_1_116' title="bbox 2078 5117 3796 5200; baseline -0.006 -17"><span class='ocrx_word' id='word_1_863' title='bbox 2078 5144 2210 5184; x_wconf 89' lang='lat' dir='ltr'>vero</span> <span class='ocrx_word' id='word_1_864' title='bbox 2243 5127 2500 5200; x_wconf 89' lang='lat' dir='ltr'>episcopi</span> <span class='ocrx_word' id='word_1_865' title='bbox 2533 5138 2941 5182; x_wconf 83' lang='lat' dir='ltr'>extraneorum</span> <span class='ocrx_word' id='word_1_866' title='bbox 2983 5122 3323 5176; x_wconf 88' lang='lat' dir='ltr'>clericorum</span> <span class='ocrx_word' id='word_1_867' title='bbox 3373 5117 3710 5183; x_wconf 90' lang='lat' dir='ltr'>nonnullos,</span> <span class='ocrx_word' id='word_1_868' title='bbox 3736 5120 3796 5174; x_wconf 91' lang='lat' dir='ltr'>in</span> 
     </span>
    </p>
   </div>
   <div class='ocr_carea' id='block_1_117' title="bbox 2078 5207 3796 5288">
    <p class='ocr_par' dir='ltr' id='par_1_117' title="bbox 2078 5207 3796 5288">
     <span class='ocr_line' id='line_1_117' title="bbox 2078 5207 3796 5288; baseline -0.006 -14"><span class='ocrx_word' id='word_1_869' title='bbox 2078 5235 2181 5274; x_wconf 83' lang='lat' dir='ltr'>suo</span> <span class='ocrx_word' id='word_1_870' title='bbox 2226 5217 2376 5274; x_wconf 91' lang='lat' dir='ltr'>clero</span> <span class='ocrx_word' id='word_1_871' title='bbox 2427 5216 2876 5288; x_wconf 91' lang='lat' dir='ltr'>promovendos,</span> <span class='ocrx_word' id='word_1_872' title='bbox 2923 5217 2977 5267; x_wconf 88' lang='lat' dir='ltr'>et</span> <span class='ocrx_word' id='word_1_873' title='bbox 3023 5209 3195 5265; x_wconf 90' lang='lat' dir='ltr'>certis</span> <span class='ocrx_word' id='word_1_874' title='bbox 3241 5207 3582 5264; x_wconf 89' lang='lat' dir='ltr'>ministeriis</span> <span class='ocrx_word' id='word_1_875' title='bbox 3627 5208 3796 5264; x_wconf 87' lang='lat' dir='ltr'>addi-</span> 
     </span>
    </p>
   </div>
   <div class='ocr_carea' id='block_1_118' title="bbox 2078 5417 3799 5490">
    <p class='ocr_par' dir='ltr' id='par_1_118' title="bbox 2078 5417 3799 5490">
     <span class='ocr_line' id='line_1_118' title="bbox 2078 5417 3799 5490; baseline -0.003 -12"><span class='ocrx_word' id='word_1_876' title='bbox 2078 5423 2320 5478; x_wconf 87' lang='lat' dir='ltr'>tinebat.</span> <span class='ocrx_word' id='word_1_877' title='bbox 2375 5425 2434 5477; x_wconf 91' lang='lat' dir='ltr'>In</span> <span class='ocrx_word' id='word_1_878' title='bbox 2488 5421 2652 5488; x_wconf 82' lang='lat' dir='ltr'>epist.</span> <span class='ocrx_word' id='word_1_879' title='bbox 2712 5421 2811 5474; x_wconf 78' lang='grc'>104</span> <span class='ocrx_word' id='word_1_880' title='bbox 2853 5418 3118 5488; x_wconf 89' lang='lat' dir='ltr'>ejusdem</span> <span class='ocrx_word' id='word_1_881' title='bbox 3160 5417 3295 5490; x_wconf 86' lang='lat' dir='ltr'>libri</span> <span class='ocrx_word' id='word_1_882' title='bbox 3339 5420 3578 5490; x_wconf 84' lang='lat' dir='ltr'>vocatur</span> <span class='ocrx_word' id='word_1_883' title='bbox 3626 5419 3799 5490; x_wconf 82' lang='lat' dir='ltr'>Major</span> 
     </span>
    </p>
   </div>
   <div class='ocr_carea' id='block_1_119' title="bbox 2083 5489 3581 5563">
    <p class='ocr_par' dir='ltr' id='par_1_119' title="bbox 2083 5489 3581 5563">
     <span class='ocr_line' id='line_1_119' title="bbox 2083 5489 3581 5563; baseline -0.001 -17"><span class='ocrx_word' id='word_1_884' title='bbox 2083 5496 2262 5557; x_wconf 81' lang='lat' dir='ltr'>Urbis,</span> <span class='ocrx_word' id='word_1_885' title='bbox 2297 5496 2396 5562; x_wconf 88' lang='lat' dir='ltr'>qui</span> <span class='ocrx_word' id='word_1_886' title='bbox 2433 5493 2639 5546; x_wconf 83' lang='lat' dir='ltr'>dicitur</span> <span class='ocrx_word' id='word_1_887' title='bbox 2674 5492 2764 5545; x_wconf 87' lang='lat' dir='ltr'>hic</span> <span class='ocrx_word' id='word_1_888' title='bbox 2817 5500 3119 5563; x_wconf 90' lang='lat' dir='ltr'>patronus,</span> <span class='ocrx_word' id='word_1_889' title='bbox 3145 5489 3358 5563; x_wconf 83' lang='lat' dir='ltr'>Gallice</span> <span class='ocrx_word' id='word_1_890' title='bbox 3391 5489 3581 5545; x_wconf 80' lang='lat' dir='ltr'>Maire.</span> 
     </span>
    </p>
   </div>
   <div class='ocr_carea' id='block_1_120' title="bbox 2151 5561 3791 5635">
    <p class='ocr_par' dir='ltr' id='par_1_120' title="bbox 2151 5561 3791 5635">
     <span class='ocr_line' id='line_1_120' title="bbox 2151 5561 3791 5635; baseline -0.004 -16"><span class='ocrx_word' id='word_1_891' title='bbox 2151 5566 2224 5635; x_wconf 85' lang='lat' dir='ltr'>(b)</span> <span class='ocrx_word' id='word_1_892' title='bbox 2258 5561 2394 5618; x_wconf 87' lang='lat' dir='ltr'>Vide</span> <span class='ocrx_word' id='word_1_893' title='bbox 2428 5580 2654 5634; x_wconf 88' lang='lat' dir='ltr'>quoque</span> <span class='ocrx_word' id='word_1_894' title='bbox 2678 5561 2845 5634; x_wconf 80' lang='lat' dir='ltr'>epist.</span> <span class='ocrx_word' id='word_1_895' title='bbox 2879 5563 2985 5617; x_wconf 81' lang='lat'>220</span> <span class='ocrx_word' id='word_1_896' title='bbox 3014 5563 3069 5616; x_wconf 89' lang='lat' dir='ltr'>S.</span> <span class='ocrx_word' id='word_1_897' title='bbox 3117 5561 3308 5618; x_wconf 73' lang='lat' dir='ltr'>Basilii</span> <span class='ocrx_word' id='word_1_898' title='bbox 3346 5562 3535 5632; x_wconf 86' lang='lat' dir='ltr'>magni</span> <span class='ocrx_word' id='word_1_899' title='bbox 3562 5562 3629 5617; x_wconf 91' lang='lat' dir='ltr'>ad</span> <span class='ocrx_word' id='word_1_900' title='bbox 3667 5561 3791 5616; x_wconf 90' lang='lat' dir='ltr'>Dio-</span> 
     </span>
    </p>
   </div>
   <div class='ocr_carea' id='block_1_121' title="bbox 2079 5637 2580 5709">
    <p class='ocr_par' dir='ltr' id='par_1_121' title="bbox 2079 5637 2580 5709">
     <span class='ocr_line' id='line_1_121' title="bbox 2079 5637 2580 5709; baseline -0.01 -15"><span class='ocrx_word' id='word_1_901' title='bbox 2079 5637 2312 5709; x_wconf 76' lang='lat' dir='ltr'>nysium</span> <span class='ocrx_word' id='word_1_902' title='bbox 2348 5651 2580 5709; x_wconf 88' lang='lat' dir='ltr'>papam.</span> 
     </span>
    </p>
   </div>
   <div class='ocr_carea' id='block_1_122' title="bbox 3401 5805 3474 5860">
    <p class='ocr_par' dir='ltr' id='par_1_122' title="bbox 3401 5805 3474 5860">
     <span class='ocr_line' id='line_1_122' title="bbox 3401 5805 3474 5860; baseline 0 0"><span class='ocrx_word' id='word_1_903' title='bbox 3401 5805 3474 5860; x_wconf 88' lang='grc'>13</span> 
     </span>
    </p>
   </div>
  </div>
