4106 6174
380 253 497 317 395

815 250 876 312 S.
926 247 1309 312 GREGORII
1355 247 1611 311 MAGNI
1658 246 1865 324 VITA,
1910 244 2011 305 EX
2053 240 2240 303 EJUS
2287 240 2643 303 SCRIPTIS
2687 242 3139 304 ADORNATA.
3189 244 3339 307 LIB.
3398 247 3498 311 Ill.
3779 261 3878 319 396

377 392 592 451 candos
640 389 1021 465 postularent,
1073 402 1169 443 eos
1200 385 1360 458 prius
1401 385 1478 458 (a)
1519 384 1811 442 dimittere
1841 381 2093 440 debebat
2121 381 2176 450 Α
2206 381 2459 452 animus,
2510 381 2676 439 facile
2723 384 2913 455 urgeri
2958 389 3236 455 possent:
3289 388 3505 462 quippe
3546 393 3687 452 218
3717 398 3879 457 altare

376 481 652 558 proprius
684 481 1023 555 episcopus,
1063 479 1217 535 facta
1245 477 1513 533 cessione
1543 494 1558 547 ;
1593 492 1697 532 nec
1728 475 1875 531 citra
1904 474 2092 545 ipsius

378 588 735 631 consensum
763 575 989 643 poterat
1017 566 1373 624 incardinari
1405 565 1551 637 (Lib.
1583 582 1662 632 vr,
1701 580 1782 635 ep.
1821 564 1938 636 20).
1974 564 2091 636 Ipsi

377 662 549 720 etiam
581 660 681 733 qui
712 660 773 715 in
813 659 1115 731 episcopos
1149 655 1313 711 electi
1347 655 1597 721 fuerant,
1634 653 1978 724 hujusmodi
2004 653 2095 707 lit-

376 752 536 819 teris,
571 757 637 807 ut
656 751 844 819 aiunt,
877 746 1233 804 dimissoriis
1257 745 1516 819 episcopi
1543 744 1632 801 sui
1663 744 2004 817 indigebant
2029 746 2094 797 ut

375 842 787 901 ordinarentur
829 839 969 911 (Lib.
1002 854 1057 905 v,
1091 854 1177 909 ep.
1206 836 1315 907 17).
1355 836 1571 891 Eadem
1606 850 1840 907 quoque
1870 833 2091 889 ratione

379 931 699 988 monachos
726 929 946 1000 absque
974 926 1204 982 abbatis
1234 924 1326 982 sui
1360 940 1649 981 consensu
1696 925 1766 979 ab
1802 922 2090 995 episcopis

380 1020 597 1077 assumi
621 1020 691 1075 ad
723 1017 1214 1091 presbyteratum,
1247 1020 1349 1071 aut
1383 1014 1499 1070 alia
1528 1013 1921 1070 ecclesiastica
1952 1029 2088 1068 mu-

376 1110 476 1169 nia
506 1109 769 1167 obeunda
818 1106 1180 1182 prohibitum
1218 1109 1344 1161 erat
1381 1106 1535 1175 (Lib.
1570 1121 1646 1166 v1,
1697 1120 1780 1175 ep.
1820 1103 1936 1175 28).
1980 1102 2089 1173 Ubi

375 1200 609 1256 adverte
639 1200 894 1271 quantus
916 1197 1022 1253 hac
1052 1196 1112 1251 in
1146 1202 1305 1266 parte
1336 1194 1413 1250 sit
1442 1193 1734 1250 hodierna
1772 1193 2089 1264 disciplinis

376 1304 513 1348 cum
539 1288 720 1345 veteri
752 1303 1101 1344 consensus.

438 1380 492 1435 9.
541 1380 698 1435 Hanc
746 1378 936 1449 ipsam
1000 1374 1449 1432 consensionem
1475 1374 1646 1443 juvat
1675 1372 1979 1429 ostendere
2028 1373 2089 1428 in

369 1468 569 1527 missis
599 1466 861 1539 privatis,
886 1470 943 1521 et
964 1464 1024 1520 in
1047 1463 1325 1520 altarium
1359 1461 1732 1518 multitudine
1757 1462 1910 1517 intra
1930 1475 2088 1516 eam-

371 1555 505 1613 dem
554 1555 883 1623 ecclesiam,
932 1558 997 1610 ut
1027 1553 1366 1609 refellantur
1396 1550 1732 1608 heterodoxi
1765 1551 1836 1606 de
1869 1550 2088 1607 novita-

371 1648 431 1702 te
452 1644 616 1701 litem
646 1644 984 1716 importune
1014 1642 1186 1699 nobis
1209 1645 1533 1699 moventes.
1556 1640 1834 1708 Joannes,
1867 1639 2085 1709 episco-

374 1750 485 1807 pus
506 1734 935 1807 Syracusanus,
957 1731 1224 1788 Venantii
1258 1730 1485 1803 patricii
1508 1729 1831 1785 oblationes
1862 1728 2088 1800 repule-
2119 1760 2165 1828 Β

374 1832 484 1898 rat,
508 1826 667 1899 quod
691 1825 788 1881 ille
814 1825 1055 1897 indigne
1086 1824 1278 1880 ferens
1310 1822 1607 1879 hostiliter
1634 1822 1693 1878 in
1725 1822 2085 1894 episcopium

374 1920 630 1973 armatos
679 1914 927 1970 immisit
974 1912 1277 1970 satellites.
1327 1912 1458 1969 Haec
1513 1910 1611 1966 ubi
1646 1911 1866 1983 accepit
1913 1928 2085 1983 papa,

2199 470 2395 527 Graece
2438 471 2813 545 θυσιασήριον,
2868 474 3219 531 sacrificium
3272 480 3329 532 et
3374 479 3617 539 hostiam
3662 486 3716 542 in
3761 490 3872 562 lege

2201 577 2345 616 nova
2375 562 2529 634 cogit
2573 564 2899 632 admittere,
2938 565 3093 635 quod
3132 570 3329 622 tamen
3382 571 3569 640 procul
3602 576 3869 645 rejiciunt.

2198 648 2412 740 Altaris
2446 660 2638 707 autem
2668 668 2775 707 vox
2804 653 2865 708 in
2908 654 3292 725 scriptoribus
3324 661 3700 728 apostolorum
3745 682 3872 740 sup-

2201 739 2441 809 paribus
2472 741 2895 811 frequentatur.
2942 748 3109 799 Unus
3153 761 3257 817 pro
3288 748 3558 805 omnibus
3588 752 3654 806 sit
3684 739 3882 828 martyr

2200 828 2499 900 Ignatius:
2536 830 2752 899 Omnes,
2787 831 3001 903 inquit,
3033 833 3093 888 in
3125 848 3218 906 ep.
3255 834 3329 890 ad
3372 836 3623 910 Magnes.
3660 857 3807 900 num.
3832 846 3886 913 7,

2197 918 2345 973 velut
2376 920 2432 972 in
2470 935 2645 974 unum
2676 921 2943 991 templum
2973 922 3069 977 Dei
3096 927 3428 995 concurrite,
3458 928 3598 983 velut
3634 930 3701 985 ad
3727 948 3881 989 unum

2198 1008 2396 1063 altare.
2424 1012 2489 1063 Et
2515 1008 2573 1064 in
2604 1025 2694 1082 ep.
2722 1010 2792 1065 ad
2824 1010 3001 1066 Trall.
3050 1028 3207 1068 num.
3251 1015 3315 1071 7:
3361 1016 3501 1084 Quid
3542 1020 3687 1075 intra
3721 1022 3886 1079 altare

2197 1104 2298 1166 est,
2356 1098 2590 1154 mundus
2638 1108 2717 1156 est
2736 1115 2761 1163 ;
2815 1103 2910 1172 qui
2952 1117 3079 1157 vero
3125 1111 3285 1159 extra
3332 1105 3504 1161 altare
3538 1112 3634 1175 est,
3687 1115 3883 1168 nonest

2198 1188 2453 1243 mundus.
2501 1188 2729 1244 Accinit
2768 1190 2839 1262 (c)
2882 1191 3055 1246 Paulo
3078 1196 3135 1247 et
3177 1192 3392 1249 Joanni
3426 1197 3717 1267 apostolis,
3745 1203 3881 1271 apud

2200 1294 2369 1350 quos,
2409 1278 2586 1333 etiam
2626 1283 2759 1349 post
2814 1280 3188 1350 reprobatum
3229 1290 3388 1337 vetus
3420 1283 3611 1354 altare,
3643 1302 3781 1359 sepe
3809 1290 3887 1344 al-

2197 1368 2341 1424 taris
2391 1367 2632 1424 alterius
2684 1369 2939 1425 occurrit
2978 1370 3218 1428 mentio.
3258 1373 3368 1428 Sed
3418 1373 3508 1430 his
3550 1375 3793 1444 omissis,
3822 1380 3884 1435 ad

2198 1458 2422 1531 reliqua
2470 1459 2525 1514 S.
2578 1459 2839 1532 Gregorii
2871 1463 3031 1531 gesta
3062 1460 3221 1531 huic,
3258 1480 3412 1520 anno
3453 1464 3642 1521 debita
3672 1468 3889 1524 festine-

2198 1565 2353 1605 mus.

2271 1638 2356 1692 10.
2391 1638 2633 1693 Summa
2682 1638 2806 1708 ejus
2848 1639 2908 1694 in
2949 1640 3207 1711 supremi
3256 1641 3627 1713 pontificatus
3663 1645 3889 1701 admini-

2196 1727 2473 1783 stratione
2514 1727 2798 1782 modestia
2838 1727 3025 1784 elucet
3066 1729 3126 1784 in
3154 1729 3405 1801 epistola
3443 1732 3516 1787 ad
3546 1732 3862 1790 Columbum

2194 1817 2255 1874 in
2277 1817 2552 1874 Numidia
2573 1818 2937 1890 episcopum.
2962 1820 3169 1876 Petrus
3198 1820 3381 1891 hujus
3405 1824 3701 1893 provincias
3718 1841 3884 1896 quou-

2196 1908 2329 1963 dam
2348 1909 2677 1979 episcopus,
2703 1914 2768 1964 ut
2787 1909 2997 1979 aiebat,
3023 1910 3240 1967 adierat
3276 1913 3479 1969 sedem
3502 1914 3878 1985 apostolicam,

373 2006 615 2079 scripsit
651 2006 721 2061 ad
765 2003 1121 2061 Venantium
1153 2004 1224 2059 de
1256 2002 1471 2073 injuria
1500 2001 1776 2072 episcopo
1800 1999 1962 2056 illata
1991 2016 2085 2056 ex-
2196 1997 2442 2069 ejusque
2467 1998 2761 2068 judicium
2812 1998 3224 2069 postulaverat.
3258 2001 3363 2058 Sed
3402 2004 3556 2076 quia,
3593 2004 3770 2075 inquit
3800 2022 3884 2061 sa-

374 2094 703 2168 postulans,
736 2110 871 2149 cum
904 2093 977 2149 ob
1010 2096 1207 2149 notam
1240 2092 1607 2163 gravitatem,
1648 2090 2012 2146 sanctitatem
2035 2097 2088 2146 et
2197 2086 2600 2159 pientissimus
2638 2105 2802 2160 papa,
2826 2104 3012 2147 causae
3042 2089 3221 2161 ipsius
3250 2090 3485 2149 interna
3515 2093 3779 2149 sabtiliter
3801 2110 3889 2150 ne-

376 2184 912 2253 mansuetudinem,
932 2200 965 2239 a
996 2184 1050 2239 vi
1080 2188 1138 2239 et
1168 2181 1550 2238 insultatione
1582 2184 1741 2237 tanta
1771 2185 1931 2237 tutus
1961 2198 2089 2237 esse
2198 2192 2471 2248 quaquam
2518 2176 2799 2234 addiscere
2845 2186 2957 2234 tam
3001 2180 3167 2253 longo
3209 2182 3435 2239 itineris
3482 2184 3763 2239 intervallo
3788 2182 3894 2239 dis-

377 2274 680 2332 debuisset
708 2273 847 2346 (Lib.
899 2289 975 2341 vr,
1008 2288 1091 2345 ep.
1126 2273 1238 2343 43).
1292 2270 1437 2328 Unde
1484 2286 1696 2327 necesse
1732 2275 1832 2338 est,
1874 2270 2087 2343 inquit,
2188 2266 2379 2339 Juncti
2407 2265 2705 2334 potuimus,
2737 2282 2879 2337 eam,
2913 2270 3112 2326 incerti
3140 2271 3365 2342 quippe,
3396 2270 3625 2341 deﬁnire
3658 2275 3883 2344 nequivi-

377 2372 518 2421 utet
553 2379 643 2421 vos
673 2362 1066 2420 sacerdotalem
1110 2360 1203 2416 illi
1240 2362 1607 2417 reverentiam
1645 2360 1918 2427 exhibere,
1950 2360 2091 2415 sicut
2198 2372 2321 2412 mus
2349 2356 2490 2429 (Lib.
2525 2374 2601 2422 vr,
2647 2373 2731 2428 ep.
2757 2357 2871 2428 3’7).
2900 2360 3262 2431 Quapropter
3310 2362 3603 2433 Optimum
3637 2363 3686 2418 ei
3715 2363 3880 2417 visum

377 2456 525 2513 decet
567 2454 734 2526 ﬁlios,
773 2452 1037 2523 debeatis,
1087 2468 1185 2509 nec
1229 2452 1348 2521 eius
1386 2450 1456 2505 ad
1486 2449 1843 2506 iracundiam
1876 2452 2089 2505 animos
2200 2449 2286 2501 est
2315 2446 2720 2502 utColumbus
2737 2447 3239 2519 episcopusjudex
3262 2450 3656 2507 scderetinter
3675 2456 3882 2507 Petrum

372 2546 692 2619 provocetis.
725 2547 867 2601 Nam
896 2559 1020 2598 cum
1061 2556 1166 2614 quo
1198 2541 1363 2610 ﬁdam
1393 2541 1522 2595 estis
1542 2541 1786 2610 gratiam
1815 2538 2087 2608 habituri,
2200 2539 2256 2592 et
2284 2535 2412 2606 ejus
2442 2540 2829 2605 accusatores,
2856 2540 2986 2609 quia
3013 2554 3262 2608 praesens
3289 2555 3520 2597 causam
3548 2542 3888 2612 subtiliuspo—

373 2633 426 2691 si
450 2634 616 2702 vobis,
662 2632 803 2706 quod
850 2634 1021 2698 absit,
1078 2647 1203 2686 cum
1242 2630 1514 2686 sacerdote
1549 2628 1726 2701 fuerit
1773 2627 2090 2684 discordia?
2196 2627 2337 2680 terat
2363 2629 2526 2681 scire.
2567 2625 2891 2696 Aliquando
2938 2627 3115 2684 etiam
3146 2634 3463 2687 accusatos
3497 2632 3805 2703 episcopos,
3833 2635 3893 2687 ut

374 2723 502 2781 Alia
547 2721 794 2796 epistola
823 2721 994 2793 (Ibid.
1028 2737 1109 2793 ep.
1146 2720 1236 2791 44)
1269 2720 1553 2776 Joannem
1605 2718 1677 2773 ad
1717 2717 2088 2773 concordiam
2200 2729 2263 2769 se
2294 2721 2630 2788 purgarent,
2675 2716 2889 2787 regiam
2936 2718 3138 2774 urbem
3171 2727 3369 2791 petere
3398 2726 3454 2777 et
3485 2720 3803 2793 imperatori
3831 2736 3886 2776 se

377 2817 435 2870 et
476 2829 677 2886 pacem
697 2828 832 2868 cum
863 2811 1147 2867 Venantio
1170 2809 1498 2865 habendam
1524 2808 1788 2864 hortatus
1818 2812 1944 2874 est;
1978 2823 2087 2863 cu-
2200 2803 2404 2860 sistere
2443 2804 2841 2876 permittebat.

372 2904 474 2975 jus
529 2904 717 2976 gratia
766 2900 991 2974 placuit
1034 2899 1314 2972 Gregorio
1367 2916 1481 2955 non
1526 2898 1717 2953 solum
1767 2902 1829 2952 ut
1859 2897 2086 2969 patricii
2270 2894 2357 2949 11.
2390 2896 2575 2960 Quam
2608 2898 2843 2951 strenue
2878 2897 3011 2965 jura
3035 2898 3454 2969 episcoporum
3498 2906 3885 2973 prapugnaret,

381 2991 709 3048 oblationes
753 2991 1095 3062 susciperet,
1146 2991 1245 3047 sed
1281 2991 1457 3045 etiam
1507 2994 1572 3045 ut
1602 2990 1660 3044 in
1700 2990 1870 3045 domo
1899 2988 2087 3061 ipsius
2198 2983 2403 3056 probat
2440 2983 2674 3054 epistola
2715 2985 2783 3039 ad
2832 2985 3237 3057 Fortunatum,
3290 2988 3730 3062 Neapolitanum
3767 2988 3881 3061 epi—

379 3079 1193 3153 missarumperagimysteria
1208 3079 1589 3150 permitteret,
1616 3078 2083 3149 imoetiamipse,
2116 3126 2159 3153 ﬂ
2197 3088 2463 3143 scopum,
2514 3073 2683 3142 cujus
2729 3072 2850 3128 haec
2913 3074 3088 3131 verba
3130 3081 3311 3134 sunt:
3369 3079 3511 3147 Quia
3551 3079 3778 3150 pervenit
3818 3075 3884 3131 ad

381 3126 2083 3153 -ι-υν--ι-,ον--ο-ησ---μ--τν-κ---η---ι--η--η--ι--ν,
2208 3126 2249 3127 η
2303 3126 2319 3143 .
2450 3126 2462 3140 .
2562 3126 2604 3142 ν..
2670 3126 2673 3127 ν
2928 3126 3088 3131 -————
3131 3126 3311 3134 τ--ν-
3419 3126 3510 3134 --π
3820 3126 3880 3131 --τ

380 3170 433 3228 si
476 3169 738 3238 voluerit,
789 3168 1136 3238 Venantius,
1193 3168 1531 3224 celebraret.
1575 3168 1797 3240 Quippe
1844 3168 1916 3223 ob
1965 3168 2086 3223 hinc
2114 3126 2162 3195 Ο
2197 3178 2297 3218 nos
2327 3163 2552 3217 clericos
2571 3160 2830 3233 aliasque
2849 3165 3085 3218 civitatis
3115 3180 3179 3219 ac
3192 3126 3598 3236 μαῖ’οοῖἰείαὲ
3622 3169 3886 3240 religiosas

364 3261 497 3323 duo
514 3262 799 3334 denegata
822 3268 1011 3317 ortum
1038 3258 1358 3332 praesertim
1383 3258 1490 3313 hoc
1509 3258 1791 3330 jurgium.
1810 3258 1947 3323 Quis
1974 3258 2089 3315 nisi
2193 3268 2453 3326 personas
2483 3252 2549 3306 ab
2598 3253 2727 3307 aliis
2767 3253 3074 3323 conveniri,
3104 3257 3229 3326 ﬁeri
3260 3257 3364 3314 hoc
3402 3260 3469 3314 de
3496 3264 3692 3315 caetero
3716 3257 3886 3329 prohi-

378 3349 573 3421 lippus
622 3348 716 3405 hic
766 3364 882 3405 non
927 3348 1123 3405 videat
1172 3346 1324 3403 clare
1371 3345 1616 3402 usitatas
1648 3350 1705 3402 et
1746 3346 2090 3418 approbatas
2199 3344 2427 3407 bemus;
2456 3346 2509 3398 et
2538 3359 2711 3414 neque
2737 3344 2993 3399 clericum
3027 3349 3204 3414 tuum,
3256 3364 3433 3420 neque
3480 3348 3789 3405 monachum
3815 3348 3888 3402 vel

379 3440 596 3496 missas
628 3438 902 3511 privatas,
936 3442 993 3495 et
1033 3438 1093 3495 in
1126 3436 1366 3509 privatis
1398 3436 1666 3491 aedibus?

450 3530 611 3593 Quod
644 3532 871 3601 spectat
910 3528 982 3584 ad
1015 3527 1284 3584 altarium
1319 3525 1709 3597 pluralitatem
1744 3525 1897 3581 intra
1927 3526 2089 3598 ejus-

380 3620 514 3677 dem
564 3619 818 3676 ecclesiae
861 3622 1046 3691 septa,
1105 3616 1327 3673 eruitur
1374 3632 1441 3672 ex
1497 3616 1736 3688 epistola
1788 3616 1896 3672 hoc
1934 3631 2086 3673 anno

380 3724 609 3781 quoque
630 3709 849 3781 scripta
880 3708 953 3764 ad
986 3705 1328 3772 Palladium,
1348 3709 1766 3761 Santonensem
1790 3705 1852 3761 in
1883 3706 2086 3763 Galliis

378 3798 722 3877 episcopum
770 3797 911 3869 (Lib.
944 3812 1021 3863 vr,
1056 3810 1143 3867 ep.
1182 3796 1291 3866 49).
1328 3795 1739 3851 Construxerat
1769 3792 1867 3849 ille
1897 3794 2087 3851 eccle-

376 3888 527 3945 siam
577 3887 636 3943 in
693 3886 973 3943 honorem
1024 3886 1323 3941 beatorum
1380 3883 1777 3955 apostolorum
1830 3883 1984 3940 Petri
2029 3890 2086 3941 et

375 3976 562 4045 Pauli,
613 3981 951 4034 sanctorum
993 3974 1287 4031 Laurentii
1317 3978 1376 4030 et
1406 3972 1696 4029 Pancratii
1729 3978 2082 4046 martyrum;

374 4067 433 4123 in
460 4083 579 4139 qua
607 4064 884 4122 tredecim
935 4063 1142 4120 altaria
1180 4063 1512 4129 collocarat,
1565 4062 1922 4133 miseratque
1968 4064 2085 4120 Ro-

374 4172 532 4213 mam
573 4155 954 4227 Leuparicum
999 4153 1429 4226 presbyterum,
1464 4151 1534 4207 ad
1574 4151 1853 4223 petendas
1883 4169 2080 4208 sacras

372 4245 671 4315 reliquias,
706 4244 763 4298 in
796 4248 1047 4314 quatuor
1078 4240 1358 4297 altaribus
1390 4240 1652 4295 nondum
1684 4241 1967 4296 dedicatis
1988 4257 2083 4310 po-

374 4333 619 4390 nendas.
654 4331 871 4387 Annuit
900 4333 1031 4403 pius
1050 4331 1325 4402 pontifex,
1351 4330 1630 4402 misitque
1660 4330 1916 4387 Palladio
1950 4331 2077 4388 lau-
2187 4344 2320 4385 nere
2365 4330 2504 4401 (Lib.
2557 4346 2632 4397 v1,
2682 4345 2765 4401 ep.
2820 4331 2929 4402 il).
2982 4330 3112 4387 Haec
3155 4335 3485 4392 exscribere
3534 4353 3643 4391 non
3691 4332 3873 4404 piguit,

374 4422 643 4478 datorum
674 4419 1066 4492 apostolorum
1115 4436 1181 4475 ac
1222 4425 1545 4492 martyrum
1587 4419 1885 4492 reliquias,
1931 4438 2078 4493 quas
2189 4418 2342 4490 quod
2383 4419 2743 4489 judiciorum
2772 4419 3295 4480 ecclesiasticorum
3329 4426 3582 4482 fortnam
3609 4424 3879 4479 continere

372 4526 605 4566 summa
635 4524 770 4566 cum
789 4508 1109 4565 reverentia
1130 4508 1345 4580 suscipi
1369 4513 1425 4563 et
1445 4508 1715 4565 collocari
1743 4510 2075 4581 postulavit.
2111 4500 2155 4565 Ι)
2189 4509 2514 4565 videantur.

371 4598 652 4657 Consulat
693 4598 994 4655 studiosus
1034 4596 1214 4653 lector
1255 4603 1421 4653 notas
1452 4598 1522 4652 ad
1555 4598 1705 4653 hanc
1746 4597 2078 4669 epistolam,
2265 4598 2332 4654 Ut
2361 4598 2791 4670 episcoporum,
2832 4599 2913 4654 ita
2942 4599 3313 4657 ecclesiarum
3346 4602 3489 4673 jura
3517 4609 3577 4660 et
3606 4597 3880 4674 privilegia

369 4706 439 4748 ex
467 4688 683 4763 quibus
713 4687 900 4743 discet
929 4687 1099 4758 longe
1129 4690 1261 4741 ante
1292 4685 1637 4757 Gregorium
1670 4686 1921 4758 plurima
1953 4704 2076 4743 ere-
2188 4686 2412 4743 illibata
2432 4689 3009 4759 permanerevolebat
3028 4692 3405 4761 aequissimus
3424 4695 3768 4765 pontifex,ut
3790 4706 3877 4760 pa-

368 4784 463 4837 cta
494 4794 619 4835 esse
651 4776 875 4833 altaria.
911 4774 1030 4831 Etsi
1064 4792 1197 4831 vero
1227 4778 1559 4831 Graecorum
1594 4775 1918 4833 hodiernus
1948 4793 2077 4833 mos
2188 4777 2303 4832 lam
2322 4778 2637 4849 proﬁtetur,
2663 4780 2732 4834 ad
2763 4780 3011 4848 Donum,
3045 4780 3572 4852 Messanansem,et
3590 4783 3874 4842 Joannem,

366 4871 517 4927 hanc
539 4866 811 4925 altarium
854 4864 1295 4921 multitudinem
1329 4881 1445 4921 non
1482 4864 1772 4931 admittat,
1806 4864 1944 4921 olim
1979 4872 2075 4921 ta-
2186 4867 2610 4937 Syracusanum
2631 4869 3257 4941 episcopum,Pallium
3279 4872 3538 4929 mittens.
3558 4867 3873 4944 Inepistolis

366 4976 503 5016 men
534 4958 606 5015 ab
643 4955 787 5029 ipsis
830 4954 1073 5011 minime
1106 4954 1472 5026 reprobatum
1505 4970 1627 5009 esse
1658 4955 1983 5009 ostenditur
2010 4971 2080 5011 ex
2183 4954 2255 5009 ad
2288 4964 2601 5027 utrumque
2625 4957 2820 5012 missis
2843 4974 2970 5029 quas
2997 4964 3135 5014 sunt
3154 4960 3394 5017 omnino
3410 4961 3655 5029 similes,
3678 4960 3873 5028 depre—

366 5048 668 5105 Theodoro
701 5044 937 5101 Studita
970 5042 1214 5115 epistola
1240 5044 1365 5109 219,
1400 5044 1472 5113 (b)
1508 5042 1844 5115 interrogat.
1883 5043 1966 5097 15.
2002 5048 2078 5099 Ex

370 5136 574 5193 altaris
628 5152 787 5205 voce,
840 5136 889 5193 si
938 5150 1073 5192 cum
1114 5132 1481 5190 heterodoxis
1530 5132 1891 5204 digladiandi
1926 5140 2080 5191 esset

2197 3433 2499 3505 quamlibet
2537 3434 2778 3490 civitatis
2824 3436 3003 3492 aliam
3047 3437 3369 3509 religiosam
3417 3457 3702 3512 personam
3743 3453 3881 3511 paro-

2194 3523 2337 3580 chias
2365 3528 2474 3581 tum
2512 3524 2795 3580 conveniri
2816 3542 2849 3580 a
2874 3542 3167 3598 quoquam,
3198 3528 3286 3583 vel
3315 3530 3389 3586 ad
3413 3532 3638 3587 alterius
3659 3530 3879 3586 volumus

2186 3612 2466 3684 judicium
2512 3613 2781 3670 exhiberi.
2816 3615 2922 3671 Sed
2956 3615 3007 3670 si
3048 3619 3170 3687 quis
3197 3623 3397 3675 contra
3440 3620 3746 3693 hujusmodi
3769 3633 3879 3689 per-

2194 3718 2353 3757 sonas
2400 3703 2696 3772 cujuslibet
2740 3706 2947 3772 negotii
2975 3721 3191 3762 movere
3238 3710 3482 3765 voluerit
3525 3712 3884 3782 quaestionem,

2192 3793 2599 3861 fraternitatem
2647 3802 2798 3849 tuam
2833 3798 3047 3851 noverit
3067 3797 3415 3855 adeundam.
3452 3801 3557 3856 Aut
3582 3804 3634 3857 si
3656 3804 3808 3872 forte,
3837 3801 3886 3851 ut

2194 3882 2413 3950 assolet,
2441 3881 2633 3954 aliqua
2663 3882 2778 3938 illis
2808 3884 3052 3955 quolibet
3095 3886 3250 3942 modo
3278 3891 3453 3958 fuerit
3491 3896 3626 3946 nata
3648 3886 3883 3959 suspicio,

2192 3972 2242 4025 et
2272 3971 2572 4025 electorum
2600 3971 3031 4029 desideraverint
3066 3974 3302 4048 fortasse
3351 3980 3643 4047 judicium,
3683 3979 3773 4031 sub
3799 3986 3883 4029 tua

2190 4063 2535 4117 exsecutione
2576 4063 2815 4133 eligendi
2860 4066 2946 4132 fas
2978 4064 3217 4121 habeant
3255 4071 3605 4139 cognitores;
3641 4073 3885 4141 quatenus

2192 4150 2288 4205 hoc
2329 4150 2481 4206 modo
2530 4168 2625 4207 nec
2676 4158 2735 4207 tu
2770 4152 3029 4225 amisisse
3072 4156 3546 4226 jurisdictionem,
3614 4174 3707 4213 nec
3746 4163 3880 4210 actor

2190 4239 2337 4307 apud
2379 4247 2691 4311 suspectum
2738 4240 3013 4309 litigando
3040 4242 3292 4298 videatur
3318 4246 3702 4320 prejudicium
3736 4242 3880 4299 susti-

2186 5044 2436 5102 hendere
2482 5046 2624 5102 mihi
2674 5048 2871 5103 videor
2922 5064 3290 5105 communem
3339 5057 3396 5105 et
3440 5051 3709 5107 usitatam
3750 5043 3872 5118 palii

2185 5135 2536 5193 concedendi
2568 5136 2871 5193 formulam
2904 5138 3039 5205 (Lib.
3080 5155 3151 5206 νι,
3183 5154 3302 5211 epp.
3342 5138 3379 5192 5
3407 5147 3461 5195 et
3492 5139 3603 5209 18).

2183 5349 2515 5402 contineant.

2252 5420 2327 5490 (b)
2359 5419 2501 5474 Sunt
2532 5417 2805 5485 Ecclesia,
2839 5420 3031 5488 inquit
3073 5420 3433 5485 Theodorus,
3467 5434 3596 5489 quae
3623 5419 3753 5475 duas
3779 5416 3866 5469 aut

2184 5498 2291 5546 tres
2320 5490 2558 5545 habeant
2587 5490 2857 5547 aediculas
2900 5491 3116 5559 [Grece
3154 5491 3411 5565 κόγχας].
3452 5493 3555 5565 γεω
3589 5492 3678 5565 Aliis
3706 5493 3869 5543 autem

2180 5578 2293 5617 una
2341 5567 2418 5617 est
2467 5578 2632 5632 quam
2673 5577 2830 5618 nemo
2861 5565 3163 5635 occuparit,
3204 5562 3400 5619 utrum
3432 5564 3518 5632 fas
3559 5562 3639 5617 ibi
3673 5573 3870 5616 sacrum

2178 5638 2365 5705 facere
2384 5650 2457 5687 an
2478 5650 2607 5689 non.

2250 5704 2322 5779 (c)
2355 5704 2527 5763 Hebr.
2560 5721 2683 5771 xui,
2718 5706 2783 5762 10
2805 5723 2818 5774 ;
2844 5706 3071 5779 Apocal.
3109 5723 3185 5779 νι,
3221 5706 3273 5765 9.

443 5345 519 5417 (a)
544 5347 601 5399 Β.
636 5344 746 5401 Leo
778 5345 947 5415 epist.
986 5348 1071 5412 t2,
1103 5361 1153 5401 c.
1184 5346 1257 5403 9:
1308 5345 1564 5401 Alienum
1592 5345 1866 5413 clericum,
1900 5347 2077 5403 invito

369 5418 613 5487 episcopo
671 5417 871 5489 ipsius,
920 5431 1077 5489 nemo
1124 5420 1406 5487 suscipiat.
1469 5417 1615 5471 ibid.
1656 5433 1668 5472 :
1716 5418 2076 5489 Trans/ugam

367 5486 631 5545 clericum
657 5486 727 5542 ad
756 5503 914 5541 suam
936 5487 1213 5541 ecclesiam
1234 5486 1684 5558 metrOpolitanus
1710 5486 1891 5545 redire
1928 5486 2075 5545 cem-

364 5560 557 5639 pellat.
599 5559 686 5639 _Et_
717 5574 805 5639 ep.
844 5558 933 5624 13,
958 5558 1104 5639 ο..ρε
1160 5559 1223 5639 Ut
1269 5561 1801 5639 n_ullus__episc0pus,
1829 5562 2077 5639 alterius

368 5627 608 5703 episcopi
638 5628 903 5685 clericum
949 5627 1063 5703 sibi
1106 5628 1305 5685 audeat
1336 5627 1630 5695 vindicare,
1662 5627 1793 5703 sine
1816 5632 1972 5687 illius
2003 5635 2076 5689 ad

368 5699 529 5777 quem
550 5699 791 5774 pertinet
821 5699 1086 5768 cessione,
1115 5715 1281 5770 quam
1336 5703 1516 5756 tamen
1550 5702 1820 5759 evidentia
1869 5707 2069 5777 scripta
