4106 6174
255 230 361 289 397

252 459 454 515 Sicilia
485 466 542 515 et
585 459 784 525 Italiae,
816 459 1077 514 Romano
1111 459 1370 531 pontifici
1425 466 1701 529 tanquam
1736 466 1954 512 metro-

252 550 502 621 politano
535 552 928 618 subditarum,
959 560 1090 605 tunc
1126 550 1303 605 fuisse
1335 558 1704 606 consecratas
1738 550 1955 620 absque

251 640 435 712 ipsius
454 641 727 709 licentia;
757 641 911 711 quod
937 658 1048 695 non
1075 641 1266 695 solum
1290 656 1357 696 ex
1381 642 1453 709 (a)
1476 638 1718 711 epistola
1736 639 1823 706 45,
1852 640 1955 693 hoc

247 745 391 784 anno
424 730 667 800 scripta,
701 730 942 795 eruitur,
976 729 1073 783 sed
1103 728 1274 782 etiam
1309 744 1375 783 ex
1408 728 1539 782 aliis
1574 726 1860 798 plurimis.
1894 725 1953 779 ln

248 818 313 889 (b)
347 819 706 891 baptisteriis
730 819 1145 874 consecrandis
1168 820 1369 873 eadem
1402 822 1525 873 erat
1548 818 1718 872 ratio.

316 909 399 963 12.
453 907 798 979 Exemplum
847 908 1016 963 nobis
1067 908 1286 979 praebet
1338 908 1493 963 modi
1536 908 1589 962 in
1639 905 1954 960 laudandis

248 997 444 1055 amicis
477 997 711 1053 tenendi
743 996 987 1067 epistola
1012 999 1080 1052 ad
1115 998 1481 1068 Stephanum
1516 996 1783 1051 abbatem
1815 995 1953 1049 Liri-

247 1106 487 1147 nensem
539 1088 777 1160 scripta.
819 1090 892 1145 De
931 1088 1240 1144 concordia
1280 1090 1406 1157 ejus
1461 1087 1948 1158 congregationis,

243 1178 296 1234 in
328 1194 445 1249 qua
478 1177 674 1249 plures
716 1182 883 1233 erant
913 1178 1229 1249 presbyteri
1265 1182 1321 1231 et
1359 1178 1611 1244 diaconi,
1644 1175 1948 1231 certiorem

242 1269 449 1324 fecerat
486 1284 699 1339 papam
748 1267 1113 1337 Augustinus
1154 1267 1393 1322 Romam
1441 1266 1688 1321 rediens.
1723 1266 1947 1331 Quanto

239 1373 365 1413 cum
397 1358 616 1429 gaudio
648 1357 705 1411 id
730 1356 1013 1428 acceperit
1054 1355 1366 1428 Gregorius
1395 1359 1663 1421 testatur,
1699 1353 1946 1425 Stepha-

240 1462 371 1502 num
421 1446 692 1501 abbatem
729 1445 928 1501 amicis
979 1444 1341 1517 compellnns
1374 1444 1606 1511 litteris,
1636 1444 1947 1515 laudatque

240 1537 357 1605 ejus
388 1535 783 1606 vigilantiam,
808 1538 864 1588 et
896 1551 996 1604 pro
1028 1535 1196 1590 donis
1229 1537 1298 1589 ab
1340 1550 1405 1590 eo
1449 1533 1699 1603 acceptis
1730 1533 1801 1588 ad
1837 1531 1945 1586 mi-

240 1626 533 1682 nisterium
559 1641 885 1698 pauperum
910 1624 1125 1696 gratias
1149 1626 1289 1696 agit.
1316 1629 1585 1679 Attamen
1622 1622 1945 1695 praamissis

690 232 755 292 S.
807 229 1176 292 GREGORII
1223 231 1468 291 MAGNI
1516 231 1719 302 VITA,
1770 229 1867 289 EX
1914 228 2101 291 EJUS
2147 230 2495 295 SCRIPTIS
2546 236 2991 302 ADORNATA.
3039 244 3185 304 LIB.
3236 244 3340 307 III.

317 371 529 427 Notatu
562 372 803 442 dignum
837 375 924 426 est
977 370 1166 426 nullas
1207 370 1481 426 ecclesias
1521 368 1947 440 provinciarum
1980 369 2033 436 Α

3657 252 3780 316 398

2138 370 2201 425 In
2229 371 2341 428 alia
2373 373 2617 430 breviori
2641 378 2709 432 ad
2736 376 3038 448 Cyriacum
3061 380 3303 450 epistola
3320 387 3568 442 testatur
3588 387 3777 460 ipsius

2069 458 2213 513 bona
2238 460 2586 530 jampridem
2622 465 2731 520 sibi
2765 472 3079 537 perspecta,
3115 470 3255 524 dum
3287 472 3512 531 scilicet
3544 458 3778 537 iniurbe

2065 548 2223 618 regia
2247 561 2585 608 moraretur.
2610 555 2818 609 Animo
2850 557 3309 627 despondentem
3332 578 3399 617 ex
3422 561 3775 627 infirmitatis

2066 638 2440 705 conscientia,
2474 641 2643 710 erigit
2674 643 2912 699 dicens:
2949 645 3162 702 Scimus
3212 650 3342 719 quia
3370 654 3556 721 prima
3598 658 3777 714 virtus

2066 732 2142 781 est
2171 730 2413 795 cognitio
2437 730 2799 799 inﬁrmitatis,
2827 739 2991 805 atque
3030 752 3099 791 ea:
3146 753 3205 792 eo
3256 739 3578 813 colligimus
3615 763 3770 817 posse

2064 834 2153 873 vos
2185 819 2312 875 bene
2348 831 2654 893 susceptum
2684 824 3060 882 ministerium
3106 830 3352 900 implere,
3386 834 3522 904 quia
3568 853 3657 893 vos
3688 841 3774 896 vi-

2063 910 2252 966 demus
2276 913 2651 979 inﬁrmitatem
2669 919 2951 987 prapriam
2973 934 3042 973 ea:
3071 919 3392 978 humilitate
3425 942 3769 998 cognoscere.

2062 1000 2258 1057 Omnes
2288 1004 2437 1058 enim
2466 1004 2683 1075 inﬁrmi
2712 1022 2922 1073 sumus,
2951 1008 3043 1062 sed
3092 1009 3194 1067 ille
3217 1018 3294 1067 est
3344 1014 3642 1088 inﬁrmior,
3676 1022 3775 1091 qui

2060 1106 2218 1145 suam
2266 1094 2606 1150 considerare
2654 1112 2763 1152 non
2808 1098 2953 1152 valet
3009 1097 3397 1169 inﬁrmitatem
3452 1104 3597 1175 (Lib.
3663 1125 3768 1180 vn,

2059 1195 2145 1251 ep.
2171 1181 2254 1250 5).

2129 1272 2182 1326 2.
2226 1272 2305 1327 De
2336 1272 2555 1345 Cyriaci
2589 1273 2869 1333 electione
2920 1277 3251 1350 gratulatus
3296 1287 3380 1338 est
3430 1286 3767 1356 Imperatori

2059 1359 2142 1413 vir
2167 1360 2600 1429 sanctissimus,
2634 1363 2790 1434 quod
2823 1365 2893 1420 de
2942 1367 3158 1436 optimo
3211 1377 3440 1441 pastore
3492 1373 3767 1431 Ecclesia;

2056 1450 2702 1520 Constantinopolitanae
2770 1454 2960 1509 dando
3031 1458 3174 1513 adeo
3245 1460 3420 1516 fuerit
3481 1462 3765 1521 sollicitus

2059 1540 2201 1611 (Lib.
2236 1558 2335 1608 vn,
2369 1558 2456 1611 ep.
2487 1544 2565 1616 6).
2605 1546 2878 1611 Quaedam
2912 1563 2979 1601 ex
3031 1549 3277 1616 epistola
3307 1551 3378 1605 ad
3413 1551 3765 1611 Mauricium

2057 1631 2452 1703 subjiciemus,
2478 1650 2544 1687 ex
2577 1635 2792 1705 quibus
2825 1636 3177 1709 intelligetur
3207 1641 3339 1711 quis
3379 1650 3533 1698 esset
3562 1645 3762 1716 Cyria-

245 1716 510 1772 laudibus
529 1716 731 1772 subdit
757 1716 902 1770 hanc
923 1715 1420 1771 adhortationem:
1451 1716 1585 1783 Quia
1608 1731 1731 1769 vero
1756 1714 1948 1769 huma-
1975 1735 2022 1800 B
2056 1728 2255 1785 cus,et
2288 1738 2400 1792 qua
2451 1723 2671 1777 ratione
2700 1726 2926 1781 tardius
2973 1729 3205 1793 Joanni,
3241 1731 3341 1801 qui
3393 1748 3507 1787 non
3556 1714 3763 1801 parum

241 1810 295 1861 ni
311 1806 530 1879 generis
552 1808 814 1861 inimicus
832 1805 1097 1861 insidiari
1111 1805 1312 1860 nostris
1338 1805 1551 1860 actibus
1570 1822 1677 1860 non
1695 1806 1940 1875 quiescit,

244 1898 321 1952 sed
367 1896 597 1951 assidua
649 1895 952 1951 calliditate
999 1896 1096 1951 hoc
1141 1898 1361 1964 nititur,
1394 1903 1452 1950 ut
1504 1897 1607 1950 Deo
1653 1896 1942 1949 servientes

248 1987 451 2041 animas
498 1986 561 2041 in
608 1986 849 2058 qualibet
897 1991 1061 2056 parte
1104 1986 1354 2056 decipia:
1399 1985 1537 2052 ideo,
1588 1984 1943 2039 dilectissime

252 2078 338 2146 ﬁli,
363 2078 647 2133 hartamur
680 2082 738 2131 ut
770 2076 1203 2131 sollicitudinem
1250 2085 1402 2131 tuam
1447 2076 1746 2146 vigilanter
1775 2091 1940 2129 exer-

252 2181 371 2233 ceas,
395 2174 445 2221 et
474 2166 556 2221 ita
578 2167 889 2222 commissos
922 2166 1170 2221 oratione
1191 2170 1242 2220 et
1272 2182 1403 2219 cura
1424 2164 1733 2236 providenti
1758 2169 1939 2218 custo-

252 2253 373 2321 dias,
405 2262 464 2310 ut
517 2254 682 2327 lupus
712 2256 1043 2311 circumiens
1082 2256 1295 2311 nullam
1343 2254 1658 2311 dilaniandi
1700 2256 1942 2310 occasio-

252 2361 357 2400 nem
384 2345 642 2402 inveniat
666 2344 805 2417 (Lib.
840 2361 912 2414 vx,
944 2360 1027 2415 ep.
1060 2345 1172 2415 56)-

929 2508 1163 2565 CAPU'I‘
1202 2510 1244 2565 Χ

248 2656 437 2706 Ancum.
460 2683 523 2691 -—
556 2655 599 2703 1.
624 2655 872 2717 Cyriacus
896 2652 1201 2716 patriarcha
1232 2652 1324 2717 ΟΡ.
1360 2652 1522 2700 mittit
1552 2651 1617 2717 ad
1648 2650 1701 2699 S.
1732 2650 1936 2717 Grego-

300 2717 427 2767 rium
451 2714 774 2781 legationem
809 2722 859 2764 et
880 2714 1189 2781 epistolam.
1214 2716 1312 2764 Cui
1345 2715 1651 2781 respondet.
1673 2741 1735 2781 —_
1761 2714 1812 2781 2ἶ
1841 2716 1935 2777 Cy-

300 2782 416 2829 riaci
456 2775 780 2829 ericomium.
806 2775 1315 2839 —3.'Corripiontur
1350 2775 1441 2838 qui
1468 2790 1668 2824 sacram
1707 2775 1935 2838 Scriptu-

313 2858 413 2891 ram
436 2848 763 2904 usurparent
792 2842 857 2889 ad
878 2855 1003 2891 eum
1037 2840 1707 2904 laudandum.—4.I_segati
1731 2840 1934 2904 Cyriaci

298 2907 481 2969 erroris
514 2902 819 2969 arguuntur
838 2919 883 2969 a7
917 2919 1174 2969 papas—A
1195 2903 1242 2951 5.
1278 2903 1475 2969 Fabula
1511 2902 1933 2969 de‘TrajanoS.

299 2967 530 3029 Gregorii
565 2965 810 3029 precibus
837 2965 1057 3015 liberato
1090 2966 1211 3013 inde
1243 2966 1476 3026 explosa.
1508 2965 1608 3013 Sed
1643 2966 1933 3029 priesertim

301 3045 359 3079 ex
395 3007 643 3093 Bialogris.
675 3029 807 3093 —76.
838 3007 1399 3093 Objectioues’conira
1428 3007 1708 3093 pmuaru‘m
1741 3028 1933 3093 inferni

2053 1809 2348 1876 laudatur,
2376 1812 2550 1866 fuerit
2581 1828 2884 1869 successor
2914 1815 3120 1872 datus:
3153 1819 3267 1873 Non
3305 1836 3512 1890 parum,
3546 1822 3761 1895 inquit,

2050 1902 2221 1971 potuit
2245 1917 2361 1955 esse
2393 1901 2677 1971 mercedis,
2708 1903 2851 1973 quod
2898 1906 3106 1961 Joanne
3130 1918 3338 1965 sanctae
3386 1912 3674 1971 memorias
3697 1914 3763 1969 de

2052 1990 2153 2044 hac
2185 1990 2304 2046 luce
2344 1991 2640 2056 subtracto,
2676 1992 2745 2047 ad
2793 1994 3161 2051 ordinandum
3209 1999 3544 2057 sacerdotem
3589 2005 3762 2074 pietas

2048 2084 2224 2136 vestra
2265 2082 2363 2136 diu
2419 2083 2715 2147 haesitavit,
2770 2090 2978 2153 tempus
3027 2089 3196 2156 paulo
3249 2088 3466 2157 longius
3514 2092 3761 2155 distulit.

2048 2186 2169 2225 cum
2202 2177 2347 2225 metu
2386 2174 2773 2242 omnipotentis
2812 2174 3030 2229 Domini
3067 2176 3361 2231 consilium
3393 2182 3668 2248 quasivit,
3700 2190 3761 2237 ut

2048 2260 2298 2316 videlicet
2350 2278 2518 2316 causa
2562 2263 2654 2317 Dei
2685 2278 2805 2316 cum
2846 2280 3045 2331 magno
3094 2266 3366 2322 debuisset
3401 2270 3603 2325 timore
3631 2271 3755 2327 dis-

2044 2349 2196 2419 poni.
2234 2350 2379 2406 Unde
2408 2361 2457 2406 et
2487 2360 2676 2423 aptum
2722 2352 2877 2408 valde
2905 2356 3140 2409 existere
3174 2356 3233 2409 in
3280 2359 3554 2428 pastorali
3598 2346 3773 2431 regi-l

2046 2442 2193 2494 mine
2255 2442 2485 2509 fratrem
2531 2444 2694 2510 atque
2740 2442 3174 2499 consacerdotem
3230 2461 3412 2502 meum
3465 2447 3757 2520 Cyriacum

2045 2528 2322 2596 existimo,
2372 2545 2530 2599 quem
2572 2529 2641 2584 ad
2686 2534 2935 2585 eumdem
2992 2533 3241 2588 ordinem
3292 2537 3514 2604 pietatis
3565 2545 3755 2595 vestrae

2046 2619 2279 2675 consilia
2308 2620 2472 2687 longa
2516 2625 2843 2688 genuerunt.
2881 2621 2986 2688 Qui
3033 2624 3089 2677 in
3141 2624 3620 2682 administrandis
3649 2628 3756 2683 du-

2046 2710 2176 2764 dum
2225 2710 2385 2763 rebus
2431 2709 2813 2764 ecclesiasticis
2861 2727 3026 2781 quam
3074 2712 3352 2769 sollicitus
3393 2725 3444 2770 et
3492 2718 3755 2787 quomodo

2045 2799 2214 2870 fuerit
2260 2801 2613 2866 exercitatus,
2664 2804 2850 2856 cuncti
2912 2802 3181 2857 novimus.
3228 2805 3376 2861 Unde
3421 2815 3472 2861 et
3499 2823 3758 2877 superna-

2043 2897 2253 2961 gestum
2283 2889 2690 2959 dispensatione
2719 2907 2827 2944 non
2854 2891 3071 2962 ambigo
3095 2910 3114 2947 :
3145 2898 3203 2948 ut
3232 2896 3333 2964 qui
3363 2895 3493 2950 bene
3522 2898 3754 2954 minima

2044 2986 2301 3049 gesserat,
2334 2996 2566 3049 congrue
2614 2983 2829 3051 majora
2876 2984 3189 3052 susciperet,
3232 2988 3393 3054 atque
3428 3002 3460 3040 a
3492 3000 3627 3041 cura
3666 3002 3763 3041 re-

301 3069 982 3177 mtergitai’emosp‘lvunttir.
1005 3118 1067 3127 -—
1094 3090 1283 3177 7.ACur
1316 3069 1463 3138 ﬁnita
1495 3090 1649 3152 culpa
1682 3089 1937 3177 punnigtur

303 3158 403 3177 -:_,.
466 3170 528 3177 .._
757 3168 817 3177 η..
839 3155 1004 3177 ...ηυδε
1027 3168 1119 3177 ..-ι-ι
1180 3153 1401 3177 -..νιν-..οἶμ-
1429 3167 1531 3177 nn...
1556 3158 1703 3177 “unus
1785 3168 1805 3177 ,ι
1854 3166 1931 3177 ΛΜ

2084 3086 2192 3135 um,
2249 3069 2317 3124 ad
2385 3069 2701 3124 animarum
2771 3070 3051 3138 regimina
3119 3073 3378 3127 transiret
3430 3073 3575 3144 (Lib.
3626 3090 3758 3143 vm,

302 3158 406 3204 sine
425 3156 629 3204 ﬁne.—
647 3154 695 3204 8.
712 3154 817 3202 Cur
838 3155 1005 3202 sancti
1027 3168 1121 3213 pro
1140 3153 1404 3200 damnatis
1428 3167 1535 3200 non
1554 3158 1724 3201 orent.
1742 3153 1934 3201 Eadem

303 3220 500 3267 ratione
532 3219 789 3280 probatur
819 3216 869 3264 S.
902 3218 1217 3280 Gregorium,
1251 3229 1404 3280 ngare
1436 3229 1544 3263 non
1577 3216 1810 3280 potuisse
1844 3229 1937 3276 pro

300 3277 549 3342 Trajanof
570 3307 633 3315 —
661 3281 708 3328 9.
743 3278 969 3328 Joannis
1002 3278 1221 3327 Diaconi
1250 3277 1501 3342 eﬁ'ugiutn
1537 3278 1854 3342 exploditur.
1879 3302 1940 3314 —

303 3343 373 3391 10.
393 3340 581 3392 Petita:
627 3342 765 3405 esAS.
802 3344 1074 3405 Perpetua:
1105 3341 1235 3389 actis
1280 3340 1570 3402 objectioni
1621 3342 1936 3390 occurritur.

300 3410 420 3465 (An.
454 3405 548 3455 596
583 3410 635 3454 et
663 3403 797 3465 597.)

312 3526 355 3574 t.
382 3524 501 3578 Etsi
533 3522 792 3577 Joannes
834 3521 938 3575 ΟΡ.
972 3536 1003 3575 e
1030 3520 1171 3574 vivis
1209 3519 1550 3575 excessisset
1597 3536 1793 3574 mense
1841 3522 1940 3574 Ja-

244 3612 433 3667 nuario
474 3628 570 3667 an.
619 3611 746 3673 595,
798 3615 861 3664 ut
893 3611 1017 3680 jam
1069 3626 1247 3679 supra
1302 3608 1631 3663 monuimus
1681 3609 1831 3679 (Cap.
1886 3611 1938 3675 1,

245 3715 390 3755 num.
424 3703 532 3772 15),
567 3702 696 3771 ejus
727 3705 921 3756 tamen
956 3700 1307 3755 successoris
1337 3698 1557 3769 Cyriaci
1589 3698 1937 3769 legationem

246 3794 295 3844 et
321 3791 620 3861 epistolam
654 3789 1018 3861 synodicam,
1053 3790 1122 3843 de
1155 3805 1261 3842 sua
1296 3787 1578 3842 electione
1610 3804 1674 3841 ac
1706 3787 1939 3841 ordina-

244 3878 384 3936 tione
431 3881 765 3947 scribentis,
819 3879 1053 3935 nonnisi
1102 3884 1225 3948 post
1284 3878 1489 3948 viginti
1538 3878 1652 3932 fere
1710 3893 1939 3932 menses

245 3971 453 4041 excepit
484 3972 543 4026 S.
574 3969 910 4041 Gregorius.
947 3968 1162 4037 Cyriaci
1196 3966 1471 4038 epistolas
1506 3966 1741 4022 honoris
1765 3982 1940 4021 causa

245 4058 481 4115 detulero
495 4065 556 4114 nt
576 4058 861 4129 Georgius
886 4059 1185 4128 presbyter
1202 4063 1257 4111 et
1276 4057 1614 4112 Theodorus
1634 4056 1936 4111 diaconus.

244 4146 339 4203 His
369 4150 726 4221 respondens
771 4165 937 4217 papa,
972 4147 1171 4201 laudat
1216 4147 1450 4217 quidem
1505 4146 1799 4218 Cyriacum
1835 4162 1937 4217 pro

245 4254 425 4295 amore
451 4238 664 4312 quietis
699 4238 1041 4309 pastoralem
1075 4236 1527 4292 sollicitudinem
1566 4237 1806 4307 fugisse,
1834 4236 1938 4291 sed

246 4325 368 4384 inde
416 4331 624 4401 probat
672 4328 867 4399 ipsum
918 4327 987 4381 ad
1041 4325 1429 4397 episcopalem
1475 4328 1935 4396 promovendum

249 4417 413 4475 fuisse
434 4419 774 4490 dignitatem
804 4434 816 4471 :
855 4416 995 4485 Quia
1023 4416 1167 4470 sicut
1217 4417 1364 4469 lacus
1397 4416 1691 4483 regimini:
1728 4416 1937 4471 deside-

247 4509 478 4564 rantibus
493 4476 795 4577 megarzdus
825 4476 922 4574 est,
958 4507 1035 4560 ita
1073 4505 1414 4576 fugientibus
1452 4476 1759 4576 oﬂerendus
1789 4507 1935 4576 (Lib.
1971 4476 2016 4540 D

248 4612 340 4666 vn,
369 4616 447 4669 ep.
481 4600 558 4667 4).
596 4602 784 4654 Monet
816 4597 1012 4667 itaque
1042 4596 1278 4651 internae
1314 4594 1721 4664 tranquillitati
1745 4595 1932 4649 chari-

248 4690 405 4743 tatem
438 4704 573 4758 erga
620 4686 948 4756 proximum
1002 4700 1125 4739 esse
1174 4685 1610 4755 praeferendam,
1646 4686 1795 4754 quo'l
1832 4702 1937 4739 suo

248 4793 461 4850 quoque
489 4776 745 4835 ostendit
776 4775 1064 4847 exemplo,
1102 4781 1156 4831 et
1188 4793 1302 4847 qua
1333 4776 1555 4830 ratione
1587 4777 1774 4830 caveri
1805 4792 1937 4845 pos-

247 4867 317 4921 sit
346 4885 411 4924 ne
439 4885 589 4923 cura:
623 4866 874 4938 pastoris
922 4864 1176 4920 animum
1199 4864 1426 4935 penitus
1456 4866 1725 4929 obruant,
1753 4864 1937 4919 docet.

248 4954 391 5017 Quod
415 4960 641 5029 spectat
673 4955 747 5010 ad
770 4954 899 5008 fidei
933 4953 1357 5009 confessionem
1386 4972 1417 5007 a
1449 4952 1684 5024 Cyriaco
1719 4952 1937 5020 datam,

250 5042 416 5113 ipsam
476 5046 755 5113 approbat
816 5060 1016 5114 papa;
1068 5041 1293 5096 dubitat
1352 5043 1734 5096 nihilominus
1784 5042 1938 5096 274

250 5138 423 5191 utrum
444 5135 684 5206 quidam
703 5134 776 5203 (ε)
800 5132 1092 5188 Eudoxius
1125 5132 1274 5186 inter
1302 5131 1604 5186 haereticos
1628 5149 1660 5185 a
1684 5136 1937 5201 quatuor

247 5228 462 5295 synodis
509 5223 886 5281 meumenicis
936 5224 1246 5278 damnatos
1284 5223 1485 5277 referri
1534 5222 1842 5291 debuerit;
1879 5226 1938 5277 at

251 5315 363 5385 ejus
406 5314 831 5370 dubitationem
862 5317 918 5367 et
967 5312 1393 5367 haesitationem
1444 5318 1644 5383 postea
1696 5312 1943 5367 sustulit

251 5402 520 5475 Eulogius.
557 5406 636 5459 De
683 5401 1023 5458 meumenici
1072 5402 1239 5456 titulo
1288 5402 1616 5472 respuendo
1668 5401 1934 5472 quaedam

252 5494 485 5565 attingit.

311 5638 379 5706 (a)
403 5637 525 5693 Lib.
559 5653 636 5701 vr,
690 5650 779 5705 ep.
812 5635 915 5701 45;
948 5634 1049 5690 lib.
1092 5651 1191 5701 xu,
1226 5650 1315 5706 ep.
1344 5634 1404 5688 11
1435 5650 1446 5687 :
1478 5632 1578 5687 lib.
1613 5650 1722 5703 xw,
1759 5650 1849 5706 ep.
1875 5633 1930 5688 9.

314 5708 381 5780 (b)
412 5708 531 5767 Lib.
563 5724 687 5779 xm,
718 5723 809 5779 ep.
840 5708 930 5762 20.

2054 3175 2139 3229 ep.
2169 3160 2279 3228 34).

2125 3250 2174 3302 3.
2204 3250 2267 3302 In
2299 3247 2664 3303 ordinatione
2694 3248 2937 3321 Cyriaci,
2966 3248 3224 3320 episcopi
3259 3249 3500 3321 quidam
3543 3250 3758 3307 immo-

2054 3338 2310 3393 deratius
2342 3337 2671 3394 exultantes
2693 3338 3079 3393 exclamarant
3104 3356 3116 3393 :
3148 3341 3275 3396 llaec
3295 3342 3409 3395 dies
3430 3356 3594 3412 quam
3622 3341 3759 3410 fecit

2060 3430 2343 3495 Dominus,
2376 3428 2709 3481 exsultemus
2756 3436 2804 3482 et
2852 3429 3105 3484 latemur
3154 3430 3214 3482 in
3257 3444 3341 3485 ea.
3376 3430 3551 3499 (Psal.
3582 3445 3755 3496 cxvu,

2050 3518 2162 3587 24).
2198 3516 2372 3581 Quasi
2407 3515 2491 3571 sol
2521 3524 2669 3571 esset
2699 3516 2791 3570 hic
2826 3518 3154 3587 patriarcha
3184 3519 3355 3588 cujus
3384 3516 3609 3574 lumine
3631 3519 3758 3574 dies

2052 3607 2357 3662 illuxisset.
2395 3606 2550 3661 llanc
2586 3606 2887 3661 verborum
2940 3624 3116 3662 sacrm
3147 3607 3456 3678 Scriptura
3506 3625 3761 3681 usurpa-

2053 3696 2265 3749 tionem
2336 3694 2392 3747 in
2448 3710 2714 3748 sermone
2764 3695 3087 3750 adulatorio
3147 3712 3388 3766 prorsus
3454 3697 3759 3753 damnavit

2052 3783 2111 3837 S.
2138 3782 2466 3851 Gregorius,
2495 3782 2573 3835 uti
2607 3784 2726 3837 suis
2748 3784 2817 3837 ad
2849 3783 2978 3837 illos
3001 3785 3305 3855 episcopos
3339 3786 3552 3842 litteris
3576 3787 3755 3856 signi-

2051 3872 2241 3926 ﬁcavit
2289 3872 2428 3941 (Lib.
2465 3888 2580 3936 vm,
2614 3888 2697 3941 ep.
2723 3873 2800 3939 7).
2843 3874 2921 3928 Ne
2953 3890 3084 3927 vero
3136 3878 3437 3941 putaretur
3473 3874 3757 3946 zelotypia

2051 3962 2365 4026 laborasse,
2402 3962 2723 4031 laudesque
2772 3962 3006 4029 Cyriaco
3057 3962 3294 4017 collatas
3334 3963 3404 4016 ad
3454 3980 3515 4018 se
3560 3964 3755 4035 potius

2049 4050 2278 4105 trahere
2311 4049 2587 4114 voluisse,
2623 4050 2820 4104 statim
2856 4050 3087 4122 culpam
3121 4050 3517 4105 immoderata;
3551 4052 3755 4107 lauda-

2049 4139 2226 4195 tionis
2252 4139 2430 4209 hujus
2454 4138 2671 4195 elevare
2704 4143 2965 4195 conatur.
2988 4142 3276 4205 Quantum
3309 4144 3503 4195 autem
3528 4140 3755 4196 alienus

2050 4234 2203 4284 esset
2226 4246 2258 4283 a
2293 4228 2490 4283 nimiis
2514 4233 2569 4283 et
2599 4228 2951 4293 immodicis,
2979 4230 3094 4283 imo
3127 4245 3159 4283 a
3184 4227 3547 4299 quibuslibet
3568 4229 3758 4284 laudi-

2050 4320 2155 4372 bus
2186 4317 2527 4390 appetendis
2559 4323 2613 4372 et
2658 4317 3039 4387 aucupandis,
3072 4321 3223 4373 certe
3277 4316 3508 4383 millies,
3542 4324 3599 4373 et
3644 4318 3753 4374 hoc

2051 4409 2365 4476 praesertim
2416 4424 2567 4461 anno
2611 4411 2889 4461 testatum
2955 4407 3208 4477 reliquit,
3259 4407 3399 4461 dum
3460 4408 3756 4478 redarguit

2050 4498 2357 4565 Joannem,
2410 4499 2841 4568 Syracusanum
2892 4496 3254 4568 epiSCOpum,
3306 4498 3379 4551 ob
3428 4497 3754 4554 adhibitam

2047 4604 2163 4642 suae
2209 4605 2417 4642 mensae
2450 4604 2638 4642 coram
2671 4588 2963 4642 extraneis
3007 4586 3483 4642 lucubrationum
3514 4603 3756 4643 suarum

2051 4675 2359 4731 lectionem
2395 4676 2581 4744 (Ibid,
2609 4692 2691 4748 ep.
2725 4676 2801 4746 9).

2119 4767 2309 4837 Legati
2352 4766 2593 4838 Cyriaci,
2647 4767 2895 4820 testibus
2948 4765 3209 4822 Ecclesiae
3260 4765 3427 4820 Rom.
3461 4763 3750 4831 diaconis,

2043 4855 2555 4911 dixerantzlesum
2606 4854 2883 4909 Christum
2932 4856 3002 4909 att
3049 4856 3255 4924 inferos
3306 4855 3748 4923 descendentem,

2043 4962 2224 5002 omnes
2256 4950 2351 5018 qui
2394 4948 2509 5001 illic
2529 4947 2928 5016 conﬁterentur
2949 4962 3071 5000 eum
3105 4948 3290 5011 Deum,
3322 4946 3560 5000 salvasse
3591 4955 3754 5017 atque

2042 5054 2074 5091 a
2101 5037 2273 5107 poenis
2304 5037 2498 5092 debitis
2532 5036 2807 5091 liberasse.
2844 5037 2916 5088 De
2946 5052 3047 5105 qua
3089 5050 3167 5097 re,
3198 5032 3409 5101 inquit.
3441 5037 3496 5087 S.
3526 5034 3750 5105 doctor,

2044 5128 2159 5182 volo
2194 5130 2246 5180 ut
2273 5127 2517 5181 Charitas
2568 5128 2743 5179 vestra
2775 5124 2929 5192 longe
2976 5122 3139 5176 aliter
3165 5122 3383 5176 sentiat.
3410 5123 3746 5180 Descendens

2042 5220 2245 5288 quippe
2274 5217 2341 5271 ad
2384 5218 2613 5281 inferos,
2646 5214 2785 5269 solos
2830 5213 2954 5267 illos
2981 5227 3079 5283 per
3123 5212 3371 5281 gratiam
3417 5228 3575 5269 suam
3608 5214 3750 5272 libe-

2043 5309 2206 5375 ravit,
2229 5305 2324 5377 qui
2354 5322 2477 5360 eum
2497 5308 2547 5357 et
2566 5310 2853 5357 venturum
2876 5316 2986 5355 esse
3007 5300 3373 5372 crediderunt,
3397 5310 3449 5357 et
3470 5308 3750 5376 praecepta

2041 5399 2162 5466 ejus
2186 5394 2406 5449 vivendo
2436 5394 2751 5446 tenuerunt.
2779 5390 3001 5445 Constat
3031 5394 3211 5446 autem
3243 5393 3372 5461 quia
3405 5397 3523 5463 post
3554 5395 3747 5450 incar-

2044 5483 2327 5539 nationem
2370 5482 2607 5548 Domini,
2642 5480 2830 5535 nutlus
2863 5482 3030 5536 etiam
3074 5497 3146 5536 es:
3175 5482 3263 5538 his
3306 5481 3527 5538 salvari
3552 5489 3745 5555 potest,

2113 5627 2180 5699 (ο)
2210 5625 2353 5683 Vide
2382 5643 2472 5699 ep.
2505 5626 2569 5682 31
2604 5633 2941 5699 sequentem
2967 5631 3024 5685 et
3054 5630 3221 5684 notas
3251 5626 3324 5684 ad
3354 5627 3642 5685 eamdem.
