4086 6166
355 302 473 366 399

784 290 849 364 S.
895 296 1268 364 GREGORII
1314 296 1562 358 MAGNI
1608 294 1812 367 Vl'l‘A,
1858 292 1961 352 EX
2004 291 2189 354 EJUS
2232 292 2583 357 SCRIPTIS
2633 297 3082 360 ADORNATA.
3128 300 3282 361 LIB.
3325 299 3432 363 Ill.

3730 315 3833 375 400

348 443 445 514 qui
489 440 661 512 ﬁdem
704 439 865 498 illius
915 444 1119 506 tenent,
1170 444 1225 493 et
1272 438 1442 493 vitam
1491 433 1622 506 ﬁdei
1666 448 1776 488 non
1846 430 2050 485 habent
2080 432 2133 500 Α
2161 435 2214 485 et
2238 435 2423 487 tamen
2453 432 2524 488 ad
2569 433 2779 507 aliquid
2807 432 3094 503 ardebant,
3124 434 3348 503 scilicet,
3394 445 3452 494 ut
3482 442 3615 512 justi
3651 461 3834 518 omnes,

228 584 239 591 .
346 531 491 603 (Lib.
521 548 648 600 νιιι,
677 548 762 604 ep.
790 532 877 603 15)
904 550 917 598 ;
949 530 1101 602 quod
1123 526 1325 583 multis
1347 540 1528 581 sacrm
1551 521 1863 595 Scriptores
1886 520 2048 576 testi-

344 621 560 680 moniis
588 621 989 678 demonstrare
1020 618 1229 692 pergit.

411 711 468 767 5.
496 710 669 768 Solus
720 710 818 768 hic
858 709 1018 766 locus
1048 707 1342 764 sufﬁceret
1381 705 1452 759 ad
1484 700 1907 774 explodendam
1961 700 2048 755 το.-

342 800 553 857 bellam
584 800 656 858 de
693 801 942 871 Trajano
979 799 1052 855 ab
1085 795 1299 853 inferni
1332 793 1520 867 pcenis
1565 790 1829 862 Gregorii
1861 788 2043 860 preci-

341 891 453 948 bus
474 890 746 957 liberato,
771 905 948 961 quam
971 888 1230 944 referunt
1253 884 1466 941 Paulus
1487 888 1543 939 et
1561 882 1817 938 Joannes
1839 878 2045 936 Diaco-

340 996 454 1037 nus
500 981 561 1036 in
612 981 736 1051 ejus
780 978 913 1035 Vita
940 976 1042 1034 lib.
1092 994 1157 1044 ιι,
1190 992 1241 1031 c.
1296 975 1384 1032 44.
1425 972 1572 1040 Quid
1625 970 1834 1028 enim?
1866 968 2046 1041 potuit

340 1068 563 1124 scilicet
579 1084 684 1139 pro
703 1066 941 1136 Traiani
961 1065 1201 1122 cultoris
1222 1062 1534 1128 idolorum,
1548 1059 2043 1117 Christianorum-

338 1172 452 1230 que
483 1142 875 1228 persecutoris
900 1171 1085 1227 usque
1106 1156 1178 1212 ad
1208 1158 1454 1210 mortem
1478 1150 1821 1207 liberatione
1844 1163 2043 1221 preces

333 1246 406 1301 ad
455 1245 639 1301 Deum
688 1245 957 1310 fundere,
990 1244 1090 1316 qui
1120 1247 1382 1310 noverat,
1417 1241 1567 1297 trahi
1595 1240 1664 1295 ad
1712 1241 1883 1295 Deum
1924 1240 2043 1309 post

329 1341 566 1390 mortem
586 1351 700 1389 non
727 1350 901 1405 posse,
933 1335 1027 1407 qui
1052 1349 1110 1389 se
1138 1351 1171 1389 a
1204 1334 1308 1389 Deo
1339 1330 1489 1387 male
1519 1330 1747 1385 vivendo
1782 1344 2040 1399 separas-

324 1429 409 1479 set
428 1438 450 1485 ;
481 1422 537 1477 id
584 1422 740 1479 enim
774 1422 1069 1493 conceptis
1106 1421 1300 1479 verbis
1332 1420 1473 1475 dicit
1501 1418 1770 1491 egregius
1806 1418 2037 1473 Doctor.

328 1512 441 1568 Sed
475 1513 647 1586 longe
677 1512 927 1569 validius
960 1512 1247 1569 refellitur
1277 1515 1677 1568 commentum
1710 1509 1817 1564 boc
1846 1523 1915 1563 ex
1943 1524 2038 1562 as-

326 1608 482 1658 serta
514 1602 571 1658 in
602 1602 859 1674 Dialogis
887 1602 1152 1659 doctrina
1184 1602 1283 1657 lib.
1316 1618 1394 1667 xv,
1434 1616 1561 1672 cap.
1596 1600 1684 1654 44.

394 1692 648 1758 Quaestio
692 1707 758 1748 eo
788 1691 901 1748 loci
952 1691 1251 1763 proposita
1282 1695 1409 1747 est:
1445 1690 1506 1745 Si
1544 1704 1760 1760 semper
1805 1687 2038 1743 ardeant

2156 526 2211 574 et
2242 522 2299 576 in
2336 523 2439 579 Deo
2485 524 2713 581 videant
2758 524 2965 596 gaudia
3003 540 3129 597 quae
3172 525 3509 598 percipiunt,
3537 538 3589 586 et
3630 536 3684 590 in
3726 537 3828 593 illis

2156 614 2447 683 respiciant
2491 614 2765 686 supplicia
2818 630 2945 688 quae
2991 620 3321 673 evaserunt:
3366 623 3625 689 quatenus
3685 629 3825 681 tanta

2153 704 2332 769 magis
2363 701 2422 757 in
2458 709 2731 761 aeternum
2776 707 2969 775 gratia
3005 703 3211 763 divine:
3240 706 3501 764 debitores
3533 726 3583 765 se
3617 729 3720 768 esse
3744 732 3826 771 co-

2152 802 2439 861 gnoscant,
2472 804 2673 865 quanta
2703 793 2765 849 in
2796 802 3067 849 mternum
3095 795 3245 850 mala
3294 799 3482 867 puniri
3508 804 3829 873 conspiciunt

2154 896 2272 950 quas
2302 882 2418 948 eius
2447 882 2722 955 adjutaria
2753 883 3027 941 vicerunt.

2226 972 2374 1029 275
2426 973 2480 1027 8.
2531 973 2648 1028 Ista
2698 974 3082 1044 perpendenti
3130 990 3383 1046 quonam
3444 982 3602 1046 pacto
3648 980 3831 1039 venire

2156 1066 2346 1132 potest
2381 1061 2440 1116 in
2475 1068 2755 1129 mentem,
2788 1063 3125 1136 Gregorium
3159 1064 3241 1119 ita
3268 1063 3611 1135 sapientem,
3641 1067 3715 1123 ita
3741 1070 3833 1126 do-

2154 1154 2401 1217 centem,
2429 1168 2627 1222 preces
2660 1153 2973 1224 aliquando
3006 1152 3231 1208 fudisse
3262 1170 3363 1225 pro
3396 1154 3639 1226 Trajano
3670 1157 3835 1230 impe-

2154 1244 2360 1307 ratore,
2396 1256 2568 1311 quem
2602 1242 2673 1296 ob
2706 1241 3111 1297 inﬁdelitatem
3143 1249 3197 1296 et
3228 1247 3441 1299 motam
3478 1243 3533 1298 in
3565 1244 3838 1302 Christia-

2154 1344 2257 1383 nos
2307 1330 2764 1398 persecutionem
2808 1332 2893 1403 (ut
2938 1331 3055 1387 alia
3100 1331 3335 1386 interim
3387 1332 3831 1408 dissimulemus)

2151 1418 2383 1474 aeternis
2411 1418 2599 1489 ptenis
2631 1418 2932 1475 addictum
2968 1437 3081 1476 non
3129 1420 3483 1475 dubitabat?
3516 1424 3586 1475 At
3614 1438 3733 1492 quas
3759 1440 3838 1479 se-

2150 1512 2433 1577 quuntur,
2458 1524 2529 1564 ne
2558 1507 2936 1565 leviusculam
2972 1508 3205 1581 quidem
3240 1509 3578 1581 relinquunt
3605 1527 3669 1567 ea
3698 1513 3763 1568 de
3784 1529 3835 1569 re

2148 1596 2572 1653 difﬁcultatem.
2606 1600 2823 1665 Quaerit
2876 1599 3028 1654 enim
3079 1599 3317 1655 Petrus:
3367 1601 3429 1654 Et
3468 1602 3561 1655 ubi
3597 1608 3674 1657 est
3710 1601 3842 1673 quod

2146 1690 2323 1742 sancti
2369 1688 2502 1755 sint,
2534 1690 2585 1743 si
2626 1705 2731 1760 pro
2759 1688 3011 1745 inimicis
3057 1690 3168 1744 suis
3199 1704 3331 1760 quos
3383 1697 3511 1744 tunc
3555 1690 3739 1746 ardere
3764 1693 3842 1746 vi-

325 1781 421 1851 qui
437 1780 703 1852 gehennae
730 1782 1007 1837 incendiis
1034 1781 1407 1852 deputantur;
1430 1780 1499 1835 ad
1520 1796 1698 1851 quam
1728 1776 2038 1848 respondet
2068 1801 2116 1867 Β
2146 1776 2297 1844 dent,
2330 1793 2438 1832 non
2467 1778 2719 1840 orabunt,
2754 1778 2953 1850 quibus
2985 1780 3166 1849 utique
3214 1778 3423 1833 dictum
3452 1786 3530 1833 est
3554 1796 3573 1834 :
3605 1781 3705 1834 Pro
3736 1780 3843 1835 ini-

324 1871 382 1925 8.
410 1869 724 1943 Gregorius
748 1888 762 1927 :
796 1872 1017 1927 Constat
1037 1872 1328 1939 nimirum,
1352 1874 1405 1925 et
1426 1871 1813 1925 incunctanter
1850 1882 2039 1922 verum

327 1962 429 2027 est,
458 1961 591 2030 quia
619 1961 756 2015 sicut
784 1958 923 2031 ﬁnis
950 1976 1059 2016 non
1090 1967 1172 2017 est
1223 1960 1446 2033 gaudia
1486 1961 1773 2027 bonorum,
1803 1957 1880 2012 ita
1911 1957 2038 2026 ﬁnis

329 2064 440 2105 non
468 2049 577 2104 erit
609 2053 876 2106 tormenta
903 2051 1198 2106 malorum.
1233 2054 1374 2107 Nam
1411 2066 1538 2105 cum
1588 2047 1808 2104 Veritas
1841 2046 2035 2101 dicat:

325 2138 490 2193 Ibunt
520 2138 685 2210 impii
713 2140 776 2194 in
809 2141 1147 2211 supplicium
1176 2142 1470 2207 aeternum,
1502 2140 1635 2207 iusti
1658 2146 1839 2192 autem
1865 2138 1921 2189 in
1955 2137 2039 2190 ui-

325 2234 437 2281 tam
486 2230 755 2283 aeternam
802 2228 1016 2299 (Matth.
1052 2246 1183 2294 xxv,
1215 2230 1339 2297 46);
1372 2230 1504 2301 quia
1545 2243 1734 2283 verum
1771 2230 1848 2281 est
1884 2224 2026 2295 quod

320 2316 602 2385 promisit,
632 2317 843 2386 falsum
886 2316 1252 2389 proculdubio
1299 2336 1409 2374 non
1454 2320 1558 2374 erit
1601 2317 1742 2387 quod
1783 2317 2027 2370 minatus

323 2409 404 2460 est
432 2406 593 2462 Deus.

390 2493 444 2547 6.
478 2497 682 2549 Petrus
732 2492 825 2550 bis
875 2495 1154 2566 opponit:
1190 2494 1333 2562 Quid
1361 2497 1411 2550 si
1439 2497 1563 2566 quis
1611 2494 1799 2550 dicat:
1832 2494 2035 2553 Idcirco

318 2582 677 2653 peccantibus
695 2592 964 2641 aeternam
990 2601 1208 2655 poenam
1238 2587 1483 2641 minatus
1513 2591 1611 2649 est,
1638 2592 1697 2642 ut
1727 2603 1815 2644 eos
1842 2606 1876 2643 a
1909 2603 2035 2656 pec-

319 2679 566 2728 catorum
629 2675 1033 2745 perpetratiane
1098 2679 1502 2745 compesceret?
1557 2680 1632 2730 At
1694 2675 1796 2734 illa
1856 2679 2030 2736 diluit

322 2760 378 2815 S.
412 2762 620 2817 Doctor
666 2763 1025 2832 respondens
1073 2763 1131 2817 in
1178 2763 1299 2819 haec
1350 2765 1565 2820 verba:
1601 2765 1660 2821 Si
1702 2768 1911 2838 falsum
1954 2777 2035 2826 est

320 2853 459 2922 quod
499 2854 741 2908 minatus
788 2862 886 2919 est,
936 2860 997 2907 ut
1036 2854 1104 2908 ab
1152 2855 1435 2924 injustitia
1484 2859 1818 2925 corrigeret:
1869 2862 2033 2917 etiam

318 2941 479 3011 falsa
518 2949 597 2996 est
645 2939 949 3012 pollicitus,
1000 2948 1062 2995 ut
1108 2942 1179 2997 ad
1229 2945 1507 3011 iustitiam
1551 2953 1890 3016 prouocaret.
1930 2951 2034 3007 Sed

320 3031 441 3101 quis
468 3030 569 3086 hoc
594 3030 779 3086 dicere
806 3031 889 3087 vel
935 3032 1164 3086 insanus
1220 3038 1515 3102 presumat
1536 3038 1564 3089 ξ)
1593 3035 1655 3089 Et
1693 3037 1743 3091 si
1787 3039 2032 3096 minatus

320 3125 398 3173 est
428 3118 567 3190 quod
597 3137 711 3174 non
738 3125 857 3175 erat
888 3121 1230 3192 impleturus,
1264 3122 1395 3177 dum
1440 3140 1683 3180 asserere
1710 3142 1835 3181 eum
1865 3132 2030 3184 mise-

320 3174 584 3263 ricordem
615 3206 892 3274 volumus,
925 3174 1385 3280 fallacequuad
1414 3210 1526 3266 dici
1567 3213 1723 3281 nefas
1753 3222 1853 3284 est,
1883 3232 2024 3286 prav-
2056 3174 2099 3240 ϐ

320 3294 505 3351 dicare
531 3295 938 3368 compellimur.

388 3385 443 3438 7.
475 3383 679 3440 Petrus
719 3384 827 3440 hac
859 3384 1241 3457 responsione
1273 3385 1384 3442 sibi
1426 3387 1640 3445 factum
1674 3391 1818 3447 satis
1850 3393 2024 3448 intel-

320 3471 532 3544 ligens,
554 3472 737 3529 alium
771 3475 987 3531 nodum
1021 3476 1295 3547 proponit
1324 3477 1659 3535 solvendum
1683 3498 1696 3536 :
1727 3481 1883 3538 Scire
1912 3485 2024 3539 vel-

320 3563 451 3630 lem,
482 3562 690 3634 inquit,
714 3563 976 3635 quomodo
1017 3565 1229 3634 justum
1283 3566 1376 3635 sit,
1425 3572 1484 3622 ut
1528 3570 1693 3641 culpa
1738 3587 1857 3643 quae
1902 3587 2025 3629 cum

325 3654 436 3723 ﬁne
472 3657 789 3724 perpetrata
827 3662 924 3717 est,
945 3652 1066 3708 sine
1092 3653 1202 3723 ﬁne
1242 3656 1534 3724 puniatur.
1560 3656 1664 3713 Cui
1716 3663 2027 3731 respondet

328 3740 802 3811 sapientissimus
822 3740 1126 3813 magister:
1149 3743 1260 3798 Hoc
1276 3748 1417 3799 recte
1434 3745 1729 3818 diceretur,
1743 3750 1797 3805 si
1814 3749 2029 3806 distric-

328 3834 418 3885 tus
460 3830 628 3899 iudea:
672 3848 783 3887 non
833 3831 999 3889 corda
1048 3832 1357 3902 hominum,
1406 3836 1498 3891 sed
1545 3840 1699 3907 facta
1750 3845 2024 3911 pensaret.

322 3920 509 3993 Iniqui
552 3924 700 3976 enim
728 3921 847 3977 ideo
888 3937 1011 3977 cum
1043 3923 1154 3992 ﬁne
1182 3924 1558 3996 deliquerunt,
1591 3929 1721 3998 quia
1762 3945 1887 3985 cum
1914 3932 2025 4000 ﬁne

313 4011 602 4066 vixerunt.
634 4011 773 4066 Nam
801 4011 1100 4068 voluissent
1128 4014 1323 4085 utique
1354 4014 1404 4070 si
1430 4017 1734 4086 potuissent
1768 4020 1888 4075 sine
1914 4024 2025 4089 ﬁne

312 4103 511 4165 virere,
544 4107 606 4155 ut
628 4101 932 4172 patuissent
957 4104 1078 4157 sine
1107 4103 1219 4172 ﬁne
1244 4120 1496 4175 peccare.
1531 4106 1834 4162 Ostendunt
1874 4113 2027 4166 enim

307 4190 439 4260 quia
467 4191 529 4243 in
575 4194 798 4256 peccato
836 4205 1054 4260 semper
1083 4192 1263 4247 vivere
1309 4195 1562 4264 cupiunt,
1593 4194 1690 4266 qui
1738 4213 2025 4267 nunquam

306 4276 560 4332 desinunt
590 4293 815 4347 peccare
843 4279 975 4335 dum
1024 4282 1232 4337 vivunt.
1267 4282 1344 4335 Ad
1374 4299 1635 4352 magnam
1676 4301 1801 4356 ergo
1840 4289 1989 4357 justi
2009 4318 2025 4329 -

306 4364 765 4437 tiamjudicantis
794 4370 1055 4438 pertinet,
1081 4379 1139 4425 ut
1168 4388 1460 4442 nunquam
1482 4378 1705 4431 careant
1728 4377 2020 4448 supplicio,

307 4454 410 4524 qui
456 4454 517 4508 in
565 4453 668 4509 hac
716 4456 834 4511 vita
883 4472 1172 4529 nunquam
1217 4461 1508 4517 voluerunt
1542 4479 1731 4520 carere
1774 4475 2011 4537 peccato.

2146 1866 2305 1922 micis
2334 1870 2534 1923 vestris
2570 1871 2764 1924 orate?
2792 1868 3006 1930 (Matth.
3039 1884 3093 1935 v,
3126 1867 3245 1938 44.)
3280 1867 3391 1923 Cui
3442 1869 3743 1940 respondet
3769 1870 3843 1925 ita

2148 1956 2621 2026 sapientissimus
2674 1958 2936 2013 Doctor:
2988 1958 3094 2012 Pro
3143 1956 3388 2012 inimicis
3436 1955 3552 2012 suis
3599 1966 3750 2013 arant
3787 1973 3839 2013 eo

2145 2053 2388 2119 tempore
2418 2064 2524 2119 qua
2553 2053 2778 2119 possunt
2809 2048 2879 2103 ad
2897 2050 3233 2117 fructuosam
3261 2049 3647 2119 paenitentiam
3668 2064 3841 2103 eorum

2145 2135 2307 2191 corda
2353 2139 2683 2203 convertere,
2713 2142 2877 2208 atque
2923 2135 3047 2204 ipsa
3074 2137 3427 2191 conversione
3454 2136 3684 2192 salvare.
3714 2134 3841 2204 Quid

2144 2226 2291 2298 enim
2338 2224 2505 2278 aliud
2539 2240 2643 2294 pro
2675 2225 2919 2279 inimicis
2967 2225 3240 2278 arandum
3286 2232 3390 2293 est,
3415 2225 3532 2280 nisi
3573 2223 3670 2279 hac
3708 2223 3844 2294 quod

2144 2314 2424 2382 Apostolus
2462 2316 2576 2367 ait:
2612 2314 2675 2369 Ut
2706 2312 2794 2368 det
2821 2314 2935 2368 illis
2968 2314 3107 2368 Deus
3134 2313 3521 2383 paenitentiam
3564 2312 3632 2367 ad
3654 2327 3841 2381 cogno-

2141 2405 2406 2459 scendam
2438 2405 2753 2473 veritatem,
2788 2409 2841 2458 et
2880 2405 3207 2474 resipiscant
3248 2420 3282 2457 a
3320 2403 3537 2459 diaboli
3566 2403 3781 2474 laqueis,
3810 2417 3841 2453 a

2142 2511 2246 2566 qua
2277 2494 2486 2565 captivi
2517 2498 2771 2549 tenentur
2799 2493 2869 2549 ad
2898 2495 3071 2564 ipsius
3102 2494 3319 2548 volunta
3334 2497 3489 2549 tem?
3517 2496 3587 2562 (II
3621 2494 3751 2548 Tim.
3781 2510 3841 2561 ιι,

2141 2585 2258 2656 25.)
2289 2586 2351 2639 Et
2385 2584 2648 2656 quomoda
2696 2601 2795 2655 pro
2827 2585 2936 2641 illis
2966 2589 3095 2639 tunc
3121 2586 3386 2653 orabunt,
3420 2587 3516 2656 qui
3554 2586 3675 2655 jam
3718 2585 3845 2638 nul-

2144 2677 2361 2731 latenus
2388 2682 2616 2748 possunt
2634 2677 2713 2730 ad
2730 2675 2969 2747 justitiz
2993 2691 3154 2745 opera
3186 2676 3255 2730 ab
3277 2675 3590 2746 iniquitate
3608 2691 3844 2731 commu-

2144 2770 2252 2823 tari
2270 2769 2299 2823 Ξ
2326 2768 2529 2823 Eadem
2558 2766 2743 2838 itaque
2772 2782 2938 2821 causa
2967 2772 3071 2833 est,
3103 2782 3202 2822 cur
3224 2783 3336 2822 non
3371 2774 3559 2824 oretur
3586 2772 3715 2822 tunc
3754 2783 3843 2833 pro

2142 2857 2461 2913 hominibus
2483 2860 2604 2926 igni
2626 2864 2836 2914 aeterno
2857 2857 3160 2926 damnatis,
3183 2872 3310 2928 quae
3339 2875 3496 2914 nunc
3515 2858 3677 2913 etiam
3694 2871 3845 2913 causa

2141 2956 2238 3017 est,
2269 2952 2330 3003 ut
2378 2964 2486 3004 non
2513 2952 2705 3003 oretur
2733 2962 2832 3019 pro
2879 2948 3096 3003 diabolo
3138 2948 3469 3021 angelisque
3502 2951 3620 3018 eius
3656 2954 3845 3006 eterna

2140 3036 2410 3108 supplicio
2436 3037 2731 3108 deputatis.
2765 3038 2893 3105 Quae
2937 3053 3086 3092 nunc
3116 3038 3284 3092 etiam
3311 3054 3499 3094 causa.
3546 3048 3625 3095 est
3653 3041 3707 3092 ut
3742 3052 3845 3091 non

2140 3132 2295 3181 arent
2326 3128 2508 3181 sancti
2537 3124 2782 3181 homines
2812 3142 2908 3196 pro
2940 3125 3259 3181 hominibus
3290 3126 3620 3197 inﬁdelibus
3652 3126 3849 3193 impiis-

2137 3230 2240 3284 que
2284 3213 2582 3284 defunctis,
2617 3212 2729 3267 nisi
2775 3215 2907 3284 quia
2958 3230 3058 3284 pro
3104 3213 3189 3269 eis
3226 3213 3424 3285 utique
3472 3230 3604 3287 quas
3649 3219 3839 3269 eterna

2136 3303 2415 3373 deputatas
2460 3303 2730 3372 supplicio
2758 3304 2883 3371 jam
2920 3310 3208 3368 noverunt,
3260 3312 3395 3359 ante
3448 3304 3614 3358 illum
3651 3302 3841 3374 judicis

2136 3392 2272 3461 justi
2298 3395 2642 3463 conspectum
2683 3392 2952 3445 orationis
2997 3406 3116 3447 suae
3144 3392 3416 3448 meritum
3444 3394 3658 3448 cassari
3693 3390 3837 3461 refu-

2134 3482 2312 3549 giunt.
2346 3478 2495 3547 Quod
2524 3480 2576 3534 si
2606 3494 2755 3533 nunc
2778 3494 2987 3550 quoque
3034 3480 3274 3534 viventes
3311 3481 3477 3549 justi
3520 3480 3747 3535 mortuis
3790 3480 3837 3531 et

2135 3567 2412 3623 damnatis
2446 3569 2664 3639 injustis
2694 3568 2926 3623 minime
2951 3567 3388 3638 compatiuntur,
3424 3568 3643 3640 quando
3671 3566 3837 3623 adhuc

2136 3658 2345 3730 aliquid
2366 3657 2674 3729 judicabile
2705 3659 2771 3713 de
2799 3674 2900 3712 sua
2946 3672 3110 3712 carne
3138 3673 3248 3712 sese
3286 3660 3507 3729 perpeti
3545 3657 3710 3714 etiam
3740 3655 3841 3727 ipsi

2136 3754 2442 3807 noverunt;
2472 3749 2674 3817 quanto
2713 3744 3018 3799 districtius
3050 3752 3180 3799 tunc
3218 3745 3549 3815 iniquorum
3580 3750 3841 3801 tormenta

2135 3836 2463 3906 respiciunt,
2487 3834 2701 3906 quando
2748 3834 2816 3889 ab
2862 3837 3014 3889 enini
3060 3835 3194 3889 vitio
3242 3838 3624 3907 corruptionis
3670 3833 3838 3899 exuti,

2134 3927 2241 3997 ipsi
2248 3927 2367 3996 jam
2388 3927 2631 3996 justitia,’
2652 3924 2887 3979 vicinius
2909 3932 3070 3994 atque
3090 3923 3299 3979 arctius
3328 3926 3687 3983 inhaerebunt
3709 3928 3733 3977 .9
3759 3922 3841 3977 Sic

2134 4019 2330 4087 quippe
2375 4032 2561 4072 eorum
2610 4017 2815 4071 mentes
2844 4029 2939 4085 per
2986 4014 3083 4069 hoc
3131 4015 3273 4084 quod
3309 4016 3629 4085 justissima
3667 4012 3842 4086 judici

2134 4106 2432 4171 inhaerent,
2466 4107 2547 4159 vis
2584 4104 2946 4159 districtionis
2973 4104 3245 4170 absorbet,
3270 4112 3333 4158 ut
3364 4105 3600 4161 omnino
3629 4106 3706 4160 eis
3740 4118 3839 4157 non

2134 4196 2302 4250 libeat
2350 4192 2615 4265 quidquid
2665 4194 2732 4247 ab
2785 4191 2939 4246 illius
2986 4197 3212 4249 aeternae
3260 4195 3489 4265 regula:
3543 4192 3842 4247 subtilitate

2131 4283 2405 4339 discordat
2418 4322 2431 4337 .

2205 4373 2332 4428 Haec
2365 4372 2573 4443 legenti
2621 4387 2761 4426 num
2816 4371 2990 4426 dubia
3040 4375 3141 4425 aut
3188 4370 3446 4427 obscura
3480 4389 3613 4427 esse
3661 4372 3841 4442 potest

2132 4462 2191 4517 S.
2217 4460 2477 4534 Gregorii
2509 4462 2820 4525 sententia,
2844 4464 2965 4514 tum
2999 4460 3069 4514 de
3101 4476 3407 4532 poenarum
3438 4461 3663 4516 interni
3693 4464 3845 4515 aster-

308 4538 550 4611 Egregia
572 4553 713 4595 sane
746 4540 890 4596 ratio
924 4558 1037 4614 qua
1060 4561 1363 4615 poenarum
1399 4550 1673 4618 probetur
1699 4554 2012 4622 mternitas,
2046 4546 2091 4611 D
2123 4552 2327 4619 nitate,
2362 4555 2484 4606 tum
2531 4551 2599 4604 de
2632 4548 2913 4621 negandis
2959 4548 3226 4620 precibus
3275 4550 3563 4605 omnibus
3597 4550 3673 4603 iis
3703 4563 3842 4619 quos

306 4628 590 4684 adversus
643 4627 938 4699 religionis
968 4636 1419 4704 contemptores,
1452 4637 1547 4708 qui
1583 4638 1774 4694 solent
1806 4640 1911 4695 hoc
1944 4642 2015 4698 de

306 4718 598 4790 dogmate,
624 4722 691 4773 ut
722 4716 959 4776 liberius
995 4726 1254 4791 peccent,
1279 4724 1556 4782 cavillari.
1584 4726 1786 4784 Petrus
1815 4733 2011 4787 tamen

307 4807 633 4878 argumenti
667 4808 843 4877 hujus
875 4812 1127 4881 pondere
1159 4815 1418 4869 nondum
1450 4833 1789 4889 oppressus,
1822 4820 2013 4876 adhuc

304 4896 582 4953 subtilius
602 4896 785 4954 instat
809 4914 821 4952 :
856 4899 958 4954 Sed
980 4901 1169 4956 nullus
1177 4906 1373 4973 justus
1394 4905 1720 4963 crudelitate
1739 4913 2009 4979 pascitur,

300 4994 351 5041 et
384 4986 702 5058 delinquens
748 5003 935 5043 servus
957 5007 990 5045 a
1003 4990 1153 5060 justo
1182 4990 1398 5047 domino
1448 4993 1647 5051 idcirco
1677 4997 1815 5052 cadi
1861 5014 2013 5065 prce-

301 5077 527 5145 cipitur,
567 5080 627 5131 ut
654 5094 690 5132 a
720 5080 970 5149 nequitia
999 5079 1334 5151 corrigatur.
1368 5083 1446 5138 Ad
1477 5086 1575 5139 hoc
1603 5100 1728 5156 ergo
1758 5089 2011 5157 vapulat,

300 5168 360 5217 ut
407 5166 694 5222 emendari
735 5168 943 5224 debeat.
999 5172 1186 5243 Iniqui
1247 5178 1429 5229 autem
1473 5175 1743 5244 gehennae
1792 5180 2012 5249 ignibus

294 5251 511 5320 traditi,
561 5255 611 5309 si
651 5256 722 5309 ad
770 5264 1159 5317 correctionem
1210 5278 1318 5320 non
1366 5267 1717 5335 perveniunt,
1753 5284 1855 5340 quo
1904 5269 2013 5338 ﬁne

295 5358 509 5411 semper
531 5344 849 5401 ardebant?
878 5349 1211 5421 Respondet
1255 5371 1384 5411 vero
1417 5356 1623 5413 Doctor
1673 5358 1964 5431 discipulo
1990 5376 2004 5415 :

294 5431 650 5502 Omnipotens
696 5433 861 5499 Deus,
908 5438 1041 5508 quia
1076 5440 1205 5510 pius
1233 5448 1330 5508 est,
1373 5446 1707 5502 miserorum
1756 5448 2009 5503 cruciatu

296 5536 408 5577 non
426 5521 673 5593 pascitur
690 5539 711 5583 ;
728 5522 864 5594 quia
884 5540 1013 5581 vero
1026 5527 1211 5597 justus
1230 5539 1333 5595 est,
1357 5533 1423 5587 ab
1447 5533 1772 5604 iniquorum
1795 5536 2011 5591 ultione

296 5615 355 5665 in.
394 5619 723 5683 perpetuum
762 5628 874 5668 non
919 5614 1163 5670 sedatur.
1199 5619 1301 5674 Sed
1348 5622 1528 5693 iniqui
1574 5639 1759 5681 omnes
1806 5636 2009 5683 aeterno

298 5702 562 5771 supplicia
608 5702 876 5773 deputati,
907 5720 1005 5758 sua
1055 5705 1273 5775 quidem
1322 5710 1622 5779 iniquitate
1666 5715 2003 5787 puniuntur,

2127 4643 2273 4697 citra
2326 4641 2504 4697 ullam
2539 4641 2959 4697 haesitationem
3004 4640 3223 4695 scimus
3256 4638 3608 4710 bujusmodi
3664 4637 3843 4709 pmuis

2126 4731 2439 4788 addictos?

2191 4821 2243 4875 9.
2278 4820 2482 4877 Utvim
2535 4820 2855 4892 argumenti
2891 4818 3069 4888 hujus
3099 4818 3299 4873 eludat
3327 4824 3432 4873 aut
3461 4819 3651 4875 elevet
3669 4819 3847 4874 Joan-

2125 4928 2225 4966 nes
2266 4911 2578 4977 Diaconus,
2603 4911 2709 4965 hoc
2742 4908 3082 4977 excogitavit
3117 4908 3422 4980 effugium.
3450 4909 3680 4981 Nempe
3725 4907 3847 4961 Gre-

2120 5001 2339 5072 gorium
2387 5016 2483 5072 pro
2538 5001 2773 5068 Traiano
2817 4998 3099 5053 liberanda
3147 5013 3255 5052 non
3285 5013 3580 5064 exorasse,
3614 4998 3708 5054 sed
3742 5000 3843 5067 ﬁe-

2122 5092 2281 5146 visse.
2314 5090 2489 5155 Quasi
2535 5089 2807 5161 lacrymte
2856 5104 3048 5144 coram
3091 5088 3205 5143 Deo
3252 5088 3394 5143 fuse
3452 5088 3715 5159 alicujus
3766 5086 3842 5140 rei

2121 5180 2446 5235 obtinendas
2479 5179 2681 5249 gratia,
2719 5193 2918 5247 preces
2952 5193 3065 5231 non
3097 5176 3237 5242 sint,
3270 5181 3325 5232 et
3355 5176 3608 5248 quidem
3641 5177 3842 5232 effica-

2122 5268 2394 5324 cissimis.
2450 5268 2617 5323 Addit
2661 5267 2979 5336 Traianum
3028 5266 3110 5321 ita
3157 5265 3473 5322 liberatum
3528 5267 3716 5323 fuisse
3771 5264 3842 5319 ab

2121 5357 2333 5415 inferni
2365 5357 2743 5425 cruciatibus,
2778 5359 2841 5411 ut
2871 5357 2929 5411 in
2963 5357 3189 5412 interno
3221 5360 3415 5411 tamen
3456 5355 3840 5416 remanserit,

2120 5464 2234 5503 non
2267 5452 2458 5503 autem
2492 5447 2569 5502 sit
2598 5451 2831 5502 evectus
2852 5447 2922 5501 ad
2950 5461 3213 5515 superos.
3236 5446 3303 5501 At
3334 5445 3532 5499 sancti
3568 5442 3832 5501 Doctoris

2120 5537 2503 5607 ratiocinatio,
2525 5536 2607 5591 uti
2639 5541 2694 5591 et
2728 5534 3064 5591 testimonia
3084 5534 3281 5590 omnia
3311 5548 3505 5589 sacra:
3529 5534 3846 5604 Scriptura:

2120 5627 2193 5693 ab
2216 5627 2341 5697 ipso
2376 5625 2617 5698 prolata,
2645 5643 2757 5680 non
2792 5624 2981 5681 solum
3007 5624 3256 5697 probant
3281 5629 3587 5681 sternam
3618 5621 3855 5677 damna-

2119 5720 2311 5773 torum
2343 5715 2401 5770 in
2424 5716 2652 5773 interno
2685 5715 3070 5783 mansionem,
3094 5714 3195 5771 sed
3226 5714 3421 5771 etiam
3454 5711 3853 5769 exustionem.
