4104 6162
311 167 414 226 401

744 172 809 232 S.
855 174 1228 235 GREGORII
1277 176 1524 241 MAGNI
1573 182 1768 255 Vl'l‘A,
1819 183 1913 242 EX
1964 184 2144 246 EJUS
2191 186 2541 250 SCRIPTIS
2587 192 3032 259 ADORNATA.
3079 199 3231 260 LIB.
3278 201 3382 263 Ill.

3711 209 3828 269 402

297 301 493 372 Neque
524 304 739 376 fingere
769 305 905 362 licet
942 310 999 363 S.
1046 309 1349 368 Doctorem
1384 315 1666 386 duplicem
1727 318 2002 374 habuisse
2032 323 2083 388 Α
2115 319 2322 390 dicaris,
2357 325 2472 393 ipse
2515 327 2776 396 reprobus
2823 331 3124 402 efficiarU
3163 334 3285 392 Cor.
3346 353 3429 406 rx,
3475 338 3590 411 27).
3650 340 3836 396 Adhuc

293 391 537 448 diversis
577 396 943 466 temporibus
983 399 1054 456 de
1101 401 1210 457 hac
1250 404 1574 474 quaestione
1622 409 2001 465 sententiam:

291 497 424 535 nam
460 482 650 552 primo
683 501 796 540 non
829 488 1010 557 potuit
1041 489 1310 558 ignorare
1342 510 1468 564 quia
1513 502 1660 552 esset
1704 514 2002 554 sacrarum

288 572 616 628 litterarum
641 575 1029 649 Ecclesiaaque
1053 579 1162 636 bac
1195 582 1266 638 de
1304 600 1362 638 re
1414 586 1708 642 doctrina:
1745 591 2002 645 secundo

287 666 624 718 constanter
653 664 801 719 idem
825 666 884 722 in
935 670 1211 726 omnibus
1261 688 1407 743 pene
1439 676 1731 745 operibus,
1764 678 2003 733 diversis

282 747 420 804 licet
452 752 818 822 temporibus
849 755 1230 829 elucubratis,
1267 762 1542 818 nimirum
1575 765 1634 819 in
1680 765 2002 823 Moralibus

279 835 582 891 iib.xxx1v
622 855 784 895 num.
826 842 915 911 34,
976 845 1034 899 in
1085 845 1364 918 Dialogis,
1411 855 1467 904 et
1504 851 1562 906 in
1595 853 1838 924 epistola
1871 855 1998 923 jam

281 925 537 994 laudata,
569 944 698 998 quae
731 930 867 986 huic
899 933 1425 993 dissertatiunculm
1456 941 1817 998 occasionem
1852 961 1997 1015 prae-

278 1015 434 1086 buit,
465 1019 538 1072 ob
571 1033 822 1075 errorem
847 1021 1169 1092 legatorum
1204 1026 1426 1095 Cyriaci
1459 1034 1517 1085 et
1551 1031 1609 1086 in
1655 1034 1992 1092 refutatum.

278 1109 556 1161 Caeterum
589 1109 922 1178 opinionem
959 1112 1110 1169 hanc
1152 1132 1278 1186 quas
1327 1118 1561 1189 Origeni
1610 1120 1787 1176 tribui
1829 1123 1990 1191 solet,

275 1194 696 1266 impugnarant
728 1200 849 1267 jam
908 1204 1278 1274 Augustinus
1312 1212 1369 1261 et
1417 1207 1667 1264 Basilius
1721 1211 1990 1283 Magnus.

274 1285 430 1356 (Vide
506 1287 603 1342 tib.
675 1305 770 1343 xxx
811 1290 878 1344 de
925 1291 1089 1348 Civil.
1174 1296 1289 1363 Dei,
1337 1313 1382 1352 c.
1473 1316 1534 1368 II,
1630 1303 1757 1369 Reg.
1838 1303 1987 1359 brev.

273 1375 627 1445 quaest.267.)

348 1465 433 1518 t0.
484 1465 644 1527 Quod
706 1466 920 1538 legitur
978 1470 1036 1524 in
1088 1474 1232 1527 actis
1279 1480 1336 1530 S.
1397 1476 1689 1546 Perpetuis
1747 1481 1985 1549 (Patrol.

269 1559 401 1607 tom.
438 1553 527 1621 lli,
552 1555 832 1612 nimirum
868 1559 1026 1616 illam
1069 1579 1172 1632 pro
1206 1564 1380 1620 fratre
1422 1566 1731 1625 Dinocrate
1761 1587 1983 1641 orasse,

269 1642 472 1714 sicque
503 1645 692 1715 ipsum
725 1664 756 1701 a
789 1649 976 1718 poenis
1004 1651 1220 1720 quibus
1251 1654 1312 1710 in
1356 1655 1480 1712 loco
1517 1659 1823 1716 tenebroso
1865 1662 1982 1731 ple-

266 1731 532 1787 ctebatur
561 1732 860 1797 liberasse.
897 1738 1138 1795 minime
1165 1741 1312 1797 favet
1343 1744 1600 1815 opinioni
1635 1764 1806 1818 quam
1851 1758 1982 1820 post

266 1820 610 1892 Gregorium
646 1824 1089 1898 impugnamus.
1124 1832 1333 1887 Probat
1374 1835 1524 1890 enim
1573 1842 1979 1898 tantummodo

266 1917 534 1967 mortuos
597 1916 919 1985 purgatorii
978 1920 1334 1978 cruciatibus
1394 1925 1655 1983 addictos
1713 1930 1785 1984 ob
1835 1930 1980 1988 levia

264 2008 508 2072 peccata
539 2011 671 2075 post
701 2007 1052 2077 baptismum
1086 2013 1359 2082 admissa,
1383 2032 1548 2085 posse
1571 2018 1830 2077 fidelium
1857 2039 1981 2093 pre-

262 2089 436 2147 cibus
469 2092 543 2148 ab
578 2093 649 2149 iis
679 2096 877 2151 eximi.
927 2099 1110 2163 Quam
1162 2105 1594 2174 responsionem
1644 2089 1978 2180 suppeditat

259 2182 637 2251 Augustinus
667 2183 767 2239 lib.
792 2202 810 2239 ι
836 2187 906 2240 de
938 2187 1175 2260 Origine
1215 2191 1420 2247 animae
1449 2212 1501 2250 c.
1541 2197 1622 2266 10,
1673 2202 1729 2254 et
1778 2199 1879 2256 lib.
1913 2218 1977 2259 tu

258 2282 305 2325 c.
343 2269 400 2338 9,
430 2271 526 2325 ubi
562 2271 643 2326 ait
689 2273 1059 2332 Dinocratem
1121 2285 1357 2352 propter
1414 2295 1647 2354 peccata
1708 2291 1974 2362 quaedam

256 2361 577 2417 commissa
619 2369 749 2433 post
773 2365 1129 2436 baptismum
1155 2369 1382 2442 aliquas
1415 2361 1737 2446 pertulisse,
1756 2398 1970 2450 poenas.

255 2448 483 2518 Quippe
501 2466 638 2506 cum
671 2455 974 2523 septennia
1007 2462 1182 2528 esset,
1215 2461 1402 2530 potuit
1432 2466 1689 2534 mentiri,
1716 2448 1817 2524 aut
1860 2469 1973 2527 alio

253 2536 366 2594 levi
402 2539 634 2609 piaculo
692 2543 950 2599 animam
1011 2547 1327 2606 maculare.
1376 2552 1535 2615 Quod
1595 2566 1793 2612 autem
1839 2565 1974 2616 ante

249 2631 500 2684 mortem
535 2630 747 2686 fuisset
769 2632 1100 2704 baptizatus
1152 2640 1351 2710 negari
1397 2643 1621 2713 nequit,
1686 2646 1975 2720 Perpetua

248 2716 384 2789 ipsa
409 2722 657 2776 testante
691 2726 870 2778 totam
918 2724 1202 2784 familiam
1253 2747 1446 2802 suam,
1505 2740 1741 2807 excepto
1785 2716 1969 2809 patre,

260 2806 476 2863 Christi
504 2810 754 2868 coluisse
787 2813 1150 2886 religionem.

933 2922 1169 2980 CAPUT
1201 2926 1295 2984 XI.

2117 409 2274 465 timet
2300 417 2395 483 qui
2423 416 2534 481 iam
2563 416 2632 471 ad
2669 419 2866 474 caelum
2923 420 3162 492 ducitur,
3208 432 3259 479 el
3305 425 3429 496 jam
3486 409 3684 486 timere
3722 447 3831 489 non

2116 503 2231 556 vult
2263 506 2357 574 qui
2394 505 2570 561 adhuc
2608 508 2671 562 in
2702 515 2853 568 terra
2893 519 3282 570 conversatur?
3303 518 3600 590 Perpende,
3618 521 3829 578 dulcis-

2111 593 2252 647 sima
2281 594 2420 664 ﬁlia,
2453 599 2585 667 quia
2620 606 2796 656 mater
2827 604 3188 674 negligentiae
3217 608 3351 664 solet
3393 624 3505 664 esse
3544 611 3825 667 securitas.

2111 681 2322 738 Habere
2352 701 2482 756 ergo
2512 689 2569 741 in
2598 689 2698 744 hac
2754 694 2864 746 vita
2921 710 3032 748 non
3084 696 3243 751 debes
3276 698 3645 768 securitatem,
3673 701 3827 756 276

2108 786 2206 840 per
2235 789 2403 842 quam
2429 778 2710 848 negligens
2731 781 3000 838 reddaris.
3031 783 3308 856 Scriptum
3339 795 3420 843 est
3454 788 3641 845 enim:
3682 791 3825 846 Bea-

2109 870 2199 917 tus
2221 864 2308 917 vir
2338 864 2434 934 qui
2462 883 2675 939 semper
2703 879 2780 925 est
2824 873 3060 942 pavidus
3099 875 3284 944 (Prov.
3346 895 3548 946 xxvm,
3603 880 3712 950 14).
3765 881 3828 936 Et

2108 965 2302 1005 rursus
2356 955 2625 1026 scriptum
2685 962 2814 1012 est:
2845 962 3058 1018 Servite
3105 965 3336 1021 Domino
3396 971 3453 1020 in
3512 966 3729 1034 timore,
3774 973 3826 1025 et

2105 1044 2371 1100 exsultate
2395 1049 2591 1102 etcum
2629 1056 2862 1106 tremore
2892 1054 3062 1122 (Psal.
3110 1071 3171 1124 ιι,
3215 1057 3326 1128 il).
3368 1059 3430 1112 In
3470 1073 3645 1123 pauco
3697 1074 3823 1130 ergo

2104 1130 2269 1200 hujus
2315 1133 2445 1191 vitae
2496 1145 2736 1209 tempore
2795 1149 3032 1198 mentem
3081 1149 3321 1200 vestram
3375 1162 3587 1203 necesse
3625 1151 3704 1202 est
3760 1154 3822 1204 ut

2102 1223 2310 1276 tremor
2341 1230 2542 1295 teneat,
2576 1238 2846 1298 quatenus
2869 1248 2970 1303 per
3024 1237 3338 1291 securitatis
3386 1237 3657 1308 gaudium
3699 1241 3820 1296 sine

2101 1311 2206 1379 ﬁde
2232 1317 2567 1384 postmodum
2585 1321 2819 1377 exsultet
2850 1324 2990 1394 (Lib.
3024 1341 3125 1395 vn,
3157 1341 3239 1397 ep.
3283 1327 3398 1394 25).

2170 1400 2315 1463 Quid
2351 1408 2740 1477 opportunius
2765 1410 2872 1468 hoc
2898 1412 3023 1469 loco
3056 1414 3127 1469 ad
3158 1415 3550 1474 exsufﬂandas
3581 1417 3811 1475 larvatai

2099 1490 2405 1560 cujusdam
2440 1497 2672 1565 pietatis
2695 1499 2957 1559 fallacias
2989 1519 3116 1574 quae
3151 1505 3261 1560 sub
3281 1507 3524 1561 mentito
3555 1509 3810 1578 purioris

2097 1581 2315 1637 amoris
2348 1588 2583 1642 nomine
2616 1605 2845 1646 omnem
2894 1592 3166 1649 timorem
3225 1595 3296 1651 de
3343 1596 3531 1650 salute
3566 1602 3804 1666 aeterna,

2096 1668 2549 1730 sollicitudinem
2584 1694 2818 1734 omnem
2878 1682 3152 1738 excutit?
3181 1685 3245 1738 In
3281 1684 3528 1754 epistola
3569 1686 3802 1756 quidem

2087 1759 2156 1813 ad
2218 1759 2612 1821 Theoctistam
2678 1769 2979 1841 patriciam
3038 1772 3179 1842 (Lib.
3230 1789 3326 1839 vn,
3375 1790 3459 1844 ep.
3516 1774 3632 1845 26),
3676 1792 3803 1846 qum

2091 1854 2354 1924 proxime
2413 1857 2701 1934 sequitur,
2750 1859 3000 1930 explicat
3046 1859 3104 1916 S.
3169 1864 3373 1918 Doctor
3429 1863 3546 1918 duo
3587 1878 3804 1934 genera

2089 1931 2584 2016 compunctionis,
2632 1964 2804 2004 unum
2871 1950 3011 2021 quod
3068 1960 3300 2008 mternas
3353 1969 3540 2024 poenas
3582 1954 3798 2025 metuit,

2088 2033 2335 2090 alterum
2370 2052 2483 2107 quo
2516 2036 2689 2110 longa
2719 2041 2986 2095 maeroris
3045 2041 3355 2098 formidine
3406 2049 3463 2098 et
3509 2043 3796 2100 anxietate

2087 2131 2456 2198 consumpta,
2482 2129 2747 2197 quaedam
2775 2130 2897 2199 jam
2923 2129 2991 2184 de
3024 2132 3478 2202 praesumptione
3498 2133 3676 2187 veniae
3703 2149 3796 2188 se—

2086 2213 2302 2269 curitas
2333 2216 2613 2273 nascitur.
2645 2219 2716 2272 At
2746 2217 2840 2275 hic
2883 2223 3069 2274 status
3119 2236 3234 2275 non
3264 2220 3519 2275 excludit
3561 2237 3795 2276 omnem

2087 2303 2292 2359 salutis
2323 2322 2542 2370 curam,
2577 2323 2764 2377 neque
2794 2308 2948 2363 enim
2979 2309 3142 2364 adest
3170 2309 3330 2380 plena
3362 2308 3660 2379 securitas,
3696 2310 3799 2365 sed

2082 2389 2379 2461 inchoata,
2413 2411 2525 2448 non
2551 2411 2786 2451 omnem
2819 2396 3114 2466 expellens
3138 2397 3430 2465 timorem,
3465 2398 3565 2452 sed
3620 2397 3800 2454 nimis

2084 2480 2341 2536 anxium.
2410 2484 2526 2539 Hoc
2559 2485 2617 2540 in
2655 2489 2833 2555 statu,
2865 2486 3129 2556 inquam,
3157 2488 3355 2542 anima
3385 2487 3455 2543 de
3500 2488 3800 2543 calestibus

2081 2570 2329 2641 praemiis
2359 2576 2626 2643 suspirat.
2682 2575 2786 2641 Qui
2833 2578 2991 2646 prius
3034 2576 3225 2646 ﬂebat,
3283 2591 3353 2632 ne
3390 2578 3682 2632 duceretur
3727 2577 3798 2631 ad

2080 2661 2434 2731 supplicium,
2469 2663 2813 2734 postmodum
2845 2667 2978 2734 ﬂere
3020 2667 3370 2721 amarissime
3409 2664 3626 2738 incipit,
3666 2665 3800 2737 quia

2081 2750 2339 2821 diﬂ‘ertur
2360 2770 2392 2807 a
2412 2769 2595 2824 regno.

2150 2843 2204 2896 2.
2226 2841 2304 2896 Ex
2338 2842 2442 2898 hac
2473 2844 2720 2916 epistola
2769 2843 3158 2916 intelligimus
3205 2845 3620 2916 Theoctistam,
3678 2845 3795 2901 im-

2081 2931 2361 2999 peratoris
2384 2948 2660 3002 sororem,
2697 2934 2844 2990 sacri
2877 2934 3034 2990 verbi
3067 2934 3327 2991 ubertate
3381 2934 3613 3006 plenam
3646 2934 3791 2990 fuis-

247 2998 469 3074 Aaoms.
500 3049 562 3062 —
591 3026 637 3074 1.
670 3027 719 3076 8.
745 3027 1026 3092 Gregorius
1057 3030 1111 3080 in
1149 3035 1386 3085 moribus
1416 3037 1757 3093 etformandis
1788 3045 1973 3097 doctor
2003 3064 2045 3132 ρ
2086 3034 2148 3074 se
2171 3020 2260 3074 θά-
2295 3025 2508 3077 atem“
2564 3023 2781 3095 Bandin
2803 3023 3166 3081 incessanter
3203 3025 3549 3132 ευδρξξδξεθτ
3591 3025 3661 3079 δά
3699 3038 3794 3132 τε·

312 3085 568 3132 eximius.
601 3088 737 3132 Ouid
769 3091 958 3132 donant
988 3098 1170 3132 nnnlrn
1199 3098 1415 3132 niminm
1450 3105 1784 3132 -ιηιηηςιηιηηη
1821 3114 1868 3132 ..ι
1906 3111 1967 3132 .s-
2085 3109 2482 3132 ---μεμμμμ
2518 3120 2624 3132 _--.,
2649 3113 2659 3132 ε
2705 3129 2750 3132 μ
2793 3114 2924 3132 2,._,
2983 3131 2991 3132 ,
3077 3115 3160 3132 an,
3379 3130 3387 3132 Α
3421 3129 3581 3132 ,,,--,
3626 3128 3684 3132 __-

312 3085 568 3160 eximius.
601 3088 738 3148 Quid
769 3085 958 3160 dodeat
988 3098 1174 3160 contra
1199 3085 1969 3160 nimiam'i‘éétﬁiiéiéin'éilié

311 3152 531 3234 fiuplici
557 3155 991 3234 compungtigne‘.
1024 3156 1143 3205 —2.
1157 3152 1972 3234 ’1‘heoctistaa_sororis—impera:

309 3215 447 3295 toLris
479 3213 766 3295 pietas.'—
957 3219 1235 3295 Gfegorius
1264 3213 1708 3295 amicisdene‘g—at
1731 3213 1968 3295 63.23321

318 3274 924 3346 obtinendasaacularia
955 3274 1147 3346 ofﬁcia.
1179 3287 1306 3334 —4.
1339 3274 1970 3346 Qualé‘éiﬁa‘iéiaiﬁéﬁ;

318 3337 471 3410 tibus
501 3339 781 3410 adhiberet
809 3345 1218 3410 consolationes.
1249 3349 1296 3398 5.
1343 3337 1968 3410 [ἶωάέιᾟίὲόε-ἶῦὶνῖὖῑ

314 3399 472 3484 zerbi
505 3401 682 3451 cibum
717 3411 1035 3484 quaerentes.
1067 3435 1143 3484 ἶ
1165 3399 1969 3484 6:__A:iminensi:e-riiscop-o'iulz

316 3461 496 3546 girl-no.
515 3461 795 3546 supcessoi‘
824 3469 996 3546 datur“.
1024 3493 1084 3507 -
1113 3470 1256 3546 ’ῚᾏΕι
1275 3461 1967 3546 Corneliensivdbﬂlarpvsum

316 3523 552 3585 dejecto.
581 3528 850 3578 Laudatur
881 3545 909 3578 a
951 3533 1102 3595 Greg.
1149 3523 1965 3645 Stephanu‘sﬂepiscopusTZ‘Ig:

316 3587 429 3635 Res
459 3591 702 3645 quaedam
736 3597 1060 3644 monasticae.
1094 3623 1156 3632 —
1179 3597 1226 3645 0.
1279 3601 1445 3645 msulae
1465 3602 1688 3645 Gorgiam.
1712 3610 1964 3645 nrnaninif

313 3587 429 3635 Res
459 3587 1226 3671 quaedgmnmopastipteT—Q.
1248 3587 1445 3650 insulae
1465 3587 1967 3671 C'orrs—icierprospicit

315 3663 484 3734 pfpa.
518 3651 666 3734 —i0.
686 3652 1308 3734 Qp‘tedam’desefrvilium
1330 3651 1685 3726 personarum
1714 3651 1968 3734 Ebhiﬁg'i'é

312 3713 696 3764 observantur.
728 3717 853 3778 (An.
883 3718 976 3766 596
1007 3726 1057 3770 et
1084 3720 1221 3783 597.)

318 3813 375 3865 1.
415 3811 543 3866 Mox
571 3813 825 3870 vidimus
857 3815 914 3871 S.
964 3817 1326 3891 Gregorium,
1376 3824 1794 3899 Theologorum
1859 3849 1967 3902 op-

246 3900 491 3968 timum,
526 3918 628 3972 pro
661 3902 793 3959 ﬁdei
848 3906 1101 3976 puritate
1159 3927 1221 3965 ac
1280 3911 1611 3985 integritate
1653 3900 1965 3978 fortissime

244 3988 681 4060 decertantem;
713 4010 868 4050 nunc
901 3996 1183 4054 miremur
1214 4001 1412 4072 ipsum
1446 4010 1732 4077 tanquam
1756 4009 1814 4065 in
1841 4027 1961 4067 mo-

243 4077 420 4132 ribus
435 4077 825 4136 informandis
842 4083 1188 4154 magistrum
1207 4089 1482 4146 eximium
1502 4093 1732 4163 pietatis
1751 4098 1965 4167 perfec-

241 4165 548 4238 tionisque
570 4169 911 4227 Christianae
929 4175 1392 4245 exquisitissime
1414 4165 1960 4245 subministrantem

241 4256 523 4312 consilia.
590 4260 881 4331 Gregoria,
935 4264 1209 4336 Augustae
1240 4269 1618 4340 cubicularis,
1653 4278 1963 4349 scripserat

241 4345 290 4400 ei
322 4360 394 4402 se
427 4362 732 4418 nunquam
763 4351 833 4406 ab
864 4351 1220 4426 importunis
1252 4361 1524 4430 precibus
1576 4370 1956 4437 cessaturum,

2083 3109 2485 3180 promissionis
2516 3113 2760 3184 patriam
2792 3114 2943 3169 inter
2981 3115 3167 3170 undas
3196 3113 3392 3170 saeculi
3415 3113 3585 3169 siccis
3624 3113 3794 3168 vesti-

2082 3197 2195 3268 giis
2229 3217 2599 3272 pr0perasse;
2635 3203 2914 3259 nimirum
2949 3203 3100 3259 inter
3130 3203 3437 3260 hominum
3497 3203 3791 3259 tumultus

2080 3291 2137 3343 et
2169 3289 2224 3344 in
2249 3288 2378 3360 ipsa
2412 3291 2544 3345 aula
2572 3291 2946 3347 solitudinem
2982 3293 3254 3360 colendo;
3289 3292 3443 3363 quod
3476 3308 3579 3364 pro
3621 3290 3792 3346 mira-

2080 3378 2210 3433 culo
2242 3379 2414 3436 habet
2441 3382 2497 3436 S.
2533 3382 2866 3454 Gregorius,
2902 3387 3324 3455 comparatque
3355 3398 3490 3439 cum
3532 3381 3788 3437 filiorum

2081 3469 2257 3524 Israel
2291 3472 2535 3526 transitu
2566 3489 2665 3543 per
2714 3475 2861 3528 Mare
2904 3473 3192 3529 Rubrum.
3254 3472 3538 3528 Piissimae
3607 3469 3793 3527 sorori

2079 3561 2527 3616 nutriendorum
2558 3561 2867 3617 liberorum
2901 3562 3248 3632 provinciam
3296 3562 3533 3618 dederat
3582 3561 3792 3617 Mauri-

2078 3649 2201 3703 cius
2235 3656 2552 3721 Augustus;
2580 3653 2714 3707 hinc
2745 3669 2872 3707 eam
2908 3653 3171 3708 hortatur
3201 3669 3352 3725 papa
3382 3657 3446 3707 ut
3475 3651 3607 3707 illos
3638 3651 3790 3723 opti-

2077 3739 2189 3793 mis
2224 3739 2482 3796 moribus
2515 3742 2780 3796 imbuere
2812 3751 3070 3807 conetur,
3104 3750 3157 3796 et
3182 3741 3482 3797 eunuchos
3522 3740 3785 3813 ipsorum

2075 3830 2355 3884 custodia
2408 3847 2473 3886 ac
2518 3831 2814 3902 obsequiis
2862 3831 3167 3902 deputatos
3217 3832 3548 3898 admoneat,
3608 3847 3781 3901 quam

2074 3923 2242 3973 caute
2273 3935 2467 3974 coram
2525 3919 2672 3990 ipsis
2727 3919 2883 3990 loqui
2942 3919 3422 3975 debeantzVerba
3469 3918 3518 3973 si
3564 3917 3782 3988 quidem

2072 4009 2463 4079 nulrientium,
2497 4009 2709 4080 inquit,
2741 4013 2840 4064 aut
2869 4009 2957 4065 lac
2999 4013 3160 4065 erunt
3212 4009 3259 4062 si
3310 4008 3448 4064 bona
3484 4014 3634 4073 sunt,
3683 4011 3781 4062 aut

2075 4113 2345 4153 venenum
2368 4097 2421 4153 si
2437 4099 2605 4154 mala.
2634 4099 2694 4154 in
2726 4100 2928 4155 eadem
2955 4097 3199 4169 epistola
3230 4097 3538 4168 Gregorius
3587 4100 3781 4152 osten-

2074 4187 2161 4244 dit
2193 4205 2254 4244 se
2285 4188 2354 4244 de
2377 4189 2562 4244 salute
2609 4189 3002 4245 Constantinus
3037 4189 3333 4260 Augustae,
3365 4191 3422 4242 et
3468 4187 3540 4242 de
3595 4185 3781 4256 ipsius

2071 4279 2332 4349 profectu
2389 4278 2449 4334 in
2470 4277 2681 4334 virtute
2702 4278 3058 4334 sollicitum:
3091 4294 3237 4349 quos
3260 4277 3416 4334 enim
3463 4275 3715 4336 amabat,
3749 4291 3785 4333 ι

2072 4368 2316 4423 terrenis
2335 4368 2753 4440 cupiditatibus
2784 4367 3143 4435 abstrahere,
3167 4371 3224 4423 et
3254 4366 3313 4422 in
3345 4381 3541 4422 amore
3580 4364 3778 4422 sceles-

242 4436 437 4491 donec
470 4438 540 4492 ab
573 4440 698 4509 ipso
730 4445 884 4498 certo
918 4444 1109 4514 sciret,
1144 4448 1420 4506 nimirum
1453 4467 1521 4507 ex
1552 4455 1748 4512 divina
1799 4436 1959 4515 reveé
1987 4441 2034 4506 D
2067 4456 2213 4512 tium
2239 4460 2594 4515 succendere
2616 4459 2965 4526 conabatur;
2990 4457 3228 4528 hincque
3258 4463 3422 4513 θτδηί
3449 4457 3580 4527 ejus
3636 4455 3781 4512 ami'

243 4523 492 4592 latione,
534 4533 769 4598 peccata
795 4547 900 4586 sua
925 4549 1054 4590 esse
1085 4535 1348 4595 dimissa.
1383 4542 1487 4598 Cui
1519 4543 1600 4599 sic
1657 4550 1960 4618 respondit

242 4615 682 4674 modestissime
711 4620 890 4676 simul
924 4639 990 4679 ac
1013 4627 1494 4696 prudentissime:
1533 4635 1660 4689 Rem
1679 4615 1957 4707 difﬁcilem

235 4707 416 4760 etiam
446 4712 501 4760 et
533 4706 788 4765 inutilem
829 4711 1148 4782 postulasti.
1210 4719 1505 4789 Difﬁcilem
1550 4706 1786 4795 quidem,
1825 4731 1956 4799 quia

235 4809 336 4862 ego
395 4793 665 4867 indignus
692 4815 816 4853 sum
845 4803 939 4856 cui
977 4805 1242 4860 revelatio
1275 4809 1405 4876 fieri
1443 4793 1653 4868 debeat.
1698 4793 1956 4872 Inutilem

231 4898 388 4949 vero,
414 4891 546 4953 quia
563 4903 753 4941 secura
778 4888 845 4944 de
864 4892 1096 4960 peccatis
1113 4896 1222 4950 tuis
1242 4897 1488 4965 ﬁeriuon
1514 4903 1817 4974 debes,nisi
1830 4921 1955 4961 cum

223 4970 348 5040 jam
384 4973 443 5026 in
477 4973 563 5029 die
583 4978 708 5030 vitae
739 4987 851 5034 tum
878 4981 1076 5036 ultimo
1091 4984 1356 5054 plangere
1385 4989 1572 5044 eadem
1592 4970 1819 5058 peccata
1841 4996 1950 5050 mi-

231 5064 390 5116 nime
419 5065 643 5120 valebis.
671 5068 796 5135 Qua
819 5070 928 5125 dies
956 5088 1232 5144 quousque
1251 5078 1439 5132 veniat
1457 5096 1668 5152 semper
1683 5095 1950 5159 suspecta,

232 5167 449 5222 semper
481 5155 692 5225 trepida
715 5165 953 5215 metuere
969 5163 1156 5232 culpas
1177 5165 1353 5234 debes,
1374 5174 1535 5238 atque
1562 5186 1652 5225 eos
1677 5155 1953 5243 quotidia;

230 5243 318 5294 nis
347 5242 787 5310 ﬂetibuslavare.
812 5248 962 5306 Certe
977 5253 1188 5308 Paulus
1213 5257 1484 5326 apostolus
1505 5259 1616 5326 iam
1635 5263 1703 5317 ad
1726 5265 1949 5323 tertium

227 5332 428 5388 (telum
449 5335 789 5404 ascenderat,
822 5339 880 5392 in
910 5341 1228 5409 paradisum
1258 5361 1468 5417 quoque
1516 5348 1710 5408 ductus
1741 5357 1943 5422 fuerat.

227 5435 440 5476 arcana
467 5425 636 5479 verba
665 5426 936 5499 aud-ierat,
969 5446 1089 5500 qua:
1118 5431 1330 5488 homini
1361 5436 1517 5509 loqui
1567 5457 1675 5497 non
1750 5445 1946 5503 ticeret

233 5511 304 5580 (II
340 5510 461 5568 Cor.
493 5512 592 5584 xu)
621 5529 636 5581 ;
667 5519 716 5570 et
748 5520 934 5574 tamen
961 5520 1138 5577 adhuc
1159 5525 1437 5596 trepidans
1465 5529 1710 5588 dicebat:
1733 5534 1946 5608 Castigo

233 5615 433 5674 corpus
463 5617 666 5674 meum,
697 5613 752 5662 et
795 5611 1047 5667 servituti
1075 5611 1322 5687 subjicio,
1355 5633 1425 5673 ne
1449 5620 1596 5690 forte
1623 5623 1751 5680 aliis
1784 5641 1942 5702 prae-

2069 4547 2216 4604 citiie
2247 4548 2510 4620 symbols
2539 4553 2597 4604 et
2626 4552 2987 4620 argumenta.

2137 4640 2191 4694 5.
2226 4639 2510 4708 Andreas,
2537 4638 2625 4694 vir
2655 4637 3042 4705 clarissimus,
3073 4639 3203 4708 ejus
3263 4637 3584 4707 familiaris,
3639 4654 3772 4708 pos-

2067 4727 2282 4782 tularat
2313 4728 2386 4782 ab
2416 4745 2481 4783 eo
2523 4728 2857 4800 imperatori
2917 4727 3339 4795 commendari,
3391 4726 3465 4781 ad
3529 4725 3767 4796 aliquod

2065 4816 2404 4872 officiumin
2449 4818 2745 4888 republica
2802 4818 3208 4885 obtinendum,
3258 4817 3406 4888 quod
3458 4812 3768 4870 sanctissi-

2063 4922 2227 4961 mum
2259 4911 2481 4976 patrem
2531 4923 2643 4963 non
2696 4907 2976 4962 mediocri
3024 4921 3270 4961 mmrore
3329 4901 3598 4975 perculit.
3630 4901 3762 4956 Mul-

2061 5001 2140 5052 tos
2171 5000 2319 5067 novi,
2353 4997 2541 5070 inquit
2566 4997 2776 5065 amico,
2808 4998 2983 5068 quiin
3013 4997 3234 5050 servitio
3256 4992 3564 5063 reipublicae
3597 4993 3768 5063 positi

2059 5088 2405 5144 vehementer
2427 5088 2966 5158 afﬂiguntur:quia
3009 5087 3086 5140 eis
3131 5099 3244 5137 non
3302 5082 3425 5137 licet
3481 5097 3673 5138 vacare
3718 5085 3771 5136 et

2055 5188 2272 5248 peccata
2315 5196 2417 5234 sua
2456 5180 2752 5249 plangere,-
2783 5181 2838 5229 et
2874 5191 2964 5230 vos
3002 5187 3199 5244 quare,
3231 5172 3433 5234 nescio.
3490 5171 3770 5242 implicari

2058 5267 2418 5324 desideratis?
2446 5268 2629 5322 Multa
2659 5265 3036 5338 praetermitto
3069 5263 3140 5318 de
3165 5261 3368 5317 mundi
3405 5266 3768 5334 contemptu,

2058 5360 2236 5431 digna
2261 5365 2448 5414 tamen
2473 5375 2598 5428 quae
2621 5357 2890 5428 legantur
2921 5359 2977 5412 et
3007 5354 3158 5410 serio
3189 5353 3403 5410 animis
3437 5353 3769 5424 insculpun-

2055 5453 2171 5504 tur.
2213 5447 2525 5519 Epistolam
2559 5447 2672 5502 ista
2701 5445 3018 5502 claudunt:
3047 5447 3153 5502 Hoc
3174 5446 3353 5517 ipsum
3383 5459 3506 5500 vero
3547 5459 3662 5498 esse
3707 5444 3767 5497 in

2054 5537 2303 5609 obsequio
2329 5538 2574 5609 piissimi
2593 5539 2883 5609 principis,
2917 5545 3122 5609 quanta
3149 5543 3227 5593 est
3255 5535 3455 5592 mentis
3485 5534 3760 5604 occupatio

2053 5628 2112 5687 in
2142 5626 2385 5702 appetitu
2407 5634 2640 5686 terrenae
2658 5630 2876 5702 gratim,
2898 5631 2950 5686 et
2978 5633 3219 5703 quantas
3240 5629 3319 5683 est
3340 5625 3506 5681 timor
3533 5637 3602 5679 ne
3643 5621 3758 5678 hac
