4086 6166
333 224 451 288 403

764 230 828 292 S.
876 227 1243 293 GHEGORII
1288 226 1535 292 MAGNI
1580 228 1787 301 VITA,
1836 228 1935 289 EX
1990 223 2167 289 EJUS
2216 224 2561 289 SCRIPTIS
2606 224 3062 289 ADORNATA.
3111 228 3263 288 LIB.
3310 227 3423 290 IIl.

3708 228 3807 292 404

327 367 745 439 eademgratia
799 374 1087 445 perdatur,
1142 375 1194 428 si
1249 373 1439 444 adepta
1489 373 1698 443 fuerit?
1754 368 2041 440 Perpende
2071 372 2125 435 A
2159 369 2442 423 uidentem
2477 372 2851 436 revertamur,
2901 369 2998 423 ubi
3049 369 3425 439 potissimum
3456 370 3816 443 vigilabat,ad

327 470 454 529 ergo
478 476 598 530 quae
624 478 784 532 pana
812 462 903 528 sit,
928 472 1045 529 aut,
1092 463 1476 534 prosperitatis
1515 460 1783 516 desiderio
1830 458 2040 530 [atiga-
2147 456 2532 512 Ecclesiarum
2591 458 3074 529 gubernationem
3114 458 3422 529 pastoralis
3451 460 3685 532 Gregorii
3711 460 3815 517 sol-

326 548 398 615 ri,
426 554 522 605 aut
552 550 910 608 adversitatis
931 554 1129 608 timore
1155 567 1457 621 pavescere.
1488 550 1636 606 Unde
1676 549 1851 620 magis
1902 565 2036 603 sua-

327 636 444 707 deo,
478 647 538 695 ut
590 642 915 710 magnitudo
954 651 1132 698 vestra
1172 642 1229 697 in
1296 657 1393 697 suo
1442 640 1717 712 proposito
1766 638 2037 710 quondam

326 730 386 783 in
414 744 584 796 pauco
610 735 845 802 tempore
887 731 1210 787 delectabili
1252 732 1593 802 receptaculo
1636 730 2035 801 peregrinatio-

324 821 411 874 nis
452 822 630 875 vivere
671 820 913 889 studeat,
946 829 995 875 et
1035 819 1281 891 quietam
1313 837 1377 875 ac
1434 820 1797 891 tranquillam
1868 818 2035 872 vitam

324 909 539 978 ducere,
561 912 733 964 sacris
755 910 1081 965 lectionibus
1120 927 1331 977 vacare,
1358 911 1599 965 caelestia
1660 910 1816 963 verba
1867 908 2037 963 medi-

322 1000 445 1053 tari
473 1001 531 1053 in
552 997 870 1053 zternitatis
898 1015 1087 1054 amore
1111 1016 1167 1054 se
1214 999 1528 1066 accendere,
1561 1000 1627 1053 de
1676 1000 1908 1053 terrenis
1948 1014 2035 1052 re-

322 1085 420 1141 bus
440 1086 740 1142 secundum
771 1089 915 1143 vires
950 1089 1090 1143 bona
1119 1105 1282 1160 cpera
1314 1106 1494 1159 agere,
1534 1095 1584 1143 et
1632 1104 1866 1159 regnum
1905 1104 2034 1158 per-

314 1183 542 1246 petuum
574 1178 633 1231 in
684 1194 875 1233 eorum
912 1182 1357 1234 remuneratione
1410 1195 1648 1249 sperare.
1706 1177 1797 1231 Sic
1853 1187 2035 1232 autem

319 1265 520 1333 vivere,
554 1267 668 1334 iam
704 1269 759 1322 in
793 1268 1122 1323 aeternitatis
1155 1271 1265 1323 vita
1292 1276 1509 1338 partem
1532 1267 1733 1322 habere
1763 1270 1859 1322 est.
1886 1268 2031 1330 Iltz’c,

320 1354 613 1425 magniﬁce
640 1357 741 1425 ﬁli,
777 1358 986 1429 loquor,
1011 1361 1142 1429 quia
1182 1358 1417 1412 multum
1451 1366 1498 1411 te
1539 1357 1726 1427 diligo.
1782 1360 1846 1412 Et
1903 1358 2033 1427 quia

320 1446 381 1499 in
407 1447 678 1517 procellas
716 1456 765 1502 et
794 1448 991 1516 ﬂuctus
1023 1448 1219 1515 tendis,
1260 1450 1548 1502 verborum
1595 1463 1842 1502 meorum
1880 1445 2036 1515 funi-

322 1536 419 1590 bus
442 1543 492 1590 te
521 1535 590 1590 ad
623 1535 781 1591 littus
814 1553 1034 1600 revoco;
1056 1543 1106 1592 et
1136 1539 1191 1593 si
1221 1538 1545 1592 trahentem
1570 1538 1729 1607 sequi
1777 1536 2031 1599 volueris,

322 1640 441 1695 quae
469 1626 719 1695 pericula
745 1628 1011 1695 evaseris,
1044 1640 1168 1697 qum
1208 1625 1413 1695 gaudia
1459 1624 1753 1692 inveneris,
1816 1627 1873 1678 in
1922 1626 2033 1694 ipso

2146 546 2402 602 licitudo.
2427 547 2815 603 Ariminensis
2846 547 3101 603 Ecclesia
3141 549 3235 603 diu
3273 549 3396 603 sine
3432 548 3682 620 episcopo
3710 552 3814 606 fue-

2148 641 2256 703 rat,
2291 636 2362 691 ob
2395 636 2690 691 infirmam
2724 637 2963 693 Castorii
2989 636 3402 693 valetudinem.
3436 640 3537 705 Qui
3577 656 3698 694 cum
3728 656 3818 711 per

2147 727 2598 795 quadriennium
2655 726 2958 795 abfuisset,
3003 744 3109 783 nec
3169 726 3375 783 melius
3430 728 3678 795 haberet,
3705 732 3821 785 data

2142 818 2355 885 scriptis
2393 817 2795 887 supplicatione
2842 817 3000 888 petiit
3031 835 3063 871 a
3102 834 3263 888 papa,
3318 827 3377 871 ut
3420 816 3546 888 quia
3589 817 3655 872 ad
3699 818 3825 888 ejus-

2143 904 2260 960 dem
2293 905 2547 962 Ecclesiae
2576 908 2820 976 regimen
2853 908 2938 961 vel
2978 916 3283 979 susceptum
3313 908 3568 977 o/ftcium,
3596 923 3688 977 pro
3747 923 3829 962 ea-

2142 996 2263 1051 dem
2313 1014 2419 1067 qua
2473 998 2820 1053 detinebatur
2872 1000 3115 1055 molestia
3171 1014 3458 1070 assurgere
3528 998 3831 1053 nullatenus

2140 1090 2333 1156 posset,
2369 1088 2629 1144 Ecclesiae
2658 1086 2766 1159 ipsi
2795 1089 3055 1144 ordinare
3084 1091 3397 1159 episcopum
3437 1087 3661 1145 deberet.
3698 1087 3824 1158 Ejus

2142 1176 2292 1229 votis
2324 1192 2585 1231 annuens
2618 1193 2885 1232 summus
2920 1178 3195 1248 pontifex,
3220 1179 3348 1248 quia
3395 1181 3705 1231 cunctarum
3744 1177 3828 1231 Ec-

2142 1264 2436 1319 clesiarum
2462 1266 2713 1336 injuncta
2741 1284 2866 1322 eum
2903 1267 3293 1322 sollicitudinis
3342 1282 3472 1323 cura
3522 1268 3831 1333 constringe-

2146 1354 2253 1419 bat,
2277 1356 2427 1410 datis
2450 1357 2518 1411 de
2552 1373 2708 1412 more
2740 1358 3040 1427 praeceptis
3087 1356 3306 1412 clerum
3343 1361 3400 1411 et
3450 1356 3719 1427 populum
3772 1356 3835 1409 ad

2144 1444 2476 1516 eligendum
2509 1448 2618 1503 sibi
2651 1448 2962 1504 antistitetn
2999 1447 3265 1503 hortatus
3302 1451 3415 1512 est,
3464 1462 3633 1516 quem
3690 1444 3841 1499 Mari-

2146 1536 2319 1591 niano
2342 1539 2660 1594 Ravennati
2694 1539 3147 1594 examinandum
3189 1538 3313 1593 sisti
3373 1536 3555 1592 voluit
3583 1535 3717 1604 (Lib.
3752 1550 3843 1603 ut,

2143 1640 2226 1695 ep.
2264 1625 2369 1694 19).

324 1712 525 1784 quietis
553 1718 658 1768 tua:
681 1715 865 1770 littore
918 1717 1133 1785 positus
1186 1730 1439 1784 agnosces
1496 1714 1635 1785 (Lib.
1690 1728 1892 1783 vn,ep.
1954 1716 2027 1782 2).
2067 1746 2114 1810 Β
2214 1718 2270 1773 7.
2298 1716 2474 1771 Paulo
2516 1721 2647 1787 post
2680 1717 2750 1771 ad
2793 1718 3063 1772 eumdem
3116 1715 3451 1771 Marianum
3500 1713 3742 1784 scripsit,
3788 1712 3843 1767 ut

392 1805 448 1857 4.
479 1805 722 1871 Quando
753 1804 1076 1859 amicorum
1102 1804 1329 1859 animos
1360 1804 1627 1859 fatiscere
1659 1803 1769 1858 sub
1820 1818 2033 1856 aerum-

323 1908 531 1948 narum
568 1894 823 1965 pondere
840 1893 1209 1960 observabat,
1242 1892 1449 1948 litteris
1490 1892 1891 1948 consolatoriis
1940 1907 2036 1946 eos

324 1982 605 2054 erigebat,
639 1982 725 2038 vel
751 1983 879 2054 ipsa
912 1984 1091 2039 animi
1128 1983 1535 2055 magnitudine
1556 1999 1671 2053 qua
1714 1999 1890 2053 supra
1922 1981 2031 2035 hu-

323 2088 501 2127 mana
524 2072 722 2128 omnia
752 2072 810 2126 in
843 2073 915 2128 iis
939 2074 1197 2128 eminere
1228 2073 1556 2130 videbatur.
1591 2073 1670 2127 De
1711 2072 2033 2127 amicorum

325 2165 661 2216 nostrorum
720 2162 941 2231 liberis,
992 2172 1087 2217 aut
1146 2162 1340 2232 aliqua
1405 2161 1626 2217 ratione
1692 2161 2035 2232 propinquis

322 2254 505 2306 morte
545 2251 842 2323 proneptis
890 2251 1226 2317 immatura,
1284 2252 1542 2309 solemus
1590 2252 1809 2318 dolere;
1859 2250 2037 2321 idque

324 2338 396 2395 de
428 2355 630 2396 eorum
663 2341 981 2397 amissione
1012 2341 1348 2412 lugentibus
1391 2342 1745 2413 signiﬁcare.
1776 2342 1846 2395 At
1893 2340 2030 2395 Gre-

323 2430 523 2501 gorius
556 2429 636 2485 nil
670 2429 911 2486 humani
944 2430 1197 2501 sapiens,
1230 2433 1297 2486 ad
1321 2432 1612 2486 Andream
1643 2429 1901 2485 amicitia
1921 2427 2033 2483 sibi

321 2526 873 2595 conjunctissimum
947 2527 1179 2583 scribit:
1219 2527 1368 2597 Quod
1425 2528 1622 2582 domno
1682 2526 2036 2582 Constantina

321 2616 637 2673 clarissima
662 2620 872 2690 puella,
902 2620 1230 2690 priusquam
1258 2620 1482 2689 nuptias
1510 2621 1743 2687 faceret,
1775 2618 1843 2672 ab
1874 2616 2037 2685 huius

324 2708 522 2763 mundi
550 2708 821 2764 illecebris
851 2711 925 2763 est
972 2714 1179 2779 erepta,
1236 2710 1581 2763 vehementer
1631 2708 1847 2763 exsulto
1894 2706 2031 2774 (Lib.

324 2812 424 2865 vn,
456 2813 541 2869 ep.
573 2798 685 2870 29).
730 2799 797 2853 Et
846 2798 916 2852 ad
970 2797 1377 2855 Narsamzper
1429 2800 1632 2869 scripta
1672 2806 1849 2852 vestra
1895 2795 2037 2851 mihi

330 2890 627 2942 transitum
677 2887 886 2943 domne
934 2886 1189 2958 Esychiae
1242 2887 1577 2948 nuntiastis;
1600 2892 1648 2941 et
1688 2903 1887 2956 magna
1944 2902 2035 2941 ex-

328 2974 627 3030 sultatione
654 2978 907 3045 gravisus
936 2992 1079 3043 sum,
1112 2978 1245 3047 quia
1276 2977 1378 3031 illa
1404 2978 1542 3033 bona
1574 2979 1762 3030 anima
1783 2975 1853 3029 ad
1882 2992 2036 3029 suam

323 3062 571 3131 patriam
597 3063 869 3131 pervenit,
901 3079 1026 3133 quae
1043 3068 1101 3120 in
1120 3062 1304 3131 patria
1336 3062 1617 3117 laborabat
1662 3060 2029 3130 aliena(1bid-

327 3163 413 3219 ep.
436 3148 548 3220 30).
582 3149 825 3207 Noverat
855 3153 1103 3210 fortasse
1134 3154 1290 3210 haud
1316 3154 1606 3223 ingratum
1641 3155 1759 3205 fore
1793 3150 1899 3205 hoc
1929 3165 2029 3220 ge-

327 3253 443 3293 nus
468 3240 912 3311 consolationis,
964 3245 1160 3300 Nersae
1189 3245 1309 3299 viro
1339 3242 1589 3311 religioso
1623 3239 1730 3311 (sic
1787 3236 2039 3309 appella-

329 3331 429 3383 tur
460 3327 519 3384 in
550 3329 808 3401 epistolae
839 3331 1239 3405 inscriptione)
1270 3333 1519 3403 quicum
1546 3328 1801 3400 patricias
1841 3327 2041 3399 digni—

328 3416 661 3487 tatisessst,
705 3428 765 3475 ut
797 3436 865 3477 ex
923 3438 1012 3495 sp.
1048 3424 1118 3477 32
1175 3423 1276 3478 lib.
1328 3438 1382 3476 ιν
1445 3417 1760 3490 colligitur,
1831 3416 2039 3473 saeculo

330 3508 754 3565 nuntiumtunc
776 3512 1069 3569 remisisse
1093 3512 1412 3577 videtur,et
1434 3508 1786 3581 quibusdam
1812 3523 2042 3563 monas-

330 3596 494 3653 teriis
526 3599 850 3670 prasfuisse.
876 3602 1021 3659 Filia
1049 3604 1174 3675 ejus
1213 3600 1535 3666 Dominica,
1568 3597 1729 3670 virgo
1771 3598 2041 3654 doctissi-

333 3704 448 3755 ma,
480 3704 607 3758 qum
635 3691 838 3746 Latina
859 3708 993 3749 cum
1045 3698 1219 3760 esset,
1250 3696 1441 3747 Graece
1481 3693 1676 3743 tamen
1728 3688 2038 3754 scribebat,

334 3776 526 3833 aulam
560 3795 789 3851 quoque
820 3782 1070 3853 fugiens,
1106 3779 2040 3855 monasteriumingressafuerat,

333 3866 534 3938 ibique
586 3874 785 3939 postea
844 3872 995 3928 facta
1052 3874 1383 3946 praeposita.
1445 3878 1578 3942 Quae
1629 3874 1700 3928 de
1741 3869 2044 3927 Dominica

332 3956 393 4013 in
421 3956 638 4015 Gracia
668 3959 878 4017 litteris
908 3964 1137 4019 erudita
1180 3965 1442 4022 diximus
1485 3982 1550 4021 eo
1601 3964 1789 4034 magis
1844 3959 2042 4015 mirari

333 4047 637 4117 debemus,
663 4051 817 4121 quod
851 4052 909 4108 S.
944 4053 1261 4125 Gregorius
1284 4057 1354 4110 ad
1386 4057 1649 4126 ejusdem
1667 4056 1887 4125 patrem
1901 4048 2043 4105 scri-

333 4137 499 4204 bens,
533 4144 758 4195 asserat
804 4146 944 4198 tunc
1000 4160 1115 4199 non
1164 4145 1346 4200 fuisse
1378 4140 1873 4213 Constantinopoli
1904 4138 2044 4193 satis

334 4224 532 4281 doctos
560 4226 928 4299 interpretes,
977 4235 1072 4302 qui
1114 4234 1177 4289 de
1236 4234 1418 4291 Grmco
1476 4236 1535 4289 in
1595 4233 1855 4287 Latinum
1905 4232 1952 4283 et
1982 4226 2046 4281 de

334 4315 536 4471 Latigo)
558 4315 619 4370 in
643 4314 889 4375 ercum
920 4321 1123 4378 dictata
1158 4323 1287 4380 bene
1316 4328 1685 4396 trans/errent
1721 4324 1746 4376 ἵ
1768 4320 1908 4391 (Lib.
1941 4334 2042 4387 vn,

337 4416 421 4471 ep.
497 4444 507 4454 .

337 4416 421 4473 ep.
452 4416 507 4456 δ.

2155 1812 2376 1881 dejecto
2419 1824 2487 1863 ex
2533 1806 2926 1862 Corneliensis
2974 1803 3243 1859 Ecclesia:
3304 1806 3445 1860 sede
3494 1803 3756 1874 episcopo
3787 1799 3840 1853 in

2151 1902 2295 1957 217
2334 1899 2552 1953 crimen
2588 1896 2773 1966 lapso,
2808 1897 2864 1950 in
2897 1896 3024 1965 ejus
3069 1894 3258 1949 locum
3296 1894 3455 1949 alius
3504 1892 3844 1948 ordinaretur

2144 1991 2484 2062 episcopus;
2520 1987 2657 2058 quia
2689 2004 2791 2041 nec
2821 1986 2985 2056 lapso
3016 2002 3145 2055 spes
3180 1985 3298 2040 ulla
3337 1997 3640 2055 superesse
3673 1981 3847 2052 posset

2142 2081 2215 2135 ad
2252 2079 2551 2151 pristinam
2600 2077 2881 2131 redeundi
2935 2075 3305 2146 dignitatem,
3373 2091 3479 2129 nec
3528 2072 3679 2129 ultra
3730 2076 3838 2125 tres

2140 2185 2372 2226 menses
2402 2167 2718 2224 Ecclesiam
2742 2181 2947 2221 vacare
2969 2164 3115 2220 sacri
3150 2163 3645 2236 permitterent(b)
3678 2176 3837 2215 cano-

2142 2278 2245 2316 nes
2278 2260 2419 2331 (Lib.
2454 2274 2554 2328 v11,
2583 2272 2666 2326 ep.
2703 2257 2812 2326 41).
2846 2256 2991 2310 Dum
3041 2271 3173 2310 vero
3212 2254 3365 2326 legis
3409 2269 3589 2324 supra
3642 2250 3833 2320 Grego-

2142 2351 2295 2405 rium
2318 2355 2556 2405 cunctas
2586 2347 2645 2401 in
2686 2346 2972 2401 Ecclesias
3014 2344 3439 2401 sollicitudinis
3482 2358 3677 2399 curam
3734 2337 3841 2394 sibi

2138 2442 2419 2506 tribuere,
2451 2455 2523 2493 ne
2544 2436 2856 2506 suspiceris
2886 2436 3080 2504 ipsum
3115 2434 3269 2489 ultra
3319 2435 3563 2490 modum
3622 2428 3843 2503 pontifi-

2143 2531 2293 2587 ciam
2325 2528 2637 2601 protulisse
2678 2531 3042 2597 potestatem,
3104 2526 3257 2595 quod
3284 2526 3363 2580 ab
3403 2524 3534 2595 ejus
3582 2517 3848 2577 modestia

2142 2629 2197 2679 et
2226 2621 2403 2677 animi
2446 2618 2803 2675 demissione
2837 2633 3076 2687 prorsus
3126 2616 3503 2671 abhorrebat.
3556 2615 3713 2668 Certe
3755 2607 3845 2679 qui

2146 2713 2246 2768 150
2277 2711 2506 2767 circiter
2537 2708 2707 2763 annis
2739 2712 2871 2762 ante
2912 2707 3107 2776 ipsum
3140 2704 3311 2771 sedit,
3349 2709 3463 2760 Leo
3506 2702 3765 2773 Magnus,
3784 2696 3849 2754 ad

2143 2818 2232 2872 ep.
2259 2798 2840 2855 Thessalonicensem
2886 2796 3149 2851 scribens
3182 2796 3289 2865 (ep.
3331 2811 3435 2861 xit,
3493 2809 3542 2849 ο.
3591 2793 3642 2861 1)
3690 2793 3748 2845 ut
3800 2785 3847 2841 ei

2142 2892 2297 2945 vices
2329 2906 2467 2945 suas
2499 2886 2907 2952 committeret,
2949 2885 3030 2939 ait
3066 2900 3196 2940 eum
3232 2885 3293 2938 in
3358 2888 3575 2955 partem
3620 2884 3849 2936 vocatum

2145 2996 2257 3036 esse
2285 2976 2698 3040 sollicitudinis,
2775 2992 2885 3029 non
2956 2976 3013 3029 in
3087 2972 3509 3045 plenitudinem
3545 2969 3853 3044 potestatis;

2145 3085 2317 3141 quam
2353 3068 2595 3138 proinde
2622 3064 2733 3119 sibi
2763 3064 3066 3119 vendicare
3125 3080 3240 3117 non
3273 3062 3613 3119 dubitabat.

2215 3155 2721 3223 Quemadmodum
2746 3154 3055 3226 Gregorius
3072 3154 3383 3224 episcopos
3414 3153 3517 3226 qui
3550 3150 3731 3207 ofﬁcio
3759 3163 3856 3203 suo

2144 3251 2404 3317 deerant,
2438 3247 2633 3318 dignis
2664 3245 2848 3316 pmnis
2878 3244 3187 3309 afficiebat,
3220 3244 3299 3299 ita
3323 3246 3583 3315 Optimos
3615 3244 3856 3313 pastores

2144 3339 2358 3395 debitis
2388 3337 2663 3391 laudibus
2702 3339 2759 3390 et
2816 3334 3068 3405 praemiis
3114 3350 3493 3389 remunerare
3552 3329 3854 3400 satagebat.

2146 3430 2511 3499 Quapropter
2551 3425 2912 3497 Stephanum
2972 3424 3310 3496 episcopum
3375 3425 3641 3494 impense
3674 3418 3858 3475 laudat

2147 3519 2299 3589 quod
2334 3516 2574 3573 assidua
2606 3513 3013 3587 praedicatione
3036 3512 3277 3569 Mariam
3309 3513 3622 3585 patriciam
3655 3510 3723 3565 ab
3754 3507 3859 3562 hai-

2148 3607 2260 3662 resi
2293 3611 2394 3661 aut
2424 3606 2743 3661 schismate
2764 3604 2833 3658 ad
2861 3604 3132 3658 Ecclesia:
3156 3603 3361 3658 sinum
3383 3596 3861 3665 revocarit,alios-

2147 3710 2260 3767 que
2312 3711 2425 3750 non
2479 3710 2692 3763 paucos
2736 3690 2879 3760 (Lib.
2925 3708 3023 3757 vn,
3055 3707 3139 3761 ep.
3175 3690 3251 3760 8).
3318 3691 3405 3745 Ex
3464 3689 3577 3745 hoc
3636 3686 3863 3742 fortasse

2154 3802 2397 3841 numero
2430 3787 2551 3838 erat
2585 3781 2885 3837 Dominica
2914 3780 3169 3852 gloriosa
3201 3780 3451 3845 femina,
3483 3776 3731 3835 Joannis
3768 3789 3866 3828 cu-

2150 3875 2379 3946 jusdam
2414 3888 2555 3928 uxor
2604 3870 2877 3942 Gregorio
2924 3868 3149 3934 intimi;
3184 3868 3254 3923 ad
3316 3885 3503 3940 quem
3538 3863 3774 3938 scripsit
3813 3876 3869 3917 se

2150 3980 2266 4020 non
2324 3961 2689 4017 mediocriter
2738 3958 3016 4027 lanatum,
3076 3974 3205 4013 cum
3264 3955 3467 4029 ipsam
3520 3953 3870 4029 cognovisset

2152 4053 2360 4109 unitati
2393 4051 2659 4106 Ecclesiae
2686 4050 2965 4105 sociatam
3002 4047 3184 4117 (lbid.,
3214 4063 3299 4118 ep.
3332 4047 3457 4118 37).

2220 4144 2272 4196 8.
2310 4144 2375 4198 Ut
2408 4157 2496 4196 res
2528 4140 2883 4195 monasticae
2914 4139 3161 4194 breviter
3205 4138 3600 4210 attingamus,
3625 4137 3732 4192 hoc
3776 4149 3871 4188 an-

2152 4250 2225 4289 no
2258 4249 2407 4305 papa
2431 4229 2758 4302 privclegiis
2790 4229 3025 4285 donavit
3056 4228 3489 4283 monasterium
3525 4228 3581 4283 S.
3617 4220 3875 4283 Cassiani

2151 4325 2300 4397 apud
2334 4321 2647 4377 Massiliam
2687 4321 2780 4377 cui
2828 4323 3069 4391 praeerat
3114 4319 3422 4389 Respecta.
3459 4319 3545 4375 De
3605 4318 3715 4374 hoc
3756 4331 3875 4371 mo-

2150 4415 2397 4472 nasterio
2429 4411 2669 4469 consule
2701 4414 2868 4467 notas
2918 4411 2988 4465 ad
3034 4409 3345 4481 epistolam
3412 4411 3540 4467 haec
3582 4403 3876 4482 privilegia

406 4491 462 4546 5.
494 4492 793 4550 Laudabat
823 4499 1075 4555 maxime
1106 4500 1165 4556 Β.
1194 4501 1503 4574 Gregorius
1534 4502 1581 4558 si
1616 4500 1808 4567 amici,
1861 4497 2037 4553 etiam

2162 4504 2543 4562 :ontinentem
2574 4502 2711 4573 (Lib.
2736 4516 2832 4569 vn,
2874 4517 2956 4571 ep.
2984 4501 3093 4567 12).

338 4585 414 4653 (a)
448 4581 597 4649 laici,
624 4582 682 4639 in
708 4586 877 4643 verbo
910 4589 1107 4646 divino
1147 4591 1414 4649 solatium
1473 4598 1529 4648 et
1585 4592 1790 4648 animas
1840 4590 2037 4644 cibum

336 4676 684 4746 quarerent.
719 4674 781 4730 Id
813 4678 1187 4748 potissimum
1220 4680 1405 4753 liquet
1427 4696 1496 4737 ex
1525 4678 1769 4752 epistola
1801 4678 1905 4734 hoc
1935 4693 2039 4731 an-

339 4780 413 4820 no
446 4765 515 4820 ad
549 4764 901 4837 Dynamium
934 4774 991 4823 et
1045 4770 1338 4826 Aureliam
1402 4772 1594 4828 Gallos
1649 4769 1868 4842 scripta
1905 4771 2041 4847 (Lib.

337 4870 435 4923 vn,
459 4869 543 4925 ep.
577 4854 692 4927 36),
726 4854 822 4911 ubi
869 4858 953 4914 eis
1000 4859 1347 4929 gratulatur,
1384 4862 1519 4933 quia
1553 4879 1730 4918 sacrae
1780 4864 2044 4920 lectionis

338 4945 553 5015 pabula
575 4946 948 5018 quaerebant;
983 4949 1299 5020 subditque
1328 4952 1613 5022 optimam
1644 4953 1821 5022 hujus
1853 4954 2044 5008 Evan-

340 5033 537 5105 gelicss
570 5038 866 5093 sententia:
899 5040 1316 5109 expositionem
1344 5058 1356 5097 :
1385 5041 1570 5096 Omnis
1619 5044 1714 5112 qui
1760 5045 1893 5114 petit
1951 5060 2045 5097 ac-

339 5125 495 5191 cipit,
552 5131 606 5181 et
659 5130 752 5198 qui
807 5132 1007 5201 quwrit
1062 5131 1291 5199 invenit,
1349 5138 1403 5187 et
1456 5134 1709 5203 pulsanti
1764 5134 2049 5203 aperietur

341 5207 553 5277 (Matth.
587 5230 684 5281 vn,
725 5217 802 5286 8).
857 5224 1139 5286 Petamus,
1179 5222 1391 5293 inquit,
1450 5222 1676 5290 orando,
1735 5238 2049 5294 quaeramus

342 5300 598 5372 legendo,
626 5306 909 5373 pulsemus
954 5312 1226 5381 aperando
1248 5317 1397 5381 (Luc.
1437 5329 1518 5382 χι,
1570 5313 1680 5384 12).
1738 5314 1811 5368 At
1833 5314 1904 5367 de
1954 5312 2045 5368 his

344 5390 520 5456 satis;
543 5390 616 5444 ad
637 5391 1147 5455 aliatranseamus.

414 5479 470 5536 6.
504 5478 642 5536 Post
672 5480 960 5540 diutinam
992 5486 1053 5543 in
1083 5487 1310 5547 Oriente
1342 5507 1561 5549 moram
1593 5493 1826 5561 factam,
1858 5492 1915 5549 in
1936 5474 2051 5548 Oc-

349 5627 353 5630 .
418 5650 496 5726 (a)
526 5648 671 5709 Vide
702 5669 881 5725 supra
911 5655 1012 5726 Ep.
1035 5657 1363 5722 26,etinfra
1379 5659 1478 5714 lib.
1511 5677 1592 5731 χι,
1623 5660 1727 5733 Ep.
1757 5660 1847 5717 78.

2220 4597 2283 4651 In
2314 4594 2423 4650 alia
2451 4592 2697 4665 epistola
2729 4592 2869 4662 (Lib.
2904 4607 3001 4657 vn,
3026 4606 3109 4661 ep.
3146 4591 3232 4661 18)
3266 4589 3528 4661 legimus
3564 4588 3875 4645 Martinam

2154 4684 2465 4756 quemdam
2488 4682 2799 4736 diaconum
2833 4682 2889 4732 et
2919 4678 3211 4745 abbatem,
3246 4677 3316 4731 de
3364 4694 3490 4750 quo
3535 4679 3729 4749 aliqua
3778 4691 3875 4747 pa-

2154 4793 2239 4848 pae
2259 4776 2481 4844 fuerant
2506 4775 2786 4834 nuntiata,
2819 4784 2939 4840 quae
2985 4768 3155 4837 ofﬁcii
3185 4769 3302 4838 ejus
3354 4772 3723 4839 propositum
3775 4780 3880 4821 non

2158 4862 2345 4918 leviter
2375 4862 2720 4916 macularent
2751 4875 2854 4915 nec
2888 4863 3081 4913 tamen
3098 4854 3723 4927 sedulainquisitione
3746 4855 3883 4910 facta

2156 4952 2387 5026 probari
2411 4954 2738 5023 potuerant,
2774 4966 2844 5004 ne
2875 4966 2988 5020 qua
3014 4947 3085 5002 de
3117 4945 3185 5001 iis
3216 4946 3492 5017 suspicio
3529 4947 3877 5007 remaneret,

2158 5045 2226 5099 ad
2250 5041 2705 5099 sacratissimum
2748 5040 2899 5094 beati
2940 5036 3091 5093 Petri
3142 5036 3550 5105 apostolorum
3608 5033 3883 5109 principis

2154 5151 2365 5204 corpus
2395 5134 2645 5187 districta
2674 5135 3022 5185 sacramenta
3049 5128 3368 5200 praebuisse,
3424 5128 3655 5195 quibus
3687 5127 3883 5180 inson-

2156 5227 2273 5278 tem
2306 5239 2368 5277 se
2400 5231 2697 5276 assereret.
2729 5219 3088 5289 Quapropter
3134 5215 3561 5289 eumgabsolvit
3592 5216 3653 5273 S.
3675 5215 3887 5286 Grego-

2159 5314 2281 5368 rius
2295 5319 2348 5367 et
2370 5328 2475 5366 suo
2509 5311 2633 5366 loco
2667 5310 2941 5366 restituit.

2228 5398 2481 5470 Epistola
2503 5400 2572 5453 3'2
2593 5398 2807 5469 scripta
2828 5402 2915 5453 est
2945 5398 3016 5452 ad
3035 5395 3413 5452 Anastasium
3439 5396 3885 5467 presbyterum,

2158 5506 2330 5563 quem
2356 5490 2558 5546 multis
2588 5494 2642 5547 et
2681 5488 2972 5562 praclaris
3005 5487 3317 5544 virtutibus
3357 5491 3650 5543 ornatum
3681 5485 3884 5557 depin-

2159 5735 2201 5789 R
2230 5661 2299 5729 (b)
2321 5658 2398 5715 Ex
2426 5676 2555 5716 can.
2587 5659 2658 5717 25
2701 5656 3049 5718 Chalcedon.
3084 5656 3141 5715 in
3172 5650 3377 5718 Codice
3401 5668 3714 5710 canonum
3740 5652 3890 5711 Eccl.

2206 5751 2321 5789 om.

2206 5751 2321 5792 om.
