4086 6166
266 225 376 286 405

704 233 768 292 S.
818 232 1187 294 GREGORII
1235 236 1466 297 MAG-Nl
1521 239 1723 310 Vl'I‘A,
1771 241 1870 302 EX
1919 240 2105 303 EJUS
2149 243 2499 306 SCRIPTIS
2544 243 2999 305 ADORNATA.
3050 247 3198 306 LIB.
3244 242 3346 305 lli.

3663 246 3778 304 406

263 358 374 430 git;
411 362 701 436 vituperat
731 371 920 425 tamen
952 370 1025 426 ob
1052 372 1327 428 ducatum
1357 373 1416 430 in
1443 377 1787 434 monasterio
1809 378 1966 450 quod
1995 381 2052 448 Α
2139 381 2186 429 5.
2221 381 2441 450 Moritur
2472 384 2810 450 Anastasius.
2835 383 2961 450 Ejus
2994 399 3271 450 811090850!
3298 384 3364 434 ad
3384 386 3437 450 _S.
3460 384 3776 448 Gregorium

257 451 571 509 vocabatur
607 456 749 512 Neas
787 464 1179 531 assumptum,
1233 465 1385 532 quod
1431 465 1535 520 hoc
1587 467 1647 521 in
1710 468 1969 525 coenobio

259 541 433 596 multa
461 545 562 598 sub
591 550 902 603 sanctitatis
926 550 1118 605 habitu
1147 552 1446 608 sacularia
1476 560 1790 624 agerentur.
1824 558 1970 613 Hor-

261 637 412 686 tatur
442 639 638 691 autem
674 636 841 693 illum
877 641 945 694 ad
989 642 1415 699 contentionem
1457 661 1581 714 qua
1627 646 1776 702 inter
1813 648 1971 716 ejus-

258 721 385 776 dem
420 727 756 782 monasterii
782 734 1028 800 patrem,
1063 736 1116 786 et
1141 733 1317 788 Amos
1338 735 1836 806 Jerosolymorum
1865 754 1966 808 pa-

261 809 572 868 triarcham
606 821 804 871 exorta
833 826 976 885 erat,
1021 819 1341 876 tollendam
1384 826 1440 878 et
1474 826 1961 894 componendam.

327 899 540 972 Magna
589 912 711 959 erat
761 905 1060 964 altercatio
1108 910 1259 966 inter
1308 912 1644 979 Caesarium,
1695 915 1964 970 abbatem

262 991 594 1047 monasterii
621 994 803 1050 sancti
839 996 987 1052 Petri
1015 1001 1167 1070 apud
1200 999 1392 1068 Baias,
1426 1006 1482 1056 et
1511 1005 1820 1072 Joannem,
1864 1004 1965 1059 ab-

262 1077 445 1134 batem
479 1080 538 1136 S.
583 1082 788 1150 Lucia,
826 1084 885 1140 in
929 1087 1296 1158 Syracusana
1338 1090 1517 1159 urbe;
1563 1092 1633 1147 de
1672 1109 1787 1163 qua
1825 1092 1963 1146 diri-

263 1169 472 1224 menda
503 1170 810 1244 Gregorius
851 1177 922 1232 ad
967 1181 1251 1234 Joannem
1303 1181 1572 1252 Syracus.
1624 1181 1963 1252 episcopum

261 1258 491 1326 scripsit
518 1259 656 1331 (Lib.
692 1279 784 1333 vn,
817 1281 901 1336 ep.
936 1266 1049 1336 39),
1085 1283 1295 1339 rogans
1338 1274 1400 1325 ut
1439 1273 1564 1341 ipse
1595 1287 1727 1324 cum
1769 1271 1962 1325 Fanti-

261 1363 331 1402 no
381 1348 708 1421 defensore,
757 1353 1017 1410 adhibito
1092 1360 1314 1414 Joanne
1376 1360 1765 1429 agrimensore
1821 1360 1965 1431 (erat

263 1439 410 1492 enim
451 1441 697 1510 quaestio
738 1444 809 1498 de
850 1444 1090 1515 ﬁnibus)
1138 1448 1457 1518 accederet,
1500 1466 1565 1503 ac
1605 1448 1961 1504 sententiam

267 1526 420 1582 ferret
453 1545 468 1582 :
500 1530 577 1585 Ne
604 1532 988 1602 religiosorum
1016 1535 1265 1592 virorum
1296 1537 1456 1592 corda
1488 1539 1840 1593 saecula-rium
1870 1553 1964 1592 re-

269 1632 381 1670 rum
407 1619 640 1676 intentio
669 1638 703 1676 a
746 1627 938 1678 mutua
986 1625 1322 1698 disjungeret
1369 1627 1657 1682 charitale.
1711 1628 1792 1682 De
1841 1644 1960 1682 ser-

269 1707 439 1762 vanda
469 1711 792 1767 monastica
840 1714 1144 1785 disciplina
1189 1717 1248 1770 in
1280 1716 1472 1771 Africa
1501 1717 1808 1785 sollicitus,
1850 1716 1963 1771 Do-

269 1796 562 1870 minicum,
613 1771 1131 1873 Carthaginensem
1185 1806 1547 1878 episcopum,
1603 1771 1845 1879 rogavit,
1899 1771 2040 1862 utB

272 1893 541 1943 coerceret
581 1892 900 1948 monachos
942 1894 1181 1965 impune
1219 1902 1515 1966 vagantes,
1565 1913 1782 1967 eosque
1821 1895 1960 1950 obe-

260 1976 481 2032 vdientia
506 1979 674 2051 jugo,
707 1983 859 2050 quod
890 1990 1284 2053 excusserant,
1310 2003 1544 2042 rursum
1581 1986 1755 2042 subdi
1790 2003 1962 2041 cura-

271 2072 383 2135 ret;
412 2069 831 2143 episcoposque
863 2089 1012 2144 quos
1044 2075 1306 2131 audierat
1338 2076 1408 2131 iis
1439 2077 1745 2132 erronibus
1779 2084 1966 2147 patro-

272 2156 471 2212 cinium
502 2159 667 2226 ferre,
710 2161 780 2216 ab
819 2178 1023 2218 eorum
1069 2164 1406 2220 defensione
1454 2167 1645 2222 modis
1689 2165 1964 2221 omnibus

267 2247 688 2305 interminando
719 2259 1106 2322 compesceret
1131 2255 1318 2325 (lbid.,
1351 2272 1434 2326 ep.
1459 2257 1571 2327 35).

329 2336 380 2389 9.
410 2337 531 2393 Alia
560 2339 864 2396 occasione
919 2343 988 2397 ad
1042 2343 1434 2411 Gennadium,
1478 2344 1677 2399 Africa
1729 2346 1965 2416 praefec-

271 2427 408 2493 tum,
436 2427 689 2499 scripsit,
723 2429 1008 2486 nimirum
1035 2435 1099 2486 ut
1122 2432 1171 2487 ei
1200 2432 1504 2488 Ruferium
1529 2436 1797 2489 comitem
1819 2435 1968 2502 ejus-

268 2529 372 2584 que
399 2517 658 2574 concives
689 2535 754 2573 ac
781 2519 975 2590 ipsam
1001 2522 1293 2578 Corsicam
1318 2523 1570 2578 insulam
1597 2524 1969 2578 commenda-

263 2609 347 2660 ret
373 2607 511 2674 (Lib.
543 2623 643 2677 vn,
675 2624 762 2679 ep.
794 2609 870 2680 3).
905 2609 1065 2666 Unde
1094 2611 1494 2684 intelligimus
1531 2613 1784 2668 insulam
1820 2611 1970 2666 hanc

261 2692 328 2747 ad
361 2694 556 2750 Africa
588 2697 992 2767 prafecturam
1025 2715 1126 2755 seu
1160 2701 1542 2757 exarchatum
1578 2701 1968 2773 pertinuisse;

261 2780 500 2838 fortasse
549 2786 702 2857 quod
755 2786 1034 2842 Sardinia
1089 2790 1376 2857 adjaceat,
1431 2807 1559 2862 qua
1626 2796 1768 2846 tunc
1823 2789 1973 2844 inter

262 2867 455 2924 Africa
502 2871 828 2941 provincias
877 2875 1290 2930 accensebatur
1338 2877 1593 2947 septima
1641 2885 1694 2931 et
1743 2875 1972 2931 ultima.

269 2953 525 3012 Hostium
573 2957 1008 3016 incursionibus
1059 2963 1291 3032 patebat
1344 2963 1575 3020 Corsica
1616 2979 1630 3030 ;
1682 2979 1785 3019 nec
1832 2961 1974 3018 satis

266 3050 387 3099 erat
413 3046 548 3103 illnc
576 3049 888 3106 exercitum
919 3052 1338 3121 transmittere,
1386 3053 1498 3109 nisi
1533 3053 1670 3108 huic
1694 3057 1977 3125 praeesset

270 3131 386 3186 dux
436 3136 845 3205 peritissimus.
897 3140 1146 3210 Ideoque
1197 3146 1358 3213 rogat
1398 3141 1709 3212 Gregorius
1750 3140 1964 3212 pratici
1996 3141 2039 3207 C

269 3223 636 3280 Anastasium
667 3227 992 3295 tribunum,
1015 3231 1113 3299 qui
1138 3230 1262 3300 jam
1284 3231 1484 3286 eadem
1510 3232 1808 3301 provincia
1830 3235 1970 3286 stre-

271 3327 386 3367 nue
419 3313 729 3370 defunctus
767 3316 969 3384 fuerat,
1011 3323 1067 3372 et
1097 3319 1166 3372 ad
1209 3318 1336 3389 ipsa
1379 3319 1511 3375 dein
1563 3325 1816 3391 amotus,
1846 3336 1968 3375 ma-

273 3416 439 3470 gnam
487 3404 577 3459 sui
629 3405 1113 3462 existimationem
1167 3408 1438 3464 omnibus
1477 3408 1686 3466 insula
1737 3408 1966 3478 incolis,

274 3491 573 3564 majusque
603 3495 919 3566 reliquerat
950 3497 1325 3554 desiderium.

347 3583 426 3636 10.
452 3586 775 3656 Septimum
810 3587 966 3644 hunc
997 3588 1333 3660 Gregoriani
1360 3591 1726 3662 pontiﬁcatus
1750 3603 1968 3646 annum

279 3669 606 3730 claudamus
653 3677 1058 3735 observatione
1099 3681 1169 3734 de
1213 3680 1509 3752 conjugio,
1557 3680 1606 3736 si
1647 3681 1791 3736 alter
1835 3695 1970 3735 con-

273 3760 463 3831 iugum
503 3765 732 3821 servilis
774 3767 849 3823 sit
893 3769 1266 3835 conditionis,
1308 3770 1682 3838 dirimendo;
1733 3771 1884 3841 quod
1938 3785 1970 3822 a

278 3855 643 3910 sanctissimo
695 3857 966 3928 pontiﬁce
1025 3875 1390 3929 nequaquam
1451 3861 1846 3930 reprobatum,
1907 3863 1970 3914 ut

280 3946 428 4011 patet
454 3961 521 4000 ex
549 3945 793 4016 epistola
813 3947 883 4001 ad
907 3948 1310 4014 Fortunatum,
1333 3949 1782 4020 Neapolitanum
1822 3949 1971 4020 epis-

281 4047 475 4104 copum
508 4037 651 4105 (Lib.
685 4054 788 4106 vn,
819 4040 999 4110 ep.l).
1041 4040 1181 4111 Ejus
1231 4040 1492 4097 Ecclesia
1538 4041 1781 4096 clericus
1830 4057 1970 4096 uxo-

281 4138 390 4180 rem
421 4144 452 4182 a
482 4143 591 4183 suo
623 4130 914 4185 consortio
947 4139 1291 4199 removerat,
1331 4133 1485 4203 quod
1526 4131 1625 4187 illa
1665 4133 1869 4187 fuisset
1908 4131 1972 4186 de

283 4219 458 4272 servili
481 4217 791 4275 conditione
802 4220 1056 4291 pulsata.
1089 4221 1393 4278 Contendit
1422 4238 1554 4279 vero
1587 4223 1795 4278 mulier
1827 4223 1971 4292 ejec-

285 4309 338 4360 ta
365 4323 420 4363 se
446 4307 693 4366 liberam
725 4326 888 4378 esse;
922 4320 976 4367 et
1000 4327 1302 4367 summum
1331 4312 1667 4383 pontiﬁcem
1693 4312 1857 4379 adiit,
1888 4327 1974 4368 ro-

286 4411 411 4464 gans
447 4397 569 4454 viro
608 4415 715 4455 suo
751 4401 996 4456 restitui.
1033 4402 1320 4473 Benignas
1350 4419 1515 4458 aures
1554 4401 1797 4474 praebuit
1836 4419 1973 4474 sup-

2141 444 2340 512 scribit.
2375 445 2757 512 Hareticorum
2789 444 2971 496 falsam
3003 448 3196 511 Ephesi
3229 448 3492 512 synodum
3515 444 3612 509 pr'o
3651 462 3777 512 vera

2141 507 2541 557 obtrudentium
2573 509 2815 558 fraudem
2841 523 2903 558 ex
2936 507 3200 560 veteribus
3230 507 3385 560 codd.
3421 507 3775 572 detegendum

2139 574 2341 642 censet
2355 572 2647 642 S.__Do_ctor.
2682 575 2816 642 τε
2841 572 3438 642 EulogioAlexandtjnp
3460 572 3774 642 gratulatur.

2140 659 2195 699 :
2219 632 2270 699 _7.
2299 633 2377 699 _I_)e
2402 635 2760 699 Martyrologii
2785 635 2934 699 110m.
2968 632 3303 699 antiquitate.
3323 632 3518 697 Opinio
3561 635 3778 699 Henrici

2139 694 2331 743 Valesii
2354 694 2782 755 expenditurf—
2805 697 2850 746 8.
2886 694 3127 760 Suspicio
3150 700 3213 748 de
3230 694 3608 760 Vaticauorum
3632 698 3780 746 codi-

2139 771 2260 827 cum
2282 760 2660 827 suppositione
2691 760 2890 821 injecta
2911 759 3248 827 exsufflatur.
3272 787 3336 827 -τ
3365 761 3417 810 9.
3449 759 3780 827 Episcopum

2138 820 2687 886 Numidiajnjuriam
2715 820 2925 884 passum
2962 826 3189 886 protegit
3218 825 3269 873 S.
3309 820 3569 886 Pontifex.
3602 820 3667 886 -ξ
3702 821 3778 886 10.

2136 883 2387 947 Africana
2411 883 2640 933 Ecclesia
2661 883 2811 933 ducit
2836 883 3093 947 originem
3117 883 3148 934 ἆ
3171 887 3430 936 Romana.
3457 913 3517 922 —
3541 885 3616 933 11.
3640 884 3780 944 Quid

2137 945 2201 992 de
2226 947 2396 1011 pretio
2422 947 2808 1011 prosepultura
2833 945 2957 995 dato
2980 948 3206 1011 senserit
3226 953 3445 1011 sanctus
3472 946 3778 1011 Gregorius.

2135 1034 2196 1073 ττ
2226 1007 2300 1073 13.
2329 1007 2468 1073 Quid
2497 1009 2560 1057 de
2592 1007 3075 1073 redituumEccles.
3107 1010 3395 1073 partitione
3425 1007 3690 1061 statuérit.
3718 1035 3782 1047 —-

2137 1069 2210 1135 l3.
2246 1071 2305 1118 Et
2330 1071 2399 1135 de
2433 1071 2734 1135 Campagis.
2769 1100 2821 1108 —
2859 1071 2934 1120 14.
2964 1069 3175 1135 Septem
3208 1072 3514 1135 defensores
3544 1073 3669 1121 fecit
3700 1085 3779 1119 re-

2132 1133 2588 1200 gionarios.—}_5‘.
2614 1135 2717 1183 Res
2731 1133 3050 1185 monasticae
3070 1135 3234 1200 hujus
3265 1137 3392 1186 anni
3421 1134 3779 1198 attinguntur.

2131 1197 2255 1254 (An.
2289 1195 2380 1244 597
2413 1201 2466 1246 et
2493 1196 2628 1258 598.)

2148 1284 2193 1338 1.
2228 1284 2506 1340 Octavum
2541 1287 2632 1342 sui
2669 1288 3044 1358 pontiﬁcatus
3076 1304 3294 1345 annum
3329 1287 3668 1360 auspicatus
3689 1288 3781 1342 est

2071 1374 2129 1428 S.
2163 1373 2478 1446 Gregorius
2512 1391 2720 1447 magno
2750 1393 2881 1432 cum
2914 1377 3150 1448 gaudio,
3183 1382 3419 1450 propter
3459 1377 3779 1432 Corsorum

2073 1465 2537 1533 conversionem,
2571 1468 2638 1521 de
2679 1482 2797 1537 qua
2837 1468 3171 1538 nuperrime
3203 1468 3623 1539 perscripserat
3671 1467 3782 1520 Pe-

2072 1561 2216 1621 trus,
2249 1555 2566 1612 Ateriensis
2597 1557 2926 1628 episcopus.
2960 1558 3174 1613 Gratiis
3207 1562 3318 1614 Deo
3350 1558 3421 1613 de
3451 1573 3613 1613 more
3634 1554 3780 1612 acti

2073 1644 2146 1698 ob
2177 1644 2372 1700 latum
2401 1644 2693 1712 nuntium,
2727 1647 3002 1701 eumdem
3044 1648 3276 1703 Petrum
3310 1648 3575 1703 hortatus
3608 1651 3699 1700 est
3722 1652 3786 1699 ut

2073 1738 2324 1804 captum
2375 1733 2621 1789 feliciter
2669 1751 2816 1805 opus
2876 1736 3202 1806 perﬁceret,
3259 1752 3323 1792 ac
3383 1740 3620 1791 cateros
3681 1731 3781 1804 qui

2071 1825 2321 1878 necdum
2355 1823 2629 1894 baptizati
2660 1829 2843 1892 erant,
2875 1829 2972 1879 aut
3011 1828 3139 1894 post
3178 1829 3515 1895 susceptum
3559 1823 3782 1894 baptis-

2068 1929 2251 1979 mum,
2286 1913 2407 1968 sive
2436 1912 2790 1984 negligentia
2821 1914 2939 1970 sive
2973 1915 3342 1980 necessitate,
3375 1915 3446 1969 ad
3488 1913 3778 1970 idolorum

2069 2002 2290 2058 cultum
2320 2002 2527 2058 reversi
2560 2004 2808 2071 fuerant,
2842 2018 3212 2074 congregare,
3245 2007 3302 2060 et
3331 2004 3402 2058 ad
3435 2002 3610 2058 ﬁdem
3653 2019 3788 2074 per-

2071 2093 2280 2147 ducere
2322 2097 2602 2163 pergeret.
2649 2093 2798 2160 Quod
2839 2095 3014 2160 enim,
3057 2095 3270 2164 inquit.
3317 2109 3451 2165 opus
3490 2094 3691 2149 utilius
3735 2097 3785 2148 et

2069 2181 2383 2236 sublimius
2412 2186 2637 2235 acturus
2667 2198 2745 2250 es,
2778 2198 2939 2252 quam
2961 2185 3021 2236 ut
3060 2183 3126 2237 de
3175 2184 3496 2238 animarum
3534 2182 3788 2252 viviﬁca-

2074 2269 2221 2325 tione
2237 2280 2288 2325 et
2308 2271 2622 2326 collectione
2643 2271 2868 2340 cogites,
2894 2279 2944 2327 et
2967 2275 3058 2326 tuo
3081 2273 3332 2341 Domino,
3358 2273 3454 2342 qui
3474 2271 3580 2326 tibi
3603 2272 3784 2325 locum

2073 2360 2422 2431 praedicandi
2439 2359 2608 2428 dedit,
2628 2361 2947 2416 immortale
2978 2360 3196 2416 lucrum
3218 2371 3455 2432 reportes
3470 2363 3497 2413 ?
3518 2360 3660 2432 (Lib.
3684 2376 3784 2428 vn,

2075 2466 2160 2521 cp.
2218 2451 2292 2519 1.)
2335 2449 2737 2506 Adhortationi
2785 2449 3219 2516 liberalitatem,
3273 2458 3334 2506 ut
3381 2449 3628 2515 solebat,
3676 2449 3790 2504 ad—

2071 2539 2307 2610 junxit;
2342 2540 2668 2594 transmisit
2698 2540 2854 2595 enim
2891 2539 3021 2594 huic
3053 2540 3326 2612 episcopo
3358 2539 3787 2611 quinquaginta

2078 2628 2313 2696 solidos,
2349 2629 2418 2683 ad
2461 2630 2811 2684 vestimenta
2847 2645 3046 2684 eorum
3091 2629 3192 2699 qui
3239 2629 3572 2700 baptizandi
3622 2636 3787 2683 erant

2079 2719 2472 2790 comparanda
2502 2718 2646 2789 (Lib.
2679 2735 2756 2786 vr,
2789 2735 2874 2790 ep.
2902 2719 2995 2790 2'2)
3021 2736 3034 2786 ;
3067 2724 3125 2774 et
3155 2720 3488 2790 presbytero
3527 2717 3786 2790 episcopi

2077 2809 2332 2880 adjutori
2363 2808 2465 2880 qui
2497 2809 2731 2879 regebat
2760 2807 3072 2865 Ecclesiam
3110 2825 3224 2864 non
3255 2809 3339 2864 ita
3361 2807 3785 2879 pridemjussu

2080 2917 2241 2972 papa
2274 2900 2332 2955 in
2359 2898 2728 2971 possessione
2756 2899 2918 2955 Rom.
2944 2897 3214 2954 Ecclesia
3234 2901 3627 2954 constructam
3650 2911 3786 2951 cum

2082 2989 2730 3061 baptisterio,pradium
2763 2987 2996 3060 aliquod
3023 3005 3125 3060 pro
3147 2987 3438 3060 stipendio
3464 2985 3789 3058 assignavit

2081 3085 2137 3136 et
2165 3081 2470 3136 concessit.
2512 3079 2790 3134 Laudavit
2834 3078 3075 3149 insuper
3119 3077 3424 3134 consilium
3473 3076 3622 3132 Petri
3667 3075 3788 3147 epi-

2078 3169 2238 3241 scopi
2269 3171 2337 3225 de
2367 3169 2480 3224 alio
2510 3169 2784 3240 episcopo
2829 3167 2886 3222 in
2933 3169 3135 3224 eadem
3181 3168 3403 3224 insulta
3436 3167 3786 3234 ordinando,

2078 3277 2192 3316 non
2226 3259 2422 3330 procul
2459 3275 2492 3313 a
2532 3267 2724 3314 monte
2766 3274 2936 3328 quem
2980 3257 3220 3330 plurimi
3261 3257 3454 3314 adhuc
3493 3256 3786 3313 idolorum

2079 3350 2328 3407 cultores
2358 3349 2706 3406 incolebant.
2739 3348 2863 3405 Non
2898 3349 2957 3404 in
2989 3349 3114 3405 sola
3143 3348 3377 3408 Corsica
3405 3348 3710 3404 exsulabat
3731 3350 3788 3402 et

2078 3439 2336 3496 latitabat
2369 3439 2696 3495 idololatria
2723 3455 2856 3494 nam
2896 3456 2964 3493 ex
3016 3455 3107 3511 ep.
3157 3439 3244 3505 18,
3289 3438 3397 3494 hoc
3445 3454 3597 3493 anno
3642 3436 3790 3493 scri-

2079 3534 2177 3600 pta
2205 3530 2275 3584 ad
2300 3528 2632 3600 Agnellum,
2661 3529 3130 3585 Terracinensem
3153 3528 3281 3598 Ep.,
3305 3527 3592 3583 discimus
3614 3543 3789 3598 quos-

2080 3620 2214 3673 dam
2250 3619 2354 3674 hoc
2393 3618 2452 3671 in
2504 3633 2649 3688 pago
2700 3621 2838 3674 tunc
2886 3618 3118 3674 arbores
3162 3617 3354 3674 adhuc
3398 3615 3666 3672 coluisse.
3716 3615 3789 3670 Et

2079 3708 2313 3764 biennio
2369 3711 2500 3778 post
2557 3706 2996 3762 Brunichildem
3065 3707 3324 3777 reginam
3376 3706 3646 3763 hortatus
3701 3707 3789 3760 est

2078 3799 2218 3869 (Lib.
2253 3815 2330 3866 1x,
2376 3813 2460 3868 ep.
2489 3799 2574 3867 11)
2609 3801 2674 3852 ut
2723 3798 2792 3852 ad
2842 3798 3132 3853 idolorum
3164 3798 3324 3853 cultu
3374 3797 3486 3852 sibi
3518 3795 3787 3852 subditos

2079 3888 2325 3960 populos
2372 3891 2712 3956 coerceret;
2764 3887 2922 3954 Quia,
2972 3887 3184 3958 inquit,
3229 3886 3480 3956 pervenit
3537 3886 3610 3940 ad
3666 3901 3785 3951 nos,

2078 3978 2218 4050 quod
2263 3977 2425 4033 multi
2458 3975 2904 4032 Christianorum
2947 3980 2996 4031 ct
3049 3976 3119 4031 ad
3169 3975 3434 4031 Ecclesias
3471 3976 3786 4042 occurrant,

2077 4071 2148 4133 et,
2180 4065 2321 4138 quod
2349 4065 2460 4120 dici
2488 4072 2645 4136 nefas
2675 4071 2776 4132 est,
2816 4081 2850 4119 a
2891 4064 3127 4120 cutturis
3169 4066 3479 4118 damonum
3535 4076 3641 4116 non
3688 4063 3790 4116 ab-

2077 4156 2320 4213 scedant.
2345 4156 2643 4220 Quodnam
2666 4159 2821 4210 esset
2843 4153 3188 4210 idololatria
3211 4169 3393 4224 genus
3414 4151 3663 4224 explicat
3692 4149 3786 4206 his

2080 4246 2273 4303 verbis
2302 4261 2314 4301 :
2353 4246 2596 4300 Cultores
2625 4244 2890 4300 arborum
2920 4261 3033 4299 non
3061 4245 3330 4311 existant,
3362 4240 3425 4298 de
3453 4240 3790 4297 animalium

2081 4338 2354 4411 capitibus
2393 4337 2668 4408 sacriﬁcia
2709 4353 2819 4391 non
2868 4336 3187 4394 exhibeant.
3237 4334 3370 4399 Qua
3415 4334 3475 4389 in
3519 4333 3675 4389 notis
3714 4332 3789 4388 ad

2084 4428 2240 4484 hunc
2264 4427 2452 4483 locum
2469 4427 2865 4496 exposuimus.
2882 4426 3009 4482 Alia
3023 4427 3083 4481 in
3098 4425 3346 4497 epistola
3358 4423 3648 4480 idolorum
3663 4421 3790 4478 cul-

289 4485 504 4553 plicanti
537 4489 671 4562 pius
702 4491 905 4559 Pater;
940 4507 1187 4563 cumque
1219 4493 1278 4548 in
1311 4510 1378 4549 ea
1423 4493 1582 4548 nulla
1606 4493 1826 4549 servilis
1856 4509 1965 4548 ma-

2143 4518 2305 4574 ribus
2316 4517 2516 4589 jungit
2537 4485 2834 4587 aruspices
2858 4521 3032 4588 atque
3054 4485 3358 4588 sortilegos
3389 4512 3785 4587 (lbid.,ep.65).

287 4577 392 4631 cuia
420 4579 656 4635 inventa
685 4585 856 4645 esset,
891 4581 1076 4652 jussit
1120 4586 1183 4637 ut
1224 4582 1319 4638 ille
1360 4581 1616 4638 Clericus
1661 4583 1970 4654 conjugem

284 4664 482 4736 injuste
511 4670 881 4741 repudiatam
913 4672 1225 4743 reciperet;
1261 4673 1310 4728 si
1339 4690 1471 4730 vero
1513 4674 1818 4740 abnueret,
1860 4673 1976 4727 dis-

284 4757 449 4814 tricta
490 4760 758 4816 vindicta
803 4762 1208 4831 subjiceretur.
1259 4762 1420 4818 Unde
1451 4763 1636 4834 liquet
1689 4779 1801 4818 non
1860 4762 1973 4817 alia

283 4850 485 4906 ratione
524 4856 793 4907 coactum
849 4854 1032 4909 fuisse
1082 4853 1357 4909 clericum
1412 4854 1580 4909 illum
1616 4855 1684 4909 ad
1737 4869 1971 4909 uxorem

281 4942 457 4999 denuo
487 4945 906 5014 accipiendam,
943 4961 1119 5016 quam
1152 4945 1287 5017 quia
1313 4945 1458 5002 falso
1483 4947 1667 5002 fuerat
1693 4946 1758 5001 de
1785 4945 1975 5000 servili

279 5034 578 5090 conditione
604 5037 848 5106 pulsata.
885 5038 1087 5106 Itaque
1118 5036 1168 5090 si
1198 5038 1498 5108 nupsisset
1543 5041 1608 5091 ut
1669 5035 1870 5102 libera,
1919 5038 1976 5090 et

280 5128 467 5194 postea
496 5125 736 5195 probata
767 5125 974 5181 fuisset
1002 5126 1131 5196 ejus
1164 5126 1416 5181 conditio
1449 5125 1697 5194 servilis,
1741 5129 1977 5196 propter

280 5211 616 5268 conditionis
646 5213 875 5282 vitium,
909 5215 1142 5272 irritum
1178 5216 1382 5272 fuisset
1404 5216 1864 5272 matrimonium.

828 5323 977 5379 278
1009 5323 1244 5380 CAPUT
1282 5323 1409 5380 XII.

280 5412 472 5460 Ascua.
509 5437 572 5446 —
600 5413 641 5462 1.
671 5410 955 5462 Corsorum
987 5411 1386 5463 idololatrarum
1411 5414 1710 5463 conversio.
1740 5441 1801 5450 —
1828 5415 1876 5464 2.
1914 5413 1978 5464 Et

330 5472 1220 5539 JudaorumAgrigentinorum—
1249 5475 1296 5524 3.
1339 5477 1482 5525 Alios
1524 5477 1739 5526 Judaos
1778 5477 1976 5539 injuste

335 5537 506 5601 vexari
540 5535 873 5601 prohibet'S.
915 5537 1218 5601 Gregorius.
1260 5566 1318 5574 —
1347 5541 1395 5587 4.
1431 5540 1768 5590 Anastasium
1800 5535 1976 5588 Antio-

331 5599 561 5648 chenum
577 5600 735 5648 variis
749 5599 1210 5663 persecutionibus
1223 5615 1536 5666 oppressum
1561 5601 1887 5653 consolatur.
1916 5628 1978 5642 --

347 5732 431 5808 (a)
455 5733 598 5792 Vide
627 5738 798 5794 notas
829 5736 900 5794 ad
931 5735 1082 5795 hanc
1104 5752 1191 5811 ep.

2156 4611 2210 4662 2.
2247 4607 2523 4662 Laetitiam
2561 4623 2661 4678 pro
2689 4606 2984 4663 conversis
3017 4604 3342 4661 idololatria
3372 4603 3598 4676 excepit
3641 4617 3792 4674 gau-

2086 4697 2247 4752 dium
2279 4698 2347 4751 de
2376 4696 2588 4752 Judais
2618 4696 3016 4768 Agrigentinis
3059 4697 3129 4751 ad
3177 4696 3353 4751 ﬁdem
3394 4692 3790 4750 Christianam

2085 4789 2280 4844 venire
2308 4786 2724 4843 festinantibus
2755 4787 2897 4860 (Lib.
2932 4805 3050 4855 Vill,
3091 4803 3175 4857 ep.
3216 4785 3329 4856 22).
3364 4783 3446 4840 Ne
3485 4798 3619 4838 vero
3662 4781 3792 4836 lou-

2087 4876 2234 4948 giori
2266 4892 2425 4931 mora
2457 4876 2814 4933 desiderium
2855 4893 3053 4932 eorum
3086 4876 3499 4930 defervesceret
3537 4872 3717 4943 (nam,
3759 4887 3794 4926 a

2086 4982 2284 5023 mense
2314 4966 2481 5022 Iunio
2510 4983 2624 5039 quo
2656 4983 2723 5023 ea
2754 4968 2823 5022 de
2854 4982 2913 5021 re
2935 4967 3152 5036 scripta
3181 4972 3263 5019 est
3293 4961 3535 5032 epistola
3566 4961 3624 5015 S.
3648 4959 3790 5015 Gre-

2088 5057 2227 5128 gorii
2259 5073 2448 5127 usque
2475 5057 2545 5112 ad
2579 5057 2907 5128 proximum
2951 5053 3192 5121 Pascha,
3232 5066 3436 5108 novem
3482 5051 3553 5107 ad
3596 5048 3792 5104 minus

2087 5163 2319 5204 menses
2341 5145 2877 5218 computabantur),
2897 5143 3143 5198 indulsit
3166 5158 3316 5214 papa
3337 5146 3401 5197 ut
3421 5144 3555 5196 ante
3576 5139 3792 5196 solem-

2087 5239 2329 5293 nitatem
2361 5236 2720 5303 Paschalem,
2746 5233 2826 5306 (a)
2859 5237 3019 5288 extra
3051 5247 3223 5303 quam
3257 5236 3314 5287 et
3341 5231 3555 5287 festum
3586 5230 3794 5286 Pente-

2086 5331 2271 5382 costes
2303 5325 2626 5397 baptismus
2657 5324 2781 5379 dari
2805 5339 2921 5378 non
2943 5322 3162 5378 solebat
3184 5322 3242 5378 in
3273 5321 3528 5378 Ecclesia
3560 5319 3792 5390 Latina,

2087 5414 2424 5471 lustralibus
2455 5413 2623 5486 aquis
2655 5415 3039 5484 tingerentur,
3071 5412 3293 5468 indicta
3334 5411 3493 5483 prius
3539 5409 3792 5482 quadra-

2086 5504 2248 5576 ginta
2278 5506 2502 5562 dierum
2542 5504 2892 5562 abstinentia
2940 5509 2998 5560 et
3041 5504 3404 5578 panitentia.
3435 5502 3700 5574 Cumque
3728 5518 3797 5558 ex

2087 5593 2202 5652 illis
2245 5596 2484 5670 plurimi
2536 5612 2818 5671 pauperes
2856 5601 3074 5667 essent,
3124 5596 3204 5654 ita
3251 5598 3314 5654 ut
3362 5594 3432 5655 ad
3489 5593 3794 5654 emendem
