4086 6166
389 256 509 314 407

815 253 899 312 8.
946 250 1322 312 GREGOBII
1371 251 1627 312 MAGNI
1671 245 1884 309 Vl'I‘A.
1935 243 2034 303 EX
2085 239 2261 303 EJUS
2307 239 2662 300 SCRIPTIS
2708 231 3160 298 ADOBNATA.
3205 227 3350 291 LIB.
3394 226 3496 286 III.

3749 223 3848 283 408

384 390 497 446 sibi
525 389 604 464 (a)
639 389 952 448 candidam
989 392 1202 444 vestem
1235 405 1266 443 a
1298 404 1500 443 recens
1540 382 1844 457 baptizatis
1884 380 2097 453 gestari
2128 381 2182 446 Α
2211 385 2268 433 et
2299 393 2694 434 successorem
2726 373 2929 429 habuit
2961 369 3137 427 alium
3160 363 3518 464 Anastasium
3547 360 3747 417 dictum
3773 359 3854 426 ju-

384 479 641 546 solitam,
673 480 746 534 ob
770 481 850 536 rei
889 478 1225 534 domesticas
1253 479 1573 548 angustias,
1607 490 1772 545 pares
1811 488 1940 528 esse
1981 487 2094 526 non

381 570 920 639 viderentur,jussit
955 569 1195 624 Fantino
1227 566 1517 623 defensori
1550 573 1609 620 ut
1643 563 1911 620 Ecclesiae
1942 578 2098 616 sum-

384 659 586 730 ptibus
619 662 1095 728 compararentur
1127 656 1212 711 his
1244 661 1454 724 vestes,
1481 671 1621 724 quas
1654 656 1908 724 egestate
1939 651 2095 705 labo-

382 748 654 804 rantibus
676 747 1028 802 distribuere
1046 751 1297 800 curaret.
1320 745 1555 800 Interim
1581 744 1918 814 episcopum
1943 740 2100 810 Agri-

382 839 684 909 gentinum
730 837 1012 892 monitum
1063 851 1184 890 esse
1229 834 1433 901 voluit,
1473 839 1537 888 ut
1587 832 1716 888 illos
1761 831 2096 887 Christiana;

383 926 681 996 religionis
723 925 1061 979 candidatos
1112 923 1567 978 catechumenos
1614 923 1839 986 faceret,
1890 935 1955 974 ac
2003 933 2099 972 eos

383 1016 498 1069 fide
560 1030 736 1084 quam
771 1012 1104 1078 suscepturi
1135 1016 1304 1067 erant
1339 1017 1563 1066 mature
1598 1012 1822 1075 docere,
1876 1023 2099 1062 necnon

378 1104 746 1172 Evangelica
778 1103 927 1173 legis
963 1104 1265 1173 praeceptis
1298 1102 1560 1156 imbuere
1603 1099 1883 1155 sollicitus
1932 1099 2096 1151 foret.

452 1193 504 1246 3.
540 1191 612 1246 Ut
655 1192 884 1246 facilius
915 1194 1152 1246 Judzeos
1184 1190 1328 1245 alios
1362 1189 1671 1245 clementia
1693 1193 1749 1243 et
1777 1192 2100 1241 mansuetu-

381 1282 517 1338 dine
566 1282 635 1335 ad
689 1282 863 1335 fidem
898 1282 1258 1351 pertraheret
1294 1279 1772 1350 sapientissimus
1821 1273 2096 1347 pontifex,

381 1369 682 1440 prohibuit
714 1386 784 1424 ne
826 1370 965 1424 locis
1003 1370 1166 1436 iuxta
1197 1366 1354 1438 leges
1387 1367 1499 1422 sibi
1531 1365 1820 1421 concessis
1846 1361 2096 1434 depelle-

383 1466 606 1523 rentur,
657 1463 757 1513 aut
795 1457 924 1512 aliis
970 1458 1344 1512 afficerentur
1391 1455 1644 1526 injuriis.
1696 1456 1757 1509 Id
1806 1453 1988 1523 liquet
2029 1467 2098 1506 ex

382 1547 633 1618 epistola
663 1548 904 1616 Victori,
942 1548 1357 1603 Panormitano
1399 1547 1696 1618 episcopo,
1743 1543 1801 1598 in
1844 1542 2094 1613 gratiam

382 1638 715 1693 Judseorum
749 1638 854 1692 hac
884 1638 943 1692 in
976 1638 1120 1692 urbe
1154 1638 1492 1707 degentium
1525 1637 1764 1706 scripta,
1803 1632 1880 1704 (b)
1922 1631 2094 1704 paulo

385 1731 518 1796 post
548 1728 902 1797 superiorem
937 1728 1006 1781 de
1038 1726 1258 1782 Judaeis
1281 1727 1669 1797 Agrigentum
1705 1721 2094 1777 incolentibus
2128 1759 2173 1823 Β

383 1816 455 1871 ad
489 1817 802 1871 Fantinum
835 1817 1053 1873 directa
1083 1818 1223 1887 (Lib.
1257 1834 1378 1883 vm,
1410 1833 1496 1886 ep.
1537 1816 1651 1886 25).
1688 1813 1747 1868 Si
1769 1813 1868 1884 qui
1897 1817 2093 1868 tamen

383 1907 715 1962 Iudaeorum
740 1907 1155 1963 insolescerent
1177 1907 1456 1964 adversus
1481 1906 1866 1972 Christianos,
1894 1919 2094 1958 eorum

363 1998 694 2052 audaciam
748 1997 1016 2068 frangere
1062 2003 1118 2052 et
1170 2013 1432 2053 coercere
1475 1995 1820 2067 quantocius
1857 2000 2094 2064 satage-

384 2087 519 2153 bat;
547 2092 604 2142 et
635 2087 938 2158 episcopos
969 2091 1033 2142 ut
1062 2103 1262 2142 eorum
1301 2087 1485 2158 pravis
1522 2102 1536 2140 :
1565 2085 1827 2142 consiliis
1859 2084 2096 2139 resiste-

383 2182 513 2231 rent
543 2177 883 2231 hortabatur
911 2176 1103 2247 (lbid.,
1136 2193 1219 2247 ep.
1249 2177 1363 2246 21).

455 2266 506 2320 lt.
568 2265 783 2320 Laetum
835 2267 905 2320 de
953 2271 1036 2320 tot
1085 2266 1423 2320 infidelibus
1476 2266 1546 2320 ad
1593 2263 1767 2319 ﬁdem
1802 2262 2095 2318 conversis

385 2356 663 2409 nuntium
709 2356 1024 2410 turbarunt
1074 2356 1388 2421 Anastasii,
1432 2355 1774 2411 Antiocheni
1814 2353 2091 2424 episcopi,

353 2443 660 2515 “epistolae,
695 2460 821 2516 quae
848 2461 950 2512 pro
982 2446 1157 2500 verbis
1191 2447 1462 2516 lacrymas
1505 2446 1748 2513 ﬂuebant
1791 2445 1929 2517 (Lib.
1973 2459 2092 2510 vui,

378 2549 463 2603 ep.
495 2533 574 2605 2).
605 2534 785 2589 Amici
837 2535 1095 2590 dolorem
1140 2535 1339 2601 lenire,
1381 2536 1760 2605 animumque
1799 2550 1942 2605 pene
1986 2533 2094 2588 sub

379 2622 797 2678 adversitatum
831 2626 1086 2694 pondere
1111 2624 1471 2679 deficientem
1504 2624 1724 2695 erigere
1747 2633 1989 2678 conatus
2013 2631 2096 2677 est

379 2711 713 2784 Gregorius.
749 2715 795 2768 A
827 2713 1044 2784 quibus
1090 2717 1227 2768 tunc
1267 2718 1571 2768 vexaretur
1610 2712 1704 2767 hic
1744 2711 2094 2784 patriarcha,

378 2817 496 2857 non
536 2803 860 2874 explicatur
902 2804 956 2857 in
991 2802 1240 2873 epistola
1279 2803 1664 2858 consolatoria
1697 2802 1914 2858 summi
1947 2819 2096 2874 pon-

380 2892 580 2948 tiﬁcis.
612 2893 925 2948 Haereticos
957 2901 1147 2949 tamen
1180 2894 1280 2965 qui
1325 2903 1460 2949 tunc
1493 2896 1550 2949 in
1595 2894 1828 2950 Oriente
1867 2909 2096 2964 grassa-

379 2980 593 3035 bantur
625 2981 883 3050 plurimi,
922 2983 1029 3035 sub
1063 2983 1236 3037 variis
1267 2984 1720 3052 Acephalorum,
1756 2982 2092 3037 Severiano-

384 3084 536 3136 rum,
602 3069 1136 3125 Theodosiunorum
1196 3073 1551 3138 nominibus,
1629 3071 2092 3126 adversariorum

353 3159 511 3227 'ejus
542 3158 959 3228 antesignanos
1006 3159 1293 3215 exstitisse
1335 3162 1428 3216 vix
1467 3160 1834 3215 dubitamus.
1878 3161 2093 3215 Praeter

389 3254 877 3304 commemoratos
949 3249 1346 3318 heterodoxos,
1403 3250 1517 3305 alia
1583 3258 1841 3306 monstra
1909 3265 2093 3320 nuper

390 3339 825 3394 consurrexisse
861 3338 1128 3410 queritur
1161 3339 1646 3410 vigilantissimus
1684 3358 1872 3412 papa;
1913 3356 2092 3395 novos

385 3427 655 3483 videlicet
697 3445 955 3496 errones,
995 3431 1092 3501 qui
1131 3430 1446 3501 Prophetas,
1481 3432 1798 3502 Evangelia,
1841 3438 1892 3486 et
1944 3430 2093 3485 dicta

345 3531 354 3539 '
386 3521 621 3572 Patrum
650 3533 917 3573 evacuare
946 3519 1335 3575 moliebantur.
1366 3520 1474 3575 Sed
1499 3525 1866 3592 permanente,
1901 3520 2095 3592 inquit

384 3606 695 3678 Gregorius
746 3609 814 3662 ad
876 3610 1271 3677 Anastasium,
1342 3612 1454 3666 vita
1511 3621 1702 3666 vestrae
1761 3609 2092 3678 sanctitatis,

388 3697 540 3752 279
570 3700 629 3751 in
659 3699 979 3768 protectoris
1010 3702 1189 3754 nostri
1213 3702 1401 3770 gratia
1429 3717 1710 3772 speramus
1740 3700 1880 3771 quod
1908 3716 2095 3756 eorum

396 3802 492 3842 ora
517 3786 680 3841 citius
711 3789 1087 3844 obmutescunt
1116 3806 1234 3860 quae
1263 3797 1455 3846 contra
1500 3791 1832 3847 soliditatem
1877 3789 2093 3844 verita-

385 3878 459 3930 tis
488 3881 676 3946 aperta
704 3883 872 3933 sunt:
901 3881 1030 3949 quia
1057 3885 1112 3934 et
1141 3881 1438 3950 quamlibet
1482 3882 1632 3936 acuti
1668 3880 1847 3953 gladii
1892 3879 2098 3935 immit-

395 3970 606 4032 tantur,
646 3982 767 4021 cum
813 3985 1010 4023 saxum
1050 3971 1278 4039 feriunt,
1331 3971 1503 4042 fracti
1544 3971 1822 4026 resiliunt.
1866 3969 2098 4040 Optima

344 4069 350 4072 ’
390 4073 528 4111 sane
558 4057 724 4123 ratio,
757 4073 858 4112 cur
889 4063 972 4113 tot
1005 4059 1408 4114 haereticorum
1442 4061 1561 4115 tela
1591 4061 1649 4114 in
1697 4059 1965 4116 Ecclesiae
2009 4059 2101 4113 lir-

391 4145 714 4202 missimam
762 4153 982 4217 petram
1028 4149 1260 4215 intorta,
1304 4157 1494 4204 retusa
1542 4149 1779 4206 tandem
1831 4150 1888 4204 in
1940 4148 2099 4218 ipsos

391 4235 697 4290 residerint
728 4241 1015 4292 auctores.
1049 4237 1299 4293 Aliunde
1331 4255 1462 4310 spes
1505 4238 1821 4310 aﬂ‘ulgebat
1853 4237 2099 4294 victoria

393 4323 465 4376 de
513 4323 605 4376 his
653 4323 922 4380 Ecclesiae
979 4327 1242 4382 hostibus
1303 4329 1684 4400 reportandae,
1747 4327 1966 4384 scilicet
2027 4326 2098 4381 ab

393 4425 595 4464 eorum
637 4411 918 4470 divisione
961 4429 976 4470 :
1020 4415 1184 4483 Quia,
1235 4416 1426 4488 inquit
1470 4427 1708 4473 sanctus
1756 4416 1986 4483 Doctor,
2040 4417 2098 4469 in

2204 470 2427 525 niorem
2455 489 2468 537 ;
2505 469 2601 540 qui
2634 484 2766 523 cum
2803 466 2874 521 ad
2910 477 3119 535 papam
3143 456 3464 529 scripsisset
3483 454 3550 508 de
3571 467 3670 508 sua
3685 464 3859 521 prove-

2207 560 2416 626 ctione,
2450 575 2515 613 ac
2550 558 2682 612 ﬁdei
2718 553 3140 628 professionem
3169 552 3234 604 ut
3265 545 3438 602 muris
3467 547 3584 599 erat
3613 540 3859 628 misisset,

2186 624 2557 718 responsum
2583 646 2653 701 ab
2679 624 2805 716 ipso
2828 642 2953 698 tulit
2981 642 3312 712 pergratum
3339 640 3392 689 et
3414 627 3698 688 charitatis
3720 624 3865 718 melle

2208 712 2530 792 conditum.
2565 736 2640 792 Ut
2666 712 2822 791 sedis
2851 728 3141 787 Anastasii
3174 723 3410 795 majoris
3453 733 3739 776 successor
3779 712 3869 768 fuit

2192 827 2304 883 ille
2335 827 2682 899 patriarcha,
2716 829 2796 881 ita
2826 823 3000 879 etiam
3035 817 3429 874 molestiarum
3461 816 3516 866 et
3551 803 3870 899 persecutio-

2208 891 2352 972 num
2387 933 2400 971 :
2437 933 2569 971 nam
2604 919 2735 988 post
2765 927 2972 969 novem
2996 909 3358 979 episcopatus
3400 915 3602 988 annos,
3638 897 3693 951 in
3735 891 3870 988 sedi-

2206 1007 2364 1061 tione
2397 982 2623 1078 martyr
2643 1003 2989 1060 occubuisse
3019 998 3250 1053 dicitur.
3296 995 3354 1048 In
3387 985 3714 1085 epistola-8.
3752 982 3873 1038 Gre-

2208 1096 2352 1168 gorii
2384 1096 2524 1166 (Lib.
2559 1111 2637 1162 ιχ,
2667 1111 2751 1164 ep.
2786 1092 2875 1163 49)
2901 1106 3016 1161 qua
3046 1085 3352 1157 respondet
3381 1082 3682 1135 Anastasio
3710 1085 3872 1170 nuper

2208 1165 2276 1240 ad
2311 1187 2506 1241 sedem
2559 1183 2972 1239 Antiochenam
3028 1177 3358 1246 assumpto,
3410 1171 3464 1224 id
3511 1183 3619 1238 prs:
3674 1165 3873 1218 steteris

2208 1277 2607 1331 observatione
2637 1274 2906 1344 dignum,
2935 1261 3540 1341 pseudo-Ephesinam
3564 1254 3823 1344 synodum
3844 1265 3872 1304 a

2209 1365 2568 1421 Nestorianis
2600 1339 2971 1430 babitam,iin
3003 1374 3121 1430 qua
3150 1353 3326 1426 impia
3353 1346 3602 1406 leestii
3634 1349 3687 1399 et
3724 1339 3870 1397 Pela-

2207 1455 2283 1526 gii
2317 1457 2586 1526 dogmata
2617 1457 2753 1509 sunt
2776 1448 3109 1523 approbata,
3135 1450 3275 1500 tunc
3297 1439 3506 1530 saepius
3527 1451 3625 1530 pro
3655 1431 3874 1530 ipsamet

2206 1523 2559 1600 oecumenica
2589 1541 2810 1615 synodo
2852 1537 3162 1610 Ephesina,
3191 1528 3582 1602 versipellium
3613 1523 3872 1615 haeretico-

2207 1651 2334 1690 rum
2369 1635 2566 1690 fraude
2598 1613 2776 1687 fuisse
2807 1625 3240 1685 obtrusam.Cui
3271 1619 3451 1678 errori
3473 1623 3535 1672 ut
3555 1613 3874 1672 occurratur,

2205 1725 2408 1780 suadet
2441 1722 2819 1778 doctissimus
2862 1724 3046 1790 pater,
3097 1717 3155 1770 in
3207 1710 3442 1769 scriniis
3490 1702 3878 1777 precipuarum

2205 1814 2597 1870 Ecclesiarum
2671 1813 2961 1876 Romanae,
3029 1802 3455 1866 Alexandrinas,
3517 1790 3878 1889 Antiochea-8:

2205 1906 2431 1959 Sincera
2480 1902 2782 1974 Ephesinse
2835 1897 3040 1970 synodi
3090 1899 3216 1951 acta
3267 1887 3562 1964 perquiri;
3611 1881 3703 1938 ubi
3737 1877 3878 1974 vides

2203 2001 2461 2050 veterum
2512 1972 2777 2048 codicum
2817 1990 2990 2044 ﬁdem
3036 1990 3093 2043 et
3139 1981 3547 2040 auctoritatem
3602 1972 3877 2068 assertam.

2274 2087 2328 2139 6.
2377 2083 2824 2138 Tumultuantes
2874 2078 3151 2133 adversus
3193 2067 3566 2127 Anastasium
3608 2062 3874 2117 bist-elices

2204 2192 2341 2232 mox
2371 2174 2628 2228 vidimus
2660 2172 2719 2225 in
2751 2169 3004 2224 Oriente.
3039 2163 3300 2220 Pacatior
3341 2165 3535 2216 autem
3572 2155 3686 2209 erat
3721 2150 3877 2218 Egy-

2206 2270 2340 2337 ptus
2371 2272 2424 2319 et
2454 2259 2842 2317 Alexandrina
2871 2254 3126 2312 Ecclesia
3149 2254 3257 2309 sub
3288 2247 3543 2337 Eulogio‘
3561 2235 3875 2337 patriarcha,

2205 2326 2301 2426 qui
2336 2353 2642 2425 plerosque
2674 2348 2976 2404 haereticos
3008 2344 3273 2401 Ecclesia
3319 2331 3788 2396 reconciliaverat,

2174 2413 2565 2500 concordiam
2619 2441 2774 2496 inter
2831 2437 3028 2493 ﬁdeles
3082 2435 3368 2489 ﬁrmarat.
3410 2428 3540 2484 Haec
3596 2426 3655 2478 ut
3683 2413 3878 2486 accepit

2204 2534 2262 2590 S.
2289 2532 2622 2604 Gregorius,
2647 2533 2874 2598 arrepto
2908 2526 3133 2583 calamo
3157 2521 3360 2578 statim
3384 2517 3565 2604 amico
3588 2504 3876 2584 gratulatus

2205 2629 2311 2687 est,
2344 2603 2715 2689 vicissimque
2748 2617 2818 2672 de
2849 2614 3144 2671 conversis
3180 2627 3370 2682 nuper
3400 2603 3599 2678 Anglis
3628 2613 3751 2656 eum
3781 2607 3879 2648 cer-

2203 2712 2408 2768 tiorem
2433 2710 2584 2766 fecit.
2617 2710 2689 2763 At
2711 2708 2781 2762 de
2805 2705 2894 2760 his
2911 2707 3036 2775 jam
3063 2702 3339 2757 diximus.
3369 2701 3498 2754 Erat
3519 2695 3662 2749 inter
3681 2690 3878 2743 utrum-

2206 2817 2317 2872 que
2341 2799 2713 2855 sanctissima
2743 2793 3097 2853 consuetudo
3120 2790 3348 2847 mutuis
3372 2784 3707 2845 confirmata
3724 2776 3879 2872 bene-

2206 2866 2352 2946 liciis
2381 2896 2437 2945 et
2468 2887 2691 2944 officiis-
2725 2885 3003 2956 Eulogius
3036 2880 3359 2955 postularat
3393 2896 3426 2934 a
3456 2886 3682 2933 summo
3712 2866 3878 2965 ponti-

2206 2983 2332 3050 ﬁce,
2382 2987 2442 3033 ut
2483 2979 2589 3032 sibi
2644 2984 2966 3033 cunctorum
3017 2976 3335 3042 martyrum
3399 2975 3567 3038 gesta,
3609 2974 3732 3052 Aquae
3764 2964 3884 3052 tua.

2207 3046 2491 3126 memoria?
2522 3064 2868 3123 Constantini
2894 3061 3227 3133 temporibus
3245 3059 3314 3114 ab
3337 3057 3567 3113 Eusebio
3591 3046 3883 3133 Casariensi

2137 3119 2180 3186 Ο
2206 3119 3081 3216 collectaﬂsuntntransmitteret.
3132 3153 3202 3206 At
3233 3149 3332 3205 ille
3382 3141 3674 3218 respondit
3717 3152 3774 3193 se
3821 3132 3882 3187 de

2202 3251 2305 3305 hac
2336 3249 2413 3320 (d)
2446 3247 2770 3303 Eusebiana
2800 3242 3135 3300 collectione
3166 3239 3314 3295 nihil
3345 3249 3612 3308 unquam
3643 3233 3766 3320 ante
3800 3238 3888 3320 ac-

2201 3317 2431 3410 ceptam
2465 3336 2691 3408 Eulogii
2718 3333 3024 3405 epistolam
3076 3329 3352 3385 audiisse.
3422 3323 3596 3381 Addit
3642 3335 3656 3375 :
3703 3317 3889 3372 Praeter

2202 3430 2301 3483 illa
2329 3441 2453 3498 qum
2482 3427 2540 3480 in
2570 3425 2821 3496 ejusdem
2845 3419 3068 3477 Eusebii
3097 3419 3256 3474 libris
3287 3418 3353 3473 de
3395 3417 3558 3488 gestis
3597 3410 3886 3466 sanctorum

2200 3525 2517 3588 martyrum
2543 3516 2918 3580 continentur,
2949 3511 3106 3566 nulla
3136 3511 3196 3564 in
3222 3509 3460 3564 archiva
3517 3504 3674 3576 hujus
3719 3502 3889 3553 nostra!

2201 3607 2470 3673 Ecclesiae,
2520 3605 2601 3659 vel
2648 3605 2708 3658 in
2765 3603 3032 3658 Romana;
3083 3598 3234 3653 urbis
3280 3594 3628 3652 bibliothecis
3664 3601 3771 3679 esse
3813 3595 3886 3679 co-

2202 3697 2382 3768 gnovi,
2414 3696 2530 3749 nisi
2565 3709 2742 3762 pauca
2781 3690 3035 3764 quadam
3074 3689 3134 3743 in
3173 3689 3338 3742 unius
3384 3682 3594 3741 codicis
3639 3675 3890 3768 volumine

2203 3767 2454 3841 collecta.
2487 3784 2592 3839 Nos
2621 3786 2800 3838 autem
2828 3795 2965 3853 pene
3004 3779 3249 3835 omnium
3291 3785 3611 3846 martyrum
3641 3767 3890 3824 distinctu

2203 3892 2300 3947 per
2351 3875 2463 3931 dies
2517 3874 2761 3945 singulos
2807 3869 3152 3943 passionibus
3188 3865 3425 3922 collecta
3474 3867 3532 3920 in
3577 3874 3685 3918 uno
3729 3853 3894 3912 codice

2204 3965 2432 4022 nomina
2459 3964 2744 4031 habemus,
2791 3967 2955 4031 atque
3002 3957 3335 4030 quotidianis
3381 3955 3579 4010 diebus
3627 3954 3685 4007 in
3730 3958 3898 4040 eorum

2206 4057 2556 4113 veneratione
2585 4053 2877 4108 missarum
2911 4050 3174 4106 solemnia
3203 4046 3449 4118 agimus.
3485 4045 3606 4100 Non
3647 4049 3819 4097 tamen
3845 4048 3897 4087 ιη

2210 4147 2389 4203 eodem
2418 4145 2700 4200 volumine
2728 4144 2848 4214 quis
2879 4141 3127 4212 qualiter
3155 4139 3227 4194 sit
3251 4152 3452 4208 passus
3491 4133 3790 4194 indicatur,
3824 4120 3904 4180 sed

2211 4237 2592 4294 tantummodo
2621 4249 2839 4302 nomen,
2883 4233 3054 4301 locus,
3105 4237 3155 4286 et
3195 4229 3310 4285 dies
3353 4227 3635 4300 passionis
3675 4217 3902 4295 ponitur.

2215 4327 2367 4385 Unde
2386 4327 2446 4396 ﬁt
2475 4330 2534 4382 ut
2581 4325 2743 4380 multi
2795 4339 2867 4379 ea:
2913 4319 3143 4377 diversis
3192 4320 3355 4374 terris
3404 4321 3579 4389 atque
3621 4306 3906 4386 provinciis

2209 4434 2308 4489 per
2337 4395 2471 4482 dies,
2521 4423 2580 4470 ut
2625 4413 2881 4487 praedixi,
2921 4413 3168 4479 singulos
3215 4415 3621 4479 cognoscantur
3656 4395 3904 4470 martyrio

344 4529 348 4534 -
390 4498 558 4568 ipsis,
581 4501 740 4568 quia
760 4507 965 4560 sanctae
994 4481 1237 4561 ecclesiae
1261 4481 1508 4563 doctrina
1536 4507 1702 4563 divisi
1730 4511 1878 4575 sunt,
1909 4481 2097 4561 unitas
2131 4481 2175 4545 Π
2204 4481 2464 4562 coronati
2484 4481 2636 4577 (Lib:
2656 4520 2777 4573 vm,
2799 4519 2885 4572 ep.
2904 4502 3018 4570 36).

393 4604 504 4644 non
533 4596 629 4643 est.

463 4677 620 4734 Inter
650 4693 745 4734 eos
784 4681 883 4751 qui
934 4687 1136 4738 sancto
1189 4687 1485 4742 Anastasio
1536 4687 1748 4744 infensi
1795 4692 1982 4755 erant,
2033 4688 2091 4743 S.

389 4770 706 4842 Gregorius
737 4770 1041 4844 designare
1068 4775 1298 4831 videtur
1321 4779 1707 4848 patriarcham
1747 4780 1878 4851 CP.,
1920 4796 2093 4852 quem

394 4860 474 4917 ait
504 4860 799 4917 addidisse
842 4879 1039 4932 onera,
1082 4879 1213 4920 cum
1256 4867 1557 4924 sublevare
1601 4870 1896 4927 debuisset
1931 4889 1945 4937 ;
1989 4873 2095 4928 sub

390 4951 587 5006 ovium
620 4950 826 5007 vestitu
860 4952 1019 5009 intus
1052 4954 1229 5010 fuisse
1256 4955 1460 5026 lupum
1493 4975 1799 5030 rapacem;
1832 4966 1882 5016 et
1921 4964 2096 5019 solum

386 5055 507 5110 prae
537 5041 665 5097 aliis
696 5041 895 5098 habere
925 5047 1233 5115 oppetiisse,
1267 5047 1409 5117 quod
1428 5047 1629 5116 dignus
1659 5065 1768 5104 non
1796 5051 1982 5118 fuerat
2012 5053 2096 5108 vel

387 5145 511 5182 cum
531 5132 802 5198 fratribus
815 5135 1031 5205 habere,
1049 5138 1120 5191 ob
1146 5143 1488 5210 usurpatum
1509 5139 1734 5195 scilicet
1754 5144 2092 5199 oecumenici

328 5234 335 5239 ·
390 5219 728 5286 patriarcha!
762 5225 1026 5284 titulum.

459 5306 512 5358 5.
544 5308 724 5366 Paulo
760 5321 882 5380 post
915 5323 1179 5389 acceptas
1210 5337 1240 5374 a
1272 5321 1547 5393 Gregorio
1579 5321 1821 5388 litteras,
1854 5325 2095 5380 Anasta-

387 5396 514 5451 sius
545 5399 613 5452 ad
641 5403 1103 5471 tranquilliorem
1137 5415 1193 5464 et
1219 5412 1515 5468 meliorem
1536 5413 1713 5469 vitam
1740 5413 1813 5486 (ε)
1838 5415 2094 5486 transiit,

467 5581 546 5669 (Ia-2
577 5582 832 5669 Gonsule
849 5593 1046 5645 notam
1070 5593 1174 5669 3:27
1186 5595 1266 5669 ad
1280 5596 1526 5669 Librum
1564 5599 2091 5660 Sacramentorum.

465 5654 547 5799 ἑὸ)
582 5658 729 5728 Lege
760 5659 1061 5740 etiam_ep.
1095 5664 1130 5715 e
1162 5664 1292 5719 libri
1324 5685 1400 5733 ιχ,
1435 5671 1610 5723 et55.
1655 5654 1662 5655 ί
1713 5654 1732 5656 “’

490 5726 536 5799 ι’)
570 5727 646 5784 De
694 5731 996 5787 Anastasio
1047 5732 1327 5799 legendus
1377 5737 1652 5799 Evagrius
1696 5742 1732 5796 li

490 5726 536 5800 c)
570 5727 646 5784 De
665 5726 1327 5804 iAnastasio'legendus
1377 5726 1652 5809 Evagrius
1696 5742 1795 5798 lib.
1848 5761 1903 5800 xv
1947 5745 2090 5804 Hist.

2276 4596 2328 4647 7-
2364 4596 2463 4650 Hic
2493 4574 2774 4649 habemus
2804 4587 3192 4662 Martyrologii
3225 4587 3469 4643 Romani
3504 4585 3700 4659 prima
3741 4574 3900 4635 veluti

2207 4686 2556 4741 rudimenta.
2592 4683 2782 4755 Ipsius
2815 4681 3082 4736 meminit
3110 4678 3368 4750 synodus
3407 4669 3904 4734 Cloveshoviensis

2208 4793 2300 4831 an.
2327 4777 2434 4830 747
2464 4773 2690 4841 habita,
2723 4773 2784 4828 in
2815 4787 2931 4842 qua
2959 4771 3254 4825 decretum
3287 4775 3347 4822 ut
3374 4783 3478 4838 per
3504 4779 3710 4836 gyrum
3747 4760 3904 4817 totius

2207 4867 2349 4922 anni
2377 4862 2656 4920 natatitia
2684 4869 3000 4917 sanctorum
3029 4874 3137 4914 uno
3167 4856 3459 4927 eodemque
3488 4856 3584 4911 die
3607 4854 3763 4923 iuxta
3783 4849 3911 4905 lar-

2205 4956 2534 5026 tyrologium
2566 4953 2825 5009 Ecclesia?
2847 4952 3122 5014 Romanae,
3153 4964 3276 5003 cum
3306 4963 3406 5002 sua
3433 4945 3548 5002 sibi
3567 4939 3907 5000 conveniente

2205 5044 2519 5117 psalmodia
2569 5049 2622 5100 et
2666 5041 2951 5098 cantilena
2982 5045 3323 5095 venerentur.
3373 5031 3910 5107 Martyrologiorum

2209 5137 2370 5206 origo
2412 5153 2444 5190 a
2475 5135 2638 5190 fastis
2663 5131 3054 5189 Ecclesiarum
3089 5127 3401 5199 repetenda
3450 5125 3630 5181 nobis
3678 5123 3909 5177 videtur.

2208 5223 2462 5294 Singulae
2495 5223 2649 5276 enim
2683 5221 2976 5276 habebant
3007 5222 3329 5288 martyrum
3362 5228 3614 5271 suorum
3647 5210 3913 5268 aliorum-

2208 5330 2316 5386 que
2340 5319 2678 5369 sanctorum
2703 5312 3034 5383 catalogum
3057 5323 3308 5380 quorum
3333 5306 3390 5361 in
3415 5302 3768 5360 memoriam
3792 5294 3910 5352 festi

2208 5405 2646 5462 celebrabantur
2665 5403 2811 5460 dies.
2835 5401 2979 5458 Hinc
2997 5399 3324 5473 Cyprianus
3353 5412 3371 5453 :
3400 5395 3680 5465 Denique,
3711 5386 3909 5460 inquit,

2205 5598 2421 5657 Eccles.
2456 5612 2504 5652 c.
2539 5596 2592 5664 4,
2624 5598 2682 5651 et
2711 5593 2810 5650 lib.
2846 5609 2899 5664 v,
2931 5607 3058 5663 cap.
3091 5592 3146 5664 5.

2276 5671 2351 5743 (d)
2382 5671 2529 5740 Lege
2561 5661 2727 5724 notas
2759 5665 2831 5722 ad
2863 5661 3016 5721 hanc
3042 5661 3368 5737 epistolam.
