4086 6166
234 195 358 254 409

667 190 1146 274 8.ξϐΒΕΟΟΒΙΙ
1197 189 1449 250 MAGNI
1497 187 1714 261 VITA,
1760 189 1861 248 EX
1907 192 1922 249 1

2137 187 2487 249 SCRIPTIS
2533 190 2986 253 ADORNATA.
3037 198 3179 259 LIB.
3228 201 3335 263 III.

3641 207 3760 268 410

230 350 288 398 et
314 341 436 397 dies
463 356 655 398 eorum
690 340 884 413 quibus
926 338 1190 396 excedunt
1220 341 1496 401 annotate,
1531 337 1590 388 ut
1617 347 1946 389 commemo--
1979 333 2028 400 Α
2061 348 2240 403 raque
2271 332 2684 403 reperirentur,
2729 335 2892 404 quasi
2943 336 2999 392 in
3042 354 3221 396 unum
3254 359 3462 414 corpus
3496 346 3750 416 redacta,

229 436 478 488 rationes
526 447 712 488 eorum
773 432 920 486 inter
978 429 1266 485 memorias
1319 429 1633 498 martyrum
1679 424 1952 480 celebrare
2059 421 2162 476 sed
2193 421 2385 477 dilatre
2418 422 2800 480 nihilominus
2823 431 2990 482 erant
3013 428 3157 484 actis
3184 430 3584 502 singularibus
3617 451 3763 491 mar-

224 524 508 593 possimus
563 524 684 592 (Ep.
743 522 827 588 12,
888 520 1102 576 Patrot.
1155 528 1280 574 tom.
1337 518 1444 588 IV).
1497 517 1574 571 De
1629 515 1732 571 hoc
1779 530 1949 585 argu-

217 618 436 669 mento
467 615 648 668 lector
668 612 964 668 studiosus
995 609 1260 667 consulat
1287 608 1602 664 Henricum
1626 606 1946 672 Valesium,

224 703 321 773 qui
347 702 712 774 singularem
732 701 910 758 edidit
932 701 1002 756 de
1024 698 1419 772 Martyrologio
1443 697 1704 754 Romano
1741 696 1944 750 disser-

224 792 540 860 tationem,
573 801 628 848 et
658 793 782 848 suis
814 793 873 847 in
904 790 1221 846 Eusebium
1263 788 1673 844 Casariensem
1707 789 1947 841 annota-

223 881 491 938 tionibus
521 881 763 937 attexuit
789 900 806 951 ;
848 881 1281 952 perpendatque
1312 877 1568 933 rationes
1598 876 1806 947 quibus
1842 874 1944 929 ad-

223 976 458 1026 struere
477 979 725 1026 conatur
741 969 1215 1026 virdoctissimus
1239 967 1466 1023 nullum
1483 981 1742 1038 unquam
1768 963 1944 1020 fuisse

219 1059 538 1130 proprium
575 1075 642 1114 ac
690 1057 975 1130 peculiare
1025 1055 1497 1129 Martyrologium
1538 1053 1808 1109 Ecclesia
1836 1053 1943 1107 Ro-

221 1164 416 1204 mana
439 1155 576 1203 ante
599 1147 743 1203 illud
767 1149 1106 1219 quodjussu
1128 1146 1282 1201 Xisti
1303 1145 1352 1198 V
1375 1143 1672 1200 Pontiﬁcis
1703 1142 1940 1198 maximi

221 1241 453 1295 editum
488 1246 580 1296 est
613 1239 720 1296 hoc
752 1238 946 1305 titulo,
968 1243 1024 1293 et
1055 1236 1286 1293 Baronii
1314 1234 1789 1292 annotationibus
1819 1231 1942 1287 illu-

223 1335 505 1384 stratum.
548 1329 845 1399 Pracipua
893 1329 1129 1385 ducitur
1172 1343 1242 1381 ex
1286 1331 1548 1383 veterum
1588 1323 1938 1394 scriptorum

221 1416 482 1487 silentio,
508 1434 641 1490 qua
669 1422 864 1473 tamen
891 1417 1004 1473 ruit
1033 1417 1180 1472 lecto
1204 1415 1409 1486 synodi
1441 1411 1939 1469 Cloveshoviensis

227 1506 409 1562 allato
435 1523 615 1579 supra
644 1507 1002 1562 testimonio.
1036 1506 1160 1561 Non
1191 1505 1488 1560 inﬁciatur
1518 1503 1750 1574 quidem
1786 1501 1938 1556 Vale-

227 1597 359 1652 sius
390 1597 701 1653 Ecclesiam
732 1600 1056 1652 Romanam
1099 1603 1151 1651 et
1183 1595 1327 1650 alias
1357 1594 1562 1650 saltem
1589 1591 1935 1663 insigniores

225 1685 505 1742 habuisse
554 1703 662 1742 sua
708 1685 1049 1742 kalendaria
1093 1700 1348 1755 suosque
1380 1683 1576 1748 factos,
1611 1682 1819 1753 quibus
1848 1681 1938 1734 in-

225 1776 446 1846 scripta
476 1776 845 1847 propriorum
897 1779 1218 1847 martyrum
1263 1790 1328 1828 ac
1356 1778 1687 1829 sanctorum
1720 1771 1936 1841 episco-

224 1881 436 1935 porum
471 1866 711 1922 nomina
740 1865 1210 1935 continebantur,
1234 1865 1334 1920 sed
1369 1864 1702 1920 nullatenus
1725 1867 1936 1932 marty-

223 1955 470 2027 rologia,
501 1973 624 2028 qua
653 1972 762 2012 non
792 1957 979 2022 unius,
1005 1955 1212 2026 inquit,
1237 1955 1350 2010 loci
1372 1956 1616 2026 propria,
1648 1952 1736 2008 sed
1765 1955 1934 2008 totius

222 2045 482 2102 Ecclesia
538 2048 693 2116 fuere
749 2045 1081 2112 communia,
1142 2045 1343 2115 quippe
1399 2057 1524 2113 quae
1579 2043 1739 2099 totius
1785 2044 1934 2099 orbis

220 2140 502 2206 martyres
541 2138 974 2207 confessoresque
1012 2135 1348 2205 generaliter
1374 2134 1734 2188 continerent.
1767 2132 1930 2188 Certe

223 2223 277 2276 si
331 2239 403 2278 ex
446 2223 621 2279 allata
673 2224 1010 2280 deﬁnitione
1058 2222 1510 2279 controversiam
1563 2221 1928 2287 dirimamus,

219 2310 491 2369 Valesius
540 2313 644 2368 lite
693 2330 935 2370 casurus
981 2313 1227 2368 videtur.
1276 2311 1500 2383 Quippe
1533 2328 1647 2366 non
1680 2310 1930 2381 alicujus

218 2400 543 2458 kalendarii
573 2403 844 2459 meminit
882 2404 938 2459 S.
973 2403 1308 2475 Gregorius,
1355 2403 1410 2457 in
1458 2418 1569 2473 quo
1610 2408 1928 2472 martyrum

215 2494 458 2549 tantum
504 2494 781 2550 Romana
825 2511 1132 2566 passorum
1186 2493 1427 2550 nomina
1471 2491 1926 2558 continerentur,

219 2582 322 2636 sed
354 2582 567 2638 codicis
599 2587 658 2637 in
688 2599 791 2654 quo
839 2599 974 2655 pene
1018 2584 1266 2640 omnium
1305 2589 1618 2653 martyrum
1655 2579 1929 2636 distinctis

214 2685 319 2739 per
373 2671 625 2740 singulos
681 2674 802 2728 dies
869 2674 1213 2744 passionibus
1274 2673 1495 2728 collecta
1551 2672 1798 2726 nomina.
1858 2670 1930 2726 Ut

216 2764 421 2816 autem
456 2763 546 2834 agi
597 2763 665 2818 de
719 2763 1076 2834 martyribus
1126 2762 1344 2834 ubique
1398 2766 1686 2818 terrarum
1738 2761 1927 2831 passis

217 2851 584 2917 ostendatur,
639 2851 858 2907 subdit.
913 2853 976 2907 In
1029 2852 1212 2908 eodem
1257 2850 1652 2909 votumine.....
1700 2866 1924 2920 nomen,

222 2937 462 3008 tocus,et
505 2941 618 2997 dies
646 2944 916 3012 passionis
962 2943 1207 3013 ponitur.
1255 2942 1402 2999 Unde
1444 2942 1503 3012 ﬁt
1549 2950 1610 2998 ut
1655 2942 1820 2998 multi
1859 2958 1929 2998 ea:

222 3025 450 3086 diversis
500 3033 664 3088 terris
716 3036 879 3103 atque
924 3032 1246 3104 provinciis,
1295 3047 1394 3103 per
1441 3032 1646 3090 dies....
1687 3033 1925 3101 singulos

2053 515 2276 581 tyrum,
2309 512 2552 568 maxime
2586 513 2642 568 in
2689 513 2875 582 Italia,
2925 521 2982 572 et
3018 522 3342 589 prasertim
3379 522 3574 579 Roma
3607 542 3761 581 mar-

2056 601 2201 672 tyrio
2235 607 2661 658 coronatorum.
2708 604 2892 660 Taceo
2925 608 2994 662 de
3037 610 3326 666 veteribus
3358 613 3659 671 codicibus
3689 617 3760 671 ad

2055 690 2170 746 alia
2197 707 2370 762 quam
2394 693 2464 748 ad
2499 699 2818 764 martyrum
2846 695 3116 753 historias
3150 701 3602 770 pertinentibus,
3626 721 3765 776 quo-

2056 795 2186 834 rum
2220 786 2444 852 poterat
2473 798 2600 837 esse
2633 782 2823 838 Roma
2859 785 3105 841 maxima
3137 788 3303 859 c0pia
3337 807 3350 844 :
3385 792 3454 846 de
3483 791 3578 848 his
3607 794 3763 850 enim

2058 869 2193 926 silet
2225 879 2463 927 sanctus
2496 877 2738 927 Doctor.

2127 960 2318 1014 Tertio
2351 961 2492 1032 quid
2527 965 2677 1016 vetat
2705 962 2876 1018 etiam
2913 969 3044 1034 post
3070 968 3431 1026 sanctissimi
3464 971 3764 1030 Pontiﬁcis

2047 1049 2272 1105 obitum
2301 1052 2518 1106 multos
2541 1050 2775 1107 aliunde
2801 1055 3028 1110 codices
3059 1056 3304 1113 Romam
3335 1059 3512 1116 fuisse
3535 1061 3765 1132 allatos,

2052 1156 2198 1212 quos
2231 1157 2384 1195 nunc
2411 1140 2649 1196 laudare
2682 1158 2788 1199 nos
2824 1159 2936 1199 non
2975 1148 3238 1216 puderet,
3267 1149 3497 1206 etiamsi
3526 1167 3640 1208 non
3673 1167 3761 1209 es-

2050 1234 2180 1286 sent
2209 1231 2482 1301 Gregorio
2529 1233 2925 1303 antiquiores?
2973 1234 3095 1298 Qua
3126 1239 3342 1294 etenim
3387 1242 3761 1298 veneratione

2049 1321 2238 1393 digna
2271 1327 2412 1377 sunt
2451 1323 2805 1378 membrana
2848 1323 3156 1398 plusquam
3201 1335 3436 1386 centum
3471 1347 3758 1388 annorum

2049 1429 2226 1484 supra
2275 1413 2478 1468 mille?
2524 1413 2689 1471 Nunc
2739 1415 2810 1470 ad
2845 1414 3100 1472 historia
3144 1418 3514 1491 Gregoriana
3546 1423 3754 1479 seriem

2047 1519 2390 1559 revocamus
2422 1504 2688 1574 gradum.

2114 1594 2168 1648 9.
2206 1592 2434 1648 Bellum
2467 1593 2575 1650 hoc
2622 1610 2769 1650 anno
2801 1594 2855 1649 in
2893 1595 3061 1652 Italia
3091 1599 3374 1655 exarsisse
3408 1600 3600 1656 innuit
3621 1618 3755 1658 san-

2045 1690 2173 1738 ctus
2204 1682 2536 1754 Gregorius,
2567 1684 2705 1739 dum
2740 1684 2914 1741 deﬁet
2945 1686 3098 1741 mala
3148 1703 3272 1758 quae
3305 1706 3337 1743 a
3370 1689 3754 1747 Barbarorum

2043 1772 2255 1843 gladiis
2289 1771 2507 1844 perpeti
2559 1773 2870 1844 cogebatur
2919 1775 3059 1843 (Lib.
3101 1792 3223 1838 VIII,
3273 1794 3356 1848 ep.
3387 1779 3467 1850 2).
3502 1780 3664 1850 Ipsos
3694 1781 3754 1837 in

2037 1861 2372 1918 Sardiniam
2398 1862 2840 1918 descensionem
2867 1864 3074 1920 fecisse
3105 1865 3397 1936 colligitur
3418 1883 3486 1923 ex
3510 1868 3757 1939 epistola

2038 1953 2309 2022 sequenti
2363 1951 2681 2008 indictione
2739 1953 2953 2024 scripta
2999 1955 3139 2023 (Lib.
3184 1972 3260 2022 tx,
3304 1973 3390 2028 ep.
3430 1959 3455 2012 1
3498 1964 3552 2013 et
3592 1961 3750 2030 seq.).

2041 2042 2264 2098 Idcirco
2297 2043 2541 2099 fortasse
2587 2043 2770 2099 voluit
2797 2049 2855 2100 S.
2903 2044 3218 2116 Gregorius
3251 2055 3312 2102 ut
3343 2047 3542 2104 nullus
3575 2050 3750 2105 etiam

2038 2132 2287 2187 clericus
2329 2150 2359 2189 a
2401 2133 2616 2204 vigiliis
2660 2138 2715 2189 et
2758 2133 3016 2188 excubiis
3057 2135 3127 2188 ad
3163 2135 3392 2191 urbium
3428 2139 3752 2195 custodiam

2039 2222 2387 2277 necessariis
2420 2227 2798 2278 excusaretur
2831 2239 2843 2276 :
2889 2223 3211 2292 eademque
3240 2223 3365 2296 lege
3396 2227 3753 2284 tenebantur

2038 2311 2303 2367 Monachi
2337 2312 2476 2379 (Lib.
2507 2329 2578 2378 nt,
2614 2329 2698 2383 ep.
2743 2313 2858 2381 73).
2906 2312 3031 2367 Non
3076 2313 3273 2369 minus
3309 2313 3465 2369 dolet
3495 2315 3580 2369 vir
3613 2333 3749 2372 san-

2037 2407 2165 2458 ctus
2199 2403 2267 2457 de
2291 2403 2561 2473 judicum
2596 2407 2653 2458 et
2684 2402 3136 2473 magistratuum
3167 2406 3526 2474 perversitate
3555 2410 3610 2460 et
3642 2406 3748 2460 ini-

2037 2493 2274 2564 quitate,
2301 2509 2472 2564 quam
2498 2495 2569 2548 de
2591 2493 2884 2548 ferocitate
2909 2493 3189 2548 hostium.
3217 2495 3376 2551 Inter
3405 2511 3562 2550 arma
3583 2497 3741 2551 enim

2037 2581 2340 2638 silentibus
2391 2582 2619 2654 legibus
2667 2583 2861 2640 omnia
2922 2584 3031 2640 sibi
3090 2582 3264 2640 licere
3313 2584 3743 2642 existimabant.

2036 2671 2396 2734 Gennadius,
2432 2671 2634 2727 Africa
2667 2673 2976 2742 Patricius,
3012 2675 3280 2740 Paulum,
3312 2673 3654 2744 episcopum
3678 2672 3739 2728 in

2033 2758 2322 2831 Numidia,
2358 2760 2562 2817 multis
2613 2761 2684 2817 ab
2734 2763 2905 2819 annis
2937 2765 3198 2820 vexabat.
3240 2763 3504 2832 Cumque
3539 2761 3738 2816 sedem

2035 2850 2414 2921 apostolicam
2451 2850 2825 2923 appellasset,
2854 2854 3031 2909 variis
3070 2852 3388 2909 calumniis
3435 2849 3739 2922 impetitus

2033 2939 2268 3012 prasul,
2303 2941 2622 3011 quominus
2672 2941 2913 2998 Romam
2953 2943 3171 2999 veniret
3215 2943 3523 2998 obstiterat
3559 2937 3744 3010 patri-

2033 3031 2177 3098 cius,
2201 3045 2379 3100 penes
2413 3046 2586 3103 quem
2612 3030 2674 3086 in
2700 3031 3211 3089 administratione
3233 3031 3407 3100 hujus
3431 3027 3740 3100 provincia

223 3127 611 3187 cognoscantur
639 3123 908 3191 martyrio
950 3124 1215 3178 coronati.
1265 3121 1367 3177 Hic
1414 3122 1556 3192 quid
1598 3123 1922 3178 sentiamus
1954 3113 1997 3180 C
2037 3135 2272 3176 summa
2315 3125 2440 3176 erat
2482 3121 2798 3176 auctoritas
2837 3122 2975 3192 (Lib.
3024 3140 3101 3189 vx,
3148 3138 3232 3194 ep.
3270 3121 3386 3192 63).
3438 3117 3741 3174 Consensit

226 3205 297 3261 de
325 3209 542 3265 Valesii
573 3209 846 3282 opinione
890 3213 1114 3284 aperire
1144 3227 1332 3283 opera
1363 3211 1608 3282 pretium
1639 3211 1926 3283 judicavi-

228 3312 382 3367 mus,
423 3316 496 3356 ne
535 3300 666 3372 quis
697 3300 841 3356 forte
883 3302 1143 3358 crederet
1184 3305 1380 3358 notam
1432 3303 1750 3373 quamdam
1799 3319 1924 3374 qua

231 3387 446 3446 Valesio
479 3391 622 3446 favet
654 3391 978 3460 subiectam
1013 3393 1255 3448 laudata
1286 3392 1546 3464 epistola
1567 3409 1635 3448 ex
1665 3393 1926 3449 Gussan-

229 3477 410 3536 villae
430 3480 612 3538 fuisse
633 3497 666 3536 a
687 3482 858 3539 nobis
881 3484 1238 3555 adoptatam.
1262 3484 1432 3540 Absit
1452 3483 1610 3539 enim
1642 3488 1706 3540 ut
1731 3484 1928 3540 omnia

209 3585 354 3637 qua
383 3571 440 3627 in
481 3572 868 3644 Gregorianas
911 3574 1188 3646 epistolas
1220 3576 1546 3633 observavit
1586 3576 1670 3630 vir
1701 3576 1923 3645 doctus,

234 3660 393 3717 nobis
423 3663 838 3734 approbentur.

297 3751 349 3808 8.
394 3752 559 3810 Certe
607 3753 716 3810 hoc
773 3755 900 3810 loco
951 3757 1339 3828 suspicionem
1389 3756 1579 3826 injicit
1629 3758 1698 3811 de
1747 3771 1923 3811 manu

227 3845 588 3899 exustorum
659 3845 929 3900 codicum
997 3845 1169 3901 etiam
1237 3845 1645 3902 Vaticanorum
1708 3861 1924 3916 suppo-

226 3929 452 3999 sitione,
495 3947 673 4003 quam
716 3933 940 3989 diluere
988 3935 1167 3991 nostri
1217 3939 1302 3991 est
1343 3933 1540 3990 ofﬁcii.
1581 3934 1675 3990 Ait
1718 3934 1872 3990 enim
1908 3951 1920 3989 :

228 4019 401 4076 Roma
429 4021 592 4076 nulla
636 4023 722 4078 vel
764 4038 944 4094 pauca
993 4033 1126 4079 tunc
1171 4024 1349 4096 fuisse
1391 4027 1700 4094 martyrum
1747 4029 1921 4091 gesta,

224 4111 413 4166 nullas
459 4110 524 4167 de
567 4117 882 4183 martyrum
911 4115 1255 4184 passionibus
1295 4115 1664 4172 narrationes,
1697 4113 1754 4167 id
1782 4119 1926 4168 certe

223 4207 299 4257 est
327 4199 610 4270 mirabile,
640 4209 692 4258 et
733 4205 886 4259 novis
923 4203 1244 4260 auctoribus
1282 4206 1379 4275 qui
1411 4205 1690 4260 Vaticanos
1720 4202 1924 4258 codices

221 4291 428 4364 passim
455 4292 745 4363 ingerunt,
776 4295 1210 4352 incommodum.

290 4383 364 4436 At
381 4381 568 4451 primo
591 4389 827 4439 sanctus
849 4383 1158 4453 Gregorius
1185 4384 1422 4441 minime
1444 4384 1586 4439 dicit
1609 4400 1723 4440 non
1745 4383 1920 4440 exsti-

2036 3227 2188 3282 papa
2219 3215 2281 3265 ut
2320 3211 2633 3282 episcopus
2681 3212 2753 3266 ad
2797 3213 3138 3268 comitatum
3171 3213 3436 3282 pergeret
3465 3215 3635 3279 atque
3665 3206 3737 3262 ad

2034 3301 2360 3372 Augustum
2408 3318 2548 3358 suas
2592 3302 2842 3358 deferret
2890 3302 3152 3374 querelas
3196 3302 3340 3372 (Lib.
3389 3316 3489 3369 vn,
3529 3314 3614 3370 ep.
3655 3297 3737 3368 2).

2035 3391 2298 3446 Tandem
2323 3391 2540 3447 Paulus
2562 3391 2620 3446 in
2651 3391 2985 3447 Numidiam
3011 3392 3195 3449 redire
3217 3392 3423 3462 jussus
3453 3392 3559 3455 est,
3585 3390 3650 3442 ut
3671 3386 3740 3442 ab

2034 3483 2322 3555 episcopis
2341 3483 2520 3553 hujus
2539 3483 2844 3554 provincia
2861 3483 3254 3552 judicaretur;
3280 3482 3444 3552 cujus
3467 3480 3743 3534 innocen-

2034 3572 2176 3628 tiam
2205 3589 2562 3645 cognoscens
2583 3575 2920 3645 Gregorius,
2953 3572 3143 3645 ipsius
3175 3587 3414 3628 causam
3447 3568 3740 3642 episcopis

2035 3662 2353 3731 Adeodato,
2382 3663 2481 3734 qui
2515 3670 2652 3720 tunc
2672 3663 2749 3734 (η)
2775 3662 3086 3734 primatum
3110 3663 3362 3735 gerebat,
3396 3658 3737 3725 Maurentio,

2034 3757 2090 3808 et
2121 3753 2441 3824 prasertim
2481 3753 2757 3808 Columbo
2798 3753 3226 3808 commendavit
3267 3751 3408 3823 (Lib.
3458 3767 3580 3818 VIII,
3613 3763 3740 3820 epp.

2035 3847 2103 3900 12
2131 3848 2182 3899 et
2218 3845 2305 3913 13)
2331 3860 2345 3910 ;
2381 3844 2538 3898 hunc
2569 3843 2722 3899 enim
2758 3851 2991 3901 noverat
3023 3843 3287 3898 Ecclesia
3319 3860 3353 3897 a
3382 3842 3547 3897 beato
3571 3842 3739 3895 Petro

2032 3935 2288 3990 fundata
2309 3933 2799 4002 addictissimum,
2815 3939 2869 3991 et
2883 3933 3023 3989 recti
3038 3931 3505 3988 tenacissimum.
3521 3928 3741 3983 Nihilo-

2033 4023 2422 4080 tamenminus
2453 4025 2646 4094 ipsum
2675 4022 2866 4079 adhuc
2895 4023 3124 4079 munire
3153 4023 3321 4079 curat
3351 4023 3551 4076 contra
3591 4017 3737 4088 opti-

2033 4118 2258 4172 matum
2287 4114 2728 4172 sollicitationes
2749 4122 2802 4172 et
2825 4115 3135 4186 impulsus,
3161 4112 3376 4186 quibus
3408 4111 3532 4182 ejus
3550 4108 3739 4164 virtus

2031 4205 2368 4262 labefactari
2414 4206 2697 4276 potuisset
2729 4223 2741 4261 :
2777 4205 2947 4261 Nulla
2989 4221 3145 4274 ergo,
3187 4202 3401 4274 inquit,
3443 4215 3532 4257 vos
3560 4214 3643 4254 res
3672 4197 3741 4253 ab

2031 4295 2303 4365 aquitatis
2330 4292 2528 4362 studio,
2559 4294 2714 4348 nulla
2740 4293 3044 4365 suspendat
3073 4290 3320 4363 potentia
3356 4303 3737 4358 personarum.

2014 4382 2142 4438 -Sed
2190 4383 2436 4438 innitens
2488 4381 2782 4454 praeceptis
2847 4383 3168 4447 Dominicis,
3216 4380 3403 4436 omnia
3449 4394 3571 4450 qua
3613 4383 3742 4432 sunt

219 4470 680 4529 tisseinarchivo
704 4473 969 4530 Ecclesia
993 4474 1266 4530 Romana
1289 4475 1544 4530 codicem
1569 4473 1724 4529 280
1746 4489 1920 4544 quem
1955 4484 2000 4549 D
2031 4471 2352 4528 rectitudini
2377 4471 2627 4539 adversa,
2657 4477 2963 4528 contemne.
3008 4471 3065 4526 In
3106 4468 3454 4542 defendendis
3491 4467 3742 4540 partibus

222 4561 337 4620 sibi
376 4563 791 4619 communicari
838 4565 1161 4637 postularat
1209 4564 1506 4637 Eulogius,
1554 4566 1654 4620 sed
1697 4569 1920 4623 tantum

226 4667 340 4707 non
379 4649 703 4720 inventum;
743 4656 895 4710 unde
923 4656 1124 4712 subdit
1163 4672 1178 4712 :
1213 4657 1528 4724 Quarentes
1566 4654 1783 4726 quidem
1814 4670 1922 4710 non

225 4738 558 4808 invenimus,
589 4741 681 4798 sed
707 4742 887 4798 adhuc
916 4759 1024 4800 non
1056 4747 1393 4801 invenientes
1421 4746 1764 4815 quaerimus,-
1794 4748 1845 4799 et
1875 4745 1929 4800 si

225 4828 502 4903 potuerint
531 4833 777 4888 inveniri
807 4837 1266 4892 transmittemus.

296 4921 558 4978 Secundo
579 4923 810 4980 etiamsi
834 4930 1153 4982 cunctorum
1181 4931 1494 4998 martyrum
1523 4933 1699 4995 gesta,
1731 4939 1924 4996 qua...

233 5011 574 5067 Constantini
601 5014 938 5084 temporibus
967 5017 1035 5070 ab
1074 5015 1302 5071 Eusebio
1345 5014 1672 5071 Caesariensi
1699 5013 1928 5070 collecta

233 5103 471 5172 fuerant,
501 5100 558 5156 in
589 5101 840 5158 archivis
868 5109 926 5159 et
959 5103 1325 5161 bibliothecis
1357 5105 1635 5160 Romanis
1666 5107 1804 5159 tunc
1842 5102 1926 5160 lo-

235 5205 355 5246 cum
395 5206 508 5245 non
552 5191 968 5262 obtinuissent,
1016 5194 1150 5250 inde
1195 5200 1411 5251 temere
1458 5193 1753 5265 colligitur
1797 5198 1926 5248 tunc

236 5281 401 5335 Romae
433 5280 591 5336 nulla
630 5279 726 5336 vel
755 5299 930 5354 pauca
977 5287 1152 5354 fuisse
1179 5289 1494 5354 martyrum
1524 5290 1696 5352 gesta,
1736 5283 1924 5338 nullas

232 5371 294 5426 de
320 5379 628 5442 martyrum
656 5372 1002 5444 passionibus
1026 5376 1397 5430 narrationes.
1427 5377 1660 5429 Fatetur
1681 5373 1922 5429 fortasse

230 5457 530 5529 Gregorius
547 5461 804 5518 caruisse
825 5477 928 5517 suo
944 5466 1205 5533 tempore
1223 5460 1610 5518 bibliothecas
1631 5460 1920 5517 Romanas

229 5547 666 5610 callectaneisin
686 5551 899 5623 quibus
925 5556 1054 5608 acta
1087 5555 1411 5626 martyrum
1447 5550 1644 5609 omnia
1675 5554 1775 5608 aut
1808 5549 1924 5623 ple-

288 5692 366 5771 (a)
401 5691 542 5750 Vide
572 5710 694 5768 qua
739 5713 914 5770 supra
945 5695 1201 5755 diximus
1237 5695 1338 5755 lib.
1371 5712 1436 5769 ιι,
1465 5712 1516 5755 c.
1559 5697 1617 5768 ο,
1665 5711 1828 5753 num.
1859 5697 1916 5756 2.

2032 4564 2266 4634 iustitiae
2308 4566 2618 4619 constanter
2664 4563 2878 4619 insiste.
2924 4562 3060 4619 Odia
3105 4577 3207 4634 pro
3252 4562 3497 4626 veritate,
3537 4557 3588 4614 si
3637 4573 3739 4628 qua

2035 4656 2184 4719 sunt,
2215 4655 2492 4709 sustinere
2536 4669 2642 4710 non
2683 4669 2891 4709 renuas
2922 4669 2942 4712 :
2972 4659 3036 4708 ut
3079 4658 3232 4708 tanto
3261 4650 3522 4722 majorem
3552 4650 3610 4702 in
3644 4646 3742 4701 ad-

2033 4749 2200 4799 ventu
2245 4743 2612 4815 Redemptoris
2655 4745 2830 4801 nostri
2868 4747 3117 4815 fructum
3154 4739 3419 4797 mercedis
3463 4738 3737 4802 invenias,

2034 4838 2237 4905 quanto
2259 4834 2375 4905 ejus
2404 4834 2665 4890 mandata
2686 4851 2796 4891 non
2816 4835 3118 4906 negligens,
3142 4831 3203 4886 in
3233 4835 3478 4902 favorem
3508 4826 3742 4896 iustitiae

2033 4933 2085 4981 et
2113 4923 2484 4994 defensionem
2520 4925 2877 4999 impenderis.

2108 5016 2192 5071 10.
2213 5021 2422 5074 Prater
2437 5033 2809 5074 communem
2828 5013 3283 5072 sollicitudinem
3306 5024 3482 5081 quam
3518 5007 3588 5062 de
3620 5007 3742 5061 tota

2033 5106 2291 5163 Ecclesia
2321 5123 2520 5179 gerere
2549 5108 2796 5162 debebat
2836 5119 3108 5163 summus
3149 5100 3426 5172 pontifex,
3461 5094 3742 5168 singulari

2033 5197 2226 5253 studio
2269 5202 2324 5253 et
2363 5214 2499 5253 cura
2531 5196 2798 5252 Ecclesia
2830 5195 3116 5250 Africana
3145 5189 3476 5262 prospicere
3506 5188 3744 5244 teneba-

2032 5291 2150 5355 tur,
2204 5289 2352 5359 quod
2400 5305 2434 5343 a
2485 5287 2744 5342 Romana
2787 5302 2955 5341 suam
3019 5283 3273 5340 traheret
3322 5281 3629 5354 originem,
3683 5281 3744 5334 ut

1996 5397 2001 5406 ·
2032 5377 2197 5433 docet
2231 5378 2289 5432 S.
2321 5377 2636 5449 Gregorius
2685 5377 2755 5431 ad
2801 5373 3188 5440 Dominicum,
3221 5371 3739 5444 Carthaginensem

2029 5466 2390 5538 episcopum,
2426 5464 2691 5522 scribens
2716 5482 2728 5520 :
2763 5464 3004 5520 Scientes
3034 5463 3178 5519 unde
3210 5463 3270 5519 in
3296 5461 3583 5535 Africanis
3606 5475 3742 5532 par-

2025 5555 2170 5615 tibus
2211 5556 2501 5628 sumpserit
2548 5555 2824 5612 ordinatio
2867 5554 3219 5612 sacerdotalis
3263 5552 3578 5622 exordium,
3612 5551 3737 5607 tau-
