4086 6166
345 159 459 219 411

774 158 837 219 S.
888 158 1263 220 GREGORII
1309 161 1559 222 MAGNI
1606 157 1812 237 VITA,
1864 158 1958 217 EX
2005 155 2188 219 EJUS
2238 157 2583 221 SCRIP'I‘IS
2631 161 3084 222 ADORNATA.
3138 158 3279 221 LIB.
3327 161 3430 224 ΙΙΙ.

3735 166 3860 226 412

335 290 594 347 dabititer
634 293 799 362 agitis
843 292 984 364 quod
1027 293 1205 348 sedem
1251 294 1607 366 apostolicam
1645 291 1936 364 diligendo,
1969 291 2042 346 ad
2071 293 2125 360 Α
2153 292 2346 350 debeas
2395 311 2702 368 segregare,
2747 306 2906 370 atque
2954 315 3075 354 eam
3118 300 3422 356 secundum
3472 303 3572 357 Dei
3609 302 3871 359 timorem

331 382 508 452 officii
537 385 703 439 vestri
735 385 1006 455 originem
1033 383 1294 455 prudenti
1333 385 1714 440 recordatione
1753 383 2043 440 recurritis

335 470 482 542 (Lib.
515 489 635 539 vm,
665 489 751 545 ep.
792 474 904 545 33).
940 473 1080 528 [line
1111 473 1182 528 ad
1228 473 1530 528 fovendam
1566 478 1825 529 mutuam
1861 471 2046 527 chari-

336 564 519 619 tatem
571 563 751 620 teneri
803 564 1110 633 utriusque
1158 561 1423 618 Ecclesia:
1455 563 1752 619 antistites
1802 562 2043 634 probat;

339 653 711 725 excurritque
759 653 863 707 hac
906 652 1204 708 occasione
1244 652 1300 706 in
1350 652 1555 708 laudes
1596 653 1920 718 charitatis,
1957 651 2044 705 his

340 742 532 798 verbis
573 741 742 813 plane
785 742 977 798 aureis
1021 757 1033 795 :
1087 743 1283 810 Magna
1312 751 1499 797 autem
1546 742 1833 797 charitatis
1873 743 2048 796 virtus

334 841 432 902 est,
474 833 675 888 dilecte
701 838 899 903 frater,
926 846 1051 903 quae
1070 830 1413 886 sinceritatis
1433 847 1543 887 suae
1572 832 1795 889 vinculo
1827 830 2048 886 alterna

337 928 523 978 mutuo
555 925 748 995 affectu
796 923 960 980 corda
1011 925 1361 992 constringit,
1403 929 1456 979 et
1497 940 1561 979 ea
1615 941 1647 978 a
1693 927 1886 992 gratiae
1939 938 2045 976 non

334 1014 471 1068 sinit
501 1029 753 1084 compage
783 1013 1043 1076 dissolvi;
1073 1013 1356 1083 disiuncta
1395 1013 1697 1084 conjungit,
1742 1015 1908 1068 unita
1953 1029 2050 1066 cu-

337 1102 526 1169 stodit,
558 1107 607 1158 et
636 1105 847 1171 ignotos
885 1103 992 1157 sibi
1020 1102 1262 1173 imagine
1291 1103 1467 1158 reddit
1494 1105 1737 1173 cognitos
1766 1119 1864 1173 per
1894 1118 2049 1158 amo-

336 1209 474 1248 rem.
528 1193 790 1264 Quisquis
822 1193 999 1261 igitur
1041 1194 1100 1246 in
1151 1193 1320 1260 hujus
1371 1192 1597 1247 cardine
1628 1197 1864 1247 mentem
1893 1193 2044 1261 ﬁgit,

339 1299 463 1337 eum
491 1282 556 1337 de
603 1299 854 1352 superna
901 1282 1104 1353 patrize
1133 1282 1442 1337 habitacula
1477 1281 1768 1348 cujuslibet
1796 1281 2048 1336 adversi-

337 1375 466 1430 tatis
495 1372 752 1444 impulsio
783 1389 891 1428 non
920 1371 1108 1428 evellit
1139 1389 1158 1429 .·
1191 1371 1447 1444 quoniam
1479 1387 1820 1443 quocumque
1846 1375 1900 1426 se’
1931 1388 2049 1426 ver-

342 1465 489 1533 terit,
529 1481 560 1517 a
606 1463 990 1518 mandatorum
1041 1461 1237 1518 limine
1287 1477 1394 1518 non
1443 1461 1663 1517 excedit
1697 1461 1910 1532 (lbid.).
1967 1461 2050 1516 Ita

340 1553 818 1624 sapientissimus
850 1552 944 1608 ille
983 1553 1217 1624 pietatis
1249 1552 1584 1608 Christianae
1625 1554 1899 1623 magister
1938 1566 2054 1607 om-

2156 385 2502 457 presbyteris,
2528 387 2793 454 diaconis,
2836 405 2899 443 ac
2926 389 3088 456 clero,
3126 398 3184 444 ut
3214 390 3316 445 tibi
3347 393 3520 445 visum
3549 395 3739 461 fuerit,
3775 392 3875 447 di-

2152 486 2321 531 screte
2351 477 2632 534 dividere:
2660 480 2739 535 ita
2767 496 2899 535 sane
2919 488 2980 535 ut
3009 480 3309 552 unicuique
3329 484 3476 537 sicut
3497 485 3758 538 meritum
3781 483 3873 538 la-

2156 566 2300 620 boris
2338 571 2599 637 exegerit,
2649 571 2824 625 libera
2872 569 2976 625 tibi
3019 573 3110 639 sit,
3141 572 3312 641 juxta
3341 573 3480 643 quod
3512 573 3874 644 praevideris,

2157 655 2436 726 largiendi
2467 659 2688 714 licentia
2705 676 2724 720 ;
2754 664 3021 730 quatenus
3051 664 3105 714 et
3136 659 3193 713 hi
3221 662 3322 730 qui
3353 667 3657 730 merentur,
3698 665 3876 718 etiam

2157 747 2444 815 temporali
2481 763 2538 802 se
2584 751 2825 804 sentiant
2857 749 2954 804 hoc
2986 749 3263 805 commodo
3307 751 3606 819 consolari,
3645 762 3696 807 et
3741 751 3870 806 alii,

2155 834 2459 902 adiuvante
2507 839 2758 903 Domino,
2809 853 3001 894 eorum
3043 839 3112 893 ad
3159 840 3354 896 melius
3383 840 3713 896 contendant
3743 840 3874 895 imi-

2161 926 2369 980 tatione
2390 928 2657 996 proficere
2689 928 2825 993 (Lib.
2853 944 2932 996 ιι,
2954 944 3038 998 ep.
3071 929 3181 998 64).

2231 1018 2314 1069 l3.
2359 1017 2484 1086 Qui,
2523 1017 2700 1087 justis
2749 1020 3161 1075 Catanensium
3216 1021 3561 1077 clericorum
3610 1020 3873 1092 querelis

2160 1105 2441 1176 pulsatus,
2487 1107 2633 1162 hanc
2681 1109 3031 1163 sententiam
3078 1109 3213 1164 tulit
3252 1113 3453 1166 contra
3502 1110 3870 1182 episcopum,

2160 1197 2496 1251 eorumdem
2533 1198 2868 1268 superbiam
2902 1203 2958 1253 et
2990 1199 3223 1254 inanem
3255 1198 3553 1271 gloriolam
3588 1203 3877 1269 repressit

2162 1284 2334 1357 paulo
2358 1290 2508 1356 post,
2527 1288 2597 1341 ob
2625 1293 2937 1359 usurpatos
2959 1289 3030 1359 (b)
3049 1305 3381 1360 campagos,
3405 1290 3557 1360 quod
3578 1295 3879 1360 estgenus

2161 1370 2533 1427 calceameuti
2560 1375 2630 1428 ad
2666 1391 2839 1429 usum
2866 1376 3236 1445 praelatorum
3260 1376 3598 1431 solemniter
3631 1377 3880 1431 missam

2162 1463 2602 1517 celebrantium.
2630 1465 2706 1518 lis
2731 1466 2812 1518 uti
2838 1481 2970 1520 cum
2993 1463 3131 1519 solis
3157 1465 3214 1520 in
3243 1470 3362 1520 tota
3386 1465 3586 1520 Sicilia
3610 1465 3884 1521 diaconis

2160 1552 2553 1607 Messanensis
2577 1553 2845 1608 Ecclesiae
2867 1573 2897 1607 a
2929 1554 3206 1609 Romanis
3242 1554 3614 1625 pontiﬁcibus
3642 1572 3886 1611 conces-

341 1646 517 1701 nibus
547 1644 808 1715 epistolis
860 1643 979 1700 suis
1029 1642 1348 1715 exquisitas
1394 1643 1468 1714 (a)
1508 1643 1882 1714 inspergebat
1911 1656 2041 1696 sen-
2086 1672 2130 1736 Β
2163 1657 2293 1696 sum
2338 1642 2475 1696 olim
2520 1643 3126 1707 fuisset,Catanenses
3157 1649 3351 1699 tamen
3385 1645 3613 1701 diaconi
3637 1644 3885 1701 calceati

342 1735 553 1792 tentias
577 1736 648 1790 de
669 1734 974 1799 charitate,
1002 1733 1072 1789 de
1095 1734 1299 1787 mundi
1321 1737 1688 1802 contemptu,
1707 1732 1776 1786 de
1798 1730 2055 1786 adversis

347 1825 640 1896 patienter
687 1823 962 1890 ferendis,
1014 1823 1083 1877 de
1123 1823 1315 1878 studio
1357 1838 1655 1877 sacrarum
1699 1821 2046 1886 litterarum,

345 1920 402 1971 et
424 1916 496 1972 de
525 1915 740 1970 caeteris
768 1914 1089 1969 virtutibus
1120 1913 1188 1968 ad
1221 1912 1512 1968 ccelestem
1546 1913 1721 1967 vitam
1757 1911 2050 1983 pertinen-

346 2004 534 2072 tibus;
569 2018 750 2075 eoque
797 2002 968 2058 veluti
1016 2000 1135 2058 sale
1177 2001 1463 2072 quidquid
1505 2000 1784 2057 scriberet
1817 2000 2052 2054 condire

347 2094 610 2149 curabat.

418 2184 503 2240 11.
527 2180 861 2254 Episcopus,
896 2181 1160 2252 aliosque
1192 2181 1374 2236 sacris
1408 2179 1748 2235 ministeriis
1787 2179 2056 2234 addictos

346 2290 378 2329 a
407 2272 561 2343 turpi
596 2272 758 2328 lucro
805 2275 861 2327 et
891 2270 1134 2326 avaritia
1172 2270 1347 2325 verbo
1392 2274 1449 2324 et
1490 2268 1750 2339 exemplo
1797 2273 2056 2323 avertere

350 2361 721 2432 potissimum
772 2360 1072 2433 satagebat
1119 2359 1531 2415 sanctissimus
1577 2358 1863 2414 Pontifex.
1908 2358 2054 2413 Hinc

350 2448 586 2507 moleste
617 2450 751 2506 tulit
781 2449 1035 2516 Donum,
1077 2449 1420 2520 episcopum
1455 2449 1902 2514 Messenensem,
1947 2463 2049 2518 pro

348 2542 652 2612 sepultura
680 2543 912 2595 tantum
954 2539 1204 2611 pretium
1238 2539 1554 2610 accepisse,
1587 2542 1650 2593 ut
1679 2537 1806 2608 ejus
1835 2537 1933 2608 qui
1957 2554 2058 2592 se—

349 2631 596 2702 pulturas
630 2632 727 2703 jus
767 2633 1223 2702 comparaverat,
1262 2629 1518 2684 haaredes
1558 2629 1629 2684 ad
1664 2628 1920 2699 inopiam
1954 2644 2053 2683 re-

351 2720 503 2776 dacti
534 2720 892 2776 viderentur.
923 2719 1142 2774 Suadet
1163 2717 1342 2789 igitur
1360 2717 1628 2788 cpiscOpo
1665 2721 1729 2772 ut
1751 2732 1874 2786 quae
1899 2731 2060 2772 acce-

353 2809 436 2880 pit
468 2809 756 2874 restituat,
807 2807 1052 2862 maxime
1097 2823 1230 2862 cum
1277 2823 1344 2861 ea
1392 2823 1519 2862 esse
1544 2806 1697 2876 juris
1749 2804 1926 2860 alieni
1958 2806 2061 2860 Pa-

348 2897 555 2964 lumbi,
605 2897 864 2968 episcopi
912 2896 1272 2963 Consentini,
1330 2895 1665 2951 testimonio
1715 2895 2062 2966 probaretur

350 2987 490 3059 (Lib.
524 3003 647 3052 vm,
679 3002 763 3055 ep.
797 2986 872 3057 3).
906 2986 1028 3042 Etsi
1060 3002 1193 3041 vero
1225 3002 1339 3041 non
1381 2985 1683 3054 prohibeat
1707 2983 1930 3054 aliquid
1956 3000 2058 3056 pro

353 3045 656 3146 sepultura
678 3045 957 3145 accipiere,
984 3075 1346 3145 fateaturque
1370 3045 1614 3144 antiqua
1643 3091 1710 3129 ex
1740 3045 2054 3129 consuetu-
2089 3045 2139 3110 Ο

354 3165 489 3220 diue
522 3165 578 3220 id
613 3164 871 3230 factum;
917 3164 998 3219 ait
1037 3167 1235 3219 tamen
1285 3164 1342 3218 in
1374 3180 1480 3218 sua
1519 3163 1772 3218 Ecclesia
1813 3163 2054 3218 vetitum

354 3271 387 3311 a
409 3269 471 3310 se
494 3253 697 3320 fuisse,
722 3268 826 3309 nec
849 3252 1126 3324 cuiquam
1150 3267 1460 3307 assensum
1487 3267 1548 3305 se
1573 3250 1976 3322 praebiturum,
2001 3255 2060 3305 ut

353 3345 472 3400 loca
503 3342 773 3398 humandi
801 3342 1046 3414 corporis
1073 3343 1248 3413 pretio
1276 3340 1486 3412 possint
1530 3340 1783 3412 adipisci.
1813 3342 1937 3407 Nos,
1971 3341 2065 3397 in-

355 3434 505 3505 quit,
537 3435 635 3506 qui
653 3432 898 3506 episcopi
925 3432 1186 3500 dicimur,
1221 3432 1284 3487 de
1309 3431 1602 3486 humandis
1639 3430 1898 3502 ﬁdelium
1945 3447 2062 3487 cor-

351 3525 583 3598 poribus
609 3540 778 3596 pensa
806 3525 987 3594 facere
1033 3522 1165 3595 quid
1202 3522 1512 3578 debemus?
1548 3524 1755 3577 Postea
1800 3521 2065 3577 scribens

361 3616 430 3672 ad
461 3615 831 3683 Januarium,
877 3613 1124 3669 indulsit
1172 3617 1396 3668 tantum
1440 3616 1505 3667 ut
1537 3628 1638 3682 pro
1676 3611 2064 3667 luminaribus

361 3706 720 3777 acciperetur
767 3705 919 3775 quod
968 3704 1220 3774 quisque
1268 3702 1473 3758 offerre
1521 3700 1710 3756 vellet.
1753 3703 1882 3757 Peli
1917 3717 2063 3770 vero,

361 3795 574 3866 inquit,
624 3803 723 3849 aut
755 3792 971 3865 aliquid
1017 3793 1176 3864 exigi
1224 3791 1448 3848 omnino
1487 3791 1877 3863 prohibemus;
1923 3791 2069 3863 quod

358 3886 524 3941 valde
551 3883 929 3955 irreligiosum
977 3887 1074 3949 est,
1115 3897 1184 3937 ne
1232 3889 1327 3938 aut
1371 3883 1582 3937 venalis
1631 3883 1883 3952 fortasse,
1926 3881 2068 3952 quod

358 3977 524 4044 absit,
568 3974 795 4031 dicatur
829 3974 1086 4038 Ecclesia,
1123 3976 1219 4026 aut
1260 3987 1350 4028 vos
1379 3972 1442 4027 de
1471 3972 1731 4028 humanis
1766 3971 2069 4028 videamini

358 4065 619 4122 mortibus
663 4064 961 4135 gratulari,
996 4063 1044 4117 si
1073 4078 1146 4117 ex
1173 4077 1360 4118 eorum
1388 4061 1748 4117 cadaveribus
1796 4061 2068 4117 studentis

358 4169 603 4228 quaerere
631 4152 869 4224 quolibet
907 4150 1060 4207 modo
1089 4148 1466 4220 compendium
1498 4150 1638 4218 (Lib.
1672 4166 1748 4218 x1,
1782 4165 1867 4220 ep.
1894 4150 1973 4220 3).

439 4243 524 4297 l2.
569 4242 680 4297 Leo
719 4239 1060 4297 Catanensis
1108 4239 1419 4312 episcopus
1468 4239 1761 4295 ferebatur
1801 4243 2067 4309 quartam

364 4332 660 4388 redituum
708 4330 1239 4387 ecclesiasticorum
1291 4334 1517 4402 partem
1560 4346 1674 4385 non
1712 4346 1781 4385 ex
1821 4329 2067 4401 integro,

2165 1733 2465 1803 campagis
2499 1734 2809 1803 procedere
2851 1739 3366 1805 praesumpserant.
3411 1734 3592 1798 Quem
3626 1739 3886 1791 temera-

2167 1821 2319 1876 rium
2355 1839 2564 1878 ausum
2601 1838 2814 1878 exosus
2846 1840 2995 1894 papa
3027 1823 3262 1894 scripsit
3293 1824 3360 1879 ad
3391 1823 3674 1879 Joannem
3705 1825 3887 1893 Syra-

2167 1928 2454 1966 cusanum
2510 1921 2568 1966 ut
2609 1927 2673 1967 ea
2717 1913 2787 1966 de
2834 1929 2891 1967 re
2932 1912 3271 1983 inquireret,
3305 1930 3369 1967 ac
3401 1917 3598 1968 utrum
3631 1931 3664 1968 a
3693 1929 3754 1969 se
3784 1912 3884 1969 vel

2167 1999 2418 2069 alicujus
2461 2001 2804 2056 auctoritate
2845 2002 2899 2056 id
2943 2003 3464 2073 presumpsissent
3511 2003 3884 2073 exploraret;

2167 2093 2487 2160 posteaque
2512 2091 2852 2146 decerneret
2875 2091 2998 2161 ipse
3022 2091 3162 2162 quid
3196 2093 3347 2147 facto
3370 2096 3525 2148 esset
3553 2108 3714 2163 opus.
3738 2093 3893 2148 Nam

2168 2181 2216 2233 si
2245 2179 2608 2249 negligenter,
2641 2179 2852 2250 inquit,
2877 2196 2944 2235 ea
2973 2195 3098 2251 quae
3122 2181 3266 2236 male
3301 2186 3640 2252 usurpentur
3669 2181 3894 2236 omitti-

2169 2286 2310 2335 mus,
2343 2285 2595 2324 excessus
2624 2272 2771 2325 viam
2819 2271 2948 2326 aliis
2977 2272 3258 2342 aperimus
3307 2270 3447 2337 (Lib.
3492 2288 3606 2339 vm,
3639 2287 3725 2341 ep.
3755 2271 3890 2342 27).

2245 2360 2332 2414 14.
2369 2361 2872 2424 Quemadmodum
2906 2360 3150 2431 superbe
3183 2359 3613 2432 insolenterque
3641 2365 3894 2432 agentes

2174 2450 2497 2518 coercebat,
2521 2451 2601 2505 ita
2623 2451 2793 2505 etiam
2826 2450 3051 2505 utiliter
3080 2467 3182 2521 pro
3213 2450 3465 2506 Ecclesia
3491 2450 3894 2508 militantibus

2173 2539 2364 2594 debita
2396 2539 2634 2595 honoris
2686 2540 2924 2610 praemia
2973 2541 3287 2611 rependere
3339 2541 3654 2610 satagebat.
3699 2542 3894 2613 quue

2171 2628 2503 2684 defensores
2537 2629 2642 2684 hoc
2685 2645 2837 2684 anno
2887 2635 3020 2683 sunt
3067 2629 3318 2699 experti;
3372 2645 3504 2683 nam
3547 2633 3766 2699 septem
3809 2644 3892 2684 ex

2167 2716 2430 2788 ipsorum
2465 2716 2707 2785 collegio
2756 2718 3114 2790 regionarios
3160 2718 3482 2784 constituit,
3529 2717 3602 2773 ob
3636 2724 3888 2776 strenue

2169 2816 2436 2861 navatam
2478 2807 2536 2861 in
2575 2807 2772 2862 causis
2818 2806 3083 2862 Ecclesiae
3127 2812 3183 2862 et
3207 2807 3550 2879 pontiﬁcum
3581 2808 3898 2878 obsequiis

2172 2912 2408 2965 operam
2439 2895 2582 2967 (Lib.
2615 2913 2738 2965 vni,
2764 2913 2845 2968 ep.
2873 2897 2981 2968 ll).
3008 2897 3151 2952 Olim
3177 2913 3242 2952 ex
3272 2897 3410 2953 solis
3433 2898 3688 2953 diaconis
3712 2914 3901 2953 assu-

2173 2987 2485 3042 mebantur
2506 2985 2844 3056 regionarii;
2871 2990 3090 3055 postea,
3122 2988 3510 3056 quorumdam
3537 2987 3897 3057 pontiﬁcum

2171 3074 2565 3140 concessione,
2590 3091 2656 3130 ex
2688 3074 2887 3130 schola
2913 3074 3268 3132 notariorum
3295 3079 3350 3131 et
3380 3076 3893 3133 subdiaconorum

2171 3164 2439 3220 nonnulli
2471 3164 2772 3220 constituti
2818 3170 2990 3235 sunt;
3036 3166 3273 3221 tandem
3315 3165 3388 3220 ad
3420 3167 3756 3222 defensores
3785 3166 3893 3220 hic

2173 3255 2354 3310 honor
2386 3255 2645 3326 pervenit
2686 3254 2740 3311 S.
2775 3254 3037 3326 Gregorii
3069 3254 3370 3311 beneficio.

2244 3345 2330 3399 15.
2362 3343 2480 3398 Etsi
2512 3343 2618 3398 hoc
2642 3345 2963 3415 praesertim
2996 3361 3147 3399 anno
3171 3344 3229 3400 S.
3255 3344 3563 3411 Gregorius
3587 3351 3890 3416 quantum

2173 3435 2284 3491 sibi
2319 3450 2473 3489 curae
2504 3439 2699 3488 essent
2732 3450 2821 3490 res
2855 3433 3183 3489 monasticae
3217 3434 3288 3505 (c)
3320 3433 3592 3505 plurimis
3622 3433 3896 3504 epistolis

2175 3525 2365 3596 palam
2398 3523 2613 3593 fecerit,
2654 3540 2836 3592 pauca
2874 3528 3067 3578 tamen
3115 3540 3180 3579 ex
3214 3523 3307 3578 his
3339 3523 3750 3578 delibabimus.
3784 3525 3904 3578 Ιησ-

2175 3615 2343 3686 signa
2376 3631 2491 3685 prae
2523 3613 2744 3669 caeteris
2783 3617 2871 3669 est
2901 3613 3265 3686 privilegium
3307 3630 3650 3670 concessum
3684 3629 3905 3670 mona-

2175 3706 2346 3761 sterio
2369 3709 2702 3760 sanctorum
2733 3704 2981 3760 Joannis
3015 3710 3067 3759 et
3101 3704 3377 3775 Stephani
3408 3705 3466 3759 in
3501 3703 3642 3759 urbe
3673 3702 3906 3759 Classi-
4012 3738 4016 3742 -

2176 3798 2311 3850 tana
2359 3794 2690 3861 constituto,
2758 3793 2828 3848 de
2878 3809 2992 3863 quo
3052 3792 3286 3862 scripsit
3345 3792 3415 3848 ad
3470 3791 3901 3861 Marinianum,

2177 3884 2572 3940 Ravennatem
2614 3881 2948 3954 episcopum
2996 3882 3139 3955 (Lib.
3183 3899 3304 3951 vm,
3337 3898 3421 3951 ep.
3456 3881 3566 3951 15).
3597 3880 3741 3944 Quid
3776 3880 3904 3938 hoc

2178 3972 2474 4046 privilegio
2524 3976 2763 4028 cautum
2828 3975 2983 4027 esset
3029 3972 3086 4026 in
3137 3970 3388 4043 gratiam
3441 3969 3900 4040 monachorum,

2177 4060 2312 4116 inde
2343 4061 2752 4131 repetendum.

2249 4108 2822 4220 wEvaepi'stblis“3.1-Vet
2865 4150 2935 4204 34
2963 4149 3148 4221 liquet
3177 4149 3554 4206 Castelliense
3590 4152 3908 4206 monaste-
4000 4108 4015 4185 ί

2179 4239 2328 4294 rium
2361 4237 2499 4295 olim
2525 4257 2557 4295 a
2585 4254 2794 4310 magno
2818 4239 3166 4296 Cassiodoro
3191 4240 3525 4308 fundatum;
3549 4255 3662 4295 non
3694 4238 3902 4294 solum
4009 4293 4014 4298 .

2178 4333 2319 4385 tunc
2350 4344 2768 4401 perseverasse,
2813 4331 2916 4386 sed
2966 4331 3142 4386 etiam
3187 4329 3474 4398 ﬂoruisse,
3505 4329 3731 4400 aliaque
3767 4344 3906 4385 mo-
4015 4363 4021 4395 ε

367 4421 467 4477 sed
508 4436 638 4475 cum
684 4419 883 4489 aliqua
922 4419 1312 4476 diminutione
1353 4418 1478 4475 suis
1518 4419 1744 4476 clericis
1788 4418 2066 4485 dividere,
2101 4422 2147 4488 Ι)
2181 4419 2432 4475 nasteria
2471 4420 2583 4474 sibi
2635 4419 2801 4475 unita
2839 4420 3185 4476 obtinuisse.
3240 4425 3378 4476 Nam
3426 4419 3600 4491 priori
3643 4418 3908 4490 epistola
4012 4467 4020 4487 _.

367 4510 521 4583 quod
544 4508 881 4581 cupiditatis
902 4514 1312 4579 argumentum
1335 4513 1474 4565 erat.
1506 4509 1647 4565 Inde
1670 4509 2070 4581 acolythorum

365 4605 422 4657 et
448 4599 689 4656 aliorum
721 4599 792 4656 de
832 4599 984 4655 clero
1025 4599 1269 4670 querela:
1313 4600 1386 4655 ad
1420 4615 1633 4671 papam
1663 4604 2070 4671 pervenerunt.

366 4692 448 4748 Ex
479 4689 672 4747 tribus
697 4689 827 4745 aliis
859 4689 1144 4745 bonorum
1167 4688 1434 4744 Ecclesiae
1458 4689 1822 4760 portionibus
1848 4706 1961 4745 una
1983 4705 2072 4745 ce-

369 4782 540 4838 debat
568 4782 815 4853 episcopo
844 4784 898 4836 et
923 4779 1172 4851 familia
1212 4779 1351 4849 ejus,
1382 4787 1607 4851 propter
1645 4781 2073 4852 hospitalitatem

364 4880 419 4931 et
446 4875 862 4946 susceptionem,
893 4872 1011 4928 alia
1032 4871 1390 4942 pauperibus,
1413 4871 1525 4927 alia
1549 4872 1782 4943 denique
1805 4889 2073 4944 reparan-

366 4965 453 5021 dis
491 4966 731 5022 ecclesiis
773 4963 1097 5020 servabatur
1143 4961 1284 5034 (Lib.
1334 4977 1458 5031 vni,
1507 4978 1591 5032 ep.
1641 4965 1716 5033 7).
1761 4962 1836 5018 Ut
1883 4967 2076 5018 autem

374 5055 566 5110 omnis
604 5052 974 5126 querelarum
1025 5049 1576 5120 calumniarumque
1625 5049 1681 5104 in
1733 5049 2076 5121 episcopum

369 5142 660 5199 tolleretur
716 5142 962 5205 occasio.
1013 5141 1134 5196 haec
1197 5139 1454 5197 decrevit
1501 5138 1975 5209 sapientissimus
2024 5143 2078 5193 et

370 5231 741 5301 aequissimus
766 5233 944 5302 judex
977 5247 990 5287 :
1029 5231 1286 5289 Volumus
1320 5233 1378 5284 ut
1410 5229 1675 5301 quidquid
1707 5229 1854 5284 281
1895 5229 2080 5285 Eccle-

2184 4509 2573 4576 Secundinus,
2605 4509 3139 4564 Tauromenitanus
3193 4509 3524 4580 episcopus,
3566 4508 3624 4561 in
3667 4507 3904 4575 Sicilia,
3989 4534 3991 4536 ·

2184 4604 2456 4656 monetur
2504 4615 2574 4655 ne
2606 4599 2860 4670 patiatur
2891 4599 3316 4662 monasterium
3354 4615 3470 4653 suas
3518 4597 3787 4654 ditecesis
3819 4598 3900 4652 ad
3992 4645 4021 4677 _.

2182 4688 2589 4745 Castellienses
2630 4686 2950 4743 monachos
2990 4687 3312 4758 pertinens,
3350 4687 3408 4741 in
3439 4686 3596 4742 laico:
3630 4701 3896 4757 personas

2185 4784 2530 4853 potestatem
2565 4778 2776 4834 venire.
2818 4777 2946 4833 Alia
2976 4776 3222 4848 epistola
3253 4778 3312 4833 S.
3362 4778 3670 4848 Gregorius
3701 4777 3896 4832 iucre-
3987 4833 4009 4849 ρ

2184 4885 2317 4941 pare
2362 4868 2583 4924 videtur
2629 4868 2937 4933 Joannem,
2998 4866 3337 4938 episcopum
3388 4865 3782 4933 Scillitanum,
3834 4865 3896 4922 in

2185 4939 2355 5028 cujus
2387 4957 2612 5013 civitate
2654 4955 2911 5027 positum
2951 4960 3075 5009 erat
3117 4955 3264 5009 illud
3296 4954 3676 5011 Castelliense
3704 4971 3903 5011 cceno-

2185 5048 2369 5114 bium,
2395 5047 2552 5118 quod
2583 5046 2695 5118 ipsi
2719 5060 2999 5101 concessa
3022 5044 3317 5117 privilegia
3338 5045 3510 5118 longo
3534 5061 3634 5101 usu
3660 5045 3900 5102 ﬁrmata
3981 5041 4013 5103 ζ

2186 5142 2433 5194 tentaret
2465 5136 2823 5193 labefactare.
2876 5138 2994 5190 Hac
3043 5151 3113 5190 ex
3159 5135 3399 5204 epistola
3437 5140 3666 5190 constat
3696 5135 3898 5207 ipsum
3989 5127 4020 5206 ξ

2188 5229 2523 5284 Scillacium
2572 5231 2833 5283 Castrum
2888 5226 2945 5280 in
2981 5224 3106 5280 solo
3131 5226 3284 5295 juris
3320 5226 3656 5282 monasterii
3704 5226 3895 5283 fuisse

373 5321 474 5376 sise
503 5329 614 5378 tuae
641 5336 711 5376 ex
731 5322 908 5377 reditu
931 5321 1014 5377 vel
1040 5322 1277 5392 quolibet
1304 5321 1415 5376 alio
1443 5319 1604 5375 titulo
1624 5321 1878 5387 fortassis
1899 5333 2083 5375 acces-
2191 5319 2522 5384 fundatum,
2575 5318 2743 5387 cujus
2791 5315 2994 5372 incolae
3045 5314 3523 5372 Castelliensibus
3563 5316 3902 5387 persolvere
4001 5312 4014 5375 ί

374 5409 534 5479 serit,
553 5419 804 5481 quartam
821 5409 1023 5467 exinde
1039 5412 1344 5482 portionem
1364 5407 1486 5465 sine
1500 5409 1873 5468 diminutio-ne
1893 5407 2084 5480 aliqua
2192 5423 2436 5464 censum
2467 5406 2835 5463 tenebantur.

444 5576 531 5644 (a)
562 5571 705 5628 Vide
740 5589 828 5643 ep.
865 5571 931 5625 17
964 5589 1028 5627 ac
1054 5573 1128 5644 35
1160 5573 1260 5626 lib.
1297 5571 1560 5641 ejusdem
1592 5589 1713 5629 vm.

448 5643 525 5718 (b)
558 5644 703 5701 Vide
736 5647 906 5701 notas
937 5644 1010 5701 ad
1052 5643 1352 5699 laudatam
1383 5657 1476 5710 ep.

2265 5570 2338 5641 (c)
2369 5568 2513 5625 Vide
2546 5585 2672 5640 epp.
2709 5568 2762 5636 4,
2785 5569 2838 5634 8,
2877 5565 2927 5637 9,
2963 5567 3048 5633 11,
3086 5564 3172 5636 15,
3205 5567 3294 5634 31,
3326 5567 3413 5622 34.
