4104 6162
200 230 324 294 413
635 228 697 290 S.
744 227 1125 291 GREGORII
1172 226 1420 291 MAGNI
1465 224 1675 309 VITA,
1724 228 1824 291 EX
1871 225 2052 293 EJUS
2098 229 2446 295 SClthTlS
2492 228 2949 297 ADORNATA.
2997 232 3147 299 LIB.
3196 236 3299 301 IV.

3614 244 3735 303 414

1098 525 1431 612 LIBER
1495 525 2051 638 QUARTUS
2112 528 2252 612 ET
2312 528 2831 618 ULTIMUS

1024 723 1332 805 Quidquid
1358 733 1625 804 superest
1654 723 1916 785 historia:
1947 730 2191 808 vitaque
2218 732 2288 791 S.
2327 726 2610 809 Gregorii
2638 727 2937 803 exhibens,

681 997 832 1056 282
874 997 1100 1052 CAPUT
1131 996 1437 1053 PRIMUM.
1944 1003 1994 1068 Α
2025 999 2253 1055 ducibus
2280 1018 2378 1073 per
2406 1001 2619 1057 diversa
2642 1003 2777 1069 loca,
2810 1011 2861 1059 et
2889 1006 3129 1059 maxime
3167 1006 3227 1059 in
3258 1004 3518 1061 Romanis
3553 1011 3731 1077 parti-

205 1094 563 1143 Auunxx'wl.
593 1116 657 1125 —
681 1089 726 1137 1.
760 1090 856 1137 Pax
886 1087 943 1137 fit
972 1088 1240 1136 Romanos
1271 1086 1412 1136 inter
1434 1091 1485 1136 et
1514 1087 1911 1150 Langobardos,

381 1103 657 1166 annm:-
681 1092 726 1166 λ.
760 1092 943 1166 Periit
973 1092 1911 1166 Romfnqjsiign‘tger‘etLangobardos.
2026 1092 2120 1145 bus
2150 1093 2453 1147 constitutis
2486 1093 2782 1165 praecipiat
2830 1110 3029 1164 pacem
3076 1094 3216 1149 sicut
3252 1098 3581 1166 promissum
3612 1101 3733 1153 erat

266 1154 545 1203 annitente
576 1152 627 1201 S.
680 1151 954 1211 Gregorio.
990 1178 1053 1186 —
1098 1150 1145 1198 2.
1188 1150 1435 1199 Praedicit
1477 1164 1593 1199 eam
1646 1164 1751 1199 non
1805 1151 1910 1199 fere

262 1218 592 1266 diuturnam.
624 1239 687 1251 —
716 1214 762 1262 3.
802 1212 1011 1261 Bellum
1044 1214 1437 1275 redintegratur
1468 1213 1535 1275 ab
1567 1214 1822 1264 exarabo.
1854 1239 1910 1251 -

2054 1181 2326 1236 ustodire.
2363 1150 2845 1237 Metuebatenim.
2861 1199 2930 1238 ne
2956 1150 3382 1253 redintegrandi
3406 1184 3543 1241 belli
3565 1202 3732 1242 occa-

258 1282 308 1330 ιἰ.
339 1276 685 1344 Schismatici
710 1278 775 1325 ad
810 1271 1371 1344 Ecclesiamredeunt.
1405 1274 1541 1344 Quid
1572 1290 1670 1344 pro
1699 1277 1829 1344 ipsis
1856 1277 1913 1325 in
2020 1271 2241 1326 sionem
2276 1278 2621 1343 quaererent.
2654 1273 2853 1344 Neque
2881 1290 3066 1329 vanus
3089 1273 3199 1329 fuit
3227 1274 3395 1330 timor
3424 1294 3437 1344 ;
3472 1274 3729 1332 Ariultus

261 1338 1899 1433 ¹¹βὲδὲἷἕξῗξὶξῗῗέῗῗ.Ξῗτῗιῖῗῗῗὲ.ῗέἶ¹ξρὲἶῗὲἓῗξιῗξ¹ξρξε’ηίῗξζῗὲἓἯῗέ
2019 1360 2195 1426 θυίων
2254 1361 2369 1415 dux
2446 1366 2911 1431 Beneventanus,
2981 1378 3183 1433 penem
3250 1368 3613 1420 servaturum
3665 1382 3728 1421 se

263 1406 387 1471 -5ο
406 1404 877 1471 δοδίὲῐυεὲίίυρτυω
891 1402 1265 1471 θρίεαοροΓυω
1278 1401 1560 1471 ,ἀθρτθνδιέ
1576 1414 1769 1471 “1°”?-
1794 1428 1849 1436 ·-
1863 1400 1910 1450 δ·
2016 1400 2207 1471 ξ’ΪζΪξῖ
2243 1400 2427 1471 Ϊῇἶει
2446 1400 2598 1471 Ἵῖῖἷ
2612 1400 2627 1415 ⁷
2640 1400 2852 1471 ἶῗῖἳῖ
2862 1400 2932 1471 ῗεῖ
2982 1400 3183 1471 ῗῗῗῖἷῗ
3212 1468 3229 1471 _
3246 1400 3499 1471 ῨΪᾏΖΪἺῘΫ
3510 1400 3631 1471 Ῐῗῗ
3665 1400 3682 1471 ῗ

264 1448 1511 1531 s.e'régaiiﬁaiiséimg}itagenuineness;—
1528 1448 1673 1531 7._I)e
1705 1448 1913 1531 ’Secupl
2008 1448 2211 1519 jurare
2243 1448 2449 1514 noluit,
2492 1451 2601 1506 nisi
2657 1451 2935 1506 adhibitis
2985 1452 3156 1507 certis
3206 1451 3638 1509 conditionibus
3668 1453 3729 1509 in

267 1532 421 1591 dino,
443 1525 703 1577 monacho
714 1526 1093 1613 Eeleberrimo.
1115 1525 1311 1613 Sgrigit
1332 1530 1516 1613 coqtra
1538 1527 1637 1613 tria
1658 1526 1910 1613 capitula,

277 1594 372 1613 -ι-ε
413 1592 625 1613 _:..:...-
658 1603 709 1613 --
755 1588 1026 1613 :nm-s:-....
1266 1601 1395 1613 ιιι-ην.
1441 1588 1511 1613 ςκζ
1578 1589 1682 1613 nm:
1711 1591 1751 1613 ζ..
1787 1602 1882 1613 λιι..

2062 1538 2235 1594 uibus
2267 1539 2511 1594 latenter
2537 1556 2601 1596 ac
2635 1540 2878 1596 subdole
2908 1541 3407 1613 Opportunitatem
3433 1542 3730 1613 quaerebat

272 1587 627 1660 samem
658 1588 1049 1660 schisrpeicus-
1069 1587 1195 1660 τε·
1226 1588 1754 1660 εφοιιηαίιιίηιιεωῃίε
1785 1602 1909 1660 ροη-
2020 1587 3702 1660 32.22;:'.Z':;..7;_"I.."}Z,.Z‘;f'1.‘3':L1“".“.I.‘t?:113‘2

270 1627 627 1719 FJSQJ’EJS
648 1627 1039 1719 consolatur-8.
1072 1651 1376 1719 Gregorius.
1416 1650 1537 1719 —.9
1586 1652 1636 1699 S.
1673 1652 1910 1719 Doctoris

2054 1634 2314 1685 tomanos
2371 1628 2641 1686 incautos
2697 1631 2767 1686 ob
2837 1630 3011 1687 ﬁdem
3073 1632 3266 1687 datam
3336 1632 3725 1703 opprimendi.

266 1716 535 1765 sententia
564 1716 629 1764 de
659 1729 757 1764 usu
789 1718 842 1763 et
871 1714 1014 1762 cultu
1050 1710 1319 1761 sacrarum
1342 1710 1635 1774 imaginum
1660 1712 1910 1770 expendi-

266 1783 370 1824 tur.
398 1776 739 1824 AbEcclesiaa
761 1777 1003 1824 doctrina
1026 1789 1169 1823 nunc
1188 1781 1400 1824 recente
1423 1789 1528 1823 non
1549 1776 1827 1824 exorbitat.
1852 1801 1910 1812 —

2054 1720 2420 1791 uspicionem
2464 1722 2733 1794 augebat,
2786 1723 2940 1793 quod
2994 1722 3392 1791 Warnilfrida,
3445 1740 3512 1780 ex
3560 1725 3728 1795 cujus

264 1783 370 1828 tur.
398 1777 739 1826 AbEcclesiaa
761 1777 1003 1825 doctrina
1026 1789 1169 1823 nunc
1188 1781 1400 1837 recepta
1423 1789 1528 1823 non
1549 1777 1827 1824 exorbitat.
1852 1801 1915 1812 —
2127 1777 2150 1821 .'
2207 1810 2219 1821 .
2524 1777 2581 1823 .".
2720 1777 2745 1822 '.
2801 1777 2820 1793 ‘
2935 1777 2939 1778 ⁷
3283 1777 3314 1825 ,⁷
3451 1777 3511 1780 'ﬁ
3567 1777 3583 1780 ⁷
3604 1777 3724 1826 “Iw

264 1840 1127 1914 10.“Objectionibneqoccurritur.
1176 1838 1226 1909 S..
1260 1837 1561 1914 Gregorius.
1592 1838 1913 1914 inopistolis
2017 1810 2347 1914 grbltno‘et
2378 1810 2622 1910 θοῖξδὼο
2643 1811 2916 1914 ﬁt‘ulfus.
2946 1819 3153 1914 θῗῖξοίδ
3186 1812 3455 1914 ξδωθδξξν
3506 1829 3729 1914 om???

263 1900 617 1975 adﬁci-onum
642 1900 1087 1975 pr-ob'ibet‘soltlm
1113 1913 1179 1972 ne
1204 1900 1527 1975 imaginibus
1549 1900 1717 1949 tatriie
1738 1901 1913 1975 cultus
2007 1900 2208 1970 jurare
2254 1900 2601 1971 despaxisset.
2636 1902 2743 1972 (Cf.
2778 1902 2938 1958 Paul.
2984 1902 3140 1957 Diac.
3186 1904 3222 1958 t.
3255 1919 3330 1973 ιν,
3363 1904 3501 1960 Hist.
3534 1919 3581 1958 c.
3615 1904 3727 1975 13.)

263 1968 553 2016 tribuatur.
585 1992 647 2000 -—
670 1964 743 2012 li.
772 1964 973 2012 Laudat
994 1964 1285 2023 imaginum
1310 1976 1479 2017 usum,
1502 1968 1759 2026 tanquam
1780 1964 1913 2012 anti-

264 2030 770 2092 quitusreceptnm.
800 2026 904 2076 Sed
931 2039 1039 2092 non
1056 2027 1427 2074 adoratiouem
1448 2026 1909 2092 propriadictam.

263 2086 324 2127 '—
347 2091 422 2142 12.
446 2086 700 2150 Ejusdem
720 2089 993 2139 veneratio
1016 2102 1139 2152 erga
1161 2092 1465 2137 sanctorum
1487 2086 1761 2151 reliquias.
1785 2088 1909 2150 (An.

263 2153 360 2203 598
389 2160 443 2203 et
470 2152 608 2213 599.)

274 2256 327 2312 1.
360 2256 486 2310 Jam
519 2270 551 2307 a
584 2252 754 2325 lo‘ngo
804 2256 1060 2324 tempore
1093 2249 1464 2322 S.Greg0rius
1510 2248 1580 2305 de
1613 2265 1753 2321 pace
1802 2250 1911 2305 Ro-

2087 1993 2140 2045 2.
2172 1988 2297 2045 Alia
2318 2006 2385 2046 ex
2416 1996 2578 2062 parte
2608 1991 2899 2063 Agilulfus
2932 1996 2987 2047 et
3021 1992 3386 2064 Langobardi
3439 1993 3729 2065 urgebant

2019 2079 2360 2153 Gregorium
2392 2086 2457 2137 ut
2485 2091 2644 2154 pacto
2673 2082 3059 2151 subscriberet,
3083 2084 3238 2155 quod
3281 2084 3548 2156 negabat,
3591 2083 3730 2155 quia

2017 2168 2233 2224 medius
2263 2174 2319 2225 et
2348 2174 2647 2243 sequester
2687 2175 2808 2226 erat
2853 2186 3048 2243 regem
3099 2171 3249 2226 inter
3279 2188 3344 2227 ac
3386 2172 3725 2229 exarcbum.

2020 2259 2220 2330 Itaque
2251 2276 2384 2315 cum
2434 2276 2526 2316 res
2574 2260 2635 2315 in
2685 2260 2925 2331 ancipiti
2978 2264 3191 2325 essent,
3246 2259 3576 2331 bellumque
3614 2263 3726 2318 sub

203 2345 584 2401 manosinter
604 2351 655 2399 et
678 2341 1092 2414 Langobardos
1111 2340 1372 2395 facienda
1394 2339 1912 2411 confirmandaque
1941 2374 1991 2440 Β
2022 2349 2214 2422 specie
2264 2349 2423 2421 pacis
2473 2350 2858 2422 periculosius
2911 2350 3219 2407 imminere
3267 2351 3607 2408 videretur;
3655 2368 3727 2409 ne

200 2434 528 2506 cogitabat;
562 2449 739 2505 quam
774 2435 839 2487 ut
872 2431 1207 2502 impetraret
1237 2428 1354 2500 egit
1381 2432 1504 2484 tum
1542 2428 1693 2500 apud
1728 2430 1911 2501 impe-

198 2529 477 2591 ratorem,
511 2528 632 2579 tum
655 2522 807 2594 apud
843 2519 1163 2593 Agilulfum
1197 2535 1387 2591 regem
1416 2520 1654 2591 ejusque
1676 2536 1911 2575 uxorem

195 2613 675 2679 Theodelindam,
710 2612 908 2667 missis
931 2628 1047 2666 non
1080 2610 1267 2666 solum
1299 2610 1579 2681 epistolis,
1616 2611 1714 2665 sed
1741 2610 1913 2665 etiam

193 2703 439 2775 legatis.
468 2705 603 2759 Tam
633 2702 761 2759 utili
814 2700 1259 2772 necessarioque
1300 2700 1628 2771 reipublicae
1668 2699 1913 2755 consilio
1958 2759 1962 2763 ,

202 2810 448 2865 semper
475 2793 770 2849 obstiterat
806 2792 1103 2848 Romanus
1125 2789 1412 2846 exarebus
1436 2809 1450 2857 ;
1487 2788 1753 2859 quamvis
1776 2788 1913 2843 viri-

198 2883 316 2939 bus
350 2883 559 2955 impar,
590 2882 938 2952 aliundeque
964 2879 1103 2936 belli
1126 2884 1181 2935 et
1204 2879 1284 2935 rei
1318 2877 1590 2934 militaris
1622 2895 1735 2934 non
1766 2878 1913 2933 satis

198 2973 423 3044 peritus
455 2975 627 3043 esset,
652 2979 772 3027 uta
798 2970 1188 3043 Langobardis
1213 2969 1445 3024 Italiam
1477 2968 1770 3024 liberaret.
1802 2968 1914 3024 Nu-

198 3078 297 3134 per
326 3063 673 3119 Hunnorum
726 3077 823 3116 rex
854 3060 926 3117 ab
974 3058 1249 3131 Agilulfo,
1301 3057 1604 3113 Mediolani
1648 3058 1911 3124 sedente,

198 3170 403 3223 pacem
455 3154 841 3226 impetrarat.-
888 3152 1077 3208 Rebus
1137 3151 1327 3222 itaque
1385 3150 1718 3222 compositis
1775 3168 1909 3207 cum

198 3243 651 3300 bellicosissima
673 3250 863 3314 gente,
883 3241 1249 3313 Langobardi
1269 3239 1516 3295 ferocius
1531 3239 1911 3295 imminebant

198 3333 450 3389 urbibus
480 3332 673 3388 adhuc
702 3331 956 3387 intactis.
994 3334 1110 3386 Non
1144 3330 1225 3385 ita
1252 3328 1474 3399 pridem
1507 3328 1816 3385 Crotonem
1851 3328 1909 3383 in

198 3430 458 3478 extrema
489 3426 647 3493 parte
680 3420 855 3477 Italiae
888 3423 1307 3491 expugnarant,
1340 3418 1607 3474 abductis
1639 3418 1695 3473 in
1720 3418 1913 3489 capti-

193 3512 436 3569 vitatem
467 3511 712 3567 civibus.
753 3509 1097 3582 Nuperrime
1136 3508 1464 3564 Sardiniam
1509 3507 1910 3580 populabundi

198 3603 559 3669 invaserant,
591 3602 741 3673 quod
791 3601 1053 3656 futurum
1106 3599 1520 3672 praenuntiarat
1559 3598 1906 3670 Gregorius;

198 3700 627 3764 monueratque
686 3696 811 3747 tum
859 3689 1250 3757 Gennadium,
1305 3687 1508 3742 Africae
1573 3688 1905 3759 praefectum

2024 2438 2178 2509 ignis
2209 2438 2406 2495 doloso
2438 2438 2620 2494 cineri
2661 2438 3005 2508 suppositus
3046 2444 3402 2511 erumperet,
3444 2439 3727 2497 Romanis

2023 2523 2168 2580 nihil
2200 2524 2313 2581 tale
2344 2525 2755 2597 cogitantibus,
2812 2524 3001 2581 suasit
3046 2525 3356 2598 Gregorius
3387 2532 3451 2583 ut
3499 2528 3559 2583 in
3600 2528 3729 2599 ipsa

2021 2630 2182 2686 pace,
2210 2613 2349 2669 belli
2380 2615 2737 2685 agitarentur
2765 2615 3051 2683 consilia;
3084 2616 3439 2688 scripsitque
3480 2633 3727 2688 proser-

2020 2702 2127 2757 tim
2161 2703 2231 2757 ad
2254 2703 2598 2759 Januarium
2623 2702 3016 2759 Caralitanum
3041 2704 3230 2776 primo
3254 2706 3324 2761 de
3341 2705 3724 2762 conciliandis

2019 2791 2172 2847 inter
2200 2808 2258 2848 se
2291 2792 2549 2848 hostium
2575 2797 2731 2848 metu
2765 2792 2979 2848 civium
3028 2794 3262 2864 animis,
3309 2793 3463 2866 quia,
3511 2794 3724 2868 Inquit,

2020 2880 2118 2937 hoc
2147 2885 2395 2936 maxime
2425 2892 2685 2954 tempore,
2712 2882 2928 2953 quando
2957 2882 3025 2938 de
3054 2883 3206 2939 hoste
3231 2883 3479 2956 formido
3511 2888 3611 2954 est,
3637 2884 3725 2941 di-

2017 2974 2194 3028 visum
2241 2972 2505 3043 papulum
2548 2972 2748 3028 habere
2784 2988 2895 3028 non
2936 2971 3157 3029 debetis.
3209 2973 3426 3031 Deinde
3467 2990 3601 3031 vero
3652 2976 3724 3032 de

2018 3060 2341 3116 Caralitana
2366 3062 2508 3117 urbe
2527 3061 2768 3132 aliisque
2795 3061 3000 3117 insula
3023 3062 3166 3119 locis
3192 3062 3551 3122 muniendis.
3572 3065 3725 3123 Unde

2016 3166 2230 3208 necesse
2259 3157 2354 3219 est,
2405 3151 2620 3224 inquit,
2661 3156 2721 3207 ut
2767 3153 3090 3222 fraternitas
3136 3160 3339 3224 vestra,
3391 3152 3523 3209 dum
3575 3154 3721 3225 licet,

2018 3244 2291 3299 civitatem
2322 3257 2480 3297 suam
2511 3242 2591 3297 vel
2620 3242 2737 3297 alia
2769 3241 2883 3297 loca
2921 3244 3122 3313 fortius
3158 3244 3379 3301 muniri
3415 3245 3721 3313 provideat,

2018 3334 2179 3402 atque
2212 3332 2504 3386 immineat
2552 3335 2613 3385 ut
2660 3329 3013 3385 abundanter
3042 3332 3101 3385 in
3150 3332 3229 3387 eis
3257 3332 3481 3387 condita
3526 3348 3723 3404 procu-

2018 3428 2212 3477 rentur
2240 3438 2259 3476 :
2291 3426 2580 3493 quatenus,
2613 3420 2745 3474 dum
2778 3420 2948 3478 hostis
2979 3421 3117 3477 illuc
3155 3422 3259 3478 Deo
3296 3422 3403 3477 sibi
3442 3422 3588 3479 irato
3632 3438 3727 3478 ac-

2015 3513 2257 3579 cesserit,
2287 3527 2402 3564 non
2442 3510 2690 3565 inveniat
2728 3510 2874 3582 quod
2914 3509 3100 3579 deat,
3144 3511 3297 3567 283
3337 3511 3431 3568 sed
3468 3515 3729 3584 confusus

2018 3599 2295 3654 abscedat.
2331 3598 2433 3653 Sed
2463 3602 2515 3654 et
2552 3614 2649 3653 nos
2678 3614 2776 3669 pro
2824 3598 2973 3654 vobis
3010 3606 3282 3670 quantum
3308 3616 3592 3673 possumus
3634 3616 3728 3658 co-

2019 3690 2282 3758 gitamus,
2313 3691 2365 3743 et
2400 3689 2468 3742 iis
2502 3703 2733 3759 quorum
2764 3688 3005 3757 interest,
3037 3695 3101 3743 ut
3129 3706 3185 3745 se
3231 3689 3302 3745 ad
3347 3690 3727 3748 obsistendum

196 3781 337 3853 (Lib.
369 3796 471 3842 vn,
503 3741 591 3851 ἔρ.
620 3778 844 3851 3),tum
870 3777 1241 3845 Januarium,
1268 3776 1663 3832 Caralitanum
1693 3776 1908 3846 episco-
1940 3741 1988 3808 Ο
2020 3780 2125 3835 Deo
2181 3781 2400 3834 auctore
2450 3793 2771 3850 praeparare
2816 3777 3065 3846 debeant,
3116 3781 3466 3839 imminemus
3503 3800 3523 3840 :
3571 3784 3727 3855 quia,

195 3887 332 3943 pum
400 3869 543 3941 (Lib.
578 3887 655 3936 1x,
683 3885 766 3942 ep.
800 3869 832 3922 4
862 3872 911 3923 et
943 3868 1053 3938 43),
1085 3871 1148 3923 ut
1179 3865 1384 3921 insulas
1417 3865 1739 3921 defensioni
1780 3883 1913 3938 pro-

194 3961 513 4032 Spicerent.
548 3959 685 4024 Quis
716 3964 856 4014 tunc
889 3974 1069 4013 ausus
1103 3956 1308 4013 fuisset
1344 3970 1543 4027 pacem
1574 3955 1686 4012 sibi
1736 3956 1913 4027 polli-

194 4052 358 4108 ceri?
390 4053 465 4105 At
510 4054 662 4107 Deus
708 4049 768 4105 in
819 4048 991 4119 cujus
1041 4062 1222 4103 manu
1255 4050 1395 4103 sunt
1451 4045 1624 4101 corda
1682 4062 1910 4118 regum,

192 4141 523 4214 Agilulfum
556 4140 626 4195 ad
659 4156 825 4195 arma
853 4138 1201 4209 deponenda
1234 4140 1291 4192 et
1340 4135 1704 4207 accipiendas
1750 4136 1910 4207 pacis

192 4231 566 4289 conditiones
607 4248 641 4287 a
689 4247 840 4303 papa
880 4228 1103 4284 oblatas
1154 4227 1327 4283 ﬂexit.
1383 4226 1535 4282 Usus
1578 4227 1674 4281 ille
1728 4228 1912 4283 fuerat

193 4321 391 4388 Probi,
424 4321 503 4393 (a)
525 4320 753 4377 abbatis
776 4318 1122 4383 ministerio,
1150 4333 1323 4388 quem
1341 4317 1466 4387 jam
1489 4319 1621 4372 ante
1654 4317 1907 4373 multum

193 4413 481 4485 temporis
511 4412 582 4466 ad
613 4426 809 4484 regem
842 4410 1220 4482 reginamque
1253 4407 1513 4473 miserat,
1557 4411 1621 4464 ut
1652 4408 1722 4464 de
1767 4426 1911 4481 pace

196 4506 420 4575 ageret,
462 4501 625 4557 irrito
672 4505 871 4557 tamen
922 4515 1156 4569 semper
1203 4503 1412 4554 conatu
1466 4499 1723 4568 quandiu
1770 4500 1912 4557 vixit

195 4593 503 4650 Romanus
535 4591 843 4656 exarcbus,
893 4589 1084 4645 hostis
1126 4588 1286 4660 pacis
1330 4587 1786 4645 infensissimus.
1828 4591 1907 4648 Eo

194 4684 404 4755 itaque
434 4685 663 4737 mortuo
695 4695 827 4735 cum
876 4677 1195 4735 Callinicus
1239 4693 1341 4748 pro
1392 4676 1722 4748 reipublicm
1755 4678 1907 4736 bono

196 4774 416 4829 melius
447 4771 687 4826 atl'ectus
718 4785 949 4826 summa
972 4783 1160 4823 rerum
1198 4766 1415 4838 potitus
1444 4774 1598 4822 esset
1628 4766 1686 4822 in
1720 4768 1906 4838 Italia,

195 4880 331 4934 spes
377 4862 566 4917 denuo
618 4861 779 4931 pacis
829 4858 1211 4914 resarciendze
1246 4856 1486 4911 atl‘ulsit.
1522 4857 1906 4931 Tandemque

196 4952 347 5007 facta
386 4957 475 5007 est
517 4949 815 5005 annitente
864 4947 1183 5019 praesertim
1242 4946 1569 5011 Theodoro,
1622 4947 1905 5004 Ravenna

195 5047 487 5109 curatore,
516 5056 689 5112 quem
727 5040 1054 5109 adjutorem
1105 5040 1377 5109 expertus
1411 5044 1496 5091 est
1527 5036 1583 5090 in
1627 5038 1904 5095 omnibus

2019 3871 2161 3925 sicut
2200 3884 2291 3925 vos
2330 3872 2545 3923 nostras
2595 3867 2983 3924 tribulationes
3029 3872 3241 3925 vestras
3287 3870 3596 3939 attenditis,
3646 3872 3729 3929 ita

2019 3975 2231 4031 quoque
2258 3975 2354 4015 nos
2383 3968 2588 4014 vestras
2613 3959 2939 4029 afﬂictiones
2966 3967 3180 4016 nostras
3207 3962 3473 4017 similiter
3498 3967 3730 4034 reputa-

2018 4066 2138 4105 mus
2160 4048 2301 4119 (Lib.
2339 4065 2415 4118 1x,
2448 4064 2533 4119 ep.
2559 4048 2639 4119 6).

2088 4139 2143 4193 3.
2176 4137 2365 4194 Metus
2401 4138 2471 4193 de
2505 4136 2663 4194 brevi
2698 4137 2892 4194 futuro
2920 4136 3072 4195 bello
3098 4154 3212 4195 non
3246 4139 3448 4197 fefellit
3477 4156 3725 4213 papam;

2020 4245 2154 4287 nam
2188 4227 2357 4300 paulo
2389 4236 2517 4300 post
2549 4228 2858 4299 recruduit,
2880 4233 2936 4284 et
2959 4229 3206 4285 ferocius
3226 4230 3503 4287 desaeviit.
3532 4230 3730 4303 Nuper

2017 4318 2302 4392 Agilult‘us
2330 4332 2516 4388 pacem
2562 4321 2881 4389 perpetuam
2931 4334 3067 4373 cum
3110 4318 3487 4385 Theoderico,
3542 4320 3732 4377 Fran-

2016 4424 2214 4465 corum
2252 4423 2408 4477 rege,
2460 4406 2764 4478 foedusque
2794 4408 3193 4465 constituerat.
3245 4409 3381 4466 Tres
3416 4408 3617 4483 duces,
3667 4408 3727 4466 in

2014 4497 2516 4554 hisVeronensem
2538 4500 2593 4552 et
2630 4499 3106 4569 Pergamensem,
3140 4498 3375 4571 cuijam
3406 4500 3492 4557 bis
3522 4518 3723 4575 peper-

2014 4590 2190 4657 cerat,
2240 4603 2373 4642 cum
2424 4584 2825 4655 rebellassent,
2887 4604 3194 4662 oppressos
3233 4590 3487 4662 jusserat
3536 4595 3723 4648 morte

2016 4677 2193 4743 afﬁci,
2218 4680 2283 4732 ut
2313 4677 2418 4732 hac
2449 4676 2758 4733 severitate
2788 4682 3023 4734 caeteros
3055 4678 3115 4734 in
3140 4678 3331 4737 ofﬁcio
3379 4681 3727 4738 contineret.

2017 4767 2099 4823 De
2130 4782 2270 4839 pace
2292 4768 2465 4838 paulo
2487 4770 2659 4822 antea
2680 4783 2812 4823 cum
2836 4771 3184 4826 Hunnorum
3216 4786 3349 4842 rege
3379 4772 3528 4828 facta
3550 4788 3728 4843 supra

2017 4856 2295 4912 diximus.
2324 4856 2450 4910 Rise
2468 4857 2834 4927 perpendens
2855 4856 3195 4926 Callinicus,
3218 4860 3289 4915 ob
3311 4864 3632 4931 reportatae
3655 4860 3725 4915 de

2015 4944 2235 5002 Sclavis
2266 4944 2537 5001 victorias
2574 4946 2716 5002 forte
2746 4946 2926 5014 ferox,
2961 4951 3337 5018 metuensque
3359 4961 3452 5017 ne,
3483 4946 3630 5003 liber
3650 4948 3723 5004 ab

2014 5035 2289 5093 omnibus
2312 5033 2504 5105 bellis,
2531 5034 2825 5107 Agilulfus
2846 5036 3177 5106 conjunctis
3196 5035 3416 5091 viribus
3439 5037 3495 5090 in
3523 5035 3726 5093 Roma-

198 5132 421 5189 Probus
452 5146 553 5201 pro
603 5145 743 5200 pace
782 5126 1144 5184 concilianda
1184 5125 1411 5197 legatus
1450 5124 1630 5195 (lbid.,
1664 5142 1748 5196 ep.
1786 5127 1902 5199 98).
1937 5113 1982 5179 Ι)
2014 5142 2122 5182 nos
2152 5141 2220 5181 ex
2242 5123 2553 5195 improviso
2578 5124 2846 5193 irrueret,
2869 5123 3065 5194 ipsum
3089 5138 3371 5193 occupare
3393 5125 3720 5185 constituit.

197 5220 371 5276 Pacta
401 5219 885 5289 conditionesque
912 5218 1065 5287 pacis
1096 5213 1381 5287 Agilulfus
1412 5228 1509 5269 rex
1538 5213 1757 5285 Optima
1790 5218 1902 5276 (ide

194 5314 559 5367 sacramento
577 5308 963 5375 confirmavit,
991 5323 1107 5378 qua
1130 5307 1197 5359 de
1220 5320 1279 5358 re
1298 5304 1613 5375 Gregorius
1644 5309 1767 5362 tum
1793 5308 1900 5379 ipsi

191 5402 411 5475 gratias
443 5399 580 5472 egit,
611 5403 734 5453 tum
765 5396 1173 5453 Theodelindae
1199 5394 1428 5466 reginae,
1463 5410 1639 5466 quam
1674 5397 1897 5455 studio-

194 5491 320 5548 sius
351 5506 453 5562 pro
481 5486 791 5544 concordia
833 5486 1154 5550 laborasse,
1204 5500 1238 5539 a
1268 5482 1452 5539 Probo
1481 5482 1689 5541 abbate
1736 5503 1901 5543 acce-

191 5585 377 5656 perat.
412 5578 475 5635 In
522 5577 768 5650 epistola
803 5577 872 5633 ad
920 5574 1247 5648 Agilulfum
1294 5588 1430 5631 eum
1478 5577 1637 5645 rogat
1685 5583 1744 5633 ut
1778 5580 1896 5635 suis

2015 5215 2263 5273 Collecto
2293 5215 2487 5283 itaque
2519 5212 2793 5279 exercitu,
2830 5213 3143 5283 tractisque
3172 5213 3239 5268 ad
3272 5212 3499 5286 imperii
3529 5222 3722 5288 partes

2011 5304 2311 5363 nonnullis
2343 5302 2864 5373 Langobardorum
2897 5300 3167 5371 ducibus,
3202 5302 3464 5361 Parmam
3508 5306 3716 5367 urbem

2011 5395 2469 5452 munitissimam
2498 5391 2794 5448 obsidione
2818 5389 2997 5447 cinxit
3016 5408 3081 5448 ac
3101 5394 3472 5467 expugnavit.
3509 5397 3720 5472 Captos

2010 5488 2071 5544 in
2110 5484 2220 5541 hac
2265 5479 2692 5553 expugnatione
2746 5479 3156 5539 Godiscalcum
3219 5484 3427 5542 ducem
3481 5493 3538 5544 et
3586 5490 3717 5560 ejus

2010 5589 2272 5640 uxorem,
2305 5569 2459 5642 regis
2492 5568 2693 5637 ﬁliam,
2740 5571 3073 5629 Ravennam
3106 5573 3271 5631 duxit
3309 5576 3616 5638 exarcbus.
3648 5579 3719 5638 At

260 5736 346 5807 (a)
373 5728 511 5798 Quis
547 5727 713 5785 fuerit
740 5725 836 5783 illo
868 5724 1085 5781 Probus
1118 5722 1294 5780 abbas
1323 5722 1533 5794 quarit
1557 5720 1785 5781 Mabill.
1807 5726 2019 5785 Annal.
2052 5721 2344 5784 Benediot.
2374 5715 2479 5777 lib.
2511 5732 2591 5787 Ix,
2632 5732 2797 5777 num.
2826 5720 2917 5795 26,
2950 5734 3086 5792 pag.
3117 5719 3245 5780 252.
