4086 6166
382 175 495 233 415

813 171 875 231 S.
922 170 1283 233 GREGORII
1332 171 1581 232 MAGNI
1626 172 1833 238 VITA,
1880 167 1982 227 EX
2032 166 2210 228 EJUS
2259 164 2610 227 SCRIPTIS
2659 168 3114 229 ADORNATA.
3164 169 3317 229 LIB.
3363 170 3467 231 IV.

3783 172 3908 231 416

381 305 603 363 illatam
631 305 747 363 sibi
776 306 1053 377 injuriam
1080 306 1283 363 ulcisci
1309 306 1548 379 cupiens
1571 305 1857 377 Agilulfus
1882 303 2089 359 vicem-
2118 302 2172 368 Α
2201 300 2271 355 ad
2298 301 2733 358 schismatioum
2753 303 3112 376 episcopum,
3138 304 3236 375 qui
3255 305 3327 360 de
3346 304 3528 359 reditu
3546 305 3618 360 ad
3639 304 3914 359 Ecclesia

381 412 495 469 que
527 397 861 470 rependere,
894 414 1027 453 cum
1075 402 1302 453 tentare
1342 397 1488 453 velle
1525 395 1891 454 Cremonam,
1928 395 2091 449 Man~

382 488 572 553 tuam,
609 487 857 543 Montem
892 487 1089 543 Silicis
1120 487 1179 542 in
1212 502 1350 558 agro
1402 486 1682 542 Patavine
1730 484 2091 550 simulaeset,

383 577 579 648 ipsum
613 577 860 632 adorsue
891 584 973 631 est
1006 575 1331 643 Patavium,
1356 592 1467 646 quo
1493 574 1716 647 potitus
1741 575 1942 630 urbem
1968 573 2091 629 solo

381 664 667 736 aquavit;
724 664 1057 734 prasidium
1109 669 1301 718 tamen
1356 664 1693 719 Ravennam
1745 680 1807 718 se
1855 663 2088 732 recepit,

382 754 584 826 populi
617 758 812 809 autem
846 770 979 825 pars
1006 753 1254 810 maxima
1276 754 1346 808 ad
1381 752 1507 810 loca
1544 753 1898 810 Venetorum
1926 750 2095 821 palu-

381 844 525 898 stria
578 842 987 914 confugerunt.
1038 843 1118 897 Ne
1166 842 1421 898 obsessis
1469 859 1637 915 opem
1692 842 1839 897 ferre
1896 844 2094 913 posset

382 930 686 997 exarchus,
715 946 814 984 rex
842 930 1148 1003 imperavit
1178 930 1404 986 Ariulfo
1424 936 1480 987 et
1509 930 1903 1003 Langobardis
1928 932 2092 985 Etru-

380 1020 524 1076 riam
556 1020 984 1088 obtinentibus,
1022 1030 1082 1077 ut
1128 1021 1369 1078 Romam
1412 1022 1717 1094 ipsamque
1757 1022 2091 1077 Ravennam

380 1108 676 1167 continuis
706 1110 1148 1166 excursionibus
1180 1111 1552 1167 lacesserent.
1587 1111 1826 1185 Interim
1861 1114 2090 1177 Avares,

380 1186 894 1271 [Langobardorum
944 1206 1002 1255 et
1051 1200 1389 1256 Sclavorum
1454 1200 1639 1272 copiis
1682 1200 1888 1271 juncti,
1942 1200 2092 1254 ferro

384 1288 638 1360 igneque
687 1288 965 1345 Histriam
1026 1294 1345 1345 vastavere.
1412 1290 1643 1345 Patavio
1692 1295 1881 1361 capto,
1931 1291 2093 1344 Mons

382 1377 574 1433 Silicis
621 1384 1009 1451 expugnatur,
1060 1384 1115 1435 et
1159 1381 1274 1436 duo
1326 1380 1839 1450 Langobardorum
1893 1379 2093 1447 duces,

384 1466 768 1525 Tridentinus
796 1486 862 1524 ac
893 1469 1333 1541 Forojuliensis,
1362 1469 1457 1541 qui
1494 1486 1527 1525 a
1559 1486 1691 1542 rege
1740 1468 2092 1536 defecerant,

382 1558 613 1613 veniam
647 1559 718 1614 ob
750 1559 1024 1615 violatam
1059 1559 1232 1615 fidem
1266 1564 1493 1630 petunt,
1528 1564 1700 1631 atque
1749 1559 1808 1614 in
1845 1559 2092 1628 gratiam

382 1642 771 1745 recipiuntur.
808 1649 890 1703 Ita
934 1649 1178 1705 turbata
1227 1649 1387 1720 pacis
1420 1648 1695 1719 religione
1744 1648 2089 1703 sacramenti
2119 1683 2163 1745 Β

382 1734 556 1805 paulo
588 1740 762 1792 antea
790 1737 1027 1793 saucita
1060 1745 1115 1793 et
1146 1744 1490 1794 consecrata
1536 1737 1851 1794 Callinicus
1895 1754 2096 1808 panas

381 1823 564 1966 Sedit.
597 1824 703 1896 (Cf.
734 1827 893 1882 Paul.
930 1828 1078 1883 Diac.
1131 1826 1268 1883 Hist.
1316 1828 1486 1899 Lang.
1521 1828 1616 1883 lib.
1671 1845 1756 1895 1v,
1799 1844 1954 1901 capp.
2002 1830 2093 1897 21,

423 1913 454 1966 4
478 1921 528 1966 et
552 1914 670 1966 25.)

423 1913 454 1967 4
478 1921 528 1969 et
552 1914 670 1984 25.)

457 2003 508 2058 4.
542 2002 601 2058 Id
635 2018 813 2073 quam
857 2004 1101 2061 moleste
1138 2004 1333 2061 tulerit
1364 2007 1421 2062 S.
1473 2006 1802 2077 Gregorius,
1835 2005 1934 2077 qui
1990 2022 2094 2076 pro

384 2106 527 2165 pace
575 2091 717 2147 adeo
768 2092 1152 2160 laboraverat,
1214 2111 1506 2168 quamque
1564 2111 1757 2151 amare
1806 2095 2092 2165 jacturam

382 2181 542 2237 illius
575 2179 791 2237 ﬂeverit
822 2182 918 2238 hic
950 2183 1111 2254 pacis
1144 2184 1408 2255 angelus,
1442 2183 1670 2241 facilius
1716 2189 1805 2239 est
1844 2185 2095 2256 cogitare

386 2286 563 2345 quam
614 2272 804 2328 verbis
867 2289 1171 2345 exponere.
1231 2273 1497 2330 Dolorem
1562 2276 1848 2346 tantisper
1897 2273 2096 2329 lenivit

384 2366 605 2423 reditus
634 2366 705 2422 ad
736 2362 1055 2419 Ecclesiam
1078 2362 1158 2435 (a)
1180 2363 1502 2436 Capritana
1528 2363 1730 2419 insula
1753 2380 1878 2436 qua
1902 2362 2060 2419 scbis
2077 2394 2094 2404 -
2152 2356 2155 2357 ⁷

386 2456 526 2512 mati
573 2473 677 2529 pro
726 2453 917 2511 tribus
976 2452 1245 2525 capitulis
1302 2454 1551 2510 conﬂato
1608 2455 1708 2509 diu
1755 2454 2091 2509 adhaseral.

385 2542 871 2615 Quandoquidem
899 2540 1237 2612 Capritanos
1270 2542 1339 2596 ad
1372 2540 1633 2597 schisma
1681 2541 2031 2612 ejurandum
2064 2558 2095 2594 a

384 2632 663 2690 Callinico
694 2630 983 2705 impulsos
1029 2631 1293 2687 audierat
1324 2648 1496 2704 papa,
1544 2630 1655 2703 ipsi
1702 2631 1924 2703 gratias
1955 2630 2093 2703 egit,

384 2721 758 2793 laudavitque
772 2721 1081 2777 consilium
1098 2721 1169 2776 de
1183 2720 1519 2777 revocandis
1535 2720 1608 2776 ad
1620 2721 1812 2776 sinum
1828 2720 2090 2776 Ecclesia

384 2811 826 2878 dissidentibus,
842 2816 897 2866 et
919 2809 1417 2866 tumultuantibus
1431 2810 1663 2883 populis
1685 2808 2087 2866 eibieubditie.

383 2902 465 2957 Ne
504 2908 695 2957 tamen
731 2902 787 2956 in
822 2900 928 2956 hoc
951 2900 1248 2972 proposito
1281 2905 1693 2973 perseveraret,
1732 2902 1963 2957 obstare
2002 2900 2092 2955 vi-

382 2990 625 3045 debatur
648 2990 841 3061 jussio
874 2989 1136 3045 Mauricii
1182 2990 1448 3060 Augusti,
1485 3007 1586 3062 pro
1623 2991 2091 3047 schismaticorum

376 3078 695 3148 defensione
719 3078 790 3134 ad
818 3078 1001 3150 ipsum
1032 3079 1357 3136 transmissa
1378 3100 1398 3147 ;
1421 3081 1521 3136 sed
1546 3094 1673 3136 eam
1698 3080 1780 3135 ita
1812 3080 2094 3152 interpre-
2122 3053 2164 3119 θ

382 3172 539 3225 tatur
569 3168 881 3241 Gregorius
916 3185 929 3225 :
964 3168 1113 3238 Quod
1134 3174 1327 3225 autem
1364 3172 1650 3241 exemplar
1669 3171 1935 3241 jussionis
1966 3187 2091 3244 qua

387 3259 457 3314 ad
476 3274 565 3315 vos
590 3274 691 3331 pro
734 3257 1214 3314 schismaticorum
1252 3259 1566 3331 defensione
1614 3260 1941 3316 transmissa
1987 3269 2089 3328 est,

386 3349 532 3405 mihi
561 3348 775 3404 ostendi
806 3349 1074 3416 voluistis,
1103 3364 1332 3420 pensare
1359 3349 1593 3405 sollicite
1610 3350 1929 3406 dulcissima
1949 3352 2092 3407 mihi

380 3443 565 3493 vestra
623 3436 952 3493 excellentia
1010 3436 1238 3492 debuit:
1286 3436 1418 3509 quia
1467 3438 1715 3510 quamvis
1748 3437 1932 3509 jussio
1970 3441 2090 3512 ipsa

380 3527 640 3598 subrepta
670 3530 769 3593 est,
818 3544 933 3582 non
974 3535 1153 3582 tamen
1183 3526 1241 3583 in
1272 3543 1336 3583 ea
1366 3528 1514 3584 vobis
1541 3535 1874 3600 praceptum
1922 3537 2000 3585 est
2030 3538 2091 3585 ut

376 3620 655 3675 venientes
686 3617 763 3673 ad
793 3618 1065 3673 unitatem
1096 3618 1356 3675 Ecclesia
1376 3618 1680 3690 repellatis,
1700 3618 1791 3675 sed
1813 3627 1875 3675 ut
1905 3622 2091 3677 venire

376 3707 624 3778 nolentes
653 3708 751 3763 hoc
770 3709 974 3764 incerto
1007 3712 1245 3781 tempore
1274 3709 1503 3765 minime
1529 3709 1901 3781 compellatis.
1940 3710 2087 3768 Unde

374 3792 592 3855 necesse
621 3806 700 3855 est
728 3806 788 3855 ut
819 3798 935 3857 hac
967 3798 1088 3871 ipsa
1124 3801 1392 3871 piissimis
1422 3801 1843 3874 imperatoribus
1882 3802 2089 3859 nostris

368 3904 671 3969 [suggerere
712 3890 913 3959 festine
958 3887 1192 3945 debeatis
1221 3905 1242 3953 ;
1273 3897 1544 3962 quatenus
1586 3901 1911 3964 cognoscant
1950 3892 2089 3965 quod

375 3994 565 4035 eorum
607 3979 949 4051 temporibus
991 3979 1335 4036 schismatici
1379 3997 1503 4037 cum
1553 3981 1943 4054 omnipotentis
1990 3984 2092 4040 Dei

372 4069 570 4141 solatio
618 4071 668 4124 et
717 4069 905 4127 labore
943 4076 1136 4137 vestro,
1177 4086 1277 4126 sua
1330 4076 1522 4142 sponte
1576 4074 1778 4128 reverti
1820 4074 2090 4145 festinant

376 4158 523 4229 (Lib.
558 4174 636 4221 lx.
658 4174 741 4229 ep.
773 4158 850 4231 9).
887 4160 949 4215 In
980 4160 1179 4216 eadem
1212 4159 1287 4215 ad
1315 4160 1633 4217 exarchum
1668 4162 1911 4233 epistola
1950 4178 2088 4219 con-

379 4246 646 4317 queritur
674 4245 735 4301 S.
767 4247 1103 4320 Gregorius,
1138 4252 1265 4304 tum
1304 4249 1374 4305 de
1424 4250 1642 4321 majore
1692 4251 1821 4321 ejus
1851 4249 2086 4321 domus,

378 4337 503 4389 tum
526 4334 597 4389 de
620 4333 852 4392 Justino
880 4337 1047 4407 cujus
1069 4336 1314 4394 consilio
1341 4338 1653 4409 utebatur;
1677 4342 1779 4412 qui
1805 4340 2086 4398 nimirum

2203 389 2494 445 catholica
2529 392 2810 447 unitatem
2843 396 2904 447 et
2933 393 3002 447 ad
3037 394 3332 465 propriam
3383 392 3609 465 plebem
3642 408 3770 449 eum
3807 392 3913 447 ad-

2204 485 2480 535 moneret.
2522 480 2768 553 Scripsit
2796 481 2969 538 etiam
3022 482 3331 553 Gregorius
3380 484 3452 538 ad
3494 482 3674 553 hujus
3706 481 3916 538 insula

2202 566 2568 635 babilatores,
2594 572 2839 626 laudans
2862 587 3119 628 amorem
3143 573 3381 627 unitatis
3403 588 3543 642 quos
3559 572 3912 645 ﬂagrabant,

2202 661 2258 713 et
2290 659 2359 714 de
2392 660 2461 715 iis
2495 677 2621 731 qua
2676 661 2998 717 Mariniano
3028 662 3340 734 scripserat
3382 679 3481 718 eos
3526 664 3797 719 certiores
3830 662 3913 717 fa-

2202 748 2380 803 ciens.
2414 748 2603 804 Pauca
2631 767 2699 805 ex
2731 751 2839 805 hac
2870 752 3116 823 epistola
3140 752 3307 822 quasi
3331 751 3602 808 ﬂosculos
3624 752 3913 823 quosdam

2201 838 2559 907 excerpenda
2580 839 2875 907 duximus,
2896 844 2954 895 et
2974 841 3353 911 apponenda:
3382 840 3723 897 mulcebunt
3735 840 3911 907 enim,

2202 930 2258 980 et
2284 927 2481 993 odore,
2526 932 2582 983 et
2630 936 2867 1000 aspectu
2904 945 2917 983 :
2953 930 3277 1001 Redemptor
3324 934 3532 1000 noster,
3583 930 3913 1003 inquit,.....

2200 1018 2275 1070 sic
2304 1019 2432 1071 imis
2461 1034 2675 1073 summa
2700 1020 3010 1088 coniungit,
3039 1027 3101 1075 ut
3130 1022 3248 1088 ipse
3272 1023 3329 1075 in
3351 1024 3669 1078 aeternitate
3696 1037 3917 1093 perma-

2201 1121 2357 1173 nens,
2406 1109 2484 1161 ita
2534 1110 2861 1179 temporalia
2900 1109 3113 1165 occulto
3153 1110 3426 1166 instinctu
3469 1111 3571 1183 pia
3626 1110 3917 1167 consulens

2201 1195 2579 1252 moderatione
2611 1200 2909 1269 disponat:
2939 1201 3207 1270 quatenus
3227 1201 3298 1255 de
3317 1202 3433 1272 ejus
3458 1217 3627 1255 manu
3647 1205 3917 1274 antiquus

2202 1282 2368 1340 hostis
2401 1286 2722 1343 nullatenus
2753 1289 2930 1358 rapiat
2962 1304 3093 1360 quos
3141 1296 3272 1344 ante
3300 1290 3501 1345 saecula
3533 1292 3683 1345 intra
3729 1294 3915 1345 sinum

2202 1373 2401 1430 matris
2433 1376 2700 1433 Ecclesia
2727 1379 3120 1435 coadunandos
3148 1394 3261 1435 esse
3286 1379 3584 1451 prascivit.
3620 1380 3781 1449 Nam,
3812 1384 3920 1435 etsi

2203 1464 2491 1534 quisquam
2524 1481 2714 1521 eorum
2746 1466 2895 1523 inter
2924 1484 3054 1539 quos
3083 1469 3460 1538 corporaliter
3488 1469 3653 1540 degit,
3695 1470 3917 1538 ﬂatibus

2201 1562 2395 1620 motus,
2422 1556 2502 1611 ad
2531 1564 2741 1626 tempus
2772 1566 2831 1611 ut
2858 1558 3069 1628 palmes
3094 1558 3316 1625 titubet,
3350 1557 3519 1613 radix
3541 1564 3721 1615 tamen
3756 1565 3917 1615 recta

2202 1642 2350 1711 ﬁdei,
2384 1660 2507 1714 qua:
2536 1660 2605 1699 ea:
2632 1648 2839 1702 occulto
2867 1647 3071 1717 prodit,
3102 1647 3289 1702 divino
3310 1648 3529 1718 judicio
3562 1650 3757 1713 ;virens
3789 1663 3917 1703 ma-

2205 1736 2335 1794 net;
2365 1748 2490 1803 qua
2519 1743 2736 1806 accepto
2783 1743 3026 1807 tempore
3054 1738 3299 1805 fructum
3330 1738 3402 1793 de
3430 1753 3487 1793 se
3514 1742 3791 1794 ostentare
3820 1755 3915 1794 ea-

2207 1820 2315 1875 leal
2344 1825 2442 1893 qui
2471 1822 2689 1880 latebat.
2726 1826 2875 1893 Quod
2908 1828 2967 1881 in
2996 1826 3147 1881 vobis
3166 1842 3313 1881 nunc
3339 1841 3408 1883 ex
3436 1826 3705 1882 desiderio
3734 1831 3915 1883 vestra

2201 1918 2409 1980 gestum
2441 1929 2552 1969 esse
2579 1917 2809 1985 superni
2833 1923 3103 1987 respectus
3127 1915 3499 1973 illustrations
3516 1916 3914 1988 cognoscimus,

2203 2001 2301 2070 qui
2342 2002 2815 2060 schismaticorum
2864 2006 3007 2061 inter
3046 2020 3178 2077 quos
3226 2005 3501 2061 habitatis
3545 2008 3916 2077 pertinaciam

2204 2097 2525 2165 refutantes,
2554 2092 2857 2149 coadunari
2898 2092 3030 2147 ovili
3075 2092 3363 2148 Dominico
3393 2102 3570 2149 mente
3607 2096 3916 2166 promptis-

2203 2187 2339 2239 sima
2372 2185 2494 2254 ipsa
2520 2184 2605 2238 rei
2633 2183 2950 2254 Operatione
2988 2184 3325 2240 monstratis.
3359 2182 3563 2251 Quibus
3588 2186 3733 2239 enim
3771 2187 3915 2241 scis-

2204 2290 2337 2329 sura
2364 2272 2631 2345 displicel,
2672 2287 2837 2327 sanos
2866 2287 2922 2326 se
2970 2270 3117 2327 velle
3162 2290 3275 2329 esse
3304 2276 3588 2342 testantur,
3632 2278 3681 2329 et
3709 2289 3914 2346 repro-

2207 2366 2393 2421 bantes
2424 2379 2689 2429 errorem,
2717 2363 2999 2419 ostenditis
3030 2380 3119 2420 vos
3153 2381 3348 2420 amare
3388 2365 3529 2436 quod
3558 2370 3766 2421 rectum
3809 2370 3911 2435 est,

2206 2456 2383 2510 vitare
2412 2453 2553 2525 quod
2582 2452 2805 2508 devium
2853 2453 3037 2523 (lbid.,
3082 2471 3166 2526 ep.
3212 2455 3324 2527 97).
3375 2454 3455 2511 De
3504 2454 3635 2509 aliis
3684 2453 3913 2510 Histria

2204 2546 2432 2619 populis
2453 2546 2552 2617 qui
2577 2546 2829 2601 schisma
2852 2546 3251 2612 deseruerant,
3277 2545 3545 2617 agiturin
3569 2546 3700 2601 aliis
3722 2546 3917 2618 pluri-

2206 2637 2317 2691 mis
2349 2635 2597 2705 hujusce
2629 2635 2764 2689 anni
2798 2634 3057 2706 epistolis
3090 2635 3274 2707 (Ibid.,
3301 2651 3418 2707 epp.
3450 2635 3541 2706 63,
3573 2635 3665 2703 94,
3686 2634 3915 2707 95,99).

2205 2727 2265 2781 In
2320 2724 2436 2780 illis
2474 2726 2545 2779 ad
2585 2723 2895 2779 Ecclesiam
2957 2725 3293 2780 revocandis
3342 2724 3601 2781 eluxerat
3659 2725 3917 2781 maxime

2203 2814 2474 2880 Gull‘aris,
2498 2813 2761 2885 magistri
2788 2812 3063 2880 militum,
3098 2814 3381 2881 studium,
3408 2814 3479 2869 de
3499 2830 3613 2886 quo
3644 2815 3754 2885 ipsi
3773 2831 3917 2886 gra-

2200 2906 2441 2973 tulatur,
2475 2912 2529 2960 et
2557 2904 2773 2976 gratias
2804 2904 2925 2975 agit
2946 2904 3247 2975 piissimus
3279 2910 3515 2977 pastor;
3548 2921 3799 2976 eumque
3833 2906 3916 2960 ad

2200 2995 2688 3069 perseverantiam
2719 3001 2771 3049 et
2801 2994 2871 3049 ad
2908 2994 3323 3066 protectionem
3364 3012 3395 3051 a
3445 2994 3762 3051 schismate
3816 3011 3915 3051 re-

2199 3086 2516 3142 deuntibus
2548 3084 3003 3155 impendendam
3039 3084 3405 3140 adhortatur.

2268 3176 2323 3229 5.
2348 3174 2455 3239 Qui
2487 3190 2555 3229 ex
2586 3172 2976 3229 schismaticis
3008 3173 3123 3229 illis
3154 3175 3225 3230 ad
3253 3174 3399 3230 ovile
3420 3176 3629 3231 reversi
3655 3176 3915 3247 Inerant,

2199 3263 2263 3319 de
2306 3264 2573 3336 pravitate
2619 3264 2993 3335 episc0porum
3044 3262 3264 3319 Histria
3308 3263 3493 3319 multa
3542 3263 3855 3319 narrabant
3895 3280 3911 3320 :

2200 3370 2327 3427 qua
2360 3362 2418 3409 ul
2453 3352 2734 3409 Mauricio
2766 3352 3099 3424 imperatori
3131 3352 3551 3425 signiﬁcarent,
3586 3353 3912 3409 medelam-

2200 3459 2312 3515 que
2344 3442 2691 3514 ﬂagitarent,
2726 3442 3286 3512 Constantinopolim
3329 3459 3387 3498 se
3426 3441 3818 3513 contulerunt,
3849 3451 3914 3498 et

2196 3534 2497 3602 ,Anatolio,
2531 3532 2687 3589 sedis
2717 3531 3040 3603 apostolica
3082 3532 3294 3603 legato,
3336 3530 3728 3589 commendari
3768 3548 3914 3604 pos-

2203 3626 2393 3683 tularu
2405 3631 2481 3681 nt.
2508 3625 2565 3679 Id
2583 3642 2715 3680 cum
2736 3624 2849 3679 illis
2862 3624 3146 3694 denegare
3159 3639 3274 3678 non
3289 3629 3480 3693 posset
3493 3623 3914 3679 sanctissimus

2206 3715 2499 3784 Pontifex,
2532 3712 2767 3784 scripsit
2795 3711 3061 3766 Anatolio
3093 3714 3154 3765 ut
3182 3710 3289 3776 eis,
3318 3711 3469 3766 salva
3498 3713 3731 3776 ratione,
3768 3727 3919 3783 pra-

2188 3803 2362 3877 ,beret
2385 3801 2686 3858 auxilium.
2716 3800 2839 3855 Non
2873 3799 3174 3855 dubitabat
3195 3799 3350 3855 enim
3374 3800 3513 3872 quin
3542 3799 3833 3855 hareticis
3855 3807 3917 3855 et

2199 3891 2613 3959 schismaticis,
2645 3890 2800 3945 haud
2859 3905 3027 3945 secus
3078 3903 3144 3945 ac
3175 3890 3415 3956 cateris,
3467 3905 3693 3962 aquum
3741 3889 3915 3946 reddi

2200 3983 2429 4039 deberet
2459 3982 2601 4053 (Lib.
2633 3998 2713 4049 IX,
2744 3997 2828 4052 ep.
2860 3980 2977 4052 66).

2269 4074 2323 4129 6.
2356 4072 2475 4129 Hoc
2508 4086 2645 4127 sane
2697 4071 2926 4142 proprio
2972 4068 3237 4140 probavit
3282 4070 3573 4141 exemplo,
3614 4086 3753 4143 erga
3801 4073 3922 4127 Co-

2201 4162 2420 4219 mensis
2449 4159 2711 4216 Ecclesia
2759 4158 3021 4227 clericos,
3068 4158 3168 4231 qui
3224 4158 3293 4214 ab
3345 4159 3596 4216 Ecclesia
3645 4159 3921 4219 Romana

2200 4253 2583 4318 secesserant,
2627 4254 2691 4305 ut
2742 4249 3129 4305 Histricorum
3191 4248 3447 4304 schisma
3496 4256 3915 4321 sequerentur.

2202 4337 2601 4405 Constantius,
2652 4335 3101 4393 Mediolanensis
3162 4335 3657 4408 archiepiscopus,
3709 4338 3917 4396 studio

382 4438 497 4477 non
528 4423 775 4479 obscure
805 4424 1088 4482 hareticis
1120 4426 1393 4484 favebant
1421 4433 1594 4501 atque
1634 4428 2047 4488 schismaticis.
2114 4416 2170 4485 Ι)
2199 4426 2543 4485 sacerdotali
2576 4443 2676 4483 eos
2726 4430 3033 4483 monuerat
3064 4430 3127 4481 ut
3180 4426 3249 4481 ad
3299 4425 3569 4481 Ecclesia
3619 4427 3916 4485 unitatem

456 4511 602 4577 Quia
629 4511 808 4583 hujus
842 4513 1049 4569 insula
1083 4515 1409 4588 episcopus,
1453 4523 1767 4591 postquam
1810 4522 2088 4593 petitione

381 4600 573 4658 oblata
598 4600 874 4658 Callinico
907 4602 1235 4671 postularat
1266 4614 1326 4661 ut
1358 4608 1469 4664 sibi
1513 4624 1647 4664 cum
1676 4608 1834 4665 omni
1877 4613 2091 4682 populo

380 4692 453 4748 ad
486 4691 771 4749 unitatem
802 4691 1069 4749 Ecclesia
1100 4698 1305 4753 reverti
1336 4697 1555 4770 liceret,
1589 4704 1844 4757 mentem
1876 4701 2085 4759 deinde

382 4787 710 4840 mutaverat
739 4788 797 4841 et
826 4799 888 4841 se
932 4782 1004 4839 ad
1048 4785 1455 4845 schismalicos
1498 4788 1707 4846 iterum
1745 4791 2088 4863 contulerat,

379 4872 599 4945 placuit
638 4891 799 4948 papa
852 4882 915 4934 ut
963 4876 1346 4945 Mariuianus,
1404 4880 1707 4934 Ravennae
1756 4880 2087 4952 episcopus,

378 4963 698 5037 Capritana
721 4966 988 5025 Ecclesia
1010 4966 1309 5023 ordinaret
1325 4966 1683 5039 episcopum,
1706 4968 1806 5040 qui
1826 4970 1897 5024 ad
1922 4986 2089 5026 suam

384 5057 751 5129 metropolim
792 5060 1126 5133 pertineret,
1178 5059 1363 5116 donec
1421 5058 1657 5115 Histrici
1710 5061 1967 5133 episcopi
2019 5063 2089 5118 ad

379 5145 554 5201 fidem
583 5150 926 5207 catholicam
958 5149 1293 5219 rediissent,
1327 5165 1574 5221 quorum
1606 5149 1831 5207 scilicet
1862 5151 2092 5223 provin-

384 5236 483 5291 cia
536 5237 905 5297 tribuebatur
942 5239 1140 5297 insula
1188 5239 1498 5311 Capritana
1544 5239 1685 5311 (Lib.
1740 5258 1817 5296 1x.
1848 5257 1933 5313 ep.
1978 5242 2086 5314 10).

377 5323 973 5387 Nihilotamenminus
1004 5336 1137 5388 ante
1187 5331 1320 5389 novi
1368 5330 1628 5404 episcopi
1660 5331 2089 5389 ordinationem

374 5411 563 5470 visum
592 5419 682 5472 est
701 5418 1138 5490 sapientissimo
1156 5420 1442 5489 Pontifici,
1469 5425 1533 5477 ut
1566 5420 1898 5481 mitteretur
1922 5423 2088 5496 prius

2200 4519 2475 4576 redirent.
2510 4519 2575 4573 At
2608 4516 2693 4573 illi
2743 4517 3166 4588 responderunt
3196 4532 3259 4571 se
3307 4533 3339 4571 a
3374 4516 3575 4572 multis
3622 4516 3915 4588 injuriam

2198 4626 2424 4681 passos,
2458 4612 2513 4665 et
2544 4606 2862 4679 prasertim
2897 4606 2966 4663 ab
3000 4605 3255 4663 Ecclesia
3286 4606 3564 4672 Romana,
3610 4623 3735 4679 qua
3784 4624 3915 4664 sua

2197 4698 2464 4755 Ecclesia
2498 4698 2776 4770 pradium
2810 4698 3102 4767 quoddam
3146 4700 3478 4768 usurparat,
3513 4697 3705 4768 potius
3745 4697 3916 4753 284

2198 4788 2305 4845 hac
2338 4790 2538 4862 iniqua
2567 4805 2801 4861 prorsus
2832 4788 3037 4861 agendi
3069 4788 3287 4843 ratione
3318 4806 3347 4842 a
3374 4787 3769 4843 Romanorum
3811 4804 3918 4844 so-

2198 4879 2403 4935 cietate
2434 4879 2656 4951 repelli,
2692 4895 2867 4950 quam
2890 4877 3167 4934 charitate
3188 4877 3359 4934 allici.
3382 4877 3512 4933 Haec
3544 4882 3608 4933 ut
3629 4877 3853 4949 accepit
3878 4896 3917 4935 ο.

2198 4970 2528 5026 Constantio
2560 4970 2888 5039 Gregorius,
2922 4968 3223 5039 respondit
3266 4968 3695 5041 possessionem
3726 4984 3916 5037 quam

2198 5061 2306 5119 sibi
2338 5061 2591 5117 ablatam
2632 5059 2945 5116 Comenses
2982 5058 3374 5115 causabantur
3416 5064 3619 5114 contra
3659 5058 3916 5115 rationis

2198 5152 2462 5208 ordinem
2494 5150 2645 5205 ultra
2668 5148 2913 5205 detineri
2954 5166 3016 5205 se
3064 5148 3301 5204 minime
3350 5163 3682 5220 passurum,
3717 5146 3768 5202 si
3821 5149 3913 5205 eis

2190 5241 2324 5313 jure
2369 5243 2737 5311 competeret,
2796 5240 3055 5310 quamvis
3085 5240 3155 5294 ad
3201 5239 3670 5295 communionem
3714 5239 3915 5295 redire

2199 5332 2521 5397 diﬂerrent,
2554 5331 2677 5397 sed,
2724 5331 2956 5402 cognita
2996 5333 3259 5397 veritate,
3311 5330 3540 5385 restitui
3567 5329 3911 5401 jussurum.

2198 5425 2374 5480 Porro
2396 5423 2445 5478 si
2467 5420 2535 5477 ad
2556 5422 2823 5477 unitatem
2843 5420 3103 5481 Ecclesia
3131 5435 3187 5476 se
3206 5421 3590 5489 converterint,
3620 5420 3910 5492 pradium

371 5590 375 5597 ⁴
447 5594 526 5673 (a)
558 5594 619 5652 In
654 5596 859 5655 intimo
894 5612 1124 5654 recessu
1160 5600 1338 5657 maris
1361 5601 1661 5672 Adriatici,
1696 5618 1809 5661 non
1841 5602 2011 5676 longe
2041 5621 2075 5661 a
2105 5603 2295 5661 littore
2330 5601 2639 5676 provincia
2675 5598 3116 5672 Forojuliensis.
