4086 6166
152 310 266 367 417

575 304 636 365 S.
684 302 1057 365 GREGORII
1105 301 1351 363 MAGNI
1399 298 1602 368 VITA,
1649 296 1751 357 EX
1794 293 1986 355 EJUS
2032 293 2387 356 SCRIPTIS
2433 295 2883 356 ADOBNATA.
2928 296 3083 356 LIB.
3129 297 3235 360 IV.

3548 302 3667 363 418

149 446 211 500 de
241 459 349 515 quo
376 444 503 499 erat
523 439 933 509 controversia,
958 437 1225 511 quamvis
1255 436 1370 494 illis
1403 452 1519 493 non
1550 438 1838 505 compete-
1871 430 1923 498 Α
1956 432 2088 486 inde
2120 431 2344 489 discant
2391 433 2632 490 nimiam
2667 435 2736 490 de
2775 448 2881 489 suo
2912 435 3069 489 statu
3110 432 3479 492 securitatem
3510 438 3664 511 abji-

148 538 249 601 ret,
280 532 529 589 libenter
558 544 993 586 consessurum.

208 628 262 679 7.
299 620 725 689 Schismaticis,
759 619 837 675 uti
882 621 1007 690 jam
1058 618 1340 682 diximus,
1392 618 1684 674 accenseri
1728 631 1841 671 non

146 714 342 769 debere
373 711 769 766 Secundinum
804 707 1158 764 monachum
1190 707 1290 779 qui
1322 712 1519 762 tamen
1546 705 1724 760 trium
1757 721 1845 760 ca-

146 801 454 875 pitulorum
496 798 854 855 damnationi
887 814 1000 853 non
1033 804 1429 865 consenserat,
1470 795 1556 852 vel
1588 812 1654 851 ex
1685 794 1840 865 epis-

146 893 255 950 tola
305 893 413 949 hoc
458 908 611 946 anno
662 890 733 945 ad
768 891 962 960 ipsum
1012 889 1225 959 scripta
1273 888 1416 944 satis
1471 886 1841 957 intelligitur.

143 984 273 1052 (Lib.
307 999 383 1051 ix,
409 998 498 1052 ep.
546 980 660 1051 52).
694 980 903 1051 Magna
950 984 1076 1034 erat
1111 978 1428 1033 Secundini
1475 978 1648 1043 fama,
1692 993 1837 1048 prae-

143 1074 334 1128 sertim
382 1071 439 1125 in
473 1070 609 1126 aula
639 1069 788 1141 regis
820 1068 1354 1139 Langobardorum,
1386 1072 1443 1122 et
1473 1068 1623 1137 apud
1654 1067 1843 1122 Theo-

144 1162 426 1217 delindam
462 1176 697 1217 summa
746 1159 1082 1225 auctoritas,
1118 1158 1190 1214 ob
1240 1158 1428 1229 ipsius
1460 1156 1840 1213 eruditionem

143 1257 191 1306 et
234 1251 628 1306 sanctitatem.
682 1247 844 1305 Unde
883 1247 1064 1303 voluit
1094 1247 1296 1319 regina
1333 1251 1397 1302 ut
1437 1246 1624 1301 filium
1671 1262 1839 1302 suum

142 1340 519 1397 Adaloaldum
552 1356 582 1394 e
631 1339 788 1394 fonte
835 1354 997 1393 sacro
1048 1338 1392 1408 susciperet,
1430 1336 1609 1393 Paulo
1651 1353 1839 1393 rerum

142 1430 706 1502 Langobardicarum
774 1427 1057 1498 scriptore
1092 1431 1235 1483 teste
1266 1426 1427 1497 (Hist.
1472 1427 1641 1495 Lang.
1678 1425 1719 1481 ι.
1765 1444 1841 1495 1v,

140 1538 179 1576 c.
207 1520 321 1588 26),
343 1518 495 1590 apud
519 1532 688 1587 quem
714 1520 947 1572 vocatur
974 1518 1060 1586 (a)
1090 1514 1390 1583 Secundus,
1414 1532 1608 1572 servus
1632 1516 1844 1572 Christi

137 1610 195 1665 de
221 1607 494 1663 Tridento.
516 1605 578 1659 In
610 1603 989 1675 inscriptione
1012 1603 1267 1675 epistolae
1297 1604 1513 1659 dicitur
1535 1604 1836 1674 inclusus;

135 1703 186 1753 et
215 1713 283 1753 ex
321 1695 577 1767 epistolae
626 1694 772 1749 serie
821 1692 917 1747 ubi
960 1694 1348 1749 monomachus
1380 1694 1732 1767 appellatur,
1766 1698 1838 1751 ob

1953 535 2100 587 cere,
2152 525 2209 577 et
2268 537 2334 577 ex
2382 526 2451 578 ea
2515 524 2675 579 nasci
2718 522 2949 579 solitam
2996 522 3322 579 socordiam
3372 535 3669 598 excutere,

1954 612 2272 685 majoriquc
2312 621 2510 670 contra
2557 614 2803 670 latentes
2843 613 3028 671 hostis
3077 615 3326 672 insidias
3375 619 3661 677 excubare

1951 702 2271 774 vigilantia.

2020 792 2073 845 9.
2126 792 2193 848 At
2235 792 2294 848 in
2332 793 2447 849 ﬁne
2487 792 2728 849 laudatas
2777 792 3036 864 epistolae
3078 795 3326 851 occurrit
3382 798 3545 855 locus
3593 799 3665 855 de

1950 877 2326 951 imaginibus,
2362 882 2528 952 cujus
2575 882 2877 939 occasione
2919 882 3063 954 quid
3122 885 3375 941 senserit
3408 886 3468 941 S.
3520 888 3663 943 Gre;

1951 972 2145 1041 gorius
2178 974 2248 1029 de
2278 990 2573 1029 sacrarum
2606 973 2929 1046 imaginum
2962 991 3072 1031 usu
3098 978 3153 1030 et
3173 976 3333 1032 cultu
3355 978 3664 1050 inquiren-

1952 1063 2089 1117 dum
2139 1070 2191 1117 et
2258 1064 2702 1135 expendendum
2756 1079 3084 1120 censemus.
3149 1065 3482 1123 Postularat
3532 1068 3665 1140 pius

1953 1152 2271 1207 monachus
2304 1170 2337 1208 a
2368 1153 2643 1225 pontiﬁce
2676 1158 2907 1209 sanctas
2943 1154 3249 1226 imagines,
3301 1156 3394 1211 cui
3439 1172 3661 1213 morem

1949 1257 2156 1312 gerens
2188 1241 2348 1297 misit
2377 1245 2650 1298 surlarias
2684 1244 2822 1298 duas
2858 1246 3161 1313 imaginem
3207 1247 3302 1300 Dei
3329 1246 3660 1313 Saluatoris,

1949 1336 2002 1386 et
2022 1337 2227 1387 sanctae
2266 1332 2361 1386 Dei
2387 1335 2674 1403 genitricis
2706 1333 2928 1398 Marias,
2964 1334 3356 1406 beatorumque
3382 1338 3665 1408 apostolo-

1952 1435 2075 1475 rum
2113 1421 2264 1475 Petri
2300 1428 2353 1475 et
2396 1422 2559 1477 Pauli
2597 1425 2954 1479 continentes.
3016 1424 3450 1481 Praemonuerat
3493 1426 3666 1483 disci-

1951 1507 2158 1579 pulum
2189 1510 2260 1563 de
2282 1524 2391 1564 usu
2426 1509 2750 1581 imaginum
2776 1512 2866 1566 his
2896 1511 3085 1568 verbis
3111 1528 3124 1568 :
3153 1512 3336 1569 Valde
3374 1514 3531 1571 nobis
3568 1522 3665 1571 tua

1945 1599 2245 1668 postulatio
2285 1599 2534 1670 placuit:
2564 1602 2699 1670 quia
2737 1601 2900 1656 illum
2948 1606 3059 1657 toto
3110 1603 3289 1670 corde,
3332 1606 3445 1660 tota
3480 1605 3662 1660 inlen-

1947 1689 2093 1741 tione
2121 1690 2351 1759 qua3ris,
2391 1690 2550 1759 cujus
2580 1688 2883 1758 imaginem
2927 1704 3052 1762 pra
3073 1690 3252 1746 oculis
3299 1692 3503 1747 habere
3530 1693 3666 1748 desi-

136 1786 446 1843 ςοιῑιειιιίειω
479 1800 658 1855 quam
689 1782 915 1839 colebat
937 1783 1136 1848 vitam,
1158 1782 1343 1853 liquet
1372 1784 1563 1855 ipsum
1588 1801 1702 1840 non
1735 1802 1843 1841 σω-
1877 1811 1920 1874 Β
1951 1774 2127 1843 deras,
2159 1786 2219 1832 ut
2246 1785 2298 1833 te
2327 1780 2467 1834 visio
2514 1780 2816 1850 corporalis
2862 1780 3187 1852 quotidiana
3226 1781 3418 1837 reddat
3455 1784 3667 1838 exerci-

138 1874 414 1939 uobitam,
457 1872 558 1927 sed
590 1872 890 1926 eremitam
931 1875 986 1925 et
1030 1871 1433 1926 anachoretam
1478 1871 1673 1928 fuisse.
1712 1874 1845 1945 Ejus

138 1969 321 2019 autem
346 1960 699 2017 reclusionis
722 1959 1013 2015 districtio
1048 1964 1209 2015 tanta
1242 1977 1354 2016 non
1375 1966 1518 2029 erat,
1550 1967 1613 2017 ut
1643 1979 1672 2019 e
1699 1963 1845 2019 cella

137 2052 318 2125 egredi
352 2068 470 2107 non
505 2050 727 2117 liceret,
760 2055 863 2105 aut
893 2050 1067 2103 etiam
1101 2050 1170 2104 de
1200 2049 1572 2121 gravissimis
1600 2052 1845 2124 negotiis

135 2146 394 2198 tractare.
468 2139 695 2196 Profert
725 2138 1102 2195 Mabillonius
1164 2139 1496 2212 exemplum
1563 2142 1847 2214 Sigoberti

134 2231 339 2288 reclusi
390 2230 546 2302 apud
590 2230 649 2285 S.
697 2229 1061 2302 Dionysium,
1114 2229 1173 2285 in
1205 2247 1342 2302 agro
1386 2231 1698 2299 Parisiaoo,
1744 2233 1843 2305 qui

138 2336 263 2376 cum
283 2318 583 2387 Grimone,
604 2318 810 2373 abbate
824 2316 1152 2374 Corbeiensi
1176 2319 1244 2373 ad
1264 2319 1609 2391 Gregorium
1634 2338 1843 2392 papam

132 2426 198 2465 eo
224 2407 460 2464 nomine
510 2414 805 2479 quartum,
840 2423 873 2461 a
903 2404 1122 2473 Carolo,
1178 2407 1530 2464 Francorum
1565 2410 1846 2482 principe,

138 2498 357 2554 missus
388 2500 477 2551 est
507 2496 674 2569 (Ann.
719 2496 947 2561 Bened.,
977 2511 1117 2566 pag.
1148 2496 1297 2567 252).
1329 2497 1467 2553 Cum
1510 2498 1700 2555 adhuc
1734 2498 1847 2555 he-

135 2592 288 2643 reret
318 2587 416 2657 pia
455 2586 679 2657 regina,
726 2590 782 2640 et
812 2585 1025 2642 adduci
1080 2603 1193 2641 non
1256 2588 1540 2655 potuisset
1585 2588 1845 2660 Gregorii

135 2676 644 2733 adhortationibus
689 2680 790 2731 aut
833 2676 1105 2747 precibus
1146 2681 1211 2733 ut
1236 2678 1415 2731 trium
1457 2679 1845 2748 capitulorum

133 2767 572 2822 damnationem
618 2764 1085 2837 amplecteretur,
1136 2766 1523 2834 Secundinus,
1574 2768 1673 2840 qui
1721 2786 1848 2825 cum

135 2856 263 2927 ipsa
295 2857 447 2912 idem
480 2855 786 2921 sentiebat,
819 2854 1086 2912 libellum
1120 2856 1358 2927 scripsit
1388 2874 1499 2927 quo
1522 2875 1689 2914 suam
1721 2863 1845 2917 tue-

134 2947 309 3001 batur
336 2945 711 3011 sententiam,
748 2946 1085 3016 rogavitque
1125 2945 1469 3017 Gregorium
1501 2947 1851 3005 Theodelin~

137 3035 229 3099 da,
261 3038 322 3089 ut
354 3034 427 3089 ad
453 3033 690 3106 singula
717 3032 894 3088 libelli
926 3035 997 3089 ad
1032 3051 1145 3090 sea
1175 3035 1506 3092 Secundino
1540 3038 1704 3093 missi
1738 3055 1853 3096 res.

141 3124 420 3193 penderet
461 3127 824 3195 argumenta.
878 3123 1233 3194 Deprecatus
1273 3129 1360 3180 est
1397 3124 1555 3182 hunc
1592 3126 1842 3186 laborem

143 3213 447 3285 Gregorius
486 3213 559 3269 ob
608 3214 871 3285 podagrae
920 3213 1147 3269 dolores
1184 3214 1283 3285 qui
1334 3230 1465 3270 eum
1500 3218 1847 3276 decumbere

142 3302 440 3371 cogebant,
473 3305 532 3355 et
554 3302 626 3356 ab
653 3302 811 3356 omni
846 3300 1250 3357 lucubratione
1282 3303 1492 3361 feriari.
1529 3305 1632 3361 Sed
1661 3309 1711 3362 si
1729 3324 1848 3363 om-

145 3392 419 3462 nipotente
493 3390 599 3446 Deo
673 3390 1007 3461 disponente,
1067 3392 1419 3461 convaluero,
1495 3393 1706 3468 inquit,
1781 3398 1849 3454 ad

146 3486 335 3535 cuncta
407 3494 532 3551 quae
600 3479 741 3534 mihi
808 3480 1025 3550 scripsit
1092 3480 1509 3552 (Secundinus)
1568 3486 1851 3544 subtiliter

146 3568 473 3641 respondebo
540 3568 684 3639 (Lib.
731 3585 846 3630 xxv,
910 3585 995 3641 ep.
1049 3570 1155 3641 12).
1217 3570 1279 3626 Id
1339 3576 1530 3629 tamen
1576 3582 1851 3646 praestare

146 3659 522 3715 sanctissimo
553 3658 781 3715 Doctori
814 3675 1114 3730 nunquam
1147 3658 1311 3716 licuit
1359 3662 1431 3716 ob
1465 3663 1732 3722 assiduas
1765 3669 1851 3723 in-

145 3748 467 3804 ﬁrmitates.

212 3838 268 3893 8.
304 3836 414 3891 Diu
436 3840 568 3892 ante
600 3835 857 3891 libellum
893 3835 1066 3903 hunc,
1102 3838 1156 3891 in
1190 3854 1301 3909 quo
1330 3839 1399 3894 de
1421 3840 1530 3896 ﬁde
1561 3845 1854 3917 rebusque

144 3926 562 3982 ecclesiasticis
588 3926 921 3997 disputabat
952 3928 1080 3998 pius
1101 3926 1195 3982 ille
1229 3928 1573 3998 monachus,
1603 3936 1854 4007 scripse-

147 4016 234 4067 rat
284 4012 355 4065 ad
388 4010 446 4064 S.
502 4010 865 4084 Gregorium,
901 4015 970 4068 ab
1011 4014 1137 4085 ipso
1178 4015 1478 4086 postulans
1504 4021 1758 4091 erudiri,
1799 4029 1855 4080 et

147 4110 345 4158 contra
400 4101 588 4157 hostis
618 4104 862 4159 insidias
909 4105 1035 4175 ejus
1086 4107 1323 4161 monitis
1368 4109 1600 4165 muniri.
1644 4111 1764 4175 Qua
1794 4115 1853 4169 in

145 4191 397 4263 epistola
424 4190 635 4246 humili
682 4198 987 4264 aperuerat
1030 4194 1414 4266 confessione,
1457 4215 1519 4253 se
1589 4203 1857 4271 quamvis

148 4281 654 4353 quinquagenario
686 4283 988 4355 majorem,
1024 4283 1377 4354 juvenilibus
1408 4288 1596 4343 adhuc
1628 4290 1855 4348 deside-

147 4371 254 4428 riis
284 4372 469 4427 teneri
504 4376 562 4427 et
591 4373 908 4444 subiacere.
943 4374 1358 4431 Molestissime
1390 4378 1445 4431 id
1480 4379 1761 4437 ferentem
1794 4399 1857 4438 ac

147 4477 294 4530 pene
340 4462 542 4516 animo
582 4461 1036 4535 despondentem
1084 4464 1247 4535 erigit
1300 4466 1685 4534 peritissimus
1728 4471 1857 4527 vitae

1954 1869 2134 1920 totum
2165 1885 2183 1921 :
2215 1872 2273 1922 ut
2324 1868 2453 1922 dum
2482 1871 2756 1939 picturam
2784 1870 2945 1925 illius
2972 1870 3144 1935 vides,
3192 1870 3263 1925 ad
3292 1872 3453 1927 illum
3480 1874 3667 1927 animo

1954 1955 2289 2024 inardescas,
2350 1959 2507 2029 cujus
2552 1959 2853 2029 imaginem
2915 1959 3093 2016 videre
3119 1959 3414 2016 desideras.
3462 1962 3529 2017 Et
3578 1963 3670 2017 in-

1956 2045 2077 2099 fra:
2130 2045 2248 2102 Scio
2290 2048 2514 2118 quidem
2574 2047 2715 2119 quod
2761 2050 3060 2118 imaginem
3115 2049 3427 2105 Salvatoris
3486 2051 3671 2107 nostri

1957 2150 2066 2190 non
2108 2135 2226 2191 ideo
2282 2139 2447 2207 petis,
2487 2144 2546 2191 ut
2596 2137 2756 2207 quasi
2804 2138 2973 2193 Deum
3022 2138 3193 2204 colas,
3226 2139 3333 2206 sed
3369 2140 3438 2195 ob
3486 2157 3668 2197 recor-

1954 2225 2240 2281 dationem
2286 2227 2396 2295 ﬁlii
2443 2228 2539 2282 Dei
2585 2229 2645 2284 in
2683 2229 2800 2299 ejus
2873 2244 3060 2284 amore
3138 2230 3455 2298 recalescas,
3506 2234 3669 2299 cuius

1953 2318 2005 2369 te
2053 2313 2362 2385 imaginem
2430 2316 2614 2371 videre
2663 2316 2957 2373 desideras.
3005 2319 3067 2372 Et
3123 2333 3223 2373 nos
3270 2319 3495 2388 quidem
3549 2337 3666 2376 non

1956 2405 2119 2475 quasi
2165 2413 2293 2460 ante
2331 2404 2681 2462 divinitatem
2739 2416 2869 2463 ante
2917 2404 3083 2462 illam
3132 2410 3526 2478 prosternitur,
3572 2409 3669 2466 sed

1956 2494 2117 2548 illum
2163 2492 2457 2550 adoramus
2500 2510 2657 2566 quem
2700 2511 2799 2566 per
2844 2498 3140 2567 imaginem
3181 2502 3281 2552 aut
3317 2507 3530 2569 natum,
3569 2506 3670 2555 aut

1956 2599 2199 2655 possum,
2222 2583 2315 2639 sed
2342 2592 2394 2640 et
2424 2585 2485 2639 in
2516 2585 2716 2639 throno
2744 2584 3015 2640 sedentem
3038 2587 3422 2642 recordamur.
3449 2589 3514 2643 Et
3535 2588 3666 2644 dum

1957 2674 2114 2728 nobis
2143 2674 2259 2743 ipsa
2278 2675 2497 2743 pictura
2517 2673 2680 2744 quasi
2699 2675 2976 2745 scriptura
3003 2674 3075 2730 ad
3102 2676 3428 2732 memoriam
3459 2678 3663 2733 Filium

1955 2765 2055 2820 Dei
2074 2764 2306 2829 reducit,
2338 2768 2586 2820 animum
2616 2768 2865 2822 nostrum
2895 2770 2996 2821 aut
3045 2766 3108 2821 de
3140 2769 3539 2824 resurrectione
3566 2767 3663 2824 lar-

1958 2854 2159 2923 tiﬁcat,
2182 2862 2277 2910 aut
2307 2854 2372 2910 de
2401 2857 2653 2926 passione
2684 2855 2970 2911 demulcet.
2999 2854 3100 2910 Hic
3132 2855 3413 2912 habemus
3435 2873 3664 2913 omnem

1961 2945 2031 2999 de
2084 2960 2193 2999 usu
2230 2943 2511 3017 cultuque
2538 2944 2860 3013 imaginum
2892 2944 3159 3000 Ecclesia
3191 2945 3493 3003 catholicis
3524 2948 3668 3003 doc-

1963 3035 2173 3091 trinam
2201 3054 2214 3104 ;
2243 3040 2301 3091 et
2331 3038 2514 3107 ipsam
2548 3041 2680 3092 ante
2703 3036 2835 3091 illas
2877 3037 3341 3106 prostrationem.
3374 3040 3569 3109 Neque
3596 3040 3667 3095 de

1914 3162 1923 3197 vl
1964 3123 2069 3179 hac
2120 3130 2279 3192 parte
2327 3124 2576 3181 laudatae
2615 3123 2871 3197 epistolas
2917 3125 3170 3197 amplius
3215 3125 3664 3197 disputandum,

1932 3214 1939 3217 ⁴
1964 3218 2269 3285 postquam
2302 3231 2428 3271 eam
2460 3215 2735 3285 Gregorio
2762 3215 2977 3271 nostris
3005 3215 3065 3270 in
3098 3216 3251 3272 notis
3280 3215 3665 3274 vindicamus.

1963 3305 2241 3360 Praeterea
2272 3304 2428 3360 idem
2452 3304 2619 3359 docet
2651 3303 3068 3360 sanctissimus
3091 3305 3254 3361 Pater
3274 3303 3404 3360 aliis
3434 3304 3495 3360 in
3525 3305 3668 3362 locis

1963 3392 2326 3449 indubitatis.
2375 3394 2440 3449 ln
2494 3393 2735 3464 epistola
2775 3394 2844 3448 ad
2893 3393 3235 3449 Januarium
3287 3393 3461 3465 paulo
3501 3397 3671 3451 antea

1966 3483 2280 3554 scripserat
2332 3489 2459 3540 uta
2490 3500 2787 3557 synagoga
2832 3484 3170 3539 Judaeorum
3216 3500 3359 3540 crux
3396 3496 3452 3540 et
3483 3486 3670 3558 imago

1964 3572 2063 3628 Dei
2096 3574 2415 3645 genitricis,
2446 3590 2571 3629 cum
2599 3590 2663 3629 ea
2692 3591 2799 3644 qua
2826 3572 3053 3644 dignum
3082 3579 3166 3630 est
3193 3575 3539 3631 veneratione
3564 3592 3671 3630 au-

1969 3664 2258 3718 ferrentur
2279 3663 2421 3734 (Lib.
2447 3679 2524 3731 ιι,
2557 3680 2644 3734 ep.
2667 3664 2744 3733 6).

2042 3752 2126 3806 10.
2193 3752 2391 3823 Neque
2448 3769 2580 3807 vero
2658 3768 2784 3823 quae
2853 3752 3025 3820 paulo
3102 3756 3230 3823 post
3290 3752 3524 3824 scripsit
3599 3755 3673 3811 ad

1970 3844 2274 3908 Serenum,
2324 3842 2655 3912 episcopum
2700 3841 3143 3909 Massiliensem,
3196 3841 3481 3912 imagines
3535 3842 3674 3913 qui-

1971 3933 2104 3987 dem
2138 3949 2249 3987 non
2283 3947 2407 3986 esse
2440 3932 2809 4002 frangendas,
2844 3940 2940 3986 aut
2972 3947 3040 3985 ex
3086 3930 3341 3985 ecclesiis
3365 3932 3675 4002 projieien-

1972 4025 2100 4088 das,
2152 4024 2269 4078 imo
2317 4023 2509 4093 potius
2577 4023 2634 4076 in
2687 4021 2916 4092 templis
2988 4020 3303 4087 habendas,
3365 4028 3427 4077 ut
3474 4022 3535 4077 hi
3578 4024 3680 4094 qui

1973 4112 2182 4168 litteras
2228 4112 2510 4178 nesciunt,
2540 4111 2734 4167 saltem
2763 4112 2823 4166 in
2866 4110 3175 4181 parietibus
3224 4108 3453 4166 videndo
3494 4111 3677 4181 legant

1970 4218 2097 4275 quae
2141 4204 2319 4274 legere
2348 4205 2407 4256 in
2436 4201 2708 4258 codicibus
2740 4216 2850 4257 non
2882 4200 3102 4261 calent;
3141 4204 3200 4254 at
3258 4199 3499 4257 minime
3539 4200 3685 4258 ado-‘

1972 4292 2223 4360 randas;
2256 4292 2396 4357 haec,
2429 4291 2687 4361 inquam,
2723 4288 3147 4345 venerationem
3191 4287 3552 4359 imaginibus
3587 4290 3681 4345 de-

1973 4382 2150 4437 bitam
2187 4397 2300 4436 non
2336 4380 2549 4436 tollunt
2571 4384 2671 4435 aut
2703 4381 3074 4451 impugnant,
3109 4379 3205 4433 sed
3238 4378 3518 4434 damnant
3569 4379 3684 4435 ico-

1973 4473 2249 4537 nolatras,
2281 4489 2379 4528 eos
2412 4472 2675 4528 videlicet
2704 4472 2801 4543 qui
2842 4470 3157 4542 imaginem
3191 4473 3346 4543 quasi
3400 4472 3572 4527 Deum
3600 4489 3683 4529 co-

151 4550 405 4606 ccelestis
439 4552 731 4621 magister,
763 4551 849 4608 illi
879 4554 1237 4623 respondens
1270 4555 1484 4612 mirum
1517 4573 1630 4614 non
1662 4576 1790 4617 esse
1813 4562 1859 4618 si
1897 4559 1937 4622 D
1970 4566 2108 4630 lunt,
2162 4568 2226 4619 ut
2270 4580 2448 4636 supra
2496 4563 2743 4636 legimus
2789 4562 2846 4616 in
2878 4560 3121 4632 epistola
3144 4562 3215 4617 ad
3258 4562 3680 4623 Secundinum.

155 4640 409 4709 majores
429 4640 672 4696 insidias
722 4641 914 4697 callidi
948 4643 1136 4698 hostis
1186 4646 1454 4714 patiatur,
1490 4648 1585 4717 qui
1642 4651 1863 4721 majora

155 4733 357 4784 contra
395 4745 529 4785 eum
573 4731 721 4786 bella
768 4733 1140 4803 praeparavit:
1201 4734 1366 4789 Tanto
1396 4736 1599 4806 quippe
1645 4739 1742 4794 ille
1771 4741 1863 4798 de-

155 4820 421 4888 eeptionis
463 4820 753 4875 molimina
782 4820 1068 4876 ardentius
1105 4821 1371 4893 exquirit,
1406 4823 1610 4893 inquit,
1659 4840 1863 4899 quanto

160 4908 205 4959 te
232 4911 436 4963 calesti
480 4912 677 4979 patriae
710 4912 1013 4979 ferventius
1054 4912 1274 4967 inhiare
1307 4918 1650 4981 cognoscit...
1676 4919 1739 4975 Et
1770 4939 1867 4979 nos

160 4998 376 5065 quidem
414 5000 516 5070 qui
544 5002 695 5055 inter
726 5001 974 5057 homines
1012 5003 1267 5070 vivimus,
1310 5018 1457 5075 sape
1493 5022 1589 5075 per
1619 5007 1867 5070 homines

160 5102 192 5140 a
241 5089 435 5144 callido
480 5090 629 5146 hoste
666 5096 964 5147 tentamur.
1029 5094 1133 5148 Vos
1181 5100 1367 5149 autem
1415 5098 1515 5165 qui
1556 5100 1696 5155 viam
1738 5104 1869 5162 vita

156 5181 460 5250 praesentis,
494 5185 662 5235 extra
695 5181 983 5238 hominum
1024 5185 1398 5255 frequentiam
1445 5189 1668 5259 ducitis,
1720 5202 1869 5251 tanto

1968 4654 2027 4709 Id
2072 4653 2253 4725 liquet
2302 4670 2370 4709 ex
2419 4653 2560 4724 ipsis
2608 4652 2865 4723 Gregorii
2911 4653 2978 4708 ad
3031 4650 3315 4708 Serenum
3365 4653 3677 4710 scribentis

1968 4743 2199 4798 verbis:
2234 4744 2586 4798 Fraternitas
2630 4744 2807 4798 vestra
2837 4740 3097 4811 quosdam
3138 4740 3449 4812 imaginum
3490 4745 3686 4799 adora-

1971 4840 2110 4888 tores
2148 4831 2443 4902 aspiciens,
2477 4830 2693 4886 easdem
2727 4833 2783 4886 in
2816 4829 3061 4885 ecclesiis
3097 4831 3366 4901 imagines
3405 4829 3685 4899 confregit

1970 4926 2131 4993 atque
2174 4922 2420 4993 projecit.
2474 4921 2538 4975 Et
2582 4920 2800 4991 quidem
2846 4921 3027 4975 zelum
3075 4935 3185 4984 vos,
3234 4934 3303 4975 ne
3341 4918 3473 4989 quid
3513 4934 3686 4972 manu

1968 5012 2185 5085 factum
2208 5012 2435 5068 adorari
2459 5020 2649 5083 posset,
2683 5010 2936 5065 habuisse
2975 5008 3341 5072 laudavimus,
3392 5005 3484 5060 sed
3518 5008 3685 5074 fran-

1970 5117 2096 5171 gere
2134 5102 2346 5158 easdem
2378 5102 2647 5172 imagines
2678 5116 2787 5155 non
2832 5097 3077 5155 debuisse
3106 5094 3440 5152 indicamus.
3474 5094 3689 5151 Subdit

1974 5208 2099 5262 qua
2126 5192 2247 5261 jam
2279 5208 2348 5246 ex
2383 5196 2544 5263 parte
2581 5189 2913 5256 retulimus,
2955 5184 3244 5255 imagines
3283 5181 3507 5239 litteras
3550 5200 3686 5241 nes-

159 5270 378 5337 majora
406 5273 714 5327 certamina
739 5274 862 5342 pati
891 5290 1102 5331 necesse
1139 5284 1237 5343 est,
1277 5287 1483 5349 quanto
1512 5281 1586 5336 ad
1636 5298 1725 5338 vos
1756 5284 1873 5356 ipse
1973 5281 2250 5337 cientium
2296 5281 2521 5337 codices
2554 5293 2702 5344 esse,
2754 5277 2814 5331 in
2847 5274 3061 5347 quibus
3092 5272 3287 5346 legant
3337 5276 3395 5329 et
3436 5273 3685 5343 discant,

158 5359 531 5416 tentationum
599 5363 865 5431 magister
905 5363 1131 5419 accedit.
1204 5366 1418 5423 Caetera
1466 5370 1672 5427 omitto
1734 5391 1871 5431 sane
1977 5388 2102 5443 qua
2125 5388 2193 5426 ex
2215 5368 2379 5425 libris
2412 5368 2711 5423 addiscere
2745 5380 2853 5421 non
2886 5370 3150 5436 possunt.

158 5445 395 5515 eximia,
440 5456 497 5506 et
534 5451 792 5507 maxima
828 5467 861 5506 a
902 5451 1203 5510 Monachis
1242 5456 1475 5514 assidue
1514 5457 1778 5531 legenda,
1815 5468 1874 5519 ut

2053 5461 2197 5515 Cum
2218 5460 2471 5515 Serenus
2502 5456 2965 5513 admonitionem
2988 5453 3209 5510 summi
3238 5452 3490 5525 pastoris
3518 5453 3690 5510 insu-

225 5669 509 5794 gtirldgﬂ
530 5670 1502 5794 ggulqslg’oclqtigfg-m‘gistoriam
1553 5682 2063 5755 Langobardorum
2097 5680 2509 5754 compendiose
2553 5678 2960 5754 elucubrasse,
2984 5684 3084 5742 lib.
3121 5703 3206 5757 Ill,
3238 5685 3307 5743 de
3331 5683 3527 5745 Gestis
3561 5684 3683 5746 Lan

154 5738 364 5810 gobar.
402 5758 509 5813 cap
540 5738 629 5811 30,
655 5748 710 5798 et
740 5742 841 5802 lib.
875 5762 949 5817 tv,
983 5738 1110 5819 cap.
1153 5748 1242 5807 42,
