4086 6166
428 252 545 313 419

858 252 923 327 S.
969 247 1347 314 GREGORII
1393 252 1640 313 MAGNI
1686 252 1901 319 VITA,
1950 254 2046 312 EX
2094 253 2281 318 EJUS
2327 254 2677 317 SCRIPTIS
2723 257 3177 319 ADORNATA.
3223 256 3372 319 LIB.
3416 258 3518 319 IV.

3830 257 3955 317 420

424 408 527 466 per
556 391 876 460 habuisset,
935 390 1110 447 aliam
1162 390 1213 447 is
1237 389 1543 462 epistolam
1593 388 1849 460 scripsit,
1891 406 2004 462 qua
2034 389 2120 462 ip-
2152 395 2207 462 Α
2311 392 2395 447 12.
2428 397 2483 447 8.
2519 393 2777 465 Gregorii
2811 408 2977 450 mens
3007 410 3145 466 erga
3175 393 3397 450 cultum
3430 396 3767 450 sanctarum
3794 392 3949 449 ima-

425 483 551 541 sius
580 488 793 540 temere
823 483 1040 539 factum
1074 481 1266 537 acrius
1315 479 1671 551 increpavit:
1707 480 2011 547 Perlatum,
2045 480 2138 536 in-

423 573 567 645 quit,
601 573 671 628 ad
689 588 786 628 nos
809 576 1018 639 luerat,
1050 570 1193 643 quod
1222 568 1629 625 inconsiderato
1661 568 1783 624 zelo
1821 584 2135 640 succensus,

422 668 741 719 sanctorum
788 663 1059 730 imagines
1106 659 1205 715 sub
1253 660 1356 714 hac
1414 660 1572 730 quasi
1635 662 2007 727 excusatione,
2067 678 2138 717 ne

420 752 646 809 adorari
686 751 1018 819 debuissent,
1066 748 1424 820 confregeris.
1482 750 1546 805 Et
1592 748 1813 821 quidem
1861 750 1992 821 quia
2044 764 2135 805 eas

417 844 648 900 adorari
676 844 936 899 vetuisses
972 843 1198 896 omnino
1233 838 1603 908 laudavimus,
1634 841 1862 910 fregisse
1892 855 2016 896 vero
2045 856 2132 896 re-

417 932 831 1006 prehendimus.
880 930 996 998 Dic,
1026 933 1227 999 frater,
1260 946 1294 985 a
1325 945 1426 1001 quo
1463 934 1673 1000 factum
1713 929 1988 986 sacerdote
2018 931 2132 986 ali-

416 1023 642 1096 quando
692 1019 850 1077 285
885 1021 1138 1076 auditum
1179 1027 1254 1075 est
1291 1019 1435 1091 quod
1470 1020 1674 1091 fecisti.
1707 1022 1771 1076 Si
1810 1036 1921 1075 non
1952 1020 2128 1087 aliud,

414 1114 499 1168 vel
530 1111 671 1168 illud
714 1115 765 1167 te
795 1126 904 1165 non
935 1110 1130 1166 debuit
1160 1125 1431 1177 revocare,
1463 1117 1523 1166 ut
1559 1109 1819 1181 despectis
1856 1110 1981 1165 aliis
2008 1112 2132 1181 fra-

416 1204 615 1269 tribus,
658 1202 836 1258 solum
879 1210 927 1257 te
970 1208 1220 1257 sanctum
1253 1205 1308 1257 et
1340 1217 1454 1257 esse
1494 1205 1741 1257 crederes
1770 1204 2074 1273 sapientem
2106 1207 2132 1257 .9

416 1293 577 1351 Aliud
623 1301 703 1349 est
751 1294 900 1349 enim
948 1291 1227 1364 picturam
1276 1294 1540 1359 adorare,
1572 1292 1730 1347 aliud
1758 1308 1859 1364 per
1882 1292 2128 1364 picturae

415 1385 706 1440 historiam
761 1384 857 1454 qui
901 1384 978 1438 sit
1017 1382 1361 1437 adorandum
1410 1382 1709 1438 addiscere.
1765 1382 1916 1438 Infra
1960 1384 2129 1439 docet

412 1480 738 1532 vetustatem
758 1490 873 1529 non
900 1474 1025 1529 sine
1047 1473 1268 1529 ratione
1291 1473 1578 1544 imagines
1609 1472 1939 1529 admisisse.
1964 1473 2125 1529 Unde

412 1567 495 1624 ait
514 1565 713 1623 Serani
738 1565 965 1621 facinus
976 1563 1390 1635 gravissimum
1415 1564 1473 1619 in
1496 1564 1752 1619 Ecclesia
1773 1564 2119 1620 scandalum

409 1672 742 1729 generasse,
782 1654 862 1710 ita
884 1658 947 1710 ut
980 1652 1235 1710 maxima
1265 1653 1515 1723 ﬁliorum
1546 1655 1670 1723 ejus
1721 1670 1854 1725 pars
1887 1654 1958 1709 ab
1993 1655 2120 1725 ejus

410 1743 824 1803 communione
852 1758 912 1798 se
942 1741 1367 1813 suspendisset.
1402 1742 1644 1798 Proinde
1683 1743 1993 1811 hortamur,
2024 1743 2116 1798 in-
2147 1755 2196 1822 B

408 1833 555 1906 quit,
588 1841 647 1888 ut
686 1833 771 1888 cel
799 1848 950 1887 nunc
975 1831 1190 1887 studeas
1210 1846 1325 1887 esse
1354 1831 1645 1893 sollicitus,
1668 1836 1830 1904 atque
1859 1833 1925 1886 ab
1946 1832 2048 1887 hac
2068 1842 2119 1888 te

404 1922 841 1997 przsumptione
887 1936 1213 1993 compescas,
1262 1928 1312 1977 et
1348 1936 1533 1977 eorum
1563 1919 1778 1976 animos
1809 1937 1940 1992 quos
1968 1938 2002 1976 a
2023 1929 2116 1976 tua

407 2015 703 2086 disjunctos
741 2013 957 2068 unitate
993 2012 1295 2082 cognoscis,
1328 2018 1562 2083 paterna
1601 2012 1673 2067 ad
1713 2020 1764 2067 te
1801 2011 2113 2080 dulcedine,

406 2104 559 2163 omni
590 2102 813 2171 adnisu,
854 2102 1106 2173 omnique
1150 2101 1330 2157 studio
1360 2116 1608 2157 revocare
1631 2103 1874 2169 festines.
1911 2100 2112 2156 Convo-

403 2194 569 2252 eandi
604 2193 754 2249 enim
783 2195 907 2247 sunt
933 2191 1170 2262 dispersi
1201 2191 1453 2248 Ecclesiae
1492 2192 1623 2261 ﬁlii,
1655 2192 1839 2262 eisque
1869 2190 2112 2263 Scriptu-

404 2300 487 2343 ree
510 2300 681 2341 sacrm
700 2286 779 2340 est
799 2282 1129 2338 testimoniis
1150 2281 1561 2349 ostendendum,
1587 2283 1715 2353 quia
1737 2296 1894 2336 omne
1914 2297 2111 2336 manu-

401 2379 611 2445 factum
673 2374 898 2430 adorari
956 2388 1065 2429 non
1126 2371 1291 2434 licet;
1341 2373 1604 2443 quoniam
1678 2370 1943 2440 scriptum
2000 2379 2111 2427 est:

400 2464 692 2520 Dominum
755 2462 924 2518 Deum
970 2465 1126 2517 tuum
1186 2460 1462 2529 adorabis,
1514 2466 1565 2515 et
1626 2459 1716 2514 illi
1762 2458 1871 2515 soli
1914 2458 2114 2515 servies

402 2554 552 2626 (Luc.
596 2569 675 2621 ιν,
703 2553 781 2622 8).
840 2552 912 2607 Ac
948 2550 1143 2608 deinde
1186 2550 1648 2623 subjungendum,
1698 2551 1833 2622 quia
1872 2551 2115 2618 picturas

398 2642 710 2715 imaginum
725 2656 850 2716 qua
868 2641 941 2697 ad
959 2641 1375 2713 aediﬁcationem
1399 2641 1652 2713 imperiti
1679 2641 1869 2712 populi
1886 2645 2114 2711 fuerant

396 2737 581 2804 facta,
609 2742 670 2790 ut
695 2733 997 2789 nescientes
1020 2732 1261 2800 litteras,
1298 2733 1470 2803 ipsam
1503 2732 1795 2787 historiam
1827 2731 2111 2787 intenden-

388 2828 473 2880 tes
522 2824 653 2896 quid
698 2829 880 2878 actum
927 2822 999 2877 sit
1033 2821 1327 2887 discerent,
1360 2822 1491 2893 quia
1520 2824 1787 2876 transisse
1820 2823 1880 2876 in
1908 2823 2112 2877 adora-

395 2913 600 2969 tionem
644 2912 862 2968 videras
903 2912 1160 2967 :idcirco
1211 2915 1502 2967 commotus
1521 2926 1596 2977 es,
1631 2920 1689 2965 ut
1716 2926 1807 2967 eas
1837 2910 2112 2978 imagines

395 3001 587 3071 frangi
610 2998 942 3069 praecipere:
974 2998 1114 3070 (Lib.
1150 3016 1229 3066 x1,
1261 3015 1344 3069 ep.
1381 2999 1491 3069 13).
1536 3000 1611 3053 Ex
1644 2999 1734 3053 bis
1775 3004 2038 3057 constat:

471 3092 492 3142 1
510 3090 558 3143 1.
589 3087 801 3157 Primo,
824 3088 862 3143 S
882 3086 1243 3159 .Gregorium
1265 3087 1538 3143 laudasse
1562 3086 1889 3159 imaginum
1905 3105 2100 3156 usum,

397 3186 671 3249 tanquam
722 3176 1045 3247 antiquitus
1103 3177 1161 3231 in
1230 3176 1485 3232 Ecclesia
1539 3180 1858 3249 receptum.
1904 3178 2101 3249 Neque

400 3272 591 3323 tamen
617 3270 893 3338 putamus
913 3265 986 3320 ab
1007 3264 1150 3336 ipsis
1173 3263 1472 3336 religionis
1498 3265 2099 3323 Christianas-incuna-

390 3355 571 3421 bulis,
610 3371 766 3412 nunc
816 3354 1060 3427 ccepisse
1110 3370 1305 3423 usum,
1351 3370 1487 3411 cum
1536 3358 1592 3411 et
1631 3355 1848 3410 Judaeis
1898 3372 2099 3413 recens

392 3444 689 3502 conversis
738 3444 1066 3516 potuissent
1119 3443 1409 3515 imagines
1464 3460 1593 3500 esse
1668 3444 1996 3513 offensioni,
2042 3450 2098 3501 et

391 3535 651 3594 Gentiles
690 3551 878 3607 nuper
899 3535 1084 3592 factos
1107 3534 1468 3590 Christianos
1492 3536 1563 3589 ad
1586 3534 1973 3591 idololatriam
2006 3551 2093 3591 re-

388 3640 615 3680 vocare.
640 3622 753 3679 Sed
776 3624 874 3679 ubi
897 3622 1022 3679 sine
1046 3622 1304 3694 periculo
1338 3626 1648 3691 potuerunt
1677 3621 1876 3692 recipi,
1900 3622 2095 3677 statim

385 3714 524 3771 visa
556 3716 699 3768 sunt
744 3712 805 3767 in
837 3710 1109 3767 Ecclesiis
1142 3711 1389 3768 maxime
1411 3712 1480 3765 ad
1515 3716 1809 3777 ornatum,
1841 3715 1896 3767 et
1923 3712 1994 3766 ad
2027 3711 2092 3765 il-

385 3802 749 3859 literatorum
781 3801 1196 3868 eruditionem,
1230 3805 1295 3856 ut
1324 3802 1486 3857 docet
1518 3806 1759 3857 sanctus
1793 3800 2093 3867 Paulinus,

386 3892 648 3951 Nolanus
689 3892 999 3964 episcopus
1044 3893 1129 3962 (In
1178 3890 1369 3947 Natali
1422 3891 1477 3960 9,
1510 3890 1575 3947 de
1635 3890 1691 3946 S.
1725 3892 1939 3962 Felice),
1992 3892 2093 3961 qui

388 3984 598 4054 quarto
631 3978 841 4035 saeculo
875 3978 1139 4035 ﬂorebat.

456 4071 748 4140 Secundo,
766 4078 1033 4125 sanctum
1058 4070 1354 4125 doctorem
1380 4086 1482 4140 per
1501 4068 1896 4124 adorationem
1916 4082 2092 4140 quam

383 4163 541 4217 vetat
556 4159 915 4231 imaginibus
928 4158 1546 4229 exhiberi,intelligere
1559 4174 1899 4228 supremum
1920 4156 2090 4212 illum

385 4249 604 4305 cultum
637 4248 747 4304 soli
783 4250 893 4304 Deo
926 4248 1210 4305 debitum.
1244 4248 1406 4304 Unde
1437 4247 1675 4302 adducit
1696 4247 1803 4302 boc
1835 4246 2093 4317 Scriptu-

385 4354 460 4392 rae
493 4336 922 4407 testimonium,
955 4338 1248 4393 Dominum
1297 4340 1466 4394 Deum
1497 4344 1648 4392 tuum
1680 4336 1954 4400 adorabis,
1980 4344 2086 4392 etc.

382 4426 452 4481 Et
482 4424 633 4480 intra
654 4442 921 4497 qumrens
950 4426 1203 4499 aliquam
1237 4429 1433 4484 Serani
1458 4428 1604 4483 facto
1635 4427 2084 4493 excusationem,

2239 483 2444 555 ginum
2470 485 2704 556 agnosci
2729 499 2955 555 quoque
2977 490 3164 554 potest
3187 501 3255 540 ex
3274 483 3556 555 singulari
3581 485 3953 540 veneratione

2240 590 2417 643 quam
2458 574 2643 630 sacris
2714 573 2977 645 reliquiis
3023 575 3408 630 exhibendam
3458 574 3676 645 ubique
3733 574 3953 641 docet;

2236 664 2404 720 etiam
2438 664 2627 721 linteis
2649 669 2703 721 et
2735 665 2967 736 pannis,
2991 666 3065 737 (a)
3094 666 3196 737 qui
3219 682 3391 735 super
3409 671 3745 720 sanctorum
3772 682 3946 736 apos-

2237 754 2488 811 tolorum
2536 761 2636 811 aut
2664 764 2984 826 martyrum
3024 756 3280 811 tumulos
3330 754 3506 827 positi
3553 755 3798 822 fuerant,
3845 758 3955 810 aut

2237 846 2552 902 similibus.
2585 845 2691 911 Qui
2721 847 2832 901 sub
2854 847 2981 916 ejus
3023 846 3334 918 disciplina
3366 845 3617 901 instituti
3641 850 3805 902 erant
3828 848 3953 901 Au—

2235 937 2508 1008 gustinus
2548 937 2794 1007 ejusque
2845 935 3009 1003 socii,
3061 952 3191 1013 cum
3246 935 3651 992 Doroberniam
3692 935 3949 1008 ingressi

2234 1029 2389 1091 sunt,
2440 1026 2521 1081 uti
2569 1042 2746 1096 supra
2805 1026 3187 1095 narravimus,
3245 1040 3477 1081 crucem
3528 1029 3580 1080 et
3624 1025 3951 1097 imaginem

2234 1117 2553 1172 Salvatoris
2586 1133 2685 1187 pro
2718 1133 2882 1172 sacro
2917 1118 3124 1173 vexillo
3167 1117 3432 1188 praeferre
3476 1116 3907 1172 constituerunt
3935 1134 3951 1184 ;

2233 1212 2291 1260 ut
2323 1204 2571 1277 publice,
2597 1214 2871 1277 quantum
2902 1206 2974 1262 iis
3024 1205 3273 1272 cultum,
3314 1209 3593 1277 quantam
3653 1205 3957 1261 deferrent

2232 1295 2633 1365 reverentiam,
2684 1300 3055 1352 testarentur.
3106 1297 3182 1350 At
3232 1312 3357 1367 qua
3418 1311 3451 1350 a
3501 1294 3803 1367 discipulis
3854 1295 3957 1351 hic

2229 1386 2373 1442 facta
2406 1386 2683 1458 legimus,
2734 1386 3012 1443 doctrinae
3045 1386 3307 1459 magistri
3339 1390 3477 1443 sunt
3507 1389 3954 1457 argumentum.

2915 1496 3141 1552 CAPUT
3172 1498 3241 1552 ΙΙ.

2224 1604 2420 1664 Ancon.
2443 1630 2504 1638 —
2526 1603 2571 1651 1.
2596 1602 2849 1663 Cyriacus
2868 1602 3036 1652 abbas
3054 1602 3109 1651 in
3136 1602 3350 1652 Galliam
3383 1605 3589 1664 legatus
3614 1602 3863 1653 mittitur.
3881 1631 3955 1643 —

2285 1663 2333 1728 _2.
2376 1665 2661 1714 Massiliam
2709 1667 2873 1722 venit,
2911 1667 2996 1714 ubi
3032 1681 3064 1715 a
3105 1666 3306 1714 Sereno
3338 1663 3473 1715 male
3504 1671 3777 1728 exceptus.
3813 1667 3957 1717 -—3.

2286 1726 2415 1775 Inde
2446 1728 2736 1791 Arelatum.
2770 1729 2843 1777 De
2868 1728 3158 1791 privilegiis
3189 1728 3253 1777 ab
3288 1728 3579 1791 apostolica
3609 1726 3733 1777 sede
3767 1729 3833 1777 ad
3865 1744 3954 1779 re-

2288 1803 2413 1852 gum
2436 1790 2848 1853 postulationem
2883 1790 3167 1840 concessis.
3188 1816 3246 1827 —-
3273 1790 3621 1839 L'Desiderio
3650 1792 3954 1842 Viennensi

2328 1866 2516 1916 rosum
2540 1853 2783 1902 Ecclesiae
2804 1853 3097 1916 privilegiis
3114 1854 3431 1916 supplicanti
3452 1853 3581 1916 quid
3596 1855 3955 1916 responderit

2287 1867 2385 1963 gro
2407 1867 2516 1901 suae
2540 1867 2783 1902 ecclesiae
2804 1867 3097 1963 gnvuegus
3114 1867 3431 1916 supplicanti
3452 1867 3581 1916 quia
3596 1867 3948 1916 respondent

2327 1951 2337 1963 .
2376 1915 2688 1987 Gregorium
2720 1941 2781 1952 -
2817 1954 2855 1987 Α.
2884 1915 3487 1987 ρευῳριιὶαλδιίοθςυῳ
3520 1918 3713 1987 Aregiq
3738 1916 3948 1987 \~’apin_-

2285 1978 2430 2041 censi
2455 1979 2713 2041 concedit.
2734 1978 2857 2041 —6.
2884 1978 2947 2027 Et
2963 1979 3180 2041 pallium
3201 1978 3419 2040 Syagrio
3442 1979 3950 2038 Augustodunensi.

2284 2040 2485 2110 Quibus
2507 2040 2927 2110 conditionibus;
3094 2041 3341 2110 Epistolas
3362 2041 3733 2110 ad_Galliarum
3753 2056 3941 2105 reges.

2283 2103 2348 2150 de
2372 2102 2869 2165 emendandiscleri
2890 2102 3152 2152 Gallicani
3175 2103 3508 2165 corruptelis.
3524 2104 3637 2163 Quo
3661 2102 3947 2155 successu.

2282 2164 2408 2229 78.
2434 2166 2505 2213 De
2538 2164 2939 2229 Mauriennensi
2962 2167 3232 2229 episcopo.
3263 2164 3399 2213 —’9.
3430 2166 3631 2229 Cyriaci
3659 2166 3855 2227 legatio
3885 2169 3949 2216 in

2287 2227 2611 2289 Hispaniam.
2634 2253 2696 2264 —
2718 2227 2793 2277 10.
2818 2229 2962 2277 Felix
2988 2227 3114 2277 tunc
3128 2228 3399 2290 Hispania:
3418 2227 3603 2278 status.
3624 2230 3694 2277 De
3709 2229 3949 2281 Claudio

2284 2292 2433 2353 regni
2465 2290 2779 2353 administro
2811 2304 2844 2339 θ,
2888 2305 3024 2353 papa
3063 2291 3303 2340 laudato.
3346 2318 3408 2326 —-
3439 2290 3513 2339 11.
3546 2293 3949 2353 Argumentum

2285 2352 2523 2413 epistolas
2570 2353 2634 2402 ad
2666 2352 2965 2402 Leandrum
3009 2354 3241 2416 scriptae.
3286 2354 3448 2402 Pallio
3479 2352 3719 2403 donatur.
3759 2380 3826 2389 —
3857 2355 3947 2404 12.

2280 2416 2578 2479 Recharedi
2610 2416 2748 2479 regis
2780 2417 3101 2479 encomium.
3138 2417 3361 2479 Respuit
3382 2418 3659 2477 pecuniam
3682 2416 3951 2479 aludmis

2281 2430 2578 2465 necnareai
2610 2430 2748 2526 regis
2780 2430 3101 2466 encomlum.
3138 2430 3361 2479 uespuu
3382 2430 3659 2477 pecuniam
3682 2430 3951 2467 asuaasra

2281 2478 2533 2601 g3$a)tam.
2566 2506 2627 2514 —
2696 2477 2741 2526 3.
2790 2478 2995 2527 Eximia
3034 2479 3144 2541 regi
3184 2479 3305 2529 data
3344 2480 3565 2528 monita.
3600 2480 3723 2537 (An.
3754 2478 3855 2527 598
3891 2486 3953 2531 et

2296 2643 2341 2693 t.
2377 2638 2635 2694 Ecclesia
2668 2638 2965 2695 Gallicana
2997 2639 3269 2711 Gregorio
3303 2647 3499 2696 nostro
3539 2653 3769 2711 semper
3801 2639 3945 2696 cha-

2218 2728 2467 2792 rissima,
2505 2727 2613 2783 hoc
2646 2729 2967 2798 praesertim
2986 2744 3137 2783 anno
3161 2733 3463 2800 paternam
3484 2728 3673 2799 ipsius
3697 2731 3948 2800 experta

2218 2822 2309 2872 est
2343 2817 2822 2875 sollicitudinem.
2863 2817 3008 2872 Cum
3030 2818 3187 2874 enim
3219 2821 3288 2875 de
3320 2819 3496 2877 variis
3526 2820 3683 2875 vitiis
3715 2824 3773 2874 et
3804 2835 3947 2874 cor-

2218 2905 2463 2976 ruptelis
2485 2907 2541 2960 in
2560 2906 2637 2978 (b)
2663 2906 2847 2961 Gallia
2877 2908 3280 2979 grassantibus
3303 2910 3510 2963 certior
3536 2909 3724 2965 lactus
3755 2914 3943 2977 esset,

2218 3010 2331 3049 non
2357 2994 2496 3049 satis
2512 2993 2719 3050 habuit
2744 2995 2815 3051 de
2838 2994 2930 3050 his
2952 2997 3332 3052 emendandis
3356 3013 3521 3068 reges
3546 3003 3600 3053 et
3619 2997 3941 3068 episcopos

2217 3083 2549 3149 admonere,
2601 3085 2701 3139 sed
2752 3084 2926 3139 etiam
2961 3083 3214 3156 legatum
3264 3101 3329 3141 eo
3374 3085 3721 3141 mittendum
3764 3086 3935 3141 exis~

2218 3130 2549 3149 __----_---,
2601 3130 2701 3139 η..
2755 3130 2926 3139 νην...
2961 3130 3214 3156 ,νδ-.-.η
3265 3130 3328 3141 ν-
3376 3130 3721 3141 .--....,.........
3766 3130 3902 3141 ω..-

2130 3130 2179 3202 c
2216 3172 2621 3243 timavitzqui,
2670 3177 2733 3227 ut
2774 3176 3123 3243 quantocius
3171 3174 3484 3230 concilium
3534 3174 3936 3230 celebraretur

2208 3259 2281 3316 ad
2295 3258 2415 3314 haec
2442 3260 2777 3329 resecanda,
2793 3265 3028 3316 strenue
3047 3264 3200 3334 apud
3222 3263 3511 3334 principes
3534 3279 3599 3319 ac
3622 3262 3933 3319 antistites

2205 3352 2396 3418 ageret
2443 3348 2583 3421 (Lib.
2629 3367 2706 3415 ιχ,
2730 3366 2813 3419 ep.
2852 3352 2953 3405 105
2999 3357 3055 3405 et
3089 3353 3233 3421 120).
3280 3353 3336 3406 Is
3365 3353 3473 3406 fuit
3512 3352 3788 3423 Cyriacus
3821 3353 3934 3407 εὼς

2204 3440 2305 3494 bas
2336 3443 2391 3493 S.
2426 3440 2663 3494 Andreas
2687 3441 2755 3495 ad
2787 3439 3011 3496 Clivum
3039 3441 3263 3507 Scauri,
3296 3442 3395 3513 qui
3430 3443 3589 3514 prius
3628 3442 3689 3496 in
3719 3442 3930 3496 Sardi-

2205 3529 2357 3584 niam
2394 3528 2611 3585 missus
2648 3530 2832 3584 fuerat
2863 3536 2927 3585 ut
2957 3531 3014 3584 in
3048 3530 3119 3602 (ε)
3152 3532 3649 3587 Barbaricinorum
3682 3547 3933 3586 conver-

2202 3620 2362 3676 sione
2388 3620 2558 3676 Felici
2593 3620 2865 3691 episcopo
2904 3621 3296 3677 collaboraret.
3335 3621 3498 3677 Unde
3531 3621 3930 3691 intelligimus

2202 3714 2490 3780 quantum
2543 3710 2772 3764 floreret
2819 3714 2940 3764 tum
2994 3711 3149 3765 istud
3185 3711 3504 3765 Romanum
3543 3709 3600 3764 S.
3651 3709 3931 3782 Gregorii

2203 3798 2656 3864 monasterium;
2710 3814 2777 3852 ex
2812 3816 2925 3869 quo
2976 3799 3241 3855 videlicet
3272 3800 3475 3856 eodem
3523 3804 3788 3870 tempore
3829 3804 3932 3853 tot

2204 3888 2492 3958 assumpti
2548 3892 2682 3941 sunt
2725 3887 2882 3942 verbi
2932 3888 3081 3942 sacri
3129 3904 3420 3958 praecones
3468 3888 3537 3942 ad
3589 3886 3929 3957 Anglorum

2202 3976 2637 4031 conversionem
2685 3976 2889 4044 missi;
2922 3982 2978 4031 et
3009 3978 3160 4032 sedis
3191 3976 3518 4046 apostolicae
3549 3976 3781 4047 legatus
3811 3978 3931 4033 de-

2199 4063 2381 4121 lectus
2410 4068 2517 4130 est,
2561 4065 2658 4134 qui
2693 4070 2819 4119 tum
2873 4065 2928 4119 in
2957 4064 3174 4131 Galliis,
3211 4071 3332 4119 tum
3368 4065 3424 4120 in
3461 4064 3757 4133 Hispaniis
3781 4082 3931 4137 gra-

2197 4153 2433 4209 vissima
2478 4154 2706 4224 negotia
2739 4158 3129 4223 pertractaret.
3164 4155 3272 4226 (Cf.
3320 4155 3532 4211 Mabill.
3567 4172 3699 4209 ann.
3736 4157 3929 4213 Bene-

2198 4243 2329 4299 dict.
2363 4244 2456 4297 lib.
2495 4259 2650 4314 Ix,p.
2685 4244 2839 4315 256.)

2266 4334 2322 4385 2.
2360 4332 2630 4401 Cyriacus
2663 4333 2863 4388 multis
2889 4350 3046 4404 papae
3088 4332 3349 4405 epistolis
3383 4332 3665 4402 munitus,
3701 4333 3931 4391 Massi-

2195 4419 2334 4476 liam
2383 4420 2636 4492 primum
2679 4422 2834 4477 venit
2884 4423 3176 4478 maritimo
3236 4423 3462 4489 itinere,
3509 4422 3607 4477 ubi
3657 4422 3927 4480 salutato

382 4513 466 4571 ait
493 4528 608 4568 non
640 4513 753 4569 alio
784 4514 1027 4570 consilio
1060 4516 1271 4572 fractas
1291 4517 1362 4573 ab
1393 4533 1480 4584 eo,
1504 4521 1560 4572 et
1582 4516 1872 4589 projectas
1903 4514 2085 4571 fuisse
2113 4493 2161 4561 D
2194 4510 2406 4567 Sereno
2448 4511 2717 4583 episcopo
2761 4512 2994 4567 nomine
3036 4512 3346 4582 pontiﬁcis,
3380 4511 3596 4568 litteras
3647 4512 3718 4567 de
3760 4513 3927 4569 frac-

378 4602 688 4674 imagines,
722 4618 898 4673 quam
932 4618 1002 4658 ne
1031 4605 1430 4673 adorerentur,
1464 4607 1619 4676 quod
1646 4606 1806 4677 jama
1828 4604 2082 4661 nonnul-

379 4689 452 4745 lis
484 4688 810 4751 admissum
834 4691 1186 4746 observaret.
1230 4692 1393 4747 Certe
1425 4693 1571 4747 inter
1600 4690 1791 4748 Gentes
1845 4692 2085 4761 degebat

380 4780 651 4843 Serenus,
700 4783 761 4832 ut
800 4777 884 4834 ait
929 4778 987 4833 S.
1040 4781 1352 4851 Gregorius
1409 4781 1552 4851 (Lib.
1611 4799 1691 4845 x1,
1736 4798 1818 4852 ep.
1868 4781 1978 4851 13).
2019 4780 2082 4835 In

375 4867 581 4927 Galliis
623 4866 734 4925 hoc
780 4885 896 4925 avo
941 4868 1156 4926 multas
1190 4870 1381 4926 adhuc
1431 4871 1767 4927 idololatriae
1812 4870 2084 4940 reliquias

375 4957 719 5031 superstites
761 4958 942 5016 fuisse
979 4959 1099 5029 jam
1149 4960 1605 5017 observavimus.
1651 4962 1791 5015 Hinc
1832 4959 2082 5015 nonnul-

374 5047 463 5105 los
484 5054 617 5105 ante
646 5049 936 5121 imagines
957 5055 1276 5121 prostratos
1296 5051 1502 5107 videns
1525 5050 1911 5106 Massiliensis
1936 5050 2083 5120 epis-

375 5153 577 5206 copus,
610 5142 825 5195 temere
847 5139 1131 5211 judicavit
1160 5156 1259 5196 eos
1283 5140 1570 5211 imagines
1588 5148 1867 5211 tanquam
1902 5139 2079 5194 Deum

376 5222 597 5292 colere;
629 5243 696 5281 ac
729 5228 933 5299 majori
964 5231 1307 5298 temeritate,
1341 5246 1467 5300 qua:
1503 5230 1575 5285 ad
1605 5228 2078 5285 communionem

374 5313 501 5382 ejus
531 5314 911 5371 deserendum
947 5318 1255 5391 plerosque
1277 5319 1578 5389 compulit,
1609 5318 1837 5375 easdem
1871 5317 2080 5388 imagi-

372 5416 481 5458 nes
512 5401 680 5472 fregit
699 5409 756 5458 et
786 5407 1046 5476 proiecit.

447 5588 521 5658 κα)
552 5585 858 5665 Yide_lib.
912 5604 990 5655 xv,
1023 5591 1195 5661 epist.
1228 5594 1336 5660 30;
1379 5592 1480 5651 lib.
1512 5611 1611 5661 vn,
1645 5594 1813 5665 epist.
1836 5595 1940 5663 26;
1972 5593 2074 5650 lib.

376 5677 452 5726 ιχ,
486 5658 654 5727 epist.
693 5659 811 5713 t22.

446 5731 524 5804 (b)
556 5729 805 5790 Maxime
852 5734 913 5793 in
963 5747 1144 5803 regno
1199 5733 1548 5805 Burgundios
1584 5743 1743 5793 extra
1779 5737 1931 5808 quod
1963 5754 2079 5795 non

2196 4602 2348 4656 tione
2383 4601 2702 4673 imaginum
2737 4602 3217 4657 commonitorias
3239 4602 3418 4669 dedit,
3452 4618 3700 4673 quarum
3731 4619 3928 4673 supra

2196 4691 2575 4747 meminimus
2626 4691 2779 4763 (Cap.
2832 4693 2881 4759 1,
2936 4710 2991 4748 n.
3051 4692 3158 4763 10).
3204 4698 3481 4764 Legatum
3531 4692 3601 4747 ab
3631 4693 3924 4766 episcOpo

2194 4797 2311 4835 non
2341 4796 2405 4835 ea
2437 4796 2553 4850 qua
2582 4798 2687 4851 par
2706 4785 2828 4836 erat
2857 4782 3140 4837 charitate
3161 4797 3227 4837 ac
3252 4780 3575 4837 reverentia
3594 4786 3923 4852 exceptum

2194 4870 2374 4925 fuisse
2405 4870 2540 4925 inde
2583 4871 2951 4941 conjicimus,
2977 4872 3152 4943 quod,
3188 4879 3249 4926 ut
3282 4872 3519 4927 liberius
3555 4873 3921 4928 stomachari

2193 4959 2411 5029 liceret,
2446 4959 2674 5014 tinxerit
2708 4960 2957 5016 Serenus
2989 4961 3316 5031 pontificias
3345 4961 3569 5016 litteras
3606 4978 3639 5015 a
3668 4962 3921 5033 Cyriaco

2193 5048 2304 5105 sibi
2344 5049 2591 5118 oblatas,
2625 5052 3025 5122 supposititias
3075 5067 3222 5108 esse.
3258 5052 3415 5107 Hanc
3455 5051 3586 5107 falsi
3616 5051 3921 5123 suspicio-

2193 5158 2325 5196 nem
2359 5140 2543 5212 legato
2591 5142 2941 5212 injuriosam
2991 5144 3241 5215 graviter
3284 5152 3474 5211 postea
3521 5142 3823 5214 redarguit
3853 5149 3919 5199 S.

2192 5230 2525 5300 Gregorius,
2558 5233 2637 5288 ita
2674 5234 2929 5289 scribens
2977 5236 3044 5289 ad
3076 5235 3353 5290 Serenum
3391 5252 3403 5290 :
3437 5237 3523 5290 Ea:
3573 5235 3669 5289 illo
3708 5242 3918 5291 autem

2189 5319 2329 5392 quod
2360 5320 2421 5374 de
2442 5322 2659 5392 scriptis
2698 5326 2919 5387 nostris,
2966 5339 3085 5394 quas
3116 5322 3185 5377 ad
3226 5330 3279 5378 te
3309 5322 3582 5391 misimus,
3612 5322 3915 5389 dubitasti,

2190 5410 2344 5466 286
2375 5428 2547 5482 quam
2593 5414 2669 5467 sis
2716 5412 2969 5470 incautus
3018 5418 3300 5485 apparuit.
3342 5417 3479 5471 Nam
3507 5417 3556 5470 si
3604 5415 3919 5486 diligenter

2188 5594 2617 5673 extendebatur
2649 5596 2865 5668 Cyriaci
2899 5597 3132 5673 legatio,
3181 5606 3233 5653 et
3271 5599 3508 5671 Syagrio
3547 5598 3760 5655 collata
3793 5616 3904 5673 po-

2192 5668 2792 5741 testascogendarum
2826 5668 3202 5741 synodorum.

2269 5737 2342 5810 (ε)
2373 5737 2514 5797 Vide
2544 5739 2644 5795 lib.
2678 5757 2755 5812 iv,
2779 5737 2907 5813 opp.
2938 5741 3029 5815 24,
3059 5742 3150 5813 25,
3179 5742 3269 5799 26.
