4086 6166
167 279 267 338 421

592 275 652 337 S.
698 272 1073 335 GREGORII
1120 274 1368 337 MAGNI
1414 276 1627 345 VITA,
1675 276 1779 338 EX
1824 276 2009 339 EJUS
2056 277 2410 343 SCRIPTIS
2453 282 2896 344 ADORNATA.
2947 286 3093 349 LIB.
3142 292 3246 356 IV.

3558 302 3680 362 422

164 429 222 469 ea
249 427 371 485 quae
406 412 676 508 fraterno
703 426 888 508 amore
916 409 1235 508 monuimus
1262 413 1602 508 attendisses,
1633 429 1743 508 non
1774 428 1862 470 so-
1890 416 1945 482 Α
1974 413 2316 508 citraquam
2338 416 2604 474 videlicet
2625 417 2771 476 nihil
2806 425 2998 480 ratum
3021 424 3381 503 habebatur;
3405 451 3524 508 qua
3542 454 3679 497 vero

164 506 270 558 tum
309 502 550 557 minime
578 501 902 567 dubitasses,
952 500 1046 555 sed
1087 502 1256 557 immo
1297 502 1424 572 quid
1456 512 1505 558 te
1542 503 1867 559 sacerdotali

160 592 433 667 gravitate
485 599 754 663 oporteret
809 605 996 659 agere,
1057 594 1416 660 cognovisses.
1477 594 1657 665 Neque
1720 597 1867 649 enim

167 686 418 756 Cyriacus
459 684 741 755 quondam
777 680 965 748 abbas,
1011 684 1341 754 scriptorum
1389 688 1697 739 nostrorum
1733 700 1867 755 por-

166 777 293 829 titor
333 776 565 842 exstitit,
608 775 770 828 istius
816 771 1136 843 disciplina?
1174 774 1256 828 vel
1286 773 1614 831 eruditionis
1643 777 1773 845 fuit,
1808 782 1867 829 ut

166 865 240 920 vel
269 867 384 934 ipse
413 861 567 916 aliud
603 865 813 931 facere,
853 862 993 915 sicut
1040 870 1224 933 putas,
1275 862 1523 930 auderet,
1574 864 1654 918 vel
1701 862 1865 918 istam

162 956 221 1011 de
247 955 365 1025 ejus
413 954 517 1007 tibi
551 968 783 1022 persona
814 954 1177 1022 suspicionem
1222 953 1489 1022 falsitatis
1536 968 1862 1008 assumeres.

160 1045 258 1102 Sed
290 1045 431 1099 dum
473 1044 683 1099 monita
741 1041 989 1097 salubria
1039 1058 1271 1113 pensare
1308 1045 1612 1113 postponis,
1641 1046 1868 1111 contigit

158 1140 211 1188 ut
225 1137 358 1203 jam
383 1147 491 1186 non
513 1132 697 1185 solum
725 1141 869 1197 actu,
892 1130 1253 1186 verumetiam
1280 1146 1397 1185 esse
1427 1131 1867 1203 interrogatione

158 1222 444 1296 culpabilis
475 1222 620 1293 (Lib.
650 1238 728 1289 xi,
762 1237 845 1293 ep.
882 1221 991 1293 13).

218 1313 271 1367 3.
329 1310 583 1366 Massilia
649 1309 849 1366 relicta
912 1309 1220 1382 Cyriacum
1276 1308 1561 1366 Arelatem
1634 1310 1865 1367 venisse

157 1403 463 1469 credimus,
486 1410 541 1457 et
573 1401 646 1456 ad
668 1401 982 1474 Virgilium
1004 1400 1288 1457 detulisse
1319 1402 1539 1457 summi
1572 1402 1865 1475 pontiﬁcis

156 1492 482 1565 epistolam,
507 1508 625 1562 qua
651 1490 1035 1547 conﬁrmabat
1058 1490 1357 1563 privilegia
1379 1491 1459 1563 (a)
1489 1493 1719 1548 cuidam
1747 1509 1863 1549 mo-

160 1583 412 1642 nasterio
444 1583 699 1637 virorum
750 1580 890 1637 olim
922 1599 952 1635 a
991 1580 1203 1654 Vigilio
1246 1598 1397 1653 papa
1439 1598 1733 1637 concessa.
1787 1584 1865 1638 De

158 1672 472 1747 privilegiis
502 1672 639 1728 huic
679 1671 942 1728 cmnobio
987 1671 1231 1727 indultis
1275 1671 1419 1726 nihil
1453 1673 1611 1727 aliud
1644 1672 1864 1730 scimus

1975 503 2284 560 accedente
2309 505 2663 564 inconcussa
2702 510 2897 566 omnia
2925 513 3181 573 stabant.

2046 593 2098 647 4.
2150 593 2377 652 Arelate
2425 596 2731 655 discedens
2781 602 3049 671 Cyriacus
3098 607 3347 668 fortasse
3389 614 3679 676 Viennam

1976 684 2248 752 perrexit,
2282 686 2695 759 Desiderioque
2726 691 3161 768 archiepiscopo
3195 700 3406 759 obtulit
3437 705 3496 761 S.
3541 707 3685 766 Gre-

1975 771 2123 870 gorii
2154 773 2498 870 epistolam,
2540 794 2652 848 qua
2680 779 2792 870 ipsi
2829 782 3005 838 etiam
3046 801 3150 856 pro
3182 792 3502 866 privilegiis
3534 812 3686 870 sup-

1975 860 2218 932 plicanti
2261 868 2583 935 respondet.
2626 869 2827 925 Aiebat
2866 870 2961 927 hic
3001 877 3214 944 praesul
3257 860 3525 941 Ecclesiae
3566 860 3685 945 sua!

1977 952 2237 1021 quaedam
2271 954 2408 1010 olim
2438 956 2739 1030 privilegia
2774 976 2899 1016 esse
2928 962 3000 1017 ab
3033 968 3354 1037 apostolica
3376 975 3514 1032 sede
3539 994 3688 1035 con-

1976 1056 2160 1137 cessa,
2205 1060 2494 1116 usumque
2539 1048 2695 1117 pallii
2738 1066 2875 1108 suos
2916 1058 3315 1117 antecessores
3353 1065 3682 1137 antiquitus

1977 1130 2254 1189 habuisse
2286 1151 2300 1188 :
2335 1152 2462 1206 quae
2495 1138 2605 1194 sibi
2636 1138 2881 1212 aliisque
2912 1141 2970 1199 in
3004 1150 3300 1217 posterum
3334 1130 3681 1214 Viennensi-

1977 1218 2500 1311 bnsﬂantistitibus
2552 1229 2773 1284 restitui
2830 1246 3181 1306 magnopere
3228 1240 3523 1311 cupiebat.
3567 1246 3679 1303 Sed

1976 1310 2125 1366 nihil
2164 1322 2452 1383 repertum
2485 1316 2544 1372 in
2586 1318 2853 1377 Ecclesiae
2886 1323 3160 1383 Romanae
3192 1310 3431 1400 scrinio,
3464 1350 3577 1405 quo
3609 1338 3682 1394 de

1974 1403 2266 1494 concessis
2296 1403 2612 1476 aliquando
2644 1408 2964 1484 privilegiis
2998 1414 3111 1471 illis
3133 1417 3277 1474 ﬁdes
3300 1403 3682 1494 tiaran—testa-

1976 1492 2073 1545 tur
2192 1494 2503 1565 Gregorius
2530 1512 2542 1561 ;
2578 1498 2732 1554 unde
2765 1508 2963 1559 monet
2993 1492 3497 1583 archiepiscopum
3530 1518 3595 1571 nt
3619 1516 3678 1573 in

1974 1582 2339 1650 requirendis
2371 1585 2637 1641 Ecclesiae
2681 1604 2800 1643 suae
2834 1591 3050 1649 chartis
3081 1598 3158 1651 sit
3187 1582 3507 1671 sollicitus;
3541 1608 3600 1660 et
3631 1604 3683 1661 si

1974 1675 2505 1763 quarreperiantur
2551 1678 2764 1748 quibus
2817 1683 2967 1751 quod
3017 1688 3406 1746 contendebat
3450 1695 3683 1763 probari

160 1780 329 1836 quam
380 1763 540 1836 quod
592 1778 698 1852 nos
745 1762 913 1852 docet
966 1762 1024 1817 S.
1079 1761 1392 1852 Gregorius
1441 1763 1581 1852 (Lib.
1630 1779 1708 1831 x1,
1756 1766 1859 1835 Ep.
1896 1787 1943 1852 Β
1976 1760 2178 1852 possit,
2231 1762 2475 1819 Romam
2528 1774 2691 1822 curet
2742 1772 3152 1831 transmittere.
3207 1778 3346 1835 Nam
3398 1760 3493 1852 qui
3539 1799 3681 1839 nova

163 1853 315 1925 ill);
358 1852 587 1910 scilicet
634 1850 899 1923 gloriosae
940 1851 1235 1907 memoriae
1286 1851 1362 1923 (b)
1408 1851 1863 1925 Childebertum,

161 1946 515 2001 Francorum
551 1959 767 2015 regem,
798 1942 949 1998 intra
983 1959 1184 1999 muros
1233 1943 1589 2000 Arelatensis
1621 1945 1870 2001 civitatis

166 2034 582 2091 monasterium
626 2033 877 2088 virorum
919 2033 1311 2099 constituisse,
1353 2044 1405 2088 et
1435 2035 1700 2105 quedam
1731 2050 1866 2106 pro-

160 2123 555 2180 habitantium
582 2125 1006 2179 sustentatione
1038 2123 1429 2190 concessisse;
1464 2125 1636 2194 cujus
1668 2140 1738 2181 ne
1771 2141 1866 2180 vo-

164 2213 362 2270 luntas
413 2213 731 2268 duceretur
776 2212 833 2267 in
886 2211 1140 2279 irritum,
1189 2217 1248 2267 et
1283 2229 1351 2268 ea
1387 2229 1511 2283 qua
1544 2230 1644 2285 pro
1677 2214 1867 2285 quiete

161 2303 586 2360 monachorum
612 2302 893 2373 disposita
917 2302 1169 2372 fuerant,
1193 2302 1587 2370 turbarentur,
1603 2302 1865 2375 epistolis

157 2393 287 2450 suis
316 2394 435 2448 haec
464 2392 785 2465 apostolica
808 2392 1046 2463 petiisse
1078 2392 1424 2448 auctoritate
1457 2393 1698 2448 ﬁrmari.
1732 2393 1865 2449 Sub-

140 2484 423 2556 ἀνηρει-ατ
464 2482 725 2555 petitioni
771 2496 888 2539 sua
940 2485 1001 2536 ut
1046 2481 1224 2537 eidem
1270 2484 1603 2538 monasterio
1645 2486 1758 2537 tam
1805 2486 1867 2537 in

159 2573 520 2646 dispositione
564 2589 771 2640 rerum,
812 2588 973 2643 quam
1012 2575 1069 2626 in
1101 2571 1452 2628 ordinatione
1480 2572 1688 2627 abbatis
1717 2589 1864 2644 quae-

153 2663 275 2717 dam
305 2662 528 2735 pariter
555 2662 863 2734 privilegia
893 2662 1234 2733 largirentur
1262 2679 1281 2715 :
1312 2662 1490 2716 sciens
1519 2663 1715 2732 quippe
1740 2677 1863 2717 eam

162 2752 481 2823 apostolicae
525 2751 642 2806 sedi
688 2755 1055 2807 reverentiam
1102 2767 1139 2805 a
1187 2750 1440 2821 ﬁdelibus
1484 2750 1752 2818 exhiberi,
1806 2758 1868 2806 ut

162 2859 277 2913 qua
322 2844 445 2912 ejus
485 2840 725 2911 fuissent
766 2840 975 2896 decreto
1022 2840 1302 2912 disposita,
1353 2838 1574 2895 nullius
1615 2840 1868 2913 deinceps

154 2932 359 2987 illicita
409 2932 700 3000 usurpatio
747 2932 796 2984 is
851 2930 1105 2985 molestia
1146 2936 1527 3001 quaterentur.
1574 2931 1869 2985 Annueral

155 3020 318 3093 regis
346 3020 767 3093 postulationis
797 3020 1045 3092 Vigilius
1075 3037 1242 3092 papa,
1268 3024 1325 3074 et
1347 3036 1415 3076 ea
1440 3021 1508 3077 de
1534 3037 1594 3076 re
1625 3020 1864 3092 scripsit

158 3113 219 3167 ad
250 3111 554 3167 Aurelium
594 3127 697 3167 seu
741 3110 1115 3167 Aurelianum
1148 3112 1510 3183 episcopum.
1543 3114 1759 3167 Veram
1792 3128 1863 3168 ne

1970 1850 2333 1943 concedimus,
2406 1854 2621 1927 inquit,
2688 1864 2870 1915 vetera
2939 1863 3305 1923 libentissime
3359 1850 3681 1943 reparamus

1972 1940 2107 2023 (Lib.
2154 1958 2232 2009 rx,
2284 1958 2367 2013 ep.
2404 1945 2548 2016 112).
2604 1946 2766 2003 Unde
2814 1949 3001 2021 liquet
3052 1970 3167 2010 non
3217 1940 3489 2017 omnibus
3538 1964 3681 2021 olim

1971 2029 2441 2101 metropolitanis
2465 2050 2811 2094 concessum
2838 2040 3105 2110 pallium.
3132 2045 3339 2103 Eadem
3368 2049 3484 2106 fere
3505 2051 3685 2124 scrip-

1972 2119 2280 2212 sit_po_ste_a
2308 2122 2567 2180 Etherio
2609 2127 2981 2197 Lugdunensi
3015 2133 3156 2203 (Lib.
3188 2152 3268 2204 xx,
3302 2154 3386 2211 ep.
3418 2140 3535 2212 56).

2041 2208 2095 2301 5.
2129 2210 2435 2301 Gyriacum
2479 2212 2803 2284 Vapincum
2836 2220 3073 2289 petiisse
3107 2224 3274 2280 testis
3314 2208 3404 2283 est
3437 2208 3685 2301 epistola

1971 2297 2041 2351 ad
2074 2298 2147 2369 (θ)
2174 2301 2449 2371 Aregium
2477 2304 2813 2378 episcopum
2834 2307 3255 2381 Vapincensem
3287 2297 3504 2388 scripta
3533 2319 3685 2389 (Lib.

1972 2404 2051 2455 xx,
2079 2403 2166 2456 ep.
2201 2390 2349 2462 107),
2381 2408 2495 2463 qua
2534 2395 2941 2454 sanctissimus
2974 2402 3232 2472 pontifex
3262 2408 3388 2462 tum
3420 2408 3675 2467 amicum

1974 2477 2044 2573 de
2088 2494 2331 2573 suorum
2373 2481 2533 2537 obitu
2576 2490 2909 2573 mmrentem
2950 2491 3304 2563 consolatur,
3348 2500 3475 2553 tum
3516 2508 3685 2573 rogat

1974 2569 2037 2621 ut
2066 2568 2284 2638 synodo
2326 2585 2428 2640 per
2469 2572 2777 2645 Syagrium
2830 2580 3100 2649 cogendae
3133 2581 3377 2651 intersit,
3421 2603 3489 2643 ac
3518 2568 3681 2645 sevde

1975 2656 2252 2744 omnibus
2302 2658 2361 2713 in
2410 2676 2479 2715 ea
2525 2662 2705 2731 gestis
2747 2665 2951 2722 reddat
2980 2670 3309 2738 certiorem,
3353 2676 3501 2744 quod
3534 2676 3685 2733 tanti

1973 2743 2081 2799 viri
2115 2744 2490 2801 sanctitatem
2515 2758 2869 2819 compertam
2902 2752 3160 2813 haberet.
3184 2743 3429 2830 Aregius
3461 2778 3576 2818 non
3601 2762 3683 2820 ita

1974 2834 2201 2907 pridem
2233 2834 2476 2892 Romam
2521 2839 2805 2909 profectus
2851 2842 3037 2900 fuerat
3081 2847 3153 2902 ad
3191 2848 3496 2907 invisenda
3540 2869 3679 2910 san-

1976 2929 2198 2981 ctorum
2250 2927 2647 2997 apostolorum
2699 2929 2927 3001 limina,
2979 2938 3037 2989 et
3084 2938 3153 2992 ad
3197 2938 3577 2998 salutandum
3620 2944 3681 2999 S.

1975 3015 2348 3088 Gregorium;
2388 3017 2827 3091 postularatque
2851 3027 2914 3078 ut
2934 3024 3047 3080 sibi
3070 3030 3245 3098 atque
3268 3028 3681 3089 archidiacono

1977 3122 2085 3163 suo
2116 3106 2353 3162 licentia
2382 3108 2622 3164 daretur
2644 3112 2844 3166 utendi
2879 3113 3228 3173 dalmaticis.
3256 3118 3331 3174 lis
3362 3119 3508 3175 enim
3543 3125 3681 3177 tunc

161 3200 319 3271 lapsu
342 3200 649 3271 temporis,
672 3217 799 3273 quae
831 3200 1156 3256 indulserat
1177 3172 1426 3272 Vigilius
1457 3200 1745 3257 oblivione
1768 3202 1863 3258 de-
1893 3172 1937 3240 θ
1977 3213 2091 3252 non
2126 3196 2444 3252 utebantur
2492 3197 2721 3254 diaconi
2766 3202 3119 3273 promiscue,
3165 3207 3266 3263 sed

164 3288 431 3354 lerentur,
467 3294 526 3343 et
558 3289 631 3344 ab
671 3288 1107 3345 Arelatensibus
1139 3289 1430 3361 episcopis
1471 3289 1867 3345 convelleren-

160 3382 267 3447 tur,
296 3379 351 3434 S.
380 3377 696 3451 Gregorius
728 3378 1055 3449 exemplum
1083 3378 1363 3450 privilegii
1391 3379 1462 3434 ab
1498 3382 1867 3436 antecessore

163 3484 258 3523 suo
299 3468 559 3524 concessi
616 3468 779 3523 misit
826 3469 897 3523 ad
944 3467 1245 3540 Vigilium,
1291 3473 1347 3524 et
1389 3470 1585 3525 omnia
1631 3470 1691 3525 in
1739 3469 1865 3543 ipso

160 3565 425 3615 contenta
472 3564 599 3616 rata
648 3576 713 3616 se
764 3560 974 3617 habere
1005 3559 1370 3633 signiﬁcavit.
1405 3562 1545 3616 Nam
1593 3559 1735 3629 licet,
1781 3562 1867 3617 in-

155 3648 305 3721 quit,
332 3666 395 3704 ea
424 3666 544 3721 qua
574 3650 745 3705 semel
773 3649 1084 3720 apostolica
1114 3665 1172 3704 se
1219 3653 1263 3704 is
1292 3652 1613 3706 auctoritate
1649 3652 1861 3707 sancito

150 3746 298 3804 sunt,
331 3739 418 3793 nil
448 3748 643 3809 egeant
676 3740 997 3810 ﬁrmitatis;
1039 3756 1111 3794 ex
1138 3738 1481 3794 abundantia
1514 3744 1691 3796 tamen
1729 3756 1863 3795 cun-

149 3836 255 3894 cta,
299 3843 423 3900 qua:
460 3844 563 3899 pro
608 3829 773 3900 hujus
824 3830 911 3897 rei
955 3831 1131 3900 quiete
1173 3845 1206 3883 a
1254 3829 1645 3900 praedecessore
1682 3834 1864 3885 nostro

156 3920 361 3973 statuta
411 3922 561 3985 sunt,
617 3927 807 3974 nostra
860 3919 1059 3973 iterum
1119 3921 1449 3974 auctoritate
1508 3920 1567 3973 in
1612 3918 1864 3974 omnibus

152 4007 495 4062 roboramus.
530 4007 881 4063 Fraternitas
910 4023 1035 4079 ergo
1077 4015 1252 4064 vestra
1281 4008 1355 4063 ita
1383 4024 1438 4065 se
1468 4010 1523 4063 in
1556 4007 1861 4064 custodien-

147 4096 224 4150 dis
252 4096 331 4151 eis
378 4097 687 4153 exhibeat:
737 4102 1005 4169 quatenus
1040 4105 1093 4153 et
1138 4114 1356 4153 omnem
1405 4101 1737 4153 occasionem
1768 4098 1856 4152 in-

150 4188 483 4257 quietudini:
510 4188 789 4257 excludat,
820 4191 869 4243 et
898 4190 1025 4243 aliis
1057 4189 1172 4245 haec
1202 4192 1424 4260 aperari
1454 4188 1701 4259 suadeat,
1734 4187 1864 4242 dum

152 4291 207 4331 se
234 4280 297 4332 in
324 4278 682 4333 custodienda
712 4278 784 4350 (c)
815 4278 1058 4348 defuncti
1074 4279 1321 4349 piissimo
1342 4279 1639 4345 voluntate,
1664 4277 1866 4333 sollici-

149 4370 276 4435 tam,
324 4378 384 4423 ut
431 4367 599 4437 decet,
647 4368 962 4423 exhibuerit
1009 4376 1059 4423 et
1105 4367 1365 4423 devotam.
1425 4368 1579 4423 Adeo
1628 4372 1861 4423 cautum

148 4471 274 4512 esse
321 4473 625 4513 servorum
670 4457 769 4513 Dei
823 4455 1239 4528 tranquillitati
1286 4456 1555 4528 cupiebat
1606 4457 1865 4527 optimus

1976 3289 2143 3341 erant
2174 3286 2397 3342 strictis
2432 3288 2700 3355 manicis,
2733 3290 3057 3349 dalmatica
3086 3310 3218 3352 vero
3248 3297 3483 3368 amplis.
3516 3300 3683 3371 Legi-

1976 3390 2110 3430 mus
2142 3374 2200 3430 in
2240 3376 2313 3448 (f)
2345 3375 2470 3431 Vita
2504 3377 2562 3432 S.
2597 3378 2827 3434 Cmsarii
2856 3381 3234 3451 Arelatensis,
3268 3386 3681 3458 Symmachum

1974 3480 2208 3535 papam,
2236 3470 2394 3520 tanta
2431 3469 2554 3534 ejus
2591 3471 2916 3524 meritorum
2967 3471 3234 3543 dignitate
3274 3485 3682 3547 permotum...

1974 3552 2226 3610 diaconos
2270 3556 2438 3625 ipsius
2482 3554 2551 3610 ad
2598 3558 2845 3613 Romana
2886 3559 3066 3616 instar
3108 3564 3376 3622 Ecclesiae
3417 3566 3680 3624 dalmati-

1971 3658 2163 3699 carum
2206 3645 2399 3713 fecisse
2440 3646 2626 3700 habitu
2676 3650 3056 3717 prseeminere.
3104 3653 3349 3725 Aregius
3394 3656 3681 3714 hominum

1972 3749 2202 3789 suorum
2244 3735 2573 3803 inﬁrmitate
2615 3737 2927 3805 compulsus
2962 3741 3287 3810 festinanter
3322 3745 3681 3818 abscesserat,

1975 3824 2232 3878 nondum
2279 3823 2515 3878 obtento
2559 3824 2882 3881 dalmaticis
2920 3831 3119 3885 utendi
3161 3832 3483 3905 privilegio.
3512 3837 3673 3901 Quod

1974 3929 2077 3984 per
2107 3912 2407 3985 Cyriacum
2442 3913 2514 3967 ad
2547 3929 2677 3967 eum
2708 3913 2889 3981 misit,
2923 3917 3137 3974 additis
3168 3920 3341 3975 etiam
3375 3922 3519 3994 ipsis
3550 3924 3675 3979 dal-

1971 4002 2216 4058 maticis.
2252 4003 2357 4071 (Cf.
2394 4004 2556 4060 Joan.
2591 4003 2745 4059 Diae.
2780 4005 2817 4059 l.
2855 4024 2935 4075 ιιι,
2966 4023 3013 4062 c.
3044 4008 3161 4080 59.)

2041 4092 2096 4145 6.
2131 4093 2241 4147 Tot
2273 4091 2641 4164 perlustratis
2664 4093 2932 4163 urbibus,
2956 4096 3183 4169 legatus
3217 4100 3452 4157 tandem
3482 4104 3677 4175 Augu-

1974 4183 2288 4238 stodunum
2341 4184 2623 4254 pervenit,
2675 4184 2775 4239 ubi
2821 4185 3068 4243 maxime
3104 4204 3238 4244 cum
3278 4189 3517 4265 Syagrio
3545 4193 3679 4266 epi-

1975 4289 2148 4344 scopo
2204 4274 2274 4329 de
2335 4273 2581 4343 negotiis
2640 4273 3050 4332 ecclesiasticis
3114 4282 3475 4339 tractandum
3534 4288 3679 4341 erat.

1973 4362 2132 4418 Duas
2163 4364 2231 4419 ad
2266 4380 2399 4418 eum
2434 4365 2490 4420 S.
2526 4364 2787 4436 Gregorii
2826 4364 3103 4435 epistolas
3142 4369 3352 4426 detulit
3380 4372 3679 4442 Cyriacus,

1976 4471 2151 4510 unam
2189 4454 2339 4509 velut
2383 4454 2737 4527 encyclicam
2779 4458 2835 4509 et
2865 4455 3107 4530 Syagrio
3147 4461 3681 4536 Augustodunensi,

154 4555 329 4616 pater.
384 4547 666 4603 Caeterum
713 4547 833 4602 haec
868 4554 923 4602 et
970 4546 1184 4602 similia
1231 4545 1310 4618 (ἀ)
1360 4545 1658 4617 privilegia
1715 4560 1868 4615 saepe
1898 4552 1946 4615 ι)
1978 4544 2205 4600 Etherio
2234 4544 2630 4617 Lugdunensi,
2684 4544 2927 4617 Virgilio
2977 4547 3317 4619 Arelatensi,
3351 4551 3683 4610 Desiderio-

151 4637 461 4695 Gallicanis
490 4638 886 4705 monasteriis,
923 4637 1360 4709 postulantibus
1391 4637 1563 4693 etiam
1598 4637 1852 4709 regibus,

162 4742 430 4783 concessa
460 4728 721 4785 romanis
754 4745 785 4782 a
830 4727 1224 4799 pontificibus,
1250 4726 1370 4797 jam
1402 4731 1541 4782 tunc
1574 4740 1864 4782 summam

160 4830 352 4874 eorum
386 4819 561 4874 etiam
594 4817 656 4872 in
689 4816 889 4872 Galliis
920 4816 1325 4872 auctoritatem
1372 4815 1553 4871 fuisse
1595 4815 1862 4886 probant,

224 4990 301 5057 (α)
333 4992 411 5047 De
440 4989 555 5045 hoc
586 4989 937 5045 monasterio
979 4988 1218 5045 consule
1253 4994 1417 5045 notas
1458 4991 1530 5046 ad
1574 4989 1865 5047 laudatam

160 5056 485 5130 epistolam,
520 5065 577 5116 et
608 5060 861 5116 Annales
902 5062 1114 5117 Bened.
1157 5061 1373 5117 Mabill.
1415 5062 1518 5116 lib.
1554 5078 1604 5119 ν,
1644 5078 1693 5129 p.
1741 5063 1860 5127 128,

160 5134 254 5204 ubi
286 5133 495 5190 refellit
534 5134 928 5203 conjecturam
980 5133 1236 5189 auctoris
1269 5134 1521 5204 pontiﬁc.
1552 5131 1761 5187 Arelat.
1796 5134 1865 5188 de

159 5202 263 5260 hoc
291 5202 668 5261 monasterio.

228 5277 309 5347 (b)
339 5276 515 5331 Multa
557 5275 676 5331 alia
722 5274 1072 5347 monasteria
1098 5276 1506 5347 (construenda
1549 5275 1772 5347 curavit
1811 5282 1867 5332 et

154 5345 538 5419 amplissimis
560 5347 765 5419 ditavit
791 5346 959 5402 donis
991 5345 1413 5419 Childebertus,
1439 5346 1688 5402 maxime
1716 5347 1860 5404 cele-

152 5417 475 5475 berrimum
506 5424 561 5473 S.
596 5418 871 5474 Germani
914 5418 1067 5489 apud
1102 5417 1355 5473 Parisios
1387 5420 1756 5474 asceterium.

221 5492 298 5564 (c)
325 5494 404 5546 Ex
436 5493 526 5547 his
549 5489 1185 5564 verbisdiscimusnon
1205 5490 1398 5564 solum
1431 5490 1728 5564 Aurelium
1755 5490 1864 5564 pri-

149 5559 378 5635 vilegiis
410 5563 480 5617 ab
521 5561 840 5632 apostolica
881 5562 1016 5616 sede
1055 5559 1304 5616 indultis
1341 5563 1723 5635 consensisse,
1748 5559 1862 5635 sed

148 5634 324 5690 etiam
378 5641 443 5689 ut
486 5635 948 5689 concederentur
995 5637 1257 5705 aptasse;
1308 5634 1457 5704 quod
1512 5634 1862 5705 persuadere

149 5707 382 5763 videtur
406 5706 713 5777 praefatum
740 5703 1177 5771 monasterium,
1200 5703 1403 5775 praeter
1426 5703 1860 5762 Childebertum

1965 4649 2079 4708 que
2112 4633 2427 4689 Viennensi
2476 4635 2749 4706 episcopo
2781 4651 3180 4709 communem,
3212 4657 3327 4713 qua
3356 4645 3681 4714 grassantia

1976 4726 2035 4781 in
2063 4722 2375 4779 Gallicanis
2400 4723 2672 4779 Ecclesiis
2696 4724 2844 4779 mala
2866 4732 3193 4797 enumerat,
3216 4730 3486 4788 videlicet
3506 4732 3683 4788 simo-

1975 4813 2157 4879 niam,
2202 4811 2625 4884 neophytorum
2670 4829 2770 4870 seu
2805 4813 3085 4872 laicorum
3118 4819 3378 4874 nondum
3408 4821 3682 4891 probato-

1975 5003 2192 5058 regem,
2248 4988 2609 5060 fundatorem
2663 4989 2835 5044 etiam
2868 4989 3147 5046 habuisse
3193 4992 3527 5060 Aurelium;
3567 4992 3681 5049 for-

1976 5064 2127 5116 tasse
2157 5061 2313 5135 quod
2359 5059 2469 5129 ipsi
2517 5061 2793 5135 regulam_
2821 5061 3045 5135 dederit
3079 5062 3150 5135 ad
3182 5063 3347 5135 cuius
3379 5063 3683 5135 praescrip-

1974 5135 2100 5187 tum
2130 5132 2383 5204 viverent
2434 5131 2719 5186 monachi.
2756 5132 2887 5186 Eam
2931 5132 3055 5201 lege
3085 5131 3225 5188 God.
3259 5131 3397 5204 Regi
3431 5138 3582 5204 part.
3616 5131 3678 5200 ir,

1976 5220 2124 5416 pagi.)
2140 5203 2296 5329 6eius
2332 5270 2651 5353 praesertim
2684 5270 2786 5351 lib.
2816 5287 2935 5337 xm,
2970 5286 3102 5341 epp.
3135 5272 3190 5341 6,
3221 5274 3273 5339 8,
3306 5274 3362 5340 9,
3397 5276 3483 5331 10.

2069 5347 2119 5416 e)
2150 5346 2277 5416 Sive
2314 5345 2588 5416 Aredium
2626 5342 2766 5416 :_hic
2809 5350 3171 5416 successerat
3208 5344 3483 5415 saginari.

2069 5342 2119 5416 ε)
2146 5346 2277 5423 Sive
2314 5342 2588 5423 Aredium
2626 5342 2766 5423 :.hic
2809 5350 3171 5423 successerat
3208 5344 3555 5423 Sagittario,_
3578 5348 3679 5422 qui

1974 5412 2110 5471 cum
2142 5415 2377 5471 Salonio
2422 5412 2692 5481 plurimis
2740 5412 2799 5465 in
2850 5412 3111 5467 conciliis
3142 5412 3329 5471 fuerat
3357 5412 3676 5487 depositus.

1974 5487 2227 5542 Tandem
2262 5490 2507 5547 uterque
2532 5484 2590 5537 in
2622 5482 2918 5538 basilicam
2950 5487 3012 5539 B.
3048 5484 3303 5542 Marcelli
3326 5489 3507 5547 Cabil.
3542 5496 3683 5547 sunt

1974 5487 2227 5542 Tandem
2262 5490 2507 5553 uterque
2532 5487 2590 5537 in
2622 5487 2918 5538 basilicam
2950 5487 3012 5539 B.
3048 5487 3303 5542 Marcelli
3326 5489 3507 5547 Cabil.
3542 5496 3677 5547 sunt

1974 5558 2242 5614 custodia
2270 5554 2613 5620 detruditur,
2636 5558 2784 5609 teste
2815 5555 2983 5627 Greg.
3009 5556 3228 5614 Turon.
3256 5559 3356 5615 lib.
3383 5577 3433 5615 ν.
3460 5560 3677 5620 Histor.

1974 5631 2307 5771 c.(?)8.Tom.
2342 5698 2363 5752 Ι
2404 5697 2525 5753 Act.
2560 5696 2659 5754 SS.
2700 5714 2734 5754 a
2762 5697 3092 5759 Mabillonio
3123 5700 3259 5758 edit.
3292 5718 3349 5773 p.
3371 5703 3497 5759 665.
