4086 6166
436 247 557 305 423

884 241 944 302 S.
993 237 1363 301 GREGOBII
1410 234 1652 298 MAGNI
1697 233 1902 303 VlTA,
1949 233 2048 292 EX
2091 233 2277 295 EJUS
2325 231 2674 293 SCRIPTIS
2717 232 3173 294 ADORNATA.
3223 232 3363 296 LIB.
3408 239 3504 300 IV.

3781 253 3877 312 421

434 398 565 438 rum
595 394 1016 454 praeproperam
1051 375 1483 449 provectionem
1515 371 1587 426 ad
1619 367 1964 436 sacerdotia,
1998 384 2130 424 mu-
2164 370 2217 437 Α
2246 385 2366 437 rex,
2418 369 2606 425 noluit
2652 368 2909 442 amplius
2959 370 3307 428 Taurinensi
3353 373 3575 433 subesse
3615 380 3886 456 Episcopo,

430 469 641 528 lierum
673 485 807 526 cum
851 467 1078 525 clericis
1112 462 1641 528 cohabitationem;
1675 474 1779 514 nec
1817 475 1931 514 non
1963 474 2138 530 syno-

434 563 642 618 dorum
677 576 804 632 quas
826 556 1136 630 quotannis
1167 552 1368 609 haberi
1402 551 1638 610 debent.
1673 547 2040 620 neglectum;
2069 548 2140 604 de

435 652 653 725 quibus
674 646 1054 704 eliminandis
1082 646 1141 699 in
1164 640 1408 699 concilio
1431 638 1873 695 deliberandum
1898 641 2132 693 censet:

434 744 702 807 alteram,
735 756 851 811 qua
881 737 1042 809 prius
1074 733 1276 807 gratiis
1299 731 1444 788 actis
1472 729 1542 786 ob
1573 736 1838 786 navatam
1865 728 2134 799 Augusti-

433 851 507 891 no
539 845 793 902 cperam,
819 827 929 898 ipsi
956 826 1032 897 (a)
1058 822 1212 897 pallii
1244 837 1417 877 usum
1449 818 1734 886 concedit,
1759 817 2136 888 decernitque

433 927 498 979 ut
539 918 795 976 Ecclesia
845 912 1398 987 Augustodunensis
1445 909 1698 981 primum
1740 909 1799 964 in
1841 906 2135 978 provincia

430 1014 626 1069 locum
661 1015 789 1080 post
823 1007 1268 1078 Lugdunensem
1316 1002 1594 1059 obtineat.
1640 999 1858 1055 Deinde
1890 997 2130 1069 Syagrio

432 1109 711 1172 tanquam
745 1095 1071 1168 apostolicae
1117 1093 1278 1149 sedis
1306 1094 1459 1147 vices
1504 1089 1728 1162 gerenti
1761 1103 1960 1144 curam
1992 1103 2132 1142 con-

435 1189 740 1262 greganda
773 1185 981 1257 Synodi
1026 1182 1356 1239 demandat.
1408 1181 1614 1250 Magna
1653 1182 1775 1234 erat
1805 1178 1981 1248 hujus
2007 1178 2132 1249 epi-

432 1281 590 1352 scopi
640 1277 795 1333 287
843 1274 1160 1331 auctoritas
1209 1273 1358 1342 apud
1406 1269 1840 1326 Brunichildem
1873 1268 2133 1340 reginam

429 1373 668 1442 ejusque
701 1371 936 1439 nepotes
970 1365 1391 1420 Theodericum
1425 1365 1481 1416 et
1512 1360 1995 1415 Theodebertum.
2021 1358 2134 1414 Nec

425 1458 747 1526 immerito,
779 1472 914 1512 nam
948 1452 1247 1509 sacerdotis
1282 1465 1505 1513 nomen,
1550 1448 1788 1504 Joannis
1823 1443 2131 1519 regionarii

431 1549 796 1617 aliorumque
827 1543 1150 1600 multorum
1183 1539 1538 1606 testimonio,
1561 1540 1727 1593 etiam
1757 1537 2001 1592 moribus
2029 1539 2136 1592 im-

425 1638 631 1711 plebat.
689 1636 820 1690 Jam
878 1633 1102 1704 pridem
1161 1634 1281 1686 erat
1336 1645 1403 1684 ex
1451 1644 1563 1698 quo
1623 1625 2013 1681 Brunichildis
2060 1627 2130 1682 de

429 1727 604 1797 pallio
648 1724 759 1795 ipsi
809 1721 1198 1817 concedendo.
1242 1719 1396 1817 apud
1452 1732 1658 1817 papam
1712 1719 1928 1817 egerat:
1978 1715 2124 1780 Quid
2172 1754 2215 1817 Β

427 1821 622 1872 autem
655 1828 845 1869 causis
893 1809 1088 1878 fuerit,
1141 1811 1206 1863 ut
1236 1807 1458 1863 tardius
1499 1805 1609 1861 hoc
1639 1805 1856 1860 honore
1897 1806 2138 1860 donare-

430 1909 548 1975 tur,
580 1904 736 1960 disce
766 1919 836 1958 ex
873 1901 1103 1956 laudata
1144 1915 1274 1954 mox
1309 1897 1377 1952 ad
1422 1896 1683 1951 eamdem
1723 1895 1982 1966 reginam
2014 1894 2135 1966 epi-

421 1993 591 2051 stola.
625 1996 749 2050 Imo
785 1990 1024 2064 quando
1055 1987 1139 2042 illi
1175 1985 1375 2042 utendi
1410 1984 1580 2056 pallio
1612 1984 1680 2039 ad
1713 2000 1877 2040 sacra
1907 1989 2134 2040 tantum

426 2084 743 2140 missarum
810 2079 1095 2136 solemnia
1163 2077 1510 2132 celebranda
1573 2078 1908 2147 potestatem
1976 2074 2132 2142 fecit,

429 2174 645 2246 adjecit
684 2170 1074 2228 conditionem
1130 2186 1142 2223 :
1187 2169 1358 2235 Quod,
1405 2165 1616 2237 inquit,
1657 2169 1735 2221 ita
1762 2166 1860 2221 tibi
1891 2165 2134 2220 dandum

425 2281 538 2320 esse
568 2261 997 2328 decrevimus,si
1024 2260 1176 2330 prius
1203 2273 1302 2328 per
1323 2255 1518 2327 synodi
1537 2255 1918 2325 deﬁnitionem
1947 2271 2132 2311 emen-

423 2355 555 2409 dare
581 2353 900 2425 promiseris
921 2363 1046 2420 quae
1067 2346 1393 2415 corrigenda
1413 2345 1818 2399 mandavimus.
1851 2345 1918 2398 Et
1940 2345 2090 2399 intra
2115 2360 2128 2399 :

426 2442 573 2500 Unde
601 2445 730 2514 quia
772 2436 1302 2511 praecellentissimos
1350 2435 1493 2504 ﬁlios
1533 2441 1754 2488 nostros
1796 2435 2132 2489 Francorum

427 2549 575 2606 reges
618 2547 880 2601 magnam
924 2529 1070 2585 vobis
1113 2528 1365 2583 novimus
1409 2525 1764 2580 dilectionem
1798 2525 2128 2596 impendere,

424 2624 578 2682 omni
607 2638 697 2678 vos
726 2621 910 2676 studio
947 2620 1202 2689 omnique
1243 2631 1405 2684 agere
1437 2617 1660 2669 annisu-
1691 2629 1910 2670 necesse
1938 2621 2038 2679 est,
2075 2618 2131 2669 ut

421 2714 561 2786 quod
590 2713 655 2768 de
687 2710 893 2784 synodo
922 2706 1304 2778 congreganda
1333 2705 1736 2769 mandavimus,
1759 2704 2130 2774 fraternitatis

424 2814 616 2861 vestrae
666 2801 964 2870 vigilantia
1012 2798 1368 2868 compleatur,
1410 2801 1570 2867 atque
1616 2794 1804 2849 omnia
1851 2794 1966 2850 illic
2012 2811 2128 2864 quae

422 2910 520 2966 pro
541 2892 859 2948 animarum
900 2888 1080 2942 salute
1120 2886 1437 2954 scripsimus
1475 2891 1838 2945 censeantur;
1864 2889 2127 2954 quatenus

418 2999 517 3054 per
546 2984 661 3048 hoc,
703 2983 755 3035 et
785 2993 873 3032 vos
919 2979 1100 3031 zelum
1141 2981 1402 3034 vestrum,
1437 2983 1487 3028 et
1531 2973 1774 3044 qualiter
1822 2974 1968 3030 vobis
2015 2975 2128 3031 illi-

421 3071 532 3128 cita
579 3067 905 3140 displiceant
935 3064 1255 3132 ostendatis,
1305 3067 1354 3117 et
1387 3078 1482 3118 nos
1528 3063 1747 3117 utiliter
1790 3063 2121 3136 providisse,

2253 461 2392 533 quia
2413 459 2533 515 haec
2556 460 2696 516 urbs
2719 463 2846 516 erat
2868 460 2926 515 in
2949 461 3453 533 Langobardorum
3477 467 3696 527 ditione.
3719 474 3887 544 Itaque

2253 551 2546 621 proprium
2582 550 2792 605 habere
2833 551 3004 622 cmpit
3035 551 3369 623 episcopum
3399 555 3530 612 urbs
3558 557 3625 629 (τε)
3644 562 3889 619 Maurien-

2253 655 2347 708 na,
2371 639 2471 710 qui
2507 637 2690 708 primo
2714 639 3149 695 Tarentasiensi
3173 642 3600 712 metropolitano
3619 648 3889 706 attributus

2250 731 2359 791 est,
2394 733 2595 798 postea
2625 728 2964 798 Viennensi,
3009 731 3161 801 quod
3191 730 3357 787 hodie
3388 741 3708 802 perseverat.

2319 817 2375 871 9.
2408 817 2646 890 Cyriaco
2691 820 2844 890 apud
2890 819 3179 890 Hispanos
3224 819 3448 878 felicius
3479 822 3672 894 legatio
3698 829 3887 883 cessit:

2249 908 2462 963 etenim
2497 908 2623 979 ipso
2647 909 2972 977 annitente,
3000 914 3062 964 ut
3085 927 3184 980 par
3206 914 3294 966 est
3315 911 3557 980 credere,
3580 913 3889 973 celebratum

2249 1001 2337 1053 est
2368 998 2476 1052 hoc
2507 1015 2660 1053 anno
2694 997 2957 1054 kalendis
2985 999 3328 1055 Novembris
3361 1001 3758 1058 Barcinonense
3782 1021 3892 1060 con-

2247 1084 2474 1154 cilium,
2497 1087 2668 1156 cujus
2699 1103 2833 1142 cum
2859 1091 3109 1157 quatuor
3139 1088 3258 1144 sint
3282 1093 3500 1144 tantum
3530 1104 3777 1158 canones,
3798 1092 3890 1148 duo

2247 1173 2626 1230 simoniacam
2652 1174 2842 1230 labem
2867 1177 3248 1242 insectantur,
3274 1178 3473 1233 tertius
3505 1179 3761 1234 adversus
3782 1197 3896 1249 prae-

2246 1267 2504 1320 maturas
2526 1265 2956 1337 Neophytorum
2980 1265 3373 1340 ordinationes
3394 1267 3650 1322 conditus
3677 1271 3770 1325 est.
3801 1268 3895 1325 Hoc

2246 1354 2502 1419 nomine,
2537 1359 2599 1410 ut
2627 1355 2898 1423 diximus,
2931 1355 3338 1426 intelliguntur
3365 1355 3515 1427 laici,
3546 1356 3641 1429 qui
3668 1357 3888 1413 nondum

2244 1443 2478 1499 assidua
2508 1444 2914 1501 exercitatione
2944 1445 3193 1516 probati,
3226 1447 3461 1517 auspice
3490 1445 3718 1511 ambitu,
3745 1462 3894 1500 secu-

2246 1532 2352 1587 lari
2385 1537 2669 1604 potestate
2698 1534 2863 1601 duce,
2909 1535 2976 1589 ad
3008 1535 3345 1604 sacerdotia,
3379 1539 3435 1590 et
3465 1536 3533 1591 ad
3565 1537 3714 1607 ipsos
3741 1534 3896 1605 prosi-

2244 1624 2349 1680 lire
2381 1626 2679 1680 audebant
2709 1625 3101 1697 episcopatus.

2319 1717 2401 1771 10.
2437 1714 2593 1771 Felix
2624 1720 2761 1770 tunc
2793 1723 2912 1770 erat
2936 1715 3223 1787 Hispania
3256 1720 3446 1772 status
3475 1716 3576 1772 sub
3607 1714 3899 1773 Recharedo

2247 1821 2380 1876 rege
2411 1805 2654 1876 optimo,
2685 1805 2784 1876 qui
2819 1807 2886 1861 ad
2922 1806 3082 1877 regni
3117 1805 3205 1861 sui
3247 1805 3786 1862 administrationem
3815 1804 3901 1858 ad-

2238 1895 2465 1965 jutores
2491 1893 2840 1951 adhibuerat
2872 1896 3079 1966 probos
3109 1895 3262 1951 viros
3288 1914 3302 1961 ;
3343 1896 3400 1950 in
3431 1893 3523 1951 his
3552 1893 3827 1950 Claudium
3855 1895 3903 1946 et

2247 1986 2593 2046 Leandrum,
2661 1984 3063 2058 Hispalensem
3121 1985 3482 2058 episcOpum,
3529 1987 3596 2042 de
3636 2001 3738 2057 quo
3777 1998 3905 2054 saepe

2239 2077 2358 2146 jam
2392 2075 2614 2130 dictum
2649 2079 2759 2131 est.
2795 2075 3076 2132 Claudius
3126 2092 3257 2132 vero
3302 2075 3443 2148 quis
3473 2080 3529 2131 et
3557 2073 3729 2146 qualis
3755 2075 3903 2138 esset,

2247 2183 2358 2220 non
2394 2170 2577 2236 potest
2618 2163 2828 2221 melius
2851 2165 3079 2236 agnosci
3113 2182 3288 2238 quam
3331 2182 3402 2222 ex
3431 2164 3757 2236 Gregoriana
3807 2161 3910 2233 epi-

2243 2255 2392 2310 stola
2422 2256 2590 2326 cujus
2621 2254 2773 2310 lator
2805 2256 2912 2311 fuit
2949 2255 3222 2328 Cyriacus
3251 2271 3266 2314 :
3315 2258 3471 2329 Quia
3503 2254 3745 2323 unguenti
3772 2265 3906 2306 more

2244 2345 2505 2400 bonorum
2546 2349 2760 2416 fragrat
2807 2345 3014 2416 opinio,
3059 2354 3247 2401 vestra
3280 2344 3490 2402 Gloriae
3519 2344 3577 2399 de
3617 2342 3910 2399 Occidenta-

2243 2435 2388 2490 libus
2417 2435 2667 2506 partibus
2707 2436 2985 2508 hucusque
3027 2436 3157 2490 odor
3200 2437 3465 2492 tetendit.
3507 2435 3661 2502 Cuius
3695 2433 3907 2503 profecto

2240 2543 2393 2581 aurae
2423 2529 2696 2582 suavitate
2733 2543 3029 2596 respersus,
3063 2528 3300 2582 multum
3354 2530 3530 2598 fateor
3559 2539 3706 2596 quem
3730 2523 3906 2576 nescie-

2245 2614 2368 2669 bam
2398 2615 2594 2682 dilexi,
2625 2621 2786 2687 atque
2814 2616 2967 2671 intra
2996 2620 3178 2671 sinum
3223 2617 3413 2672 cordis
3461 2616 3661 2671 amoris
3696 2626 3847 2666 manu
3870 2617 3911 2664 te

2239 2707 2451 2776 rapui:
2481 2722 2578 2762 nec
2615 2706 2734 2776 jam
2777 2722 2899 2761 eum
2945 2707 3190 2762 nesciens
3229 2707 3552 2778 diligebam,
3595 2704 3743 2772 cuius
3786 2701 3906 2756 bona

2237 2811 2616 2866 cognoveram.
2668 2797 2772 2864 Qui
2809 2797 2954 2850 enim
2995 2795 3136 2851 mihi
3173 2813 3384 2866 magna
3414 2796 3710 2851 intentione
3750 2798 3905 2854 notus,

2235 2886 2332 2939 sed
2360 2887 2598 2955 corporis
2645 2884 2857 2940 visione
2892 2890 3078 2940 manet
3125 2888 3468 2954 incognitus,
3519 2885 3580 2939 de
3621 2898 3677 2939 eo
3715 2875 3906 2951 procul-

2234 2975 2402 3030 dubio
2435 2977 2701 3030 veraciter
2747 2977 2930 3031 dicere
2975 2991 3213 3046 possum,
3264 2979 3404 3048 quia
3455 2989 3731 3046 personam
3766 2969 3906 3024 illius

2231 3067 2361 3132 scio,
2393 3065 2484 3120 sed
2526 3065 2746 3121 domum
2793 3065 2995 3121 nescio.
3049 3068 3246 3135 Magna
3294 3075 3495 3122 autem
3543 3068 3724 3120 vestrae
3752 3057 3902 3115 laudis

423 3163 518 3233 qui
553 3125 790 3214 vestram
831 3155 907 3211 ad
937 3156 1034 3209 hoc
1080 3169 1194 3225 prz
1241 3154 1457 3209 caeteris
1498 3168 1782 3223 personam
1828 3125 2123 3224 elegimus,
2155 3125 2198 3193 Ο
2233 3155 2398 3211 datur
2438 3158 2686 3225 assertio,
2731 3157 2871 3228 quod
2914 3125 3208 3213 excellenti
3247 3157 3552 3214 Gothorum
3600 3155 3709 3226 regi
3749 3153 3905 3206 vestra

423 3251 712 3307 videamur
744 3246 888 3319 (Lib.
920 3262 998 3312 xx,
1029 3261 1111 3316 ep.
1152 3243 1262 3314 11).

493 3343 548 3395 7.
584 3339 664 3394 De
693 3338 895 3393 eodem
941 3337 1287 3406 argumento
1333 3332 1642 3401 scripserat
1688 3349 1832 3404 papa
1875 3349 2010 3390 cum
2051 3335 2120 3390 ad

428 3426 891 3489 Brunichildem,
928 3429 1051 3478 tum
1101 3422 1170 3477 ad
1219 3437 1382 3493 reges
1412 3421 1830 3477 Theodericum
1864 3430 1914 3477 et
1945 3423 2123 3479 Theo-

424 3521 730 3576 debertum
765 3515 903 3586 (Lib.
959 3531 1035 3581 xi,
1095 3528 1214 3584 epp.
1268 3513 1369 3566 109
1413 3519 1462 3566 et
1515 3512 1657 3583 110).
1713 3512 1950 3568 Summa
1999 3514 2125 3584 ejus

417 3607 810 3682 Epistolarum
873 3608 982 3668 est,
1027 3603 1239 3657 multos
1278 3617 1380 3672 per
1406 3601 1730 3670 fsimoniam
1764 3603 2036 3671 ordinari,
2069 3609 2125 3659 et

418 3714 487 3753 ex
517 3696 685 3752 laicis
715 3697 953 3766 repente
1001 3693 1122 3747 fieri
1167 3691 1491 3763 episcopos.
1543 3691 1838 3763 Synodum
1885 3693 1955 3747 ad
2002 3693 2122 3748 haec

422 3785 794 3843 emendanda
825 3781 1104 3839 celebrari
1127 3785 1364 3848 curent;
1386 3780 1743 3852 insuperque
1766 3782 2125 3837 constituant

414 3891 488 3932 ne
514 3874 736 3931 Judaeis
769 3871 1098 3928 Christiana
1127 3869 1298 3924 liceat
1327 3868 1539 3924 habere
1574 3869 1884 3940 mancipia.
1926 3873 1998 3926 De
2032 3888 2122 3940 sy-

419 3966 571 4022 nodo
603 3962 952 4020 celehranda
982 3960 1195 4015 iterum
1228 3957 1462 4029 scripsit
1493 3958 1708 4015 multas
1742 3959 1819 4031 (ὁ)
1845 3960 2123 4031 epistolas

418 4054 646 4111 duobus
677 4052 845 4106 annis
887 4050 1125 4121 elapsis.

485 4141 805 4198 Concilium
827 4143 1020 4195 tamen
1043 4154 1143 4209 pro
1185 4137 1546 4208 extirpandis
1585 4141 1640 4193 et
1679 4137 2054 4194 eliminandis
2092 4155 2122 4194 e

418 4235 571 4290 clero
597 4232 895 4287 Gallicano
924 4229 1259 4299 hujusmodi
1287 4227 1654 4299 corruptelis,
1692 4229 1844 4300 quod
1880 4230 2122 4285 sanctis-

421 4323 569 4377 simo
603 4320 860 4390 pontifici
905 4319 1046 4373 adeo
1076 4319 1232 4375 cordi
1279 4323 1423 4386 erat,
1465 4317 1687 4373 nullum
1724 4318 1810 4373 his
1843 4318 2122 4390 tempori-

420 4411 528 4464 bus
558 4407 824 4463 habitum
875 4406 933 4460 in
982 4407 1179 4462 Galliis
1212 4407 1476 4480 legimus,
1513 4407 1756 4463 fortasse
1787 4409 1938 4478 quod
1974 4409 2121 4480 Sya—

2233 3245 2418 3301 Gloria
2461 3247 2646 3302 sedulo
2699 3246 2987 3302 adha'rere
3035 3247 3356 3318 perhibetur
3382 3266 3402 3302 :
3451 3249 3583 3318 quia
3620 3244 3739 3298 dum
3767 3238 3902 3295 malis

2235 3335 2361 3390 boni
2408 3352 2622 3407 semper
2677 3337 3028 3406 displiceant,
3088 3335 3248 3391 bonos
3297 3352 3398 3393 vos
3440 3352 3554 3392 esse
3594 3342 3785 3390 certum
3824 3335 3908 3392 est,

2233 3427 2326 3494 qui
2356 3425 2489 3479 bono
2517 3424 2802 3494 plaeuistis
2833 3424 2975 3494 (Lib.
3009 3440 3086 3491 ιχ,
3119 3439 3202 3494 ep.
3236 3424 3392 3495 120).
3427 3425 3630 3479 Postea
3657 3420 3905 3492 Optimum

2229 3515 2420 3570 virum
2454 3517 2524 3570 ad
2561 3515 3046 3586 perseverantiam
3075 3515 3384 3583 hortatur;
3418 3516 3554 3573 etin
3590 3515 3697 3569 line
3725 3508 3910 3580 episto-

2231 3604 2298 3660 lae
2331 3605 2702 3660 commendat
2731 3604 3054 3676 Cyriacum,
3086 3609 3145 3659 ut
3174 3609 3425 3675 peractis
3456 3621 3580 3678 quae
3611 3605 3660 3660 ei
3693 3600 3910 3666 iniuncta

2231 3701 2410 3764 erant,
2447 3696 2605 3749 nulla
2636 3712 2761 3749 eum
2790 3694 3079 3750 remeandi
3112 3709 3264 3749 mora
3291 3695 3649 3768 przpedirel.
3682 3693 3754 3747 De
3781 3689 3910 3742 dua-

2231 3784 2338 3838 bus
2366 3783 2494 3838 aliis
2514 3784 2776 3854 epistolis
2801 3786 2870 3838 ab
2896 3783 3004 3839 hoc
3040 3782 3228 3855 legato
3253 3785 3313 3839 in
3343 3783 3687 3856 Hispaniam
3711 3773 3915 3834 delatis,

2231 3889 2345 3928 una
2375 3874 2441 3928 ad
2489 3875 2841 3934 Leandrum.
2883 3873 3060 3929 altera
3089 3891 3224 3930 vero
3254 3876 3331 3931 ad
3360 3875 3561 3945 ipsum
3594 3876 3915 3943 regtttmll‘li"l3

2231 3979 2371 4018 sane
2404 3967 2540 4018 sunt
2571 3962 2816 4027 eximia,
2849 3971 3034 4018 tacere
3077 3980 3188 4018 non
3222 3967 3311 4019 est
3342 3966 3663 4035 integrum.

2303 4056 2388 4108 11.
2426 4056 2488 4106 In
2518 4052 2694 4122 priori
2746 4053 3055 4124 Gregorius
3101 4053 3245 4108 mire
3284 4053 3500 4109 laudat
3543 4052 3763 4106 litteras
3790 4055 3915 4116 quas

2231 4157 2414 4210 nuper
2445 4157 2478 4195 a
2508 4145 2700 4196 sancto
2744 4141 2866 4196 viro
2910 4145 3231 4212 acceperat.
3268 4142 3441 4208 Boni,
3475 4141 3684 4209 inquit,
3720 4134 3920 4204 sapien-

2227 4233 2412 4300 tesque
2451 4228 2582 4295 viri,
2622 4245 2746 4284 cum
2787 4232 3056 4298 legeretur
3104 4230 3248 4300 (haec
3301 4229 3580 4301 epistola)
3628 4225 3918 4297 adfuerunt,

2229 4334 2463 4389 quorum
2520 4319 2708 4372 statim
2767 4318 2976 4374 viscera
3029 4319 3086 4373 in
3146 4323 3632 4390 compunclionem
3683 4313 3921 4370 commota

2229 4415 2374 4461 sunt.
2411 4406 2581 4477 Coepit
2611 4408 2835 4477 quisque
2875 4407 3086 4462 amoris
3129 4423 3296 4462 manu
3330 4409 3395 4462 in
3445 4422 3547 4462 suo
3591 4403 3744 4460 corde
3770 4405 3818 4453 te
3843 4411 3920 4450 ra-

413 4501 540 4571 grio
585 4496 696 4552 sibi
750 4495 980 4565 praelato
1028 4495 1306 4566 episcopi,
1367 4495 1798 4566 metmpolitani
1846 4498 2116 4568 maxime,
2151 4501 2193 4565 Ι)
2224 4511 2371 4566 pere,
2395 4497 2525 4566 quia
2569 4497 2628 4550 in
2672 4496 2776 4551 illa
2805 4495 3044 4567 epistola
3073 4501 3177 4551 tua
3208 4499 3418 4551 mentis
3457 4494 3799 4551 dulcedinem
3825 4500 3920 4539 non

414 4589 818 4656 obtemperare
850 4583 1320 4639 detractaverint.

481 4679 536 4733 8.
570 4676 696 4732 Non
747 4673 1061 4730 feliciorem
1111 4673 1327 4728 exitum
1381 4674 1582 4728 habuit
1613 4676 1766 4745 quod
1802 4674 2118 4746 postularat

413 4769 484 4824 ab
527 4767 734 4822 iisdem
789 4763 1026 4833 regibus
1078 4777 1180 4832 pro
1233 4761 1521 4828 Ursicino,
1570 4764 1906 4821 Taurinensi
1953 4765 2112 4837 epis-

413 4875 580 4929 copo,
618 4853 921 4920 nimirum,
955 4856 1019 4906 ut
1058 4852 1186 4922 ejus
1220 4852 1485 4907 Ecclesiae
1513 4854 1819 4908 subtracta:
1850 4856 2114 4924 quaedam

411 4945 698 5019 parochias
764 4941 1216 4998 restituerentur
1286 4942 1453 5011 (Ibid.
1522 4957 1643 5012 epp.
1707 4944 1805 4996 115
1859 4947 1907 4999 et
1967 4945 2111 5016 116).

408 5033 814 5092 Controversia
855 5031 1172 5102 praesertim
1220 5035 1344 5085 erat
1381 5031 1450 5085 de
1485 5030 2030 5088 Mauriennensibus
2061 5041 2115 5089 et

409 5124 893 5195 Segusiensibus;
949 5138 1096 5193 quas
1143 5137 1275 5175 cum
1328 5125 1671 5190 occupasset
1713 5125 2112 5179 Guntramnus

482 5318 566 5387 (a)
614 5320 802 5387 Supra
839 5316 1276 5372 observavimus
1323 5331 1436 5370 non
1464 5316 1741 5372 omnibus
1785 5318 2110 5387 metropoli-

411 5390 564 5442 tanis
597 5389 797 5440 datum
848 5387 984 5440 olim
1033 5389 1298 5457 pallium.
1340 5388 1532 5457 Neque
1561 5387 1677 5442 illis
1709 5388 1848 5443 solis
1876 5406 2111 5446 conces-

411 5475 542 5516 sum
569 5457 773 5526 probat
803 5459 1124 5530 exemplum
1149 5460 1394 5530 Syagrii.
1423 5459 1689 5514 Plurimis
1711 5460 1880 5515 etiam
1903 5462 2107 5517 Siciliae

409 5531 722 5602 episcOpis,
771 5534 873 5602 aut
918 5529 1301 5602 Sycacusanis
1336 5536 1445 5602 aut
1482 5533 1919 5602 (Panormitanis
1978 5550 2108 5589 con-

407 5598 639 5661 cessum
671 5598 882 5671 legitur
915 5598 972 5651 in
1006 5598 1381 5671 Gregorianis
1403 5601 1688 5670 epistolis.

478 5673 558 5744 (ὸ)
587 5669 733 5726 Vide
763 5669 863 5724 lib.
897 5685 978 5733 xi,
1015 5670 1087 5724 ab
1118 5669 1207 5740 ép.
1242 5672 1313 5725 ad
1343 5672 1432 5724 63.

2223 4596 2341 4642 erat
2361 4585 2574 4653 audire,
2604 4586 2703 4641 sed
2732 4601 2973 4640 cernere.
3003 4585 3464 4640 Accendebantur
3509 4590 3562 4640 et
3593 4579 3917 4637 mirabantur

2227 4676 2456 4746 singuli,
2487 4685 2653 4745 atque
2680 4678 2791 4746 ipse
2821 4677 2966 4746 ignis
3002 4674 3353 4730 audientium
3382 4673 3808 4731 demonstrabat,
3839 4662 3919 4736 qui

2225 4773 2405 4838 fuerat
2434 4769 2606 4824 ardor
2651 4767 2902 4823 dicentis.
2955 4767 3089 4831 Quae
3129 4782 3266 4822 sane
3311 4783 3603 4837 magnum
3633 4757 3916 4833 deperdita

2225 4860 2402 4929 hujus
2447 4857 2703 4929 epistolis
2754 4858 3106 4914 desiderium
3159 4864 3468 4928 generant.
3521 4854 3716 4910 Unum
3768 4850 3820 4904 in
3865 4860 3923 4900 ea

2223 4948 2513 5020 vituperat
2563 4947 2816 5017 pontifex
2866 4945 3228 5002 incredibilis
3277 4944 3667 5012 humilitatis,
3707 4945 3761 4995 et
3787 4933 3920 4991 dolet

2223 5039 2294 5092 ab
2326 5036 2512 5092 amico
2544 5035 2825 5106 scriptum
2852 5051 2864 5102 ;
2901 5035 3180 5090 nimirum
3204 5034 3374 5089 vitam
3397 5050 3566 5089 suam
3594 5030 3796 5089 cunctis
3824 5035 3920 5080 esse

2222 5127 2567 5182 imitabilem.
2617 5126 2717 5181 His
2768 5130 3111 5197 provocatur
3155 5125 3225 5180 ad
3265 5124 3572 5195 lacrymas
3621 5122 3692 5177 de
3727 5115 3920 5173 amissa

2288 5325 2364 5394 (ο)
2396 5323 2559 5378 Dicta
2582 5327 2780 5393 postea
2811 5338 2939 5377 cum
2973 5321 3096 5392 ipsa
3123 5321 3270 5394 valle
3289 5319 3349 5394 S_.
3375 5319 3646 5394 Joannes
3676 5312 3918 5394 (16111811-

2217 5383 2439 5466 rie‘n'na,
2474 5395 2544 5449 ob
2579 5383 3086 5449 miraculorum'S.
3109 5391 3358 5466 Joannis
3383 5392 3664 5463 Baptista
3697 5383 3920 5466 celebri-

2216 5471 2390 5521 tatem
2425 5459 2533 5521 hoc
2561 5467 2616 5521 in
2643 5466 2787 5533 loco,
2818 5466 2913 5520 ubi
2938 5466 3198 5534 insignes
3221 5465 3355 5533 ejus
3381 5459 3626 5534 exstant
3649 5459 3916 5534 reliqum;

2215 5539 2283 5593 de
2315 5537 2532 5608 quibus
2560 5538 2688 5594 vide
2727 5531 2896 5608 Greg.
2932 5531 3141 5592 Turon.
3186 5531 3286 5590 lib.
3319 5549 3337 5587 ι
3375 5535 3451 5588 de
3492 5533 3657 5588 Glor.
3689 5531 3841 5585 Mart.
3873 5539 3918 5575 c.

2217 5609 2280 5665 14
2313 5614 2371 5664 et
2400 5624 2519 5680 seq.
