4086 6166
252 185 365 250 425

656 192 721 286 ξ.
772 188 1149 287 GBEGQRII
1194 193 1442 256 MAGNI
1483 196 1691 272 VITA,
1742 201 1843 261 EX
1890 203 2078 265 EJUS
2126 204 2473 269 SCRIPTIS
2516 214 2971 283 ADORNATA.
3022 228 3169 291 LIB.
3216 231 3319 295 IV.

3669 239 3801 315 ωε

246 323 458 397 prioris
516 324 645 381 vitis
707 327 1144 399 tranquillitate,
1191 330 1512 403 adeptoque
1562 334 1903 405 pontiﬁcatu
1939 353 1953 392 :
1986 341 2041 409 Α
2070 340 2377 400 admiretur
2411 348 2551 419 ipsa,
2584 366 2747 423 quam
2775 356 2885 411 sint
2914 374 3118 429 magna
3157 380 3283 436 quae
3308 370 3457 436 fecit.
3492 372 3623 441 Quae
3652 374 3788 433 dum

248 416 424 485 Quasi
461 417 634 483 enim,
667 417 880 490 inquit,
920 434 1178 491 prospero
1224 424 1364 492 ﬂatu
1424 425 1787 494 navigabam,
1835 444 1962 484 cum

247 504 610 575 tranquillam
638 506 812 561 vitam
841 507 901 561 in
938 511 1269 563 monasterio
1301 508 1572 566 ducerem.
1614 514 1723 569 Sed
1748 517 1964 586 procel-

249 594 373 650 losis
396 595 579 649 subito
617 595 852 651 motibus
898 601 1187 664 tempestas
1236 604 1456 668 exorta,
1500 603 1559 656 in
1605 620 1705 658 sua
1738 610 1963 674 pertur-

248 684 468 741 batione
515 700 603 740 me
648 688 857 756 rapuit,
900 693 955 741 et
1006 691 1433 759 prosperitatem
1480 692 1699 749 itineris
1748 698 1915 751 amisi
1945 712 1966 753 :

247 776 378 846 quia
406 775 589 845 quiete
614 775 835 845 perdita
884 777 1083 831 mentis
1132 778 1507 848 naufragium
1552 782 1781 853 pertuli.
1832 787 1964 842 Ecce

248 880 394 919 nunc
432 865 492 919 in
541 864 706 920 undis
750 881 950 935 versor,
996 871 1051 922 et
1098 876 1203 924 tum
1247 870 1667 929 intercessionis
1716 875 1963 933 tabulam

253 970 456 1025 quaero,
483 963 546 1010 ut
575 954 673 1027 qui
700 957 831 1010 navi
857 955 1078 1027 integra
1107 957 1253 1015 dives
1296 964 1588 1031 pervenire
1615 979 1727 1019 non
1761 966 1962 1038 merui,

250 1044 443 1100 saltem
471 1052 591 1115 post
619 1044 821 1100 damna
851 1046 930 1102 ad
964 1044 1121 1103 littus
1147 1063 1246 1119 per
1278 1049 1527 1106 tabulam
1554 1052 1788 1110 reducar
1816 1055 1962 1127 (Lib.

254 1149 330 1200 Ix,
360 1149 449 1204 ep.
494 1134 644 1200 121).

323 1239 385 1293 In
421 1238 538 1296 ﬁne
556 1238 814 1312 epistolas
837 1239 1132 1312 significat
1162 1242 1409 1300 missum
1440 1246 1511 1301 ad
1536 1250 1863 1306 Leandrum
1895 1265 1965 1307 ex

251 1329 305 1385 S.
338 1329 489 1384 Petri
522 1329 930 1387 benedictione
972 1330 1242 1404 pallium,
1276 1336 1431 1406 quod
1464 1340 1521 1392 et
1549 1338 1799 1411 antiquis
1822 1356 1966 1397 con-

252 1418 575 1485 suetudini,
607 1424 665 1475 et
712 1419 899 1493 ipsius
948 1422 1218 1493 gravitati
1245 1440 1311 1480 ac
1345 1426 1614 1497 bonitati,
1645 1432 1700 1483 et
1731 1428 1962 1487 Recha-

252 1510 373 1566 redi
405 1511 579 1583 regis,
614 1511 715 1583 qui
760 1511 918 1569 hunc
970 1512 1252 1571 honorem
1304 1532 1411 1573 suo
1445 1516 1504 1574 in
1536 1518 1648 1575 fide
1680 1520 1963 1580 catholica

253 1603 401 1675 patri
432 1610 485 1658 et
520 1602 801 1675 magistro
853 1605 1089 1660 concedi
1131 1612 1384 1678 rogarat,
1424 1609 1664 1680 optimis
1696 1613 1961 1671 moribus

216 1737 222 1741 .
240 1691 376 1763 jure
408 1691 736 1748 debebatur
765 1692 908 1767 (Lib.
942 1711 1020 1757 ix.
1053 1710 1138 1767 ep.
1174 1697 1323 1769 122).

324 1804 412 1856 12.
450 1805 512 1858 In
543 1802 791 1875 epistola
821 1820 935 1876 qua
965 1805 1045 1877 (α)
1077 1804 1286 1863 litteris
1317 1824 1351 1863 a
1388 1824 1519 1882 rege
1554 1812 1808 1885 acceptis
1833 1829 1957 1869 res-

252 1890 471 1961 pondet
501 1891 561 1947 S.
595 1892 927 1964 Gregorius,
954 1910 1068 1949 non
1094 1894 1288 1952 minus
1309 1896 1493 1955 elucet
1514 1916 1745 1956 summa
1773 1900 1955 1957 animi

252 1979 553 2037 demissio.
594 1981 740 2035 Nam
781 1987 1085 2053 postquam
1126 1985 1196 2040 de
1227 1988 1519 2043 conversis
1555 1990 1625 2043 ad
1661 1990 1834 2046 fidem
1866 2006 1960 2047 ca-

256 2069 536 2125 tholicam
598 2070 913 2127 Recharedi
974 2089 1149 2142 opera
1196 2076 1468 2133 omnibus
1516 2078 1742 2147 Gothis,
1795 2080 1957 2151 prius

250 2159 504 2225 Arianis,
563 2161 905 2217 exclamavit
960 2166 1204 2234 stupens
1264 2181 1277 2219 ε
1340 2167 1465 2222 Haec
1515 2178 1594 2223 est
1643 2168 1959 2226 immutatio

249 2249 494 2305 dexterae
524 2249 738 2304 Excelsi
766 2250 937 2321 (Psal.
964 2268 1151 2319 Lxxw,
1191 2254 1306 2325 ll);
1342 2254 1541 2312 subdit
1574 2274 1587 2311 :
1622 2259 1777 2327 cuius
1807 2259 1958 2315 enim

251 2340 332 2395 vel
363 2355 597 2394 saxeum
627 2346 809 2410 pectus
846 2343 1006 2396 tanto
1054 2343 1152 2398 hoc
1181 2359 1337 2415 opere
1377 2347 1607 2416 cognito,
1635 2365 1745 2404 non
1772 2351 1959 2405 statim

255 2429 313 2483 in
334 2428 728 2501 omnipotentis
758 2430 853 2486 Dei
883 2431 1172 2501 laudibus,
1195 2438 1356 2505 atque
1387 2438 1447 2490 in
1479 2447 1590 2493 tuae
1617 2438 1960 2497 excellentiae

251 2534 438 2574 amore
481 2518 803 2575 mollescat?
841 2521 967 2577 Haec
1008 2537 1115 2589 me,
1164 2524 1363 2592 fateor,
1416 2541 1534 2596 quae
1569 2542 1671 2598 per
1712 2544 1799 2583 vos
1839 2533 1961 2585 acta

252 2617 401 2678 sunt,
432 2625 576 2679 sape
604 2611 1055 2667 convenientibus
1085 2612 1222 2682 ﬁliis
1255 2616 1389 2671 meis
1429 2616 1630 2685 dicere,
1661 2632 1806 2688 saepe
1835 2636 1959 2675 cum

253 2698 332 2755 eis
359 2696 580 2769 pariter
607 2698 886 2755 admirari
905 2699 1157 2756 delectat.
1183 2703 1305 2758 Haec
1331 2719 1419 2759 me
1438 2705 1765 2775 plerumque
1791 2708 1960 2764 etiam

252 2791 445 2843 contra
482 2803 568 2843 me
611 2790 874 2859 excitant,
924 2790 1063 2861 quod
1105 2790 1271 2862 piger
1315 2809 1408 2863 ego
1455 2800 1512 2849 et
1560 2796 1787 2852 inutilis
1831 2804 1961 2855 tunc

257 2879 432 2934 inerti
466 2877 578 2934 otio
608 2885 811 2949 torpeo,
841 2880 1059 2951 quando
1089 2881 1151 2937 in
1181 2884 1502 2939 animarum
1542 2886 1694 2942 288
1737 2904 1959 2960 congre-

252 2967 569 3039 gationibus
610 2984 711 3040 pro
758 2969 909 3026 lucro
952 2971 1177 3028 ctelestis
1214 2976 1419 3043 patriae
1461 2990 1609 3047 reges
1651 2977 1958 3035 elaborant.

254 3058 397 3128 Quid
436 3059 628 3130 itaque
667 3074 764 3128 ego
802 3061 862 3114 in
893 3060 991 3115 illo
1038 3062 1313 3119 tremendo
1352 3068 1607 3122 examine
1642 3066 1824 3136 judici
1859 3085 1953 3124 ve-

253 3147 433 3204 nienti
458 3138 713 3205 dicturus
740 3165 883 3217 sum,
930 3152 983 3207 si
1022 3156 1159 3208 tunc
1200 3152 1339 3210 illuc
1378 3172 1578 3211 vacuus
1616 3173 1830 3226 venero,
1866 3159 1957 3214 ubi

250 3241 346 3293 tua
403 3238 736 3295 medentia
790 3255 976 3311 greges
1027 3249 1143 3311 post
1194 3258 1250 3298 se
1306 3243 1554 3312 ﬁdelium
1612 3246 1786 3315 ducet,
1836 3263 1966 3319 quos

247 3327 405 3384 modo
434 3330 507 3383 ad
553 3344 696 3385 vera:
742 3330 874 3399 ﬁdei
910 3333 1150 3401 gratiam
1194 3348 1295 3404 per
1337 3335 1637 3391 studiosam
1681 3342 1731 3393 et
1780 3340 1964 3395 conti-

248 3433 417 3474 nuam
442 3418 897 3489 praedicationem
936 3421 1277 3493 traxit(Lib.
1312 3440 1389 3493 1x,
1434 3441 1519 3496 ep.
1565 3427 1710 3499 112).

326 3529 534 3585 Postea
554 3527 770 3600 gratias
791 3529 912 3599 agit
934 3545 1038 3601 pro
1062 3533 1407 3588 muneribus
1431 3534 1608 3605 regiis
1629 3537 1699 3591 ad
1725 3537 1962 3593 beatum

260 3619 495 3675 Petrum
530 3619 725 3675 missis
766 3620 851 3692 (in
882 3620 974 3677 his
1003 3626 1128 3677 erat
1156 3621 1304 3678 calix
1335 3626 1594 3697 aureus),
1627 3633 1682 3681 et
1715 3628 1964 3683 maxime
2011 3649 2020 3662 '-

262 3707 470 3763 laudat
496 3722 695 3781 regem
724 3709 797 3764 ob
842 3710 1114 3780 rejectam
1164 3711 1460 3783 ingentem
1512 3716 1766 3783 pecunias
1806 3732 1965 3771 sum-

261 3813 441 3865 mam,
474 3815 649 3869 quam
680 3798 865 3854 Judaei
888 3800 1241 3869 obtulerant,
1272 3807 1336 3857 ut
1364 3802 1548 3874 legem
1577 3810 1777 3860 contra
1806 3807 1965 3876 ipsos

257 3888 431 3944 latam
465 3890 734 3961 religaret
764 3906 778 3946 :
814 3906 929 3963 quo
974 3891 1150 3957 facto,
1195 3908 1337 3948 auro
1387 3894 1776 3951 innocentiam
1828 3913 1966 3965 pras-

257 3978 416 4047 tulit,
451 3982 511 4034 et
540 3977 820 4034 Davidem
852 3979 1159 4036 tumulatus
1190 3986 1299 4048 est,
1332 3982 1449 4039 imo
1479 3983 1791 4055 superavit.
1814 3985 1960 4040 Nam

250 4072 309 4125 si
333 4069 404 4125 ab
441 4079 656 4126 armato
685 4086 810 4142 rege
831 4070 890 4125 in
913 4071 1242 4141 sacriﬁcium
1267 4075 1364 4128 Dei
1396 4090 1546 4129 versa
1567 4083 1647 4129 est
1666 4091 1811 4147 aqua
1832 4092 1961 4130 con-

243 4163 474 4231 tempta,
518 4176 805 4231 pensemus
852 4160 1016 4232 quale
1062 4163 1397 4231 sacriﬁcium
1444 4165 1806 4234 omnipotenti
1856 4169 1961 4221 Deo

240 4264 343 4303 rex
363 4250 583 4315 obtulit,
605 4249 703 4321 qui
726 4266 823 4320 pro
853 4265 1042 4305 amore
1064 4252 1221 4306 illius
1258 4268 1367 4307 non
1393 4269 1615 4323 aquam,
1642 4254 1738 4308 sed
1759 4270 1960 4310 aurum

240 4340 495 4409 accipere
544 4342 909 4408 contempsit?
955 4339 1163 4411 Itaque,
1220 4341 1305 4410 ﬁli
1366 4343 1842 4412 excellentissime,
1891 4345 1957 4413 ﬁ—

239 4427 433 4482 denter
462 4427 666 4493 dicam,
690 4430 820 4497 quia
852 4428 1044 4483 libasti
1071 4446 1276 4484 aurum
1308 4434 1556 4495 Domino,
1591 4432 1733 4502 quod
1762 4437 1955 4488 contra

234 4531 363 4573 eum
394 4518 598 4573 habere
624 4518 873 4573 noluisti.
926 4520 1119 4589 Magna
1157 4525 1285 4575 sunt
1312 4520 1449 4590 hec,
1482 4528 1535 4575 et
1568 4523 1954 4593 omnipotentis

232 4607 333 4662 Dei
365 4606 521 4662 laudi
550 4606 843 4662 tribuenda
873 4608 1014 4678 (Lib.
1046 4624 1125 4675 xx,
1155 4625 1239 4678 ep.
1268 4611 1386 4681 61).

310 4715 398 4771 13.
430 4716 660 4781 Quanto
692 4715 1095 4785 praetentiora
1136 4723 1301 4773 erant
1332 4734 1456 4788 quis
1491 4720 1560 4774 de
1583 4720 1789 4790 juveni
1820 4736 1954 4793 rege
1986 4716 1999 4721 “

230 4804 513 4861 narrabat
548 4804 877 4875 Gregorius,
905 4810 1062 4862 tanto
1096 4807 1287 4878 majus
1320 4807 1658 4864 imminebat
1690 4827 1723 4866 a
1744 4826 1948 4883 super-

228 4893 338 4949 biae
371 4893 585 4966 spiritu
618 4893 965 4965 periculum.
991 4896 1171 4967 Neque
1199 4900 1365 4964 enim,
1403 4898 1613 4969 inquit,
1645 4899 1949 4957 latrunculi

229 4985 286 5037 in
326 4986 422 5039 via
468 4998 662 5052 capere
709 4985 948 5040 viatores
995 5001 1189 5041 vacuos
1236 4991 1529 5058 expetunt,
1578 4988 1672 5045 sed
1719 5006 1804 5046 eos
1851 4994 1950 5062 qui

226 5074 358 5127 auri
383 5072 608 5128 vascula
648 5073 731 5127 vel
776 5073 1002 5144 argenti
1042 5076 1253 5146 ferunt.
1289 5076 1490 5149 Itaque
1522 5081 1726 5133 contra
1757 5079 1946 5137 dolosi

228 5158 416 5218 hostis
444 5161 701 5218 latentes
733 5162 984 5220 insidias
1014 5179 1149 5220 eum
1184 5166 1413 5221 eximiis
1447 5167 1683 5223 monitis
1712 5174 1768 5224 et
1798 5185 1943 5240 prai-

228 5251 415 5322 ceptis
465 5251 849 5308 muniendum
900 5255 1144 5323 putavit.
1198 5253 1356 5324 Saepe
1416 5272 1682 5328 namque,
1734 5258 1943 5330 inquit,

221 5340 511 5409 malignus
538 5339 771 5409 spiritus
799 5345 861 5396 ut
891 5342 1032 5397 bona
1051 5341 1299 5398 destruat
1331 5346 1530 5415 quibus
1556 5350 1716 5417 prius
1745 5350 1939 5407 adver-

219 5430 347 5485 sari
374 5444 487 5485 non
536 5428 733 5493 valuit,
784 5430 860 5484 ad
904 5434 1183 5501 operantis
1226 5442 1464 5489 mentem
1501 5441 1619 5506 post
1660 5448 1943 5509 peractam

2066 448 2169 534 per
2213 435 2480 537 occultum
2537 445 2817 500 tumorem
2875 450 3021 518 apud
3086 435 3436 526 semetipsum
3481 435 3789 537 eisiollitur,

2213 529 2314 621 qui
2351 524 2554 624 donum
2585 530 2799 599 tribuit,
2827 538 3012 603 gratia
3041 523 3441 610 privatur......
3471 550 3623 617 Quid
3652 523 3784 624 ωορδ

2075 608 2133 665 in
2162 611 2249 667 his
2271 616 2556 686 agendum
2581 627 2678 684 est,
2703 624 2818 678 nisi
2841 633 2898 679 ut
2922 629 3199 699 malignus
3218 637 3449 705 spiritus
3478 654 3603 694 cum
3623 608 3783 699 nobois

2072 703 2142 758 ad
2169 706 2485 763 elevandum
2534 720 2768 768 mentem
2810 718 3026 773 reducit
3070 703 3378 798 bona
3417 712 3651 800 egimus,
3695 750 3790 791 nos

2070 808 2284 865 semper
2311 796 2384 850 ad
2424 802 2745 857 memoriam
2782 805 2934 861 mala
2962 818 3151 865 nostra
3193 796 3502 874 revocemus
3530 838 3551 875 :
3582 796 3785 892 quate-

2072 899 2175 937 nus
2204 888 2255 939 et
2282 890 2468 942 nostra
2505 904 2890 959 cognoscamus
2921 911 3034 953 esse
3063 916 3190 969 quae
3217 907 3489 973 peccando
3517 888 3776 981 fecimus,

2070 977 2119 1027 et
2147 973 2317 1030 solius
2347 976 2731 1050 omnipotentis
2771 985 2873 1039 Dei
2900 1002 3153 1058 munera,
3194 1008 3318 1049 cum
3348 973 3570 1067 peccata
3598 973 3777 1059 decli;

2071 1079 2269 1119 namus
2289 1069 2314 1117 .’

2140 1152 2249 1210 Pro
2302 1158 2554 1229 acceptis
2601 1177 2632 1215 a
2681 1176 2809 1233 rege
2860 1168 3200 1241 muneribus
3252 1189 3445 1232 sacras
3494 1177 3777 1251 reliquias

2071 1258 2205 1315 repe
2221 1245 2347 1301 ndit
2375 1247 2427 1301 S.
2463 1248 2799 1322 Gregorius.
2834 1255 3026 1329 Longe
3058 1260 3348 1332 ampliora
3380 1267 3532 1323 dona
3563 1245 3780 1326 Recha-

2070 1334 2246 1389 redus
2275 1335 2517 1392 miserat
2538 1339 2637 1395 diu
2669 1346 2839 1398 antea
2866 1361 2968 1416 per
2989 1346 3210 1419 legatos
3234 1352 3334 1421 qui
3364 1363 3529 1411 erant
3551 1358 3781 1415 abbates

2070 1438 2142 1479 ea:
2171 1426 2561 1493 monasteriis;
2608 1435 2667 1485 at
2713 1434 3041 1503 quibusdam
3082 1440 3320 1510 scopulis
3364 1460 3538 1517 prope
3591 1451 3783 1504 Massi-

2068 1512 2204 1569 liam
2253 1514 2610 1588 inhaerentes,
2657 1522 2755 1577 vix
2791 1539 2921 1579 suas
2956 1530 3252 1596 potuerunt
3297 1512 3513 1589 animas
3544 1535 3783 1594 liberare

2066 1602 2211 1697 (Lib.
2244 1622 2321 1697 ix,
2352 1609 2579 1697 ep.r6l).
2613 1612 2723 1666 Sed
2754 1613 2823 1669 de
2874 1614 3228 1687 Gregoriana
3277 1622 3349 1676 ad
3390 1622 3545 1680 hunc
3585 1641 3778 1697 regem

1995 1727 2039 1792 Β
2068 1694 2311 1792 epistola
2336 1696 2517 1792 satis,
2551 1701 2803 1792 maxime
2833 1720 2967 1762 cum
2998 1707 3057 1763 in
3092 1708 3246 1765 notis
3294 1711 3366 1766 ad
3398 1711 3611 1786 ipsam,
3644 1694 3776 1787 ejus

2069 1782 2413 1841 excellentia
2442 1791 2903 1850 commendetur.

2747 1900 2976 1959 CAPUT
3016 1905 3094 1960 III

2070 1980 2269 2056 Ascua.
2302 1981 2439 2056 -:_1.
2475 1984 2767 2056 Gregorius
2800 1997 3090 2056 aegrotans,
3133 1995 3264 2046 nihil
3294 1999 3519 2049 remittit
3556 2000 3621 2050 de
3652 2015 3778 2052 cura

2133 2044 2403 2127 pgstoraliﬁ.
2420 2074 2491 2127 τ’
2583 2044 2920 2127 Ἐτεωθριίἷξβ
2944 2044 3227 2127 Βγκαξεεῃφ
3252 2044 3544 2127 training
3560 2044 3780 2127 prima;

2130 2107 2348 2184 adhejus
2376 2109 2935 2184 judiriumronfugit.
2977 2107 3114 2184 1—3.
3160 2107 3778 2184 Metropolitauorrum_in

2131 2182 2244 2218 sum
2278 2173 2875 2249 provincim‘epis‘copos.
2881 2183 3182 2249 auctoritas.
3201 2208 3260 2219 —
3290 2173 3345 2249 ﬁt:
3362 2173 3776 2249 Vaganitest's:

2131 2244 2233 2313 ρυρ
2251 2234 2667 2313 οωεξτοροιξιεῂί
2698 2234 2912 2313 ﬁgentia
2942 2244 3222 2313 episcopos
3244 2245 3311 2294 ad
3344 2234 3775 2313 eogs‘i‘emittiwju-

2131 2293 2301 2374 ΡΒΕὲ
2318 2293 2639 2374 955989.?“-
2665 2327 2720 2335 —
2744 2302 2790 2371 β·
2824 2293 3771 2374 Ρογφῖα,ᾱυάίοὶοιέυειῖίὲίὲῧέὲῦιῖὄε

2130 2356 2653 2436 iqacqndemnatione
2674 2362 2911 2436 episcopi
2941 2356 3329 2436 hletitensis.__—
3346 2371 3394 2436 6.
3408 2356 3774 2436 petens—orum

2128 2417 2361 2509 gfﬁgium
2394 2417 2721 2509 usurpantes
2745 2417 3061 2509 puniuntur;
3093 2431 3223 2482 —-7.
3245 2417 3777 2509 ugmjiEs'iéipahfsﬁ

2134 2480 2184 2563 ξ.
2216 2479 2455 2563 Gregorii
2486 2479 2555 2563 ad
2596 2479 2824 2563 injustas
2868 2491 3134 2563 querelas.
3182 2479 3776 2563 :js.fiﬁ'vi}iﬁ{€j'ﬁi

2131 2543 2818 2624 decretisquanta‘eluceat
2836 2543 3150 2624 prudentia.
3174 2582 3236 2624 _—
3253 2556 3303 2606 9.
3336 2543 3776 2624 06111]ὶῖὲῇἶᾶ

2130 2606 2809 2675 mona_cnhais‘solticitudo.—
2831 2606 2905 2662 1⁷0.
2925 2614 2977 2664 S.
2996 2606 3775 2675 Columbanus‘eumconsulit:

2133 2669 2249 2728 (An.
2281 2668 2373 2716 598
2404 2670 2614 2729 61599.)

2144 2750 2191 2802 1.
2226 2749 2346 2804 Etsi
2379 2757 2743 2823 compertum
2794 2755 3077 2815 habemus
3127 2760 3234 2817 hoc
3266 2764 3583 2835 praesertim
3619 2783 3774 2824 anno

2069 2836 2411 2908 Gregorium
2452 2840 2687 2897 infirma
2727 2860 2901 2899 usum
2935 2862 3063 2902 esse
3096 2848 3447 2922 valetudine,
3489 2870 3556 2908 ac
3586 2855 3774 2922 poda-

2068 2941 2169 2998 gra
2198 2927 2512 2996 laborasse,
2565 2948 2885 3004 numquam
2929 2940 3123 2992 tamen
3157 2946 3461 2996 strenuum
3495 2959 3553 2997 se
3586 2945 3775 3016 magis

2067 3017 2320 3071 ostendit
2350 3019 2407 3073 in
2433 3024 2822 3091 exsequendis
2844 3041 2969 3096 quas
3001 3027 3088 3082 sui
3112 3038 3276 3084 erant
3296 3030 3496 3099 ofﬁcii,
3520 3033 3603 3088 uti
3637 3050 3770 3105 pro-

1986 3122 2030 3191 ρ
2070 3106 2210 3161 bant
2241 3112 2324 3163 tot.
2372 3109 2544 3164 variis
2594 3112 2664 3166 de
2717 3116 2960 3186 negotiis
2991 3119 3062 3171 ad
3117 3120 3371 3176 universi
3431 3139 3577 3193 pene
3617 3124 3774 3180 orbis

2076 3194 2389 3251 Christiani
2421 3199 2722 3271 episcOpos
2763 3204 2833 3258 ab
2866 3221 2931 3259 eo
2964 3208 3193 3279 scripta:
3238 3211 3492 3280 epistolas
3521 3213 3662 3285 (Lib.
3696 3231 3773 3282 Ix,

2074 3304 2158 3358 ep.
2194 3289 2285 3343 121
2319 3306 2332 3356 ;
2368 3290 2484 3345 Lib.
2520 3308 2574 3358 x,
2610 3310 2696 3364 ep.
2729 3294 2860 3366 35):
2911 3297 3052 3352 adeo
3101 3308 3158 3353 ut
3192 3304 3490 3372 perpensis
3522 3320 3647 3375 qua:
3682 3322 3782 3374 pro

2074 3377 2332 3434 Ecclesia
2362 3385 2419 3435 et
2463 3383 2759 3453 republica
2803 3387 2985 3457 gessit
3022 3389 3213 3445 dicere
3243 3390 3442 3461 libeat,
3474 3399 3787 3466 aegrotante

2076 3469 2371 3542 Gregorio,
2405 3487 2638 3543 semper
2671 3474 2919 3530 valuisse
2951 3493 3017 3532 ac
3048 3479 3302 3551 viguisse
3335 3483 3689 3553 pontificem.

2145 3560 2197 3611 2.
2232 3558 2500 3615 Extrema
2555 3576 2621 3615 ex
2655 3564 2867 3631 Africa,
2904 3565 3187 3621 nimirum
3225 3585 3292 3623 ex
3324 3570 3618 3639 Byzacena
3650 3590 3785 3643 pro-

2075 3647 2266 3701 vincia
2315 3649 2685 3705 Crementius
2728 3651 2918 3722 ipsius
2953 3655 3169 3725 primas
3200 3658 3269 3713 ad
3304 3676 3467 3731 papas
3490 3660 3785 3731 judicium

2074 3737 2307 3791 tandem
2343 3738 2654 3809 confugere
2679 3750 2908 3797 coactus
2938 3749 3047 3797 est.
3075 3747 3127 3800 Is
3158 3748 3228 3800 de
3251 3750 3506 3817 quodam
3540 3750 3783 3807 crimine

2076 3826 2263 3880 fuerat
2301 3832 2629 3897 accusatus,
2683 3834 2741 3883 et
2787 3831 3107 3901 imperator
3146 3851 3280 3889 eum
3309 3838 3472 3905 juxta
3500 3840 3781 3896 canonica

2073 3918 2294 3969 statuta
2336 3914 2600 3970 voluerat
2648 3934 2681 3971 a
2731 3917 2993 3973 Romano
3046 3923 3320 3993 pontiﬁce
3360 3926 3633 3995 judicari,
3677 3928 3780 3982 sed

2073 4003 2411 4059 Theodorus
2461 4006 2740 4076 magister
2797 4008 3071 4079 militum,
3124 4013 3379 4083 acceptis
3422 4014 3617 4069 decem
3655 4014 3780 4069 auri

2072 4092 2259 4160 libris,
2283 4093 2494 4149 obstitit
2528 4099 2583 4149 ut
2616 4097 2845 4152 minime
2872 4099 3047 4169 ﬁeret.
3074 4099 3325 4164 Urgebat
3349 4106 3547 4158 tamen
3579 4105 3783 4176 Augu-

2071 4189 2197 4238 stus
2231 4188 2295 4238 ut
2328 4201 2476 4255 papa
2507 4188 2902 4243 transmitteret
2941 4188 3217 4258 aliquem,
3251 4196 3303 4246 et
3342 4193 3615 4263 quidquid
3643 4199 3780 4251 esset

2067 4274 2393 4327 canonicum
2420 4280 2648 4344 faceret.
2693 4274 3058 4333 Crementius
3092 4281 3288 4350 itaque
3318 4298 3351 4335 a
3384 4281 3509 4336 suis
3540 4281 3778 4354 collegis

2068 4368 2123 4418 et
2146 4364 2503 4435 coepiscopis
2524 4364 2850 4436 impetitus,
2872 4367 3127 4425 instante
3150 4370 3385 4428 aliunde
3408 4373 3776 4446 imperatore,

2070 4454 2228 4509 misit
2254 4455 2306 4508 in
2331 4454 2587 4510 Siciliam
2616 4456 2928 4513 Martinum
2952 4459 3365 4517 scholasticam
3392 4464 3463 4518 ad
3487 4462 3777 4519 Joannem

2067 4543 2520 4614 Syracusanum,
2545 4560 2712 4615 quem
2739 4547 2957 4603 sciebat
2988 4549 3261 4621 Gregorio
3293 4552 3696 4623 gratissimum
3720 4557 3778 4607 et

2067 4634 2441 4701 familiarem,
2467 4637 2530 4689 ut
2562 4651 2626 4689 eo
2653 4635 2874 4692 favente
2898 4637 3129 4695 facilius
3154 4649 3339 4709 posset
3362 4658 3592 4697 summo
3626 4659 3773 4713 pon-

2063 4723 2203 4779 tifici
2239 4723 2532 4794 obrepere.
2560 4722 2943 4780 Profitebatur
2974 4728 3066 4782 hic
3098 4730 3316 4799 primae
3349 4746 3409 4785 se
3439 4730 3769 4801 apostolica

2064 4812 2188 4867 sedi
2221 4814 2552 4883 subjectum
2586 4828 2747 4883 esse;
2797 4818 2896 4869 sed
2948 4816 3190 4872 dubium
3239 4822 3362 4873 erat
3394 4827 3583 4873 utrum
3628 4834 3770 4889 pure

2063 4918 2134 4957 an
2169 4902 2320 4958 ﬁcte.
2355 4903 2514 4967 Quod
2542 4909 2737 4959 autem
2772 4921 2832 4959 se
2864 4906 3094 4961 dicebat
3128 4905 3247 4961 sedi
3274 4906 3602 4977 apostolicae
3635 4907 3769 4962 sub-

2054 4992 2182 5063 jici,
2232 4994 2283 5048 si
2321 5010 2427 5065 qua
2473 4994 2637 5064 culpa
2689 4993 2749 5048 in
2797 4996 3069 5065 episc0pis
3119 4996 3419 5063 invenitur,
3467 4994 3662 5066 inquit
3705 4997 3765 5052 S.

2062 5082 2286 5151 Doctor,
2320 5085 2498 5138 nescio
2524 5085 2645 5153 quis
2674 5084 2730 5137 ei
2750 5085 3034 5155 episcopus
3061 5083 3335 5154 subjectus
3360 5099 3467 5139 non
3497 5086 3589 5140 sit.
3613 5085 3770 5155 (Vide

2059 5169 2157 5225 lib.
2190 5187 2267 5241 1x,
2299 5185 2384 5242 ep.
2416 5172 2530 5242 59.)

2127 5261 2490 5317 Crementius
2535 5260 2773 5331 ejusque
2812 5263 3090 5330 patronus
3130 5260 3412 5317 Martinus
3443 5263 3763 5320 scholasti-

2055 5367 2177 5418 cus,
2237 5359 2298 5405 ut
2360 5352 2784 5422 Byzacenorum
2846 5349 3251 5423 episcoporum
3320 5354 3759 5412 criminationes

2055 5438 2281 5494 facilius
2314 5440 2601 5493 diluerent
2622 5444 2679 5493 et
2704 5438 2763 5494 in
2794 5456 2892 5496 eos
2924 5446 3269 5511 regererent,
3303 5444 3374 5499 de
3396 5444 3541 5517 ipsis
3569 5446 3759 5503 varias

218 5519 595 5591 Operationem
652 5520 817 5580 venit,
884 5534 1114 5593 eamque
1162 5522 1345 5578 tacitis
1407 5527 1832 5594 cogitationibus
1880 5530 1942 5584 in
2054 5528 2317 5599 querelas
2350 5527 2420 5582 ad
2451 5543 2752 5584 summum
2799 5530 3127 5601 pontiﬁcem
3171 5533 3467 5603 detulere;
3501 5535 3754 5591 maxime

216 5607 556 5681 quibusdam
595 5608 710 5662 suis
761 5606 1019 5664 laudibus
1047 5611 1259 5668 excutit
1272 5628 1293 5673 ,ο
1327 5613 1411 5669 ita
1440 5617 1499 5669 ut
1539 5614 1762 5688 decepta
1792 5633 1941 5674 mens
2052 5619 2204 5689 quod
2236 5634 2305 5674 ex
2334 5618 2450 5675 illis
2472 5619 2653 5692 aliqui
2680 5621 2807 5679 sine
2837 5622 3108 5694 primatis
3138 5624 3231 5681 sui
3260 5624 3523 5696 epistolis
3552 5627 3623 5681 ad
3655 5642 3749 5682 co-

550 5706 819 5770 Paraon.
865 5707 1097 5774 LXXV.
3356 5728 3383 5784 1
3407 5731 3429 5783 t
