4086 6166
312 235 430 296 427

741 235 805 294 S.
854 229 1228 292 GREGORII
1274 230 1517 292 MAGNI
1563 231 1767 302 VlTA,
1817 229 1920 288 EX
1964 227 2143 289 EJUS
2187 230 2542 296 SGRIPTIS
2588 236 3045 301 ADORNATA.
3094 241 3247 300 LIB.
3294 240 3404 306 IV.

3709 243 3827 308 ηε

313 368 585 428 mitatum
616 367 852 440 profecti
892 368 1106 434 essent,
1152 367 1209 420 et
1237 367 1561 421 conventus
1594 361 1831 419 illicitos
1863 361 2010 417 cele-
2043 365 2094 431 Α
2125 361 2478 436 instituerat,
2524 385 2700 440 quam
2747 371 3116 443 perscriptam
3150 373 3221 428 ad
3268 389 3559 430 summum
3593 380 3827 447 pontifi-

310 460 569 515 brarent.
603 458 664 513 ld
709 456 954 513 minime
994 455 1106 511 sibi
1145 453 1379 525 probari
1409 452 1763 525 significavit
1797 452 2016 524 Grego-

310 550 456 618 rius,
507 552 566 605 at
612 549 672 603 in
723 546 831 604 hoc
877 545 1106 617 negotio
1168 543 1516 599 sententiam
1568 543 1716 598 ferre
1765 541 1949 597 noluit
1996 558 2010 597 :

311 640 472 708 Quia,
536 636 742 708 inquit,
802 650 1095 692 causarum
1141 635 1293 703 origo
1350 631 1434 686 vel
1481 632 1726 702 qualitas
1785 632 2015 686 omnino

309 729 465 787 nobis
496 729 683 800 ignota
712 737 811 793 est,
843 726 923 798 (a)
951 724 1317 795 pronuntiare
1345 721 1561 792 aliquid
1589 722 1866 791 deﬁnitive
1907 737 2011 776 non

306 833 627 890 possumus;
656 833 745 885 ne,
779 815 919 888 quod
958 813 1400 884 reprehensibile
1437 814 1607 868 nimis
1631 817 1730 882 est,
1762 812 1827 867 de
1855 813 2014 866 rebus

307 926 417 966 non
449 910 580 965 bene
624 905 861 973 cognitis
902 905 1150 974 proferre
1197 901 1520 958 sententiam
1551 901 1837 958 videamur
1867 900 2008 973 (Lib.

289 1011 385 1065 'vr,
413 1014 498 1068 ep.
527 996 641 1067 58).
675 993 917 1064 Scripsit
965 1007 1098 1048 vero
1131 993 1202 1047 ad
1231 995 1520 1047 Joannem
1553 993 2011 1064 Syracusanum,

307 1087 496 1157 ipsius
536 1084 773 1140 arbitrio
821 1084 1178 1155 permissum
1230 1098 1297 1138 ea
1346 1082 1416 1137 de
1470 1098 1530 1136 re
1577 1081 1827 1151 colloqui
1879 1096 2012 1136 cum

307 1176 577 1243 Martino,
609 1179 665 1231 et
696 1175 836 1246 quid
879 1175 1031 1230 facto
1076 1175 1232 1229 esset
1261 1189 1408 1244 opus
1441 1172 1730 1242 judicare.
1762 1171 2011 1228 Causam

305 1263 616 1322 Crementii
683 1268 883 1336 postea
947 1263 1007 1318 in
1075 1263 1296 1333 synodo
1353 1262 1655 1330 Byzacena
1711 1262 2011 1331 provincia

305 1355 579 1426 agitatam
613 1370 717 1410 nos
749 1354 913 1409 docet
953 1351 1199 1424 epistola
1242 1352 1312 1406 32
1344 1351 1475 1406 libri
1508 1367 1611 1416 xu,
1645 1351 1712 1406 ad
1744 1351 2011 1408 eamdem

305 1446 595 1516 synodum
628 1443 870 1514 scripta.

373 1535 429 1592 3.
462 1534 540 1590 Ex
571 1532 808 1606 querela
847 1531 1157 1590 Crementii
1197 1531 1270 1587 de
1302 1547 1422 1587 sua
1455 1531 1761 1603 provincia
1793 1532 2013 1604 episco-

303 1627 394 1698 pis
437 1625 564 1681 sine
613 1642 723 1681 sua
759 1624 998 1681 licentia
1044 1627 1100 1679 et
1149 1624 1358 1679 litteris
1404 1624 1899 1679 commendatitiis
1940 1625 2010 1680 ad

305 1714 658 1781 Comitatum,
705 1712 812 1768 hoc
854 1716 944 1768 est
975 1711 1049 1767 ad
1079 1713 1269 1767 aulam
1300 1713 1595 1784 profectis,
1629 1713 1801 1768 datur
1829 1712 2009 1768 intel—
2044 1733 2092 1799 Β

300 1802 402 1873 ligi
433 1810 711 1874 quantum
739 1806 880 1858 tunc
904 1818 938 1857 a
966 1801 1090 1857 suis
1122 1800 1589 1873 metropolitanis
1618 1807 1717 1857 aut
1747 1804 2010 1874 primati-

302 1894 415 1949 bus
445 1892 765 1963 penderent
805 1904 1008 1946 eorum
1041 1889 1410 1961 suffraganei.
1446 1891 1602 1946 ldem
1634 1892 1912 1962 probatur
1941 1908 2011 1948 ex

300 1983 416 2040 alia
444 1983 505 2040 Β.
551 1981 812 2055 Gregorii
845 1979 1090 2053 epistola
1131 1980 1409 2037 Sardinia
1441 1981 1728 2053 episcopis
1769 1983 2009 2050 directa,

300 2090 423 2147 qua
453 2072 646 2146 arguit
669 2074 795 2128 tum
825 2086 924 2128 eos
969 2070 1070 2143 qui
1100 2069 1254 2127 diem
1303 2069 1594 2140 paschalis
1622 2071 1948 2127 festivitatis
1978 2091 2012 2128 a

302 2180 411 2219 suo
457 2161 827 2233 Metropolita
874 2176 990 2217 non
1044 2160 1438 2231 dignahantur
1488 2161 1809 2232 addiscere,
1855 2164 2008 2218 289

303 2256 429 2309 tum
457 2251 591 2308 illos
621 2250 721 2322 qui
752 2266 856 2322 pro
886 2251 1322 2322 emergentibus
1366 2248 1633 2306 Ecclesia
1666 2267 1784 2306 sua
1816 2253 2009 2308 causis

300 2340 687 2398 transmarina
736 2343 1020 2410 petentes,
1071 2339 1199 2394 sine
1230 2338 1322 2393 sui
1355 2338 1787 2409 metropolitani
1823 2345 2010 2409 cogni-

299 2433 449 2488 tione
495 2431 579 2487 vel
625 2428 896 2500 epistolis,
949 2428 1102 2484 sicut
1149 2443 1439 2483 canonum
1498 2431 1639 2484 ordo
1686 2430 2008 2496 constituit,

300 2521 595 2577 audebant
622 2518 941 2576 ambulare.
975 2519 1270 2574 Hortamur
1310 2533 1458 2589 ergo,
1491 2519 1701 2589 inquit,
1730 2519 2011 2588 fraterni—

299 2615 466 2667 tatem
527 2614 784 2677 vestram,
835 2613 900 2664 ut
943 2610 1236 2679 antiquam
1290 2607 1657 2664 Ecclesiarum
1709 2614 2011 2666 vestrarum

300 2702 750 2759 consuetudinem
797 2701 1173 2769 exsequentes,
1224 2707 1337 2754 tam
1378 2699 1443 2753 de
1487 2698 1836 2770 suscipienda
1874 2705 2013 2756 Pas-

301 2790 452 2848 chali
496 2789 946 2858 denuntiatione,
989 2805 1152 2860 quam
1191 2789 1409 2844 etiamsi
1451 2788 1742 2858 quemdam
1772 2798 2010 2845 vestrum

300 2897 402 2948 pro
443 2883 623 2935 causis
671 2879 908 2949 propriis
964 2878 1276 2947 ubicunque
1336 2878 1666 2949 compulerit
1720 2880 2010 2936 ambulare

301 2968 615 3034 necessitas,
662 2970 728 3022 ab
775 2966 961 3022 eodem
1010 2967 1432 3036 metrOpolitano
1490 2977 1662 3023 vestro
1709 2970 2008 3025 secundum

301 3057 567 3112 indictum
603 3055 752 3112 vobis
792 3055 1041 3124 regulam
1079 3064 1263 3126 petere
1303 3056 1585 3110 licentiam
1615 3056 1880 3127 debeatis,
1914 3075 2010 3115 nec

301 3163 426 3204 eum
453 3150 775 3219 postponere
804 3145 864 3200 in
899 3145 1094 3217 aliqua
1117 3146 1499 3215 prasumatis;
1521 3153 1746 3217 excepto
1767 3149 1837 3216 si,
1869 3151 2006 3221 quod

301 3253 410 3294 non
439 3244 713 3309 optamus,
745 3240 937 3291 contra
974 3235 1225 3290 eumdem
1256 3237 1740 3306 metropolitanum
1776 3248 2010 3294 vestrum

302 3327 499 3384 habere
545 3341 634 3381 vos
684 3324 901 3396 aliquid
946 3339 1122 3379 causa:
1166 3325 1463 3395 contingat,
1514 3331 1576 3380 ut
1620 3329 1684 3382 ob
1731 3327 1829 3383 hoc
1866 3329 2012 3384 sedis

302 3416 614 3488 apostolicae
640 3414 907 3485 iudicium
937 3416 1234 3485 requiratis
1265 3414 1406 3484 (Lib.
1433 3431 1515 3482 ix,
1535 3432 1620 3488 ep.
1645 3417 1724 3489 8).

376 3507 428 3563 4.
487 3506 681 3577 Vagos
738 3504 1044 3577 episcopos
1094 3503 1560 3576 metropolitanis
1617 3507 2012 3566 inobedientes

303 3596 449 3669 ipsis
481 3595 649 3652 reddi
682 3594 1070 3667 praecipiebat,
1095 3598 1159 3649 ut
1183 3594 1378 3666 dignis
1410 3594 1780 3652 afﬁcerentur
1801 3598 2010 3669 panis.

304 3686 468 3742 Unde
499 3685 706 3742 scribit
736 3683 976 3756 Syagrio
1016 3683 1384 3740 Theodorum
1431 3686 1761 3755 quemdam,
1791 3688 2011 3759 episco-

307 3791 450 3848 pum
481 3773 732 3831 ditecesis
780 3771 1254 3841 Mediolanensis,
1306 3774 1408 3845 qui
1456 3773 1830 3846 disciplinam
1862 3777 2009 3832 Con-

303 3865 507 3922 stantii
555 3863 979 3936 archiepiscopi
1029 3865 1288 3921 devitans
1323 3865 1660 3921 morabatur
1705 3866 1761 3922 in
1805 3867 2010 3935 Gallia,

303 3953 754 4026 diligentissime
803 3953 1224 4025 requirendum
1275 3956 1331 4010 et
1378 3954 1448 4008 ad
1500 3956 2013 4026 metropolitanum

304 4060 480 4101 suum
503 4044 923 4101 reducendum.
943 4042 1119 4099 Jubet
1140 4043 1342 4098 eadem
1365 4042 1426 4098 in
1449 4043 1698 4114 epistola
1722 4045 2011 4103 Menatem

305 4150 537 4207 quoque
565 4135 929 4206 episcOpum,
961 4131 1027 4186 de
1068 4131 1288 4187 dioecesi
1317 4133 1570 4187 Romana
1612 4133 1887 4202 Ecclesia,
1919 4137 2012 4192 cui

306 4225 676 4295 episcopatus
722 4239 935 4279 nomen
987 4238 1102 4277 non
1155 4221 1407 4293 amplius
1457 4223 1514 4276 in
1561 4223 1764 4278 honore
1810 4229 1951 4292 erat,
1983 4242 2013 4283 e

307 4313 508 4368 Galliis
540 4312 696 4382 pelli,
728 4317 784 4367 et
816 4311 1059 4367 Romam
1092 4311 1447 4378 transmitti;
1480 4314 1537 4366 ut
1566 4312 1665 4366 sub
1696 4328 1761 4368 ea
1791 4331 1894 4385 qua
1927 4318 2016 4371 di-

307 4419 480 4471 gnum
525 4408 646 4457 erat
693 4404 1037 4458 observantia
1083 4403 1420 4472 refrenatus,
1475 4403 1767 4460 saeculares
1814 4422 2008 4476 mores,

2125 467 2251 507 cem
2306 454 2542 512 miserat
2603 463 2818 529 postea.
2873 461 2996 523 Qua
3051 461 3199 517 lecta
3247 461 3560 534 Gregorius
3613 466 3827 522 Joanni

2126 544 2422 616 rescripsit
2457 563 2470 601 :
2504 548 2644 616 Quia
2674 553 2820 604 tanti
2838 552 3106 620 facinoris
3128 552 3276 608 ultio
3305 555 3463 608 nulla
3485 557 3644 611 debet
3669 557 3828 612 dila-

2124 633 2276 687 tione
2313 636 2562 704 diﬂerri,
2616 641 2958 706 fraternitas
2998 650 3176 697 vestra
3221 647 3329 698 tres
3369 645 3450 699 vel
3490 656 3728 718 quatuor
3765 647 3830 702 de

2121 723 2390 790 fratribus
2419 742 2483 781 ac
2527 729 3000 786 consacerdotibus
3047 733 3251 786 nostris
3301 734 3408 788 sibi
3446 735 3734 807 adhibeat,
3769 745 3830 793 ut

2125 812 2259 882 ipsis
2288 831 2495 886 quoque
2537 819 2900 887 praesentibus
2947 820 3210 890 praedicta
3238 839 3306 876 ac
3352 827 3644 893 satisfacto
3674 828 3828 882 veri-

2123 906 2250 970 tate,
2281 905 2606 974 pradictum
2637 907 2915 962 Lucillum
2949 909 3015 963 de
3043 909 3384 980 episcOpatus
3414 915 3632 982 ordine,
3662 932 3830 985 quem

2124 991 2500 1061 hujuscemodi
2536 996 2760 1051 sceleris
2798 1000 3044 1068 contagio
3091 1001 3414 1068 maculavit,
3457 1007 3672 1058 studeat
3709 1008 3832 1061 sine

2122 1082 2484 1152 ambiguitate
2532 1084 2794 1154 deponere
2843 1087 2982 1158 (Lib.
3029 1105 3104 1152 ix,
3134 1104 3217 1159 ep.
3248 1090 3364 1161 63).
3403 1090 3672 1147 Criminis
3704 1095 3831 1164 epi-

2124 1173 2283 1242 scopi
2317 1173 2535 1228 conscii
2567 1179 2622 1229 et
2670 1176 2980 1247 participes
3024 1193 3149 1232 esse
3193 1179 3543 1235 dicebantur
3586 1182 3831 1254 quidam

2123 1259 2241 1314 sive
2273 1261 2505 1316 diaconi
2536 1263 2655 1318 sive
2689 1265 3004 1338 presbyteri
3031 1283 3046 1332 ;
3081 1283 3246 1336 quos,
3289 1270 3594 1339 pramissa
3623 1271 3835 1329 sedula

2122 1347 2496 1421 indagatione
2540 1351 2590 1406 si
2643 1353 2717 1408 rei
2764 1355 3147 1426 reperiantur,
3179 1358 3304 1412 vult
3335 1360 3588 1430 pontifex
3619 1362 3692 1417 ab
3724 1361 3835 1417 ho-

2122 1438 2281 1492 noris
2313 1440 2401 1494 sui
2434 1441 2614 1512 gradu
2663 1442 2854 1512 dejici,
2905 1449 2962 1500 et
2995 1444 3056 1500 in
3096 1448 3450 1503 monasteria
3482 1451 3834 1519 pauitantia

2121 1543 2301 1583 causa
2332 1529 2770 1594 detrudi.Quod
2803 1536 3031 1602 spectat
3070 1535 3140 1589 ad
3173 1534 3370 1603 laicos,
3403 1539 3664 1608 ejusdem
3698 1555 3837 1611 pec-

2120 1617 2233 1672 cati
2263 1618 2539 1675 societate
2587 1621 2928 1690 maculatos,
2981 1623 3240 1680 decernit
3291 1640 3411 1693 eos,
3448 1630 3545 1697 qui
3591 1631 3674 1683 rei
3720 1645 3839 1685 esse

2121 1706 2456 1775 claruerint,
2481 1709 2770 1765 Dominici
2799 1714 3059 1784 corporis
3081 1731 3145 1769 ac
3177 1717 3482 1787 sanguinis
3512 1719 3837 1791 participa-

2122 1797 2284 1853 tione
2316 1798 2655 1869 privandos,
2687 1800 2922 1856 indictis
2952 1801 3193 1874 insuper
3232 1805 3447 1861 litaniis
3477 1813 3527 1862 et
3558 1811 3834 1865 orationi-

2125 1886 2249 1942 bus.
2278 1888 2355 1959 (b)
2383 1888 2641 1960 Tempus
2663 1888 2843 1960 hujus
2867 1891 3223 1962 poenitentia
3242 1890 3636 1952 deﬁniendum
3661 1898 3838 1954 relin-

2123 1977 2257 2046 quit
2286 1978 2532 2033 Joannis
2583 1979 2860 2048 arbitrio;
2908 1997 3082 2052 quem
3113 1983 3388 2040 admonet
3416 1986 3736 2058 providere,
3770 1994 3838 2044 ut

2123 2066 2196 2121 iis
2247 2067 2348 2138 qui
2409 2070 2611 2124 mortis
2671 2074 3017 2140 urgerentur
3078 2072 3332 2144 periculo
3391 2076 3663 2132 viaticum
3715 2095 3834 2135 non

2127 2160 2392 2227 negetur.
2450 2159 2513 2212 In
2559 2156 2749 2212 locum
2804 2159 3012 2229 dejecti
3061 2162 3317 2233 episcopi
3366 2180 3496 2220 cum
3549 2167 3834 2223 suffectus

2127 2249 2280 2298 esset
2305 2245 2592 2315 Trajanus
2625 2246 2808 2302 abbas
2838 2249 3179 2305 monasterii
3208 2252 3575 2323 Syracusani,
3598 2255 3653 2309 S.
3679 2255 3832 2310 Gre-

2121 2334 2320 2404 gorius
2386 2334 2661 2406 pracepit
2709 2336 2822 2407 ipsi
2875 2338 3102 2393 restitui
3147 2356 3179 2394 a
3224 2339 3446 2396 Lucillo
3494 2347 3548 2398 et
3589 2360 3622 2396 a
3656 2343 3833 2399 Petro

2120 2423 2250 2493 ejus
2283 2423 2402 2478 filio
2452 2440 2546 2480 res
2579 2425 2840 2481 Ecclesia
2890 2425 3209 2484 Melitensis
3259 2431 3426 2499 cujus
3473 2432 3836 2502 depradator

2121 2512 2307 2567 fuerat
2339 2512 2664 2583 ﬂagitiosus
2707 2514 2802 2569 hic
2845 2516 3175 2587 episcopus,
3220 2534 3331 2575 non
3376 2523 3560 2575 rector
3591 2526 3690 2576 aut
3725 2539 3831 2589 pa-

2120 2609 2205 2656 ter
2234 2602 2375 2673 (Lib.
2408 2619 2463 2669 x,
2486 2619 2569 2673 ep.
2607 2609 2679 2674 t).
2717 2603 2886 2660 Petiit
2925 2621 3109 2661 novus
3139 2607 3449 2679 episcopus
3482 2615 3546 2664 ut
3576 2618 3832 2681 quatuor

2119 2695 2221 2747 aut
2249 2693 2509 2762 quinque
2556 2692 2874 2749 monachos
2921 2710 2952 2749 e
2991 2711 3098 2750 suo
3129 2698 3480 2753 monasterio
3525 2716 3832 2758 assumere

2120 2780 2227 2836 sibi
2264 2779 2481 2848 liceret,
2533 2797 2678 2852 quos
2726 2783 3021 2852 adjutores
3053 2791 3105 2839 et
3149 2785 3513 2843 convictores
3546 2788 3828 2858 haberet;

2119 2870 2272 2939 quod
2298 2870 2408 2925 etsi
2431 2887 2660 2941 aequum
2677 2871 3026 2942 judicaverit
3046 2873 3523 2944 sapientissimus
3543 2881 3828 2953 pontifex,

2119 2963 2317 3015 tamen
2367 2961 2499 3017 illos
2552 2962 2868 3018 concedere
2920 2963 3154 3036 propria
3196 2967 3546 3024 auctoritate
3596 2972 3828 3042 noluit;

2119 3049 2219 3104 sed
2265 3049 2322 3103 id
2371 3050 2612 3105 Joannis
2662 3051 2927 3121 permisit
2968 3054 3229 3125 arbitrio,
3275 3071 3349 3111 ne
3387 3056 3527 3127 jura
3564 3060 3828 3134 episcopi

2038 3106 2080 3173 Ο
2121 3138 2380 3193 minuere
2410 3139 2718 3195 videretur.

2186 3229 2241 3282 6.
2288 3229 2403 3285 Hoc
2452 3229 2574 3300 ipso
2635 3246 2788 3285 anno
2849 3232 3173 3303 aquissimi
3224 3237 3521 3304 pontificis
3568 3238 3831 3298 vindicta

2118 3319 2333 3374 exarsit
2374 3319 2432 3373 in
2465 3336 2563 3376 eos
2613 3321 2710 3391 qui
2743 3321 3118 3378 defensorum
3166 3341 3376 3382 nomen
3425 3332 3482 3383 et
3513 3331 3834 3388 auctorita-

2120 3415 2237 3464 tem
2269 3410 2554 3467 asciscere
2586 3412 2697 3467 sibi
2733 3413 3026 3469 audebant
3055 3415 3114 3470 in
3158 3416 3373 3474 Sicilia.
3405 3418 3485 3474 De
3519 3420 3588 3476 iis
3631 3423 3836 3494 inqui-

2120 3500 2316 3555 rendis
2349 3504 2405 3555 et
2450 3502 2781 3557 coercendis
2831 3503 2900 3558 ad
2934 3503 3261 3561 Romanum
3297 3508 3654 3566 defensorem
3691 3515 3837 3568 scri-

2120 3590 2249 3662 psit.
2267 3591 2409 3654 Quia
2429 3608 2560 3648 vero
2586 3609 2735 3648 unus
2757 3609 2825 3648 ex
2848 3593 2963 3649 illis
2987 3596 3306 3654 Martianus
3330 3601 3582 3666 nomine,
3607 3601 3832 3660 Joanni

2119 3683 2388 3752 episcOpo
2423 3684 2758 3754 patrimonii
2783 3684 3023 3740 Romani
3060 3702 3257 3743 curam
3289 3694 3526 3760 gerente
3556 3691 3835 3751 obedien-

2117 3772 2257 3826 tiam
2291 3772 2555 3829 exhibere
2595 3773 2904 3842 distulerat,
2929 3781 3334 3834 contumacem
3358 3781 3429 3851 (a)
3460 3780 3520 3836 in
3551 3783 3832 3840 exsilium

2120 3863 2411 3933 deportari
2439 3865 2625 3934 jubet.

2190 3953 2242 4005 7.
2277 3952 2382 4015 Qui
2413 3952 2684 4008 inflexam
2730 3958 3093 4026 erectumque
3125 3961 3379 4014 mentem
3409 3959 3469 4015 in
3501 3960 3593 4015 his
3627 3964 3830 4018 omni-

2123 4043 2483 4113 busjudiciis
2505 4044 2839 4100 exercendis
2867 4046 3143 4113 ostendit,
3166 4064 3338 4116 quam
3364 4051 3604 4106 demissi
3630 4063 3832 4110 tamen

2120 4136 2270 4187 esset
2299 4132 2482 4186 animi
2525 4133 2814 4203 probavit,
2865 4136 3111 4190 maxime
3159 4139 3560 4209 respondendo
3607 4139 3838 4198 Joanni

2118 4226 2479 4291 Syracusano
2524 4223 2648 4293 jam
2699 4239 2850 4294 sape
2901 4233 3376 4295 commemorato,
3416 4229 3485 4284 de
3526 4231 3835 4288 nonnullis

2121 4310 2371 4382 querelis
2402 4318 2603 4367 contra
2648 4329 2727 4380 se,
2776 4319 2838 4368 ut
2878 4332 2910 4368 a
2937 4314 3164 4370 Joanne
3194 4317 3478 4383 audierat,
3513 4320 3835 4390 publicatis

2119 4401 2259 4472 (Lib.
2293 4417 2371 4470 1x,
2403 4417 2491 4471 ep.
2525 4403 2634 4474 12).
2668 4402 2730 4457 In
2763 4404 3104 4460 ordinandis
3137 4405 3479 4476 quibusdam
3515 4409 3725 4465 ritibus
3751 4414 3835 4467 ad

308 4492 377 4546 ad
405 4491 799 4548 sacerdotalem
826 4491 1071 4547 studeret
1108 4497 1426 4548 con-vertere
1466 4495 1794 4563 gravitatem
1826 4475 2010 4568 (Ibid,
2051 4475 2092 4540 θ
2123 4490 2363 4545 missam
2409 4492 2859 4561 pertinentibus,
2906 4475 3248 4565 Gregorium
3301 4497 3842 4555 consuetudinibus

310 4597 389 4650 ep.
431 4581 576 4651 iis).

377 4673 432 4728 5.
465 4671 673 4726 Forma
711 4669 1070 4736 judiciorum
1120 4670 1180 4725 in
1213 4670 1514 4743 episcopos
1559 4689 1708 4742 reos,
1742 4675 2018 4732 describi-

310 4773 403 4820 tur
428 4762 491 4820 in
522 4761 774 4834 epistola
799 4762 866 4817 ad
898 4761 1181 4817 Joannem
1205 4762 1532 4834 episcopum
1561 4765 2015 4837 Syracusanum.

307 4855 611 4912 Commota
641 4850 876 4922 querela
896 4849 1174 4906 adversus
1200 4851 1513 4920 Lucillum,
1539 4853 1745 4910 Melita
1767 4857 2017 4916 civitatis

309 4946 675 5018 episcopum,
705 4941 964 5000 Joannes
991 4939 1432 5011 inquisitionem
1465 4943 1537 4998 de
1557 4943 1745 5015 ipsius
1774 4947 2018 5005 crimine

381 5132 461 5202 (a)
492 5131 701 5186 Eadem
727 5127 1037 5202 prudentia
1055 5127 1254 5202 elucet
1277 5126 1354 5202 in_
1369 5142 1461 5198 ep.
1488 5128 1565 5202 29_
1590 5127 1688 5202 lib.
1723 5145 1777 5196 x,
1813 5131 1911 5185 ubi
1945 5133 2016 5188 de

313 5199 489 5273 causa
518 5199 777 5273 Pompeii
809 5199 1068 5272 episcopi
1091 5201 1305 5273 agitur.
1337 5199 1396 5254 ln
1429 5215 1494 5256 ea
1516 5199 1744 5273 videtur
1774 5202 2017 5259 minime

356 5271 559 5327 robare
589 5270 1026 5328 confessionem
1044 5270 1309 5328 criminis
1335 5271 1645 5327 tormentis
1667 5276 2014 5342 extorqueri.

356 5290 559 5327 ronare
589 5290 1014 5328 coniessionem
1044 5290 1309 5328 criminis
1335 5290 1645 5327 tormentis
1667 5290 2014 5342 extorqueri.

313 5290 460 5410 Place,
525 5343 739 5412 inquit,
805 5349 953 5413 gesta
1020 5360 1131 5400 esse
1197 5347 1451 5411 poterant
1509 5344 1580 5398 ad
1639 5345 2018 5414 deﬁniendum

313 5415 537 5478 idonea,
565 5415 615 5468 si
651 5414 893 5485 accusati
930 5431 994 5470 ea
1039 5416 1306 5482 confessio
1336 5418 1686 5485 sequeretur;
1731 5419 1782 5473 si
1833 5424 2018 5473 tamen

313 5487 560 5544 eamdem
605 5483 997 5552 confessionem
1042 5485 1330 5541 subtilitas
1361 5483 1640 5541 examinis
1687 5503 1757 5543 ex
1795 5491 2019 5544 occultis

313 5559 568 5632 eliceret,
604 5560 656 5610 et
698 5570 818 5632 non
858 5558 1084 5632 afﬂictio
1142 5556 1424 5632 vehemens
1479 5565 1840 5629 extorqueret,
1893 5577 2017 5632 quae

317 5629 630 5703 frequenter
693 5626 788 5703 hoc
837 5630 974 5695 agit,
1029 5630 1088 5681 ut
1141 5630 1332 5683 noxios
1378 5643 1486 5683 sese
1533 5626 1706 5698 fateri
1752 5626 2014 5703 cogantur

319 5697 488 5759 etiam
517 5697 762 5754 innoxii.

2125 4578 2397 4635 Ecclesia
2429 4579 3080 4652 Constantinopolitana
3125 4583 3470 4640 obsecutum
3519 4601 3646 4641 esse
3678 4605 3840 4660 agre

2128 4669 2412 4737 ferebant,
2447 4671 2547 4741 qui
2572 4670 2712 4725 falso
2737 4687 2838 4740 pro
2863 4670 3116 4726 Ecclesia
3142 4672 3400 4729 Romana
3430 4674 3549 4729 zelo
3573 4676 3837 4748 abrepti,

2124 4759 2250 4828 ejus
2281 4759 2555 4815 honorem
2606 4761 2886 4815 muluatis
2933 4761 3002 4815 ab
3057 4761 3315 4817 inferiori
3367 4764 3620 4820 Ecclesia
3671 4783 3841 4824 cere-

2125 4849 2551 4904 moniislasum
2596 4850 3018 4906 causabantur.
3045 4852 3126 4906 Ad
3169 4851 3289 4906 hac
3329 4854 3641 4924 respondet
3679 4859 3845 4912 Pon-

2124 4939 2264 4996 tifex
2295 4939 2622 4995 humilitate
2652 4955 2822 5010 quam
2873 4939 3156 5012 dignitate
3203 4943 3590 5015 prastantior,
3639 4946 3841 5017 primo

2196 5131 2272 5208 (b)
2305 5134 2381 5184 De
2416 5131 3016 5208 excommunicatione
3050 5133 3325 5208 episcopi,
3361 5137 3842 5208 presbyterorum

2124 5207 2180 5282 e_t
2212 5204 2590 5282 diaconorum
2640 5204 2818 5282 nulla
2851 5204 2917 5282 fit
2949 5204 3186 5274 mentio,
3241 5204 3660 5282 quiasuorum
3696 5227 3845 5282 gra-

2125 5276 2307 5349 duum
2344 5275 2660 5349 privatione
2693 5275 3288 5349 sufficientespnanas
3317 5279 3554 5336 dabant.
3590 5275 3842 5346 Quando

2125 5348 2367 5423 aderant
2431 5346 2787 5423 sufficientia
2843 5346 3109 5423 criminis
3169 5351 3406 5417 indicia,
3469 5356 3842 5423 presbyteros

2127 5417 2394 5499 aliosque
2422 5416 2691 5499 “clericos
2829 5420 3142 5499 districtum
3172 5416 3483 5499 custodiam'
3508 5416 3719 5495 conjici
3743 5431 3841 5499 ju-

2127 5487 2397 5564 bebat:_S_._
2422 5487 2707 5564 Pontifex.
2745 5491 2889 5547 Vide
2919 5490 3020 5564 lib.
3049 5509 3105 5559 x,
3139 5509 3228 5564 ep.
3264 5494 3315 5548 4.

2198 5560 2270 5631 (c)
2304 5559 2439 5638 Vide
2466 5559 2569 5614 lib.
2605 5577 2658 5614 xi
2693 5577 2782 5631 ep.
2805 5564 2899 5638 ῃ,
2933 5567 2988 5638 et
3006 5563 3112 5638 lib.
3147 5559 3248 5620 x'iu
3280 5581 3369 5638 ep.
3403 5567 3493 5634 45,
3529 5567 3628 5621 ubi
3654 5570 3839 5627 etiam

2126 5633 2190 5708 fit
2216 5633 2436 5708 mentio
2471 5649 2652 5703 pana
2703 5634 2882 5708 exsilii
2932 5635 3162 5708 inﬂicta
3205 5633 3681 5708 aut'infligenda
3713 5644 3832 5700 cle-

2130 5703 2283 5774 ricis,
2314 5703 2456 5775 ipsis
2489 5719 2717 5776 quoque
2746 5705 3038 5778 episcopis
3068 5707 3126 5765 in
3160 5709 3282 5766 foro
3311 5703 3734 5771 ecclesiastico.
