4086 6166
273 219 384 278 429

706 217 771 277 S.
818 215 1192 277 GBEGORII
1240 217 1488 280 MAG-NI
1543 219 1742 294 VlTA,
1798 223 1893 281 EX
1940 220 2123 283 EJUS
2161 222 2508 286 SCRIPTIS
2557 227 3004 290 ADORNATA.
3053 233 3202 296 LIB.
3251 235 3354 296 IV.

3669 243 3789 301 430

269 353 573 449 senullius
603 354 843 410 alterius
884 354 1151 449 Ecclesiae
1191 356 1339 412 ritus
1370 354 1427 408 in
1464 353 1557 410 his
1589 370 1715 449 qua
1756 358 1974 449 constif
2000 365 2055 433 Α
2084 373 2247 425 num,
2285 363 2344 415 ut
2374 360 2446 415 ad
2478 361 2669 433 ipsum
2701 365 3056 438 confugeret,
3091 368 3230 424 dum
3263 368 3324 426 in
3355 372 3555 429 Galliis
3585 375 3785 449 exagi-

267 445 374 502 tuit
403 446 700 502 imitatum
732 462 899 516 esse;
932 446 1189 502 secundo
1231 462 1292 502 e
1347 463 1466 501 non
1508 447 1720 517 pudere
1759 447 1975 503 imitari

268 534 547 606 quidquid
595 535 733 590 boni
776 535 834 590 in
887 535 1263 591 inferioribus
1308 534 1580 591 Ecclesiis
1634 537 1912 607 repererit
1957 553 1972 594 :

265 623 476 679 Stultus
530 629 610 680 est
665 623 836 695 enim,
868 624 1081 697 inquit,
1114 626 1210 694 qui
1247 624 1305 678 in
1344 639 1402 680 eo
1423 640 1479 680 se
1513 626 1756 696 primum
1783 627 1975 682 existi-

263 729 394 791 mat,
428 726 487 778 ut
514 724 655 779 bona
681 737 808 795 quae
829 723 1043 791 viderit,
1065 723 1270 780 discere
1308 732 1638 781 contemnat.
1662 725 1795 789 Quae
1832 741 1973 781 sane

263 819 382 870 tam
410 813 673 885 sapiente
707 813 978 886 pontiﬁce
1007 819 1146 870 sunt
1173 814 1542 886 dignissima.

331 903 380 958 8.
415 903 616 960 Sancti
647 903 755 961 viri
786 920 1023 960 summa
1040 905 1348 975 prudentia
1383 905 1698 977 praesertim
1737 905 1967 976 enituit,

261 995 319 1051 in
351 993 443 1050 his
477 1009 606 1065 quas
636 993 913 1048 adversus
941 993 1177 1050 Judc'eos
1209 995 1598 1065 negotiatores
1642 995 1966 1062 constituit,

257 1102 330 1142 ne
358 1083 652 1155 mancipia
673 1082 1003 1139 Christiana
1047 1083 1188 1155 ipsis
1238 1084 1487 1139 retinere
1531 1083 1753 1150 liceret,
1811 1085 1962 1156 quod

257 1175 510 1231 maxime
542 1172 854 1244 cupiebant
883 1178 941 1229 et
969 1172 1147 1229 variis
1181 1174 1407 1228 artibus
1439 1172 1699 1228 obtinere
1746 1190 1968 1245 quaere-

255 1266 397 1320 bant
425 1264 568 1331 ;sed
588 1279 792 1320 omnes
811 1263 982 1319 elusit
1003 1261 1093 1318 vir
1107 1262 1651 1334 perspicacissimus
1668 1265 1800 1319 etin
1821 1263 1966 1319 mira

253 1353 632 1426 simplicitate
662 1352 1103 1425 sagacissimus.
1137 1353 1410 1423 Ejusdem
1433 1354 1762 1425 prudentiae
1783 1353 1964 1425 depu-

259 1447 502 1503 tandum
534 1445 714 1517 quod,
747 1443 853 1500 etsi
877 1443 1002 1500 suis
1034 1443 1419 1516 eleemosynis
1450 1444 1643 1501 nullos
1681 1445 1964 1502 terminos

252 1534 551 1610 praescribi
583 1534 819 1604 sineret,
847 1534 1164 1590 decreverit
1197 1538 1392 1590 tamen
1425 1534 1578 1590 haud
1621 1535 1961 1606 patiendum

251 1635 310 1684 nt
341 1641 627 1684 concessa
655 1640 754 1696 per
785 1623 1008 1695 aliquot
1038 1640 1222 1680 annos
1251 1625 1309 1680 in
1333 1624 1786 1694 eleemosynam,
1812 1629 1964 1696 post-

2081 452 2323 515 taretur,
2374 451 2445 505 ob
2495 451 2822 523 singulares
2882 457 3165 526 quosdam
3226 460 3550 518 Scottorum
3609 466 3783 533 ritus,

2081 541 2332 596 maxime
2366 542 2422 596 in
2456 542 2840 600 celebratione
2874 548 3175 604 Paschatis
3207 568 3454 622 quorum
3486 561 3608 611 erat
3647 559 3785 614 reti-

2081 629 2483 686 nentissimus.
2519 632 2596 687 Ea
2626 634 2694 686 de
2725 651 2903 690 causa
2934 637 3165 708 scripsit
3185 641 3255 694 ad
3281 647 3547 698 nostrum
3572 645 3786 719 Grego-

2080 717 2228 772 rium
2261 719 2401 791 (Lib.
2438 737 2515 788 ix,
2544 739 2625 793 ep.
2657 723 2801 796 127).
2833 729 3072 782 Summa
3111 730 3240 799 ejus
3279 733 3537 803 epistolae
3579 717 3783 803 est,viu

2079 806 2463 864 celebratione
2494 811 2751 880 Paschaa,
2792 817 3004 885 rejecto
3049 817 3286 875 Victorii
3330 823 3507 895 cyclo,
3554 826 3784 882 Scotto-

2077 913 2206 952 rum
2243 915 2460 954 morem
2493 902 2985 973 amplectendum,
3020 907 3439 966 cuiAnatolius
3479 915 3550 968 ab
3584 915 3785 973 Hiero-

2077 1003 2250 1057 nymo
2284 987 2548 1044 laudatus
2596 991 2754 1048 favit.
2809 993 3071 1050 Consulit
3109 997 3284 1053 etiam
3331 1005 3386 1055 S.
3442 1004 3779 1075 Gregorium

2075 1076 2144 1130 de
2175 1077 2484 1148 episcopis,
2523 1085 2624 1134 aut
2665 1098 2765 1152 per
2803 1083 3114 1140 simoniam
3157 1088 3464 1158 ordinatis,
3509 1098 3608 1147 aut
3652 1101 3785 1165 post

2073 1165 2307 1238 lapsum
2350 1171 2610 1241 tempore
2656 1171 3000 1229 diaconatus
3037 1193 3050 1236 ;
3094 1193 3318 1234 necnon
3364 1181 3432 1236 de
3478 1185 3784 1241 monachis

2075 1257 2500 1314 monasterium
2530 1276 2700 1316 suum
2730 1263 3154 1321 deserentibus.
3194 1269 3404 1324 Laudat
3436 1269 3648 1328 librum
3683 1275 3784 1330 Re-

2076 1344 2225 1417 gula1
2275 1346 2612 1418 Pastoralis,
2664 1351 2921 1424 petitque
2969 1355 3361 1425 expositiones
3409 1359 3465 1414 in
3510 1363 3786 1420 Ezechie-

2072 1435 2185 1490 lem
2234 1440 2290 1492 et
2335 1436 2393 1492 in
2441 1441 2700 1499 Cantica.
2743 1445 2904 1500 Anno
2953 1448 3222 1516 sequenti
3273 1448 3544 1505 habitum
3594 1461 3681 1509 est
3723 1455 3781 1509 in

2071 1524 2258 1580 Gallia
2282 1528 2588 1585 concilium
2619 1531 2678 1586 in
2704 1549 2818 1604 quo
2841 1533 3172 1590 Scottorum
3198 1537 3345 1594 ritus
3368 1555 3401 1594 a
3430 1540 3782 1599 Columbano

2069 1614 2408 1673 observatus
2438 1621 2799 1693 proscriptus
2837 1623 2963 1678 fuit.
3001 1624 3040 1679 E
3073 1625 3254 1681 Gallia
3286 1628 3491 1698 pulsus
3533 1634 3783 1689 sanclis-

247 1732 312 1772 ea
339 1714 514 1788 quasi
547 1713 808 1768 debitum
841 1713 982 1784 quid
1012 1712 1378 1785 exigerentur
1406 1713 1550 1786 (Lib.
1593 1731 1672 1783 1x,
1716 1731 1804 1785 ep.
1847 1715 1959 1786 36).
1995 1710 2042 1776 B
2072 1705 2258 1763 Simus
2317 1709 2510 1778 abbas,
2558 1713 2628 1766 ad
2674 1712 2992 1784 Agilulfum
3038 1716 3544 1786 Langobardorum
3590 1737 3783 1795 regem

243 1807 609 1876 Quanquam
667 1819 736 1858 ea
789 1819 918 1874 qua:
967 1803 1038 1858 ad
1089 1801 1358 1859 Ecclesia:
1407 1805 1547 1875 jura
1613 1805 1961 1874 perveniunt

245 1896 496 1952 alienari
526 1893 670 1964 legis
703 1893 847 1949 ratio
882 1910 997 1948 non
1026 1892 1340 1964 permittat,
1385 1898 1448 1949 ut
1488 1894 1612 1966 ipse
1651 1895 1708 1949 S.
1755 1894 1961 1950 Doctor

245 1987 525 2058 praefatur
555 1985 614 2039 in
646 1983 889 2054 epistola
919 1984 989 2038 ad
1021 1987 1348 2039 Romanum
1382 1984 1769 2054 defensorem,
1810 1989 1957 2040 tem-

241 2075 568 2148 perandam
601 2079 796 2129 tamen
827 2072 1141 2144 aliquando
1173 2073 1318 2144 legis
1349 2073 1527 2143 hujus
1598 2074 1956 2130 severitatem

245 2166 478 2221 censuit
527 2163 744 2218 intuitu
805 2162 1212 2218 misericordia
1266 2162 1451 2234 (Ibid.,
1499 2179 1582 2234 ep.
1633 2164 1746 2235 26).
1809 2167 1960 2229 Qua-

244 2261 482 2326 propter
506 2253 783 2308 donatam
811 2252 884 2307 ab
914 2252 1224 2307 Ammonis
1257 2251 1528 2307 Romanis
1564 2253 1835 2308 Ecclesiae
1865 2253 1962 2308 do-

246 2361 435 2414 mum,
495 2343 767 2399 Calixeno
826 2343 953 2413 ejus
1010 2342 1205 2413 nepoti
1266 2349 1604 2414 paupertate
1667 2342 1962 2400 laboranti

242 2435 478 2492 restitui
494 2434 676 2504 jussit
700 2449 712 2486 :
737 2432 991 2488 maximo
1013 2448 1146 2487 cum
1171 2433 1548 2489 contenderet
1569 2434 1755 2489 aviam
1790 2449 1956 2488 suam

240 2525 430 2596 hujus
455 2526 661 2580 domus
690 2521 1010 2578 alienandis
1030 2521 1254 2578 nullam
1278 2522 1554 2580 habuisse
1573 2527 1918 2594 potestatem
1947 2541 1962 2594 ;

241 2613 348 2669 etsi
387 2613 447 2666 id
483 2611 724 2667 minime
757 2610 1047 2684 probaret.

310 2702 602 2759 Eumdem
637 2700 964 2756 Romanum
1010 2699 1121 2755 alia
1171 2699 1474 2755 admonuit
1524 2698 1771 2771 epistola
1821 2699 1962 2771 (Lib.

240 2811 315 2863 ix,
341 2810 434 2862 ep.
465 2794 582 2864 27),
616 2797 844 2849 caveret
883 2806 953 2846 ne
999 2792 1389 2863 patrocinium
1430 2791 1696 2848 Ecclesiae
1741 2790 1967 2847 facilius

241 2882 644 2954 impendendo
676 2879 995 2952 ﬂagitiosus
1027 2881 1383 2948 defenderet,
1417 2897 1481 2933 ac
1513 2878 1598 2936 sic
1628 2879 1791 2936 fieret
1821 2895 1963 2935 con-

239 2973 415 3030 scius
436 2986 638 3027 eorum
657 2969 981 3025 facinorum
1006 2985 1020 3026 :
1048 2971 1198 3026 unde
1221 2986 1324 3025 nec
1347 2967 1671 3026 litterarum
1696 2986 1959 3034 suarum,

241 3064 286 3119 si
316 3079 481 3137 quas
513 3061 661 3118 forte
691 3060 1201 3117 commendatitias
1222 3059 1455 3115 incaute
1479 3061 1758 3128 dedisset,
1783 3061 1959 3116 ratio-
1991 3087 2033 3154 ρ

242 3168 376 3208 nem
435 3149 618 3206 ullam
665 3149 862 3205 haberi
899 3149 1082 3204 voluit
1120 3149 1304 3220 (ibid,
1340 3167 1426 3222 ep.
1468 3150 1580 3222 69).
1622 3149 1786 3205 Nunc
1827 3151 1958 3205 bre—

239 3243 396 3298 viter
417 3239 877 3312 perstringamus
899 3254 1024 3311 qua
1047 3239 1104 3293 in
1128 3239 1350 3294 ordinis
1375 3239 1679 3295 monastici
1711 3239 1960 3311 gratiam

241 3331 352 3387 hoc
391 3346 546 3385 anno
578 3329 650 3384 ab
681 3329 1021 3399 aquissimo
1055 3332 1214 3399 patre
1245 3329 1472 3384 decreta
1501 3334 1661 3384 sunt.

306 3422 367 3476 9.
418 3418 612 3474 Primo
657 3418 888 3474 irritum
937 3418 1253 3472 declaravit
1290 3422 1704 3474 testamentum
1764 3419 1961 3489 cujus-

242 3511 388 3568 dam
416 3507 751 3574 abbatissa,
785 3512 841 3563 et
879 3524 1005 3578 quis
1047 3507 1181 3563 aliis
1221 3507 1422 3563 illicita
1461 3508 1694 3580 legarat,
1729 3509 1957 3564 restitui

245 3602 373 3672 ejus
410 3597 762 3655 monasterio
792 3599 971 3667 jussit
1013 3613 1026 3653 :
1072 3598 1233 3666 Quia,
1277 3599 1484 3669 inquit,
1526 3598 1958 3668 ingredientibus

241 3687 650 3744 monasterium
706 3687 1056 3742 convertendi
1118 3689 1325 3757 gratia,
1386 3688 1622 3743 ulterius
1673 3688 1831 3742 nulla
1877 3692 1960 3743 est

242 3777 489 3835 testandi
536 3778 786 3842 licentia,
839 3777 1069 3832 etiamsi
1120 3776 1460 3833 monachica
1492 3777 1670 3832 vestis
1715 3793 1828 3832 non
1880 3779 1958 3832 sit

244 3876 555 3939 assumpta
584 3866 726 3938 (Lib.
763 3882 839 3936 1x,
870 3881 950 3936 ep.
985 3866 1063 3938 7).
1087 3865 1166 3922 De
1190 3865 1280 3922 his
1312 3865 1549 3938 legenda
1582 3865 1715 3921 libri
1747 3865 1955 3922 decimi

239 3956 493 4029 epistola
523 3955 735 4028 prima.

307 4045 587 4103 Secundo
618 4045 1072 4101 controversiam
1106 4046 1255 4103 inter
1291 4045 1605 4102 Antonium
1647 4047 1955 4102 subdiaco-

240 4151 384 4191 num
411 4149 588 4190 suum
629 4135 933 4204 cujusdam
980 4135 1323 4191 xenodochii
1367 4137 1758 4206 praepositum,
1801 4137 1953 4192 290

240 4231 293 4280 et
322 4222 656 4280 Domitium
692 4226 1094 4296 presbyterum
1117 4229 1174 4280 et
1196 4226 1465 4280 abbatem
1491 4226 1823 4282 monasterii
1853 4227 1951 4282 SS.

241 4312 484 4372 Maximi
516 4318 571 4368 et
600 4313 836 4384 Agathe:
859 4316 1207 4385 composuit,
1232 4318 1288 4371 et
1310 4332 1434 4386 quae
1459 4314 1754 4371 interillos
1786 4321 1953 4386 pacta

241 4409 411 4460 erant
445 4402 811 4460 conﬁrmavit
841 4404 981 4475 (Lib.
1015 4421 1094 4471 1x,
1129 4421 1212 4474 ep.
1246 4405 1359 4476 20).

308 4492 505 4549 Tertio
535 4492 786 4548 Massam
817 4468 1061 4549 Veneris
1082 4468 1168 4548 ab
1197 4468 1457 4550 Ecclesiae
1491 4496 1762 4550 Romanae
1803 4499 1955 4551 acto-
1988 4468 2034 4533 D

242 4585 409 4640 ribus
459 4583 682 4652 injuste
754 4587 1096 4653 occupatam
1152 4584 1316 4641 reddi
1369 4585 1549 4655 jussit
1607 4587 1956 4643 monasterio

245 4674 433 4729 sancti
465 4671 641 4728 Marci
666 4672 815 4742 apud
847 4672 1151 4745 Spoletum
1183 4675 1324 4744 (Lib.
1359 4691 1435 4740 ix,
1467 4691 1549 4746 ep.
1583 4676 1696 4746 30).

313 4766 535 4830 Quarto
566 4778 700 4818 cum
733 4769 974 4834 questus
1005 4768 1156 4819 esset
1187 4764 1551 4831 Valentinus,
1585 4765 1881 4837 presbyter
1903 4771 1958 4821 et

247 4853 448 4922 abbas,
477 4851 796 4908 monachos
817 4870 851 4908 a
873 4869 935 4908 se
955 4853 1220 4925 exigente
1243 4853 1409 4920 culpa
1432 4853 1508 4926 (a)
1545 4856 1956 4911 communione

247 4942 521 5014 privatos,
565 4941 621 4996 in
656 4941 890 4998 dioecesi
921 4942 1232 5013 Spoletana
1264 4941 1650 5001 nihilominus
1687 4945 1758 5000 ad
1801 4961 1956 5001 com-

249 5032 586 5088 munionem
622 5031 819 5104 recipi,
845 5031 902 5089 S.
936 5032 1243 5102 Gregorius
1270 5031 1653 5105 Chrysantho,
1687 5034 1956 5106 episcopo

249 5123 582 5192 Spoletano,
614 5122 869 5193 scripsit,
906 5139 976 5178 ne
1009 5123 1483 5194 confugientibus
1511 5124 1580 5178 ad
1616 5125 1743 5194 ejus
1771 5125 1961 5182 Eccle-

251 5211 394 5268 siam
431 5209 736 5267 monachis
766 5213 1238 5269 communionem
1272 5213 1581 5269 indiscrete
1613 5214 1772 5270 reddi
1805 5220 1961 5287 pate-

249 5307 406 5358 retur
463 5303 599 5369 (Lib.
653 5318 731 5369 ix,
781 5318 861 5372 ep.
913 5303 1026 5374 37).
1079 5302 1160 5357 De
1228 5302 1544 5374 privilegiis
1613 5306 1960 5362 monasterio

256 5389 572 5446 Arelatensi
605 5392 901 5447 concessis
931 5392 1178 5449 diximus
1209 5395 1395 5463 capite
1426 5395 1734 5465 superiori.

324 5479 407 5534 10.
441 5480 618 5534 Fama
647 5496 894 5536 summa:
924 5482 1052 5552 ejus
1085 5482 1465 5552 benignitatis
1508 5484 1571 5540 in
1612 5485 1958 5550 monachos,

254 5565 482 5640 impulit
527 5568 774 5626 fortasse
825 5569 1273 5627 celeberrimum
1327 5571 1598 5630 abbatem
1652 5572 1964 5630 Columba-

2070 1801 2344 1868 perrexit,
2379 1807 2436 1858 et
2480 1801 2539 1855 in
2590 1802 2717 1872 ejus
2765 1802 2982 1858 ditione
3032 1803 3315 1862 Bobiense
3360 1810 3782 1867 monasterium

2070 1889 2514 1946 celeberrimum
2548 1892 2889 1949 construxit.
2922 1893 3036 1948 Cur
3086 1900 3278 1950 autem
3314 1896 3374 1951 in
3434 1914 3609 1970 regno
3643 1905 3786 1957 Lan-

2071 1984 2463 2054 gobardorum
2522 1984 2714 2037 sedem
2768 1983 2944 2054 figere
2980 1985 3269 2052 maluerit,
3318 2004 3494 2058 quam
3540 1991 3599 2045 in
3654 1992 3784 2047 aliis

2075 2073 2250 2128 italiae
2296 2072 2460 2137 locis,
2496 2072 2551 2126 id
2581 2075 2724 2127 forte
2752 2072 2809 2125 in
2845 2089 3011 2128 causa
3044 2073 3174 2140 fuit,
3217 2078 3372 2147 quod
3425 2081 3579 2150 apud
3631 2085 3784 2137 Lan-

2072 2162 2360 2235 gobardos
2412 2166 2608 2216 nosset
2667 2162 3100 2218 damnationem
3163 2165 3333 2221 trium
3389 2169 3778 2237 capitulorum

2073 2269 2188 2307 non
2222 2268 2350 2308 esse
2382 2256 2695 2321 receptam.
2729 2252 2871 2306 Huic
2909 2253 3063 2307 enim
3109 2254 3464 2310 damnationi
3506 2259 3785 2315 adversa-

2070 2342 2245 2396 batur
2295 2341 2422 2412 pius
2468 2341 2698 2396 aliunde
2745 2341 2946 2407 abbas,
2995 2349 3054 2397 ut
3103 2359 3169 2397 ex
3214 2345 3339 2414 ejus
3395 2345 3641 2416 epistola
3702 2351 3776 2404 ad

2073 2431 2434 2486 Bonifacium
2504 2431 2578 2486 IV
2639 2431 2842 2502 liquet.
2905 2432 3020 2504 (Cf.
3062 2434 3260 2490 Annal.
3305 2437 3577 2494 Benedict.
3622 2440 3660 2495 ἰ.
3703 2458 3781 2508 1x,

2069 2537 2124 2592 p.
2156 2521 2308 2592 256.)

2747 2611 2980 2667 CAPUT
3023 2612 3115 2667 IV.

2074 2700 2266 2766 Ancum.
2302 2724 2370 2766 -_—_
2395 2700 2436 2749 1.
2469 2699 2709 2766 Gregorii
2743 2702 2794 2750 in
2837 2701 3237 2766 inﬁrmitatibus
3266 2705 3524 2766 patientia
3555 2712 3608 2756 et
3647 2710 3781 2758 assi-

2139 2763 2275 2810 duus
2306 2762 2472 2812 labor.
2491 2789 2553 2798 ——
2579 2764 2609 2810 2
2647 2763 2758 2821 Qua
2790 2765 3148 2814 sollicitudine
3171 2762 3406 2816 exortam
3433 2769 3780 2826 Aguoitarum

2139 2826 2398 2892 bmjesim
2423 2826 2999 2892 apprimere___cona_tus
3047 2830 3130 2892 sit.
3163 2829 3367 2892 Laudat
3397 2832 3591 2892 scripta
3621 2847 3778 2882 sanc-

2137 2889 2173 2935 ti
2202 2887 2401 2946 Eulogii
2435 2891 2692 2935 adversus
2723 2889 2853 2936 illos,
2889 2889 3126 2938 Occurrit
3152 2890 3321 2940 errori
3356 2887 3593 2942 nascenti
3631 2895 3785 2945 l‘hes-

2137 2951 2399 2999 salonicae.
2435 2978 2490 3015 -ῖ
2521 2950 2566 2997 3.
2601 2951 2775 2998 Sclavi
2800 2952 2855 3015 in
2885 2953 3084 3000 italiam
3117 2954 3439 3015 irrumpunt.
3480 2956 3660 3007 Pactae
3707 2959 3772 3006 ad

2137 3026 2337 3084 annum
2399 3013 2800 3084 inducim_cum
2829 3011 3213 3084 Laugobardis.
3249 3011 3310 3052 —'-
3356 3019 3404 3065 4.
3437 3019 3629 3084 Eorum
3667 3022 3776 3084 regi

2134 3077 2369 3123 nascitur
2428 3074 2583 3123 tilius.
2645 3074 3114 3125 Langobardorum
3180 3084 3352 3127 vestes
3397 3085 3448 3128 et
3497 3074 3775 3130 cultum:—

2133 3137 2180 3204 ξ.
2204 3138 2477 3204 Augustus
2499 3141 3052 3204 reosrepetundarum
3079 3140 3247 3204 punit.
3269 3142 3433 3204 Asyla
3451 3143 3502 3190 in
3522 3145 3777 3196 ecclesiis.

2134 3199 2370 3265 Gregorii
2408 3214 2504 3265 pro
2537 3199 2716 3265 amicis
2738 3203 2995 3249 accusatis
3019 3199 3436 3265 sollicitudof—
3464 3205 3511 3253 6.
3537 3207 3776 3257 Judicem

2135 3264 2200 3310 ad
2233 3262 2568 3310 clementiam
2601 3264 2808 3311 ﬂectere
2843 3270 3084 3312 conatur.
3114 3291 3172 3300 —
3200 3267 3248 3314 7.
3272 3262 3514 3315 Amicum
3549 3269 3776 3318 fortunis

2136 3332 2352 3392 exutum
2404 3327 2731 3392 consolatur,
2783 3330 2850 3392 et,
2881 3327 3195 3392 liberalitate
3241 3334 3459 3392 recreat.
3526 3331 3776 3392 Ejusdem

2134 3389 2506 3454 consolator-ite
2527 3390 2710 3436 litterae
2733 3391 2796 3435 ad
2826 3389 3250 3454 Dominicum.+
3269 3389 3595 3454 8.Prosperi_s
3617 3396 3777 3443 rebus

2137 3457 2350 3498 utentes
2368 3452 2428 3496 ad
2452 3464 2633 3498 earum
2654 3456 3017 3511 contemptum
3044 3453 3304 3500 accendit.
3328 3452 3775 3507 —9.‘Amicurum

2134 3511 2262 3579 vitia
2282 3513 2496 3560 minime
2513 3511 3004 3579 dissimulau—riO.
3039 3515 3360 3563 Fortunatus
3390 3517 3776 3579 Neapolitanus

2133 3574 2416 3636 episcopus
2449 3576 2688 3623 moritur.
2721 3577 2792 3623 De
2824 3575 2996 3635 ipsius
3034 3590 3340 3626 successore
3379 3579 3466 3627 diu
3506 3574 3777 3631 "deliberat

2130 3635 2347 3702 sanctus
2368 3635 2673 3702 Gregorius.
2707 3665 2762 3702 _—
2796 3637 3102 3702 1_l_.mDucetn
3132 3640 3440 3702 Campania
3459 3641 3526 3690 ob
3550 3650 3775 3694 vexatos

2131 3699 2417 3747 monachos
2447 3700 2636 3761 arguit.
2676 3700 2780 3758 (An
2813 3699 2907 3747 599
2939 3706 2989 3749 et
3016 3700 3145 3763 600.)

2141 3781 2188 3835 1.
2223 3779 2483 3850 Gregorii
2507 3781 2878 3850 (egritudines
2911 3781 2968 3835 in
3000 3782 3125 3836 dies
3161 3783 3677 3853 ingravescebant;
3718 3791 3776 3841 at

2065 3867 2252 3923 dicere
2303 3875 2523 3940 poterat
2578 3885 2707 3923 cum
2750 3869 3029 3939 Apostolo
3084 3887 3097 3925 :
3142 3864 3276 3925 Cum
3322 3873 3598 3942 inﬁrmor,
3646 3880 3777 3929 tunc

2058 3963 2249 4030 potens
2295 3975 2414 4014 sum
2470 3960 2546 4030 (II
2593 3959 2714 4014 Cor.
2760 3976 2857 4025 x11,
2908 3961 3020 4031 10).
3089 3962 3392 4017 Summam
3446 3964 3624 4018 animi
3684 3965 3775 4018 sui

2063 4049 2455 4121 aqualitatem
2502 4051 2653 4104 inter
2698 4054 2782 4104 tot
2828 4051 3162 4105 morborum
3211 4053 3500 4107 cruciatus
3557 4055 3776 4122 Optime

2066 4142 2378 4195 adumbrat
2415 4141 2507 4195 his
2553 4139 2626 4195 ad
2673 4141 2926 4196 amicum
2975 4141 3276 4213 Eulogium
3319 4143 3508 4197 verbis
3552 4159 3566 4198 :
3615 4146 3773 4212 Ecce,

2065 4231 2280 4302 inquit,
2301 4233 2426 4300 jam
2458 4231 2733 4285 biennium
2756 4246 2890 4299 pene
2921 4232 3172 4300 expletur
3186 4231 3326 4304 quod
3344 4232 3543 4287 lectulo
3563 4237 3772 4302 teneor,

2063 4321 2342 4392 tantisque
2377 4322 2639 4390 podagrae
2680 4319 2960 4375 doloribus
2998 4323 3246 4392 afﬂigar,
3281 4330 3340 4376 ut
3367 4324 3463 4377 vix
3494 4324 3551 4376 in
3583 4323 3773 4381 diebus

2064 4411 2216 4482 festis
2233 4425 2402 4482 usque
2426 4414 2504 4464 ad
2529 4411 2788 4465 horarum
2817 4410 2987 4465 trium
3015 4414 3255 4482 spatium
3282 4428 3506 4481 surgere
3531 4413 3773 4479 valeam,

2067 4504 2362 4556 missarum
2406 4501 2675 4555 solemnia
2719 4498 3016 4556 celebrare.
3065 4502 3184 4557 Mox
3227 4505 3409 4557 autem
3452 4519 3576 4557 cum
3621 4506 3778 4574 gravi

2062 4591 2238 4662 pellor
2267 4591 2452 4645 dolore
2501 4589 2843 4658 decumbere,
2896 4601 2957 4645 ut
3001 4575 3308 4647 cruciatum
3350 4608 3532 4647 meum
3576 4594 3778 4660 possim

2065 4681 2500 4749 interrumpente
2545 4683 2756 4753 gemitu
2810 4682 3065 4739 tolerare.
3121 4683 3228 4751 Qui
3283 4684 3435 4739 dolor
3489 4685 3777 4737 interdum

2065 4771 2203 4824 mihi
2235 4770 2414 4823 lentus
2440 4773 2539 4835 est,
2580 4770 2864 4825 interdum
2893 4773 3119 4826 nimius.
3155 4771 3258 4826 Sed
3286 4787 3457 4843 neque
3489 4773 3570 4826 ita
3600 4772 3776 4826 tentus

2065 4863 2126 4913 ut
2151 4858 2384 4923 recedat,
2418 4875 2593 4929 neque
2622 4859 2705 4914 ita
2736 4863 2947 4916 nimius
2979 4865 3038 4914 ut
3071 4862 3388 4929 interﬁciat.
3435 4860 3580 4916 Unde
3616 4861 3678 4929 ﬁt
3716 4868 3777 4913 ut

2065 4950 2160 5021 qui
2190 4947 2435 5020 quotidie
2466 4951 2524 5002 in
2557 4953 2730 5004 morte
2769 4966 2914 5015 sum,
2955 4949 3196 5020 quotidie
3236 4947 3479 5018 repellar
3516 4964 3547 5001 a
3581 4951 3774 5002 morte.

2066 5037 2170 5094 Nec
2218 5039 2444 5102 mirum,
2502 5040 2636 5109 quia
2676 5049 2927 5110 peccator
2975 5039 3160 5108 gravis
3214 5037 3341 5091 talis
3397 5038 3778 5104 corruptionis

2067 5143 2288 5184 carcere
2332 5129 2436 5183 diu
2479 5131 2666 5183 teneor
2716 5129 2979 5183 inclusus.
3047 5127 3195 5182 Unde
3247 5126 3544 5197 compellor
3595 5128 3778 5183 excla-

2068 5234 2222 5273 mare
2254 5236 2275 5275 :
2302 5217 2448 5272 Educ
2491 5218 2560 5272 de
2606 5233 2820 5272 carcere
2865 5218 3112 5271 animam
3161 5232 3356 5284 meam,
3407 5217 3477 5270 ad
3517 5219 3780 5287 conﬁten-

2069 5309 2199 5363 dum
2230 5307 2448 5363 nomini
2490 5313 2579 5362 tuo
2623 5308 2791 5379 (Psat.
2841 5323 2992 5375 σιω,
3039 5307 3114 5378 8).
3165 5306 3269 5363 Sed
3323 5309 3455 5379 quia
3497 5311 3633 5365 mei:
3680 5310 3782 5365 hoc

2071 5397 2320 5468 precibus
2343 5397 2519 5451 adhuc
2551 5397 2799 5452 obtinere
2827 5412 2935 5452 non
2978 5413 3208 5464 mereor,
3249 5413 3377 5469 rogo
3420 5405 3616 5456 vestrm
3646 5416 3781 5455 san-

2069 5485 2273 5540 ctitatis
2303 5486 2478 5540 oratio
2508 5497 2626 5540 sum
2671 5485 2816 5540 mihi
2845 5484 3252 5541 intercessionis
3281 5487 3628 5556 adjutorium
3646 5503 3783 5558 prae-

2075 5575 2218 5644 beat,
2252 5589 2447 5645 meque
2474 5590 2509 5628 α
2531 5573 2742 5645 peccati
2771 5581 2821 5630 et
2862 5576 3228 5647 corruptionis
3271 5576 3509 5647 ponde-re
3551 5577 3784 5632 liberum

329 5678 415 5751 (a)
443 5677 523 5735 De
554 5678 1153 5738 excommunicatione
1184 5681 1612 5738 monachorum
1645 5697 1746 5754 pro
1777 5681 1984 5754 culpis,
2007 5682 2245 5742 consule
2281 5682 2424 5757 Reg.
2449 5682 2641 5742 sancti
2675 5683 2972 5743 Benedicti
2993 5700 3161 5758 capp.
3183 5684 3272 5754 23,
3301 5684 3391 5751 24,
3413 5684 3502 5739 25.
3524 5685 3594 5736 ‘26
3615 5687 3670 5736 et
3690 5685 3781 5736 27'

3689 5955 3804 6019 ut"
