4086 6166
308 293 422 356 431

738 292 804 354 S.
850 285 1224 352 GREGORII
1270 285 1519 348 MAGNI
1565 284 1765 355 Vl'l‘A,
1815 281 1912 340 EX
1959 278 2143 339 EJUS
2188 280 2541 343 SCRIPTIS
2586 283 3042 344 ADORNATA.
3090 283 3234 344 LIB.
3279 285 3384 349 IV.

3709 282 3823 344 43?.

286 389 508 485 reddat
551 428 613 482 in
657 423 818 482 illam
863 439 1028 495 quam
1076 420 1208 477 bene
1251 422 1422 475 nostis
1468 419 1779 474 libertatem
1817 411 2014 482 gloriae
2042 414 2093 479 A
2124 412 2446 470 Inebriatus
2485 415 2803 471 eructabat.
2848 415 3012 471 Certe
3053 417 3269 472 sufﬁcit
3311 418 3658 489 Gregoriana
3709 418 3828 474 haec

302 514 551 585 filiorum
579 514 676 571 Dei
715 513 862 584 (Lib.
908 528 964 580 x,
1009 526 1091 582 ep.
1138 510 1248 580 35).
1295 507 1498 563 Estivi
1542 504 1760 561 calores
1803 502 1900 572 qui
1945 501 2013 557 ad

303 605 569 676 podagrae
611 604 908 661 cruciatus
948 601 1303 672 mitigandos
1350 597 1609 653 conferre
1650 610 1817 666 posse
1857 592 2013 646 vide-

303 694 538 760 bantur,
573 695 726 765 quod
768 692 885 764 apti
932 694 1125 746 essent
1178 689 1248 743 ad
1295 687 1534 742 noxium
1575 690 1630 740 et
1674 684 2008 739 morbidum

303 781 614 839 humorem
648 781 1103 853 dispellendum,
1138 777 1373 833 aliunde
1413 775 1636 847 corpori
1678 776 1803 844 ejus
1843 771 2008 827 valde

299 873 576 929 contrarii
615 884 804 938 erant,
844 875 909 926 ut
950 871 1070 940 ipse
1109 868 1191 924 ait
1230 869 1407 935 (Hom.
1462 867 1530 922 34
1570 867 1629 921 in
1675 869 1905 934 Evang.,
1948 880 2006 916 η.

295 963 383 1032 1);
419 961 557 1033 quia
587 961 762 1017 lentis
790 966 843 1018 et
877 956 1175 1016 continuis
1206 955 1466 1011 febribus
1496 955 1793 1010 urebatur.
1837 950 2007 1006 Alius

295 1051 684 1121 proculdubio
733 1050 995 1122 pontifex
1035 1046 1181 1103 nihil
1223 1046 1380 1102 aliud
1424 1046 1684 1116 cogitans
1725 1059 1902 1115 quam
1937 1043 2008 1096 de

296 1137 559 1196 lavandis
591 1139 1002 1206 incommodis,
1035 1139 1106 1192 de
1137 1136 1483 1192 adhibendis
1513 1134 1788 1190 remediis
1818 1148 2009 1187 accer-

297 1231 618 1302 sendisque
668 1231 934 1299 medicis,
965 1230 1035 1285 ad
1080 1243 1278 1284 eorum
1313 1233 1516 1282 nutum
1548 1224 1797 1296 negotiis
1829 1221 2007 1279 eccle-

293 1318 546 1375 siasticis
580 1320 852 1376 nuntium
883 1319 1228 1382 remisisset,
1271 1330 1590 1386 omnesque
1633 1312 2004 1386 pontificatus

293 1421 462 1464 curas
495 1409 720 1466 vicariis
752 1408 1117 1465 credidisset.
1152 1407 1278 1463 Non
1309 1406 1525 1462 desunt
1555 1402 1802 1460 summis
1845 1401 2002 1457 anti—

288 1497 526 1555 stitibus
554 1505 611 1556 et
649 1501 960 1572 episcopis,
1002 1500 1099 1572 qui
1140 1499 1457 1555 succedere
1498 1503 1657 1554 oneri
1700 1493 1998 1567 pastorali,

287 1587 410 1645 sive
462 1604 530 1645 ex
578 1591 882 1657 charitate,
939 1589 1056 1646 sive
1111 1604 1180 1644 ex
1227 1587 1542 1658 cupiditate
1591 1586 1878 1642 ambiant.
1927 1586 2000 1639 At

290 1677 693 1735 sanctissimus
724 1680 927 1735 Pastor
955 1677 1221 1733 omnium
1252 1677 1461 1732 Christi
1500 1677 1720 1747 ovium,
1760 1675 1818 1729 in
1855 1674 1998 1730 alie-

2099 503 2386 572 ,epistola,
2430 505 2500 559 ad
2544 507 2922 578 Agnoitarum
2965 507 3194 563 somnia
3235 508 3549 564 refellenda
3589 527 3603 576 ;
3655 511 3713 565 in
3759 526 3828 565 ea

2099 584 2274 646 'enim
2309 595 2629 649 occurritur
2659 596 2958 664 omnibus,
3005 597 3156 651 unde
3197 597 3422 652 Christo
3465 598 3824 670 qualiscum-

2121 699 2230 753 que
2283 683 2607 754 ignorantia
2655 691 2852 756 posset
2903 687 3124 758 efﬁngi.
3184 693 3257 742 De
3316 688 3424 743 hoc
3481 694 3824 761 argumento

2118 773 2410 829 scribendi
2463 776 2828 831 occasionem
2885 776 3164 832 habuerat
3219 778 3601 834 doctissimus
3656 797 3825 850 papa.

2117 862 2337 934 Quippe
2367 869 2500 919 ante
2536 865 2835 920 biennium
2863 866 3330 938 Jerosolymitani
3360 869 3598 939 quidam
3627 885 3822 924 mona-

2115 951 2208 1006 chi
2241 953 2803 1024 Constantinopolim
2839 959 3135 1020 venerant,
3168 960 3224 1010 et
3258 973 3322 1011 ea
3359 958 3428 1012 de
3477 959 3824 1027 quaestione,

2113 1045 2177 1094 ut
2208 1042 2492 1110 conjicere
2524 1042 2679 1106 licet.
2712 1044 3048 1100 Anatolium
3081 1051 3294 1101 sanctae
3330 1048 3486 1103 sedis
3512 1050 3826 1120 apocrisia-

2113 1130 2263 1184 rium
2298 1131 2743 1204 interrogarent.
2775 1136 2845 1188 At
2876 1133 2970 1190 ille
3002 1136 3280 1191 diaconus
3314 1138 3659 1207 respondero
3689 1141 3822 1195 dis-

2113 1220 2248 1275 tulit
2275 1221 2456 1276 doncc
2489 1222 2828 1294 Gregorium
2863 1225 3275 1281 consuluisset.
3313 1227 3434 1295 Cui,
3467 1227 3660 1300 inquit
3696 1229 3821 1300 ipse

2110 1308 2181 1362 ad
2226 1308 2552 1380 Eulogium,
2599 1327 2692 1381 ego
2734 1319 2860 1367 ante
2903 1313 3126 1384 longum
3177 1324 3387 1386 tempus
3433 1333 3599 1386 quam
3641 1324 3824 1375 vestra

2106 1399 2316 1468 scripta
2345 1402 2689 1470 susciperem,
2721 1406 2910 1457 contra
2949 1404 3205 1458 eamdem
3240 1403 3489 1460 heresim
3529 1407 3656 1478 ipsa
3705 1426 3827 1464 res-

2106 1486 2293 1557 pondi,
2335 1505 2454 1559 qua
2492 1491 2832 1556 postmodum
2873 1494 2935 1547 in
2982 1495 3213 1565 epistola
3267 1498 3462 1552 vestra:
3508 1500 3826 1555 sanctitatis

2107 1577 2333 1637 inveni;
2363 1588 2524 1649 atque
2561 1581 2919 1652 omnipotenti
2960 1583 3066 1640 Deo
3105 1599 3332 1653 magnas
3381 1587 3589 1654 gratias
3628 1588 3820 1658 retuli,

2107 1668 2238 1736 quia
2293 1666 2357 1721 de
2417 1671 2625 1724 cunctis
2692 1671 3146 1742 inquisitionibus
3215 1675 3584 1730 Romanorum
3651 1682 3820 1748 atque

290 1779 399 1820 nos
429 1771 485 1822 et
521 1768 769 1823 vicarios
827 1768 1104 1823 humeros
1160 1766 1542 1837 reiiciendum
1603 1781 1718 1820 uon
1776 1763 1998 1836 putavit
2030 1792 2075 1856 Β
2107 1753 2417 1811 Graecorum
2460 1763 2671 1825 Ραινθε,
2719 1775 2952 1829 quorum
2992 1778 3093 1817 n08
3130 1779 3386 1834 sequaces
3443 1781 3654 1835 sumus,
3707 1783 3818 1822 uno

280 1856 496 1928 jugum
528 1857 642 1914 sibi
672 1876 700 1914 s
734 1858 961 1914 Christo
991 1857 1349 1930 impositum,
1385 1857 1465 1912 ita
1495 1856 1650 1912 enim
1674 1855 1997 1927 appellabat

2156 1845 2308 1901 tiritu
2337 1851 2466 1901 sunt
2498 1849 2881 1918 locuti(1bid.,
2920 1868 3004 1922 ep.
3046 1853 3156 1922 35).
3201 1854 3480 1924 Agnoitas
3525 1855 3820 1912 Nestoris-

285 1945 622 2015 pontiﬂcale
648 1962 889 2003 munus.

355 2037 409 2089 2.
434 2033 735 2107 Praecipua
758 2041 958 2093 autem
977 2037 1107 2106 ejus
1129 2033 1460 2092 sollicitudo
1487 2033 1600 2090 fuit
1627 2034 1997 2107 insurgentes

283 2138 529 2191 errores,
572 2141 706 2181 mox
754 2129 820 2181 ut
856 2125 1309 2191 innotescerent,
1350 2123 1644 2179 discutere
1693 2128 1749 2179 et
1798 2124 1993 2195 oppri-

289 2225 470 2269 mere.
503 2211 628 2268 Non
663 2214 747 2269 ita
775 2213 1003 2284 pridem
1045 2217 1240 2269 exorta
1269 2217 1391 2268 erat
1420 2211 1778 2267 Alexandriae
1811 2211 1992 2267 haere-

283 2299 364 2355 sis
409 2302 816 2372 Agnoitarum,
867 2304 1038 2374 cujus
1088 2302 1256 2358 initia
1309 2301 1551 2372 quidam
1603 2302 1862 2356 referunt
1919 2303 1989 2357 ad

283 2387 674 2446 Themistium
707 2391 1042 2458 diaconum,
1067 2392 1221 2446 unde
1242 2390 1378 2446 dicti
1411 2394 1549 2445 sunt
1579 2390 1989 2445 Themistiani.

285 2477 442 2534 Hanc
475 2478 743 2536 haeresim
775 2481 1056 2537 excitasse
1087 2481 1371 2552 quosdam
1419 2479 1730 2535 monachos
1772 2496 1838 2534 ex
1879 2480 1991 2535 Pa-

281 2564 510 2624 laestina
555 2574 760 2625 auctor
807 2574 897 2626 est
948 2571 1006 2626 S.
1058 2569 1339 2641 Eulogius
1388 2568 1827 2636 Alexandrinus,
1887 2569 1988 2640 qui

283 2657 558 2713 adversus
635 2658 976 2730 hujusmodi
1034 2659 1339 2715 haereticos
1421 2658 1728 2714 decertavit
1802 2660 1984 2730 (Joan.

282 2747 602 2803 Damascen.
642 2749 707 2804 de
757 2754 969 2807 Haeres.
1035 2748 1182 2820 apud
1237 2749 1491 2804 Photium
1549 2747 1808 2804 Biblioth.
1866 2749 1984 2807 cod.

277 2835 428 2906 230).
479 2837 546 2892 Hi
597 2854 729 2894 vero
779 2839 1009 2894 Christo
1059 2838 1448 2910 ignorantiam
1500 2838 1853 2908 tribuebant,
1916 2855 1983 2895 ex

280 2927 578 2984 nonnullis
610 2929 905 2999 Evangelii
945 2929 1087 2984 locis
1130 2929 1281 2984 male
1322 2928 1652 2985 intellectis.
1695 2928 1980 2984 Nimirum

279 3015 501 3072 Christo
531 3018 601 3073 de
633 3019 841 3074 Lazaro
888 3020 1116 3089 sepulto
1169 3019 1518 3090 inquirente,
1571 3019 1668 3075 Ubi
1713 3020 1980 3089 posuistis

277 3109 444 3160 eum?
472 3108 654 3179 (Joan.
687 3125 766 3172 xi,
797 3109 889 3180 34)
922 3113 978 3166 et
1016 3108 1154 3164 alibi
1206 3108 1433 3164 dicente
1481 3124 1494 3163 :
1549 3109 1618 3163 De
1659 3108 1749 3164 die
1796 3113 1974 3164 autem

2109 1951 2215 1989 nos
2257 1935 2439 1991 fuisse
2469 1935 2785 2007 Gregorius
2813 1941 2981 1996 docet
3011 1957 3132 1996 esse
3147 1943 3499 2010 manifestum
3519 1945 3703 2016 (Ibid,
3729 1962 3819 2017 ep.

2105 2024 2228 2096 39);
2265 2027 2417 2080 unde
2449 2042 2541 2082 me
2572 2025 2715 2083 latet
2745 2045 2856 2099 qua
2889 2031 3109 2086 ratione
3141 2033 3475 2089 contrarius
3507 2035 3816 2106 Eutychia.

2105 2131 2309 2170 norum
2328 2132 2489 2171 error
2510 2117 2656 2189 ipsis
2674 2136 2706 2174 a
2729 2119 2806 2190 (b)
2826 2121 3162 2177 doctissimo
3182 2122 3476 2196 Theologo
3494 2126 3816 2183 tribuatur.

2104 2207 2270 2262 Certe
2302 2223 2492 2279 neque
2521 2211 2848 2282 Gregorius,
2883 2228 3072 2283 neque
3091 2214 3368 2285 Eulogius
3395 2216 3640 2285 quicum
3667 2217 3816 2288 ipsis

2103 2304 2155 2351 et
2173 2313 2369 2352 coram
2393 2304 2448 2352 et
2465 2299 2700 2370 scriptis
2723 2317 3071 2373 congressus
3090 2303 3296 2371 fuerat,
3325 2306 3485 2377 ipsos
3507 2306 3813 2378 Eutychia-

2102 2385 2194 2440 nis
2226 2402 2484 2457 unquam
2517 2395 2958 2445 accensuerunt.
3002 2392 3216 2447 Eodem
3263 2400 3517 2464 tempore
3557 2396 3820 2466 vigilan-

2101 2474 2366 2530 tissimus
2398 2477 2669 2532 Ecclesia:
2699 2480 2904 2534 Pastor
2931 2497 3062 2536 cum
3103 2483 3420 2552 accepisset
3457 2485 3513 2538 in
3553 2485 3816 2540 Ecclesia

2097 2564 2596 2621 Thessalonicensi
2647 2585 2759 2623 non
2807 2568 2930 2625 leve
2971 2576 3161 2626 ortum
3225 2573 3589 2641 scandalum,
3653 2575 3815 2630 Luca

2099 2656 2434 2728 presbytero
2467 2665 2523 2712 et
2563 2658 2727 2714 Petro
2771 2661 3080 2717 concilium
3125 2662 3591 2720 Chalcedonense
3624 2667 3814 2721 susci-

2099 2761 2231 2817 pere
2261 2746 2614 2812 nolentibus,
2633 2766 2699 2804 ea
2717 2750 2785 2803 de
2808 2765 2867 2805 re
2891 2751 3087 2807 statim
3108 2753 3340 2823 scripsit
3360 2755 3426 2808 ad
3454 2756 3801 2823 Eusebium,

2094 2835 2671 2892 Thessalonicensem
2714 2838 3241 2912 archiepiscopum,
3277 2847 3338 2897 ut
3378 2843 3451 2897 ad
3493 2859 3802 2901 removen-

2092 2923 2225 2977 dam
2260 2925 2634 2980 offensionem
2669 2927 2870 2983 sedulo
2902 2927 3284 2985 incumberet.
3319 2931 3440 2995 Qua
3463 2947 3531 2986 ex
3549 2933 3800 3002 epistola

2091 3015 2405 3082 praesertim
2443 3014 2740 3080 docemur,
2778 3016 2916 3087 quid
2950 3018 3024 3072 sit
3056 3021 3453 3089 prasstandum
3498 3021 3569 3076 ab
3609 3021 3678 3076 iis
3720 3023 3795 3077 de

2093 3117 2341 3172 quorum
2376 3102 2490 3156 fide
2537 3104 2776 3159 suborta
2820 3109 2908 3159 est
2951 3107 3220 3176 suspicio.
3268 3107 3348 3164 De
3389 3110 3539 3164 Luca
3585 3110 3791 3166 eadem

275 3195 377 3251 illo
406 3168 489 3252 vel
519 3199 672 3264 hora,
706 3168 1014 3266 nemo'scit,
1055 3214 1225 3269 neque
1271 3198 1458 3268 angeli
1504 3199 1560 3251 in
1610 3199 1759 3264 calo,
1809 3215 1976 3271 neque
2007 3168 2056 3233 Ο
2085 3190 2275 3244 adhuc
2310 3193 2577 3262 Ρτεὲοθρίί
2605 3198 2844 3250 summa
2876 3196 3182 3266 Θτθεοτίυε
3213 3214 3364 3252 εἴ]ηο
3390 3200 3675 3269 sequenti-

272 3285 445 3341 Filius
469 3287 661 3358 (Marci
697 3305 823 3355 xm,
882 3290 1022 3359 32);
1074 3288 1209 3343 inde
1260 3289 1640 3344 asserendum
1693 3289 1976 3358 putabant

2156 3280 2208 3334 3.
2257 3281 2571 3336 Ecclesiam
2622 3283 2989 3340 turbantibus
3039 3285 3342 3354 haereticis,
3402 3304 3494 3344 res
3553 3289 3790 3358 imperii

2084 3384 2196 3422 non
2231 3375 2396 3425 erant
2427 3371 2767 3442 pacatiores.
2799 3373 2940 3427 Nam
2963 3375 3148 3430 Sclavi
3171 3393 3272 3447 per
3301 3377 3527 3432 Histria:
3559 3379 3786 3434 aditum

2072 3456 2196 3526 jam
2229 3459 2286 3514 in
2324 3460 2542 3516 Italiam
2577 3462 2793 3518 intrare
2824 3473 3132 3535 coeperant,
3175 3468 3411 3538 quando
3451 3468 3508 3523 S.
3552 3467 3785 3541 Grego-

2077 3547 2200 3602 rius
2230 3550 2297 3603 ad
2342 3550 2659 3606 Maximum
2700 3551 3101 3610 Salonitanum
3145 3557 3245 3627 qui
3285 3559 3354 3613 de
3391 3558 3784 3615 Barbarorum

2073 3635 2394 3709 irruptione
2426 3646 2750 3709 monuerat,
2786 3643 3083 3714 rescripsit
3118 3645 3260 3716 (Lib.
3307 3664 3361 3715 x,
3407 3664 3490 3718 ep.
3535 3648 3650 3720 36).
3695 3652 3784 3705 Ad

2071 3729 2338 3784 eumdem
2371 3747 2599 3802 quoque
2638 3747 2856 3786 annum
2890 3734 3062 3790 refert
3095 3736 3377 3793 Baronius
3396 3754 3519 3809 quas
3542 3739 3609 3793 de
3631 3738 3784 3795 Cha-

252 3823 350 3892 qui
376 3822 639 3878 dicuntur
685 3825 948 3896 Agnoitaz,
995 3828 1104 3897 [uit
1149 3825 1306 3882 valde
1343 3826 1483 3896 quod
1513 3826 1962 3895 admiraremur;

2156 3833 2239 3884 no,
2271 3821 2516 3875 Avarum
2551 3837 2701 3892 rege,
2735 3820 3036 3878 Venetiam
3062 3825 3415 3894 provinciam
3447 3827 3779 3896 invadente,

250 3909 392 3982 quod
437 3917 624 3969 autem
671 3914 1005 3987 displiceret,
1055 3931 1165 3970 non
1209 3915 1345 3986 fuit.
1406 3917 1468 3971 In
1523 3916 1710 3972 eodem
1776 3928 1961 3976 autem
2070 3909 2326 3980 Foroque
2355 3911 2492 3965 Julii
2527 3910 2754 3967 insidiis
2789 3910 3060 3966 Ramildaa
3093 3914 3295 3984 potito,
3333 3921 3531 3971 narrat
3558 3917 3782 3974 Paulus

246 4018 409 4059 sensu
435 4004 759 4075 iamdudum
785 4008 1067 4064 communi
1110 4005 1227 4077 ﬁlio
1277 4011 1468 4061 nostro
1516 4008 1774 4062 Anatolio
1824 4010 1956 4065 dia-

2156 4015 2358 4055 iconus
2390 4001 2527 4072 (Lib.
2564 4017 2638 4068 ιν,
2679 4018 2724 4056 c.
2771 4003 2878 4072 l2).
2924 4003 3122 4058 Utrum
3169 4004 3261 4060 his
3304 4006 3574 4061 Barbarie
3623 4009 3781 4064 fave-

242 4105 373 4146 cono
409 4093 656 4163 plurima
704 4094 1050 4166 scripseram.
1106 4096 1186 4149 Ita
1229 4098 1411 4148 autem
1463 4094 1712 4148 doctrina
1779 4101 1957 4150 vestra

2165 4093 2184 4142 t
2219 4088 2602 4160 Langobardi,
2636 4093 2769 4145 dum
2806 4092 3033 4162 imperii
3069 4095 3393 4164 provincias
3435 4096 3773 4166 depopulati

239 4196 340 4255 per
387 4183 574 4237 omnia
622 4183 847 4238 Latinis
892 4184 1154 4239 Patribus
1206 4183 1570 4251 concordavit,
1633 4187 1692 4236 ut
1747 4187 1956 4240 mirum
2067 4183 2222 4244 sunt.
2258 4195 2371 4232 non
2405 4180 2692 4235 audemus
2723 4196 3013 4246 asserere;
3049 4199 3184 4238 nam
3228 4184 3334 4239 hoc
3373 4185 3574 4239 eodem
3618 4189 3772 4241 tem-

241 4269 391 4323 mihi
417 4286 529 4327 non
565 4280 702 4326 esset
739 4273 878 4343 quod
926 4273 984 4328 in
1025 4272 1254 4328 diversis
1299 4274 1506 4342 linguis
1555 4272 1790 4342 spiritus
1839 4291 1952 4330 non

2156 4284 2202 4321 re
2236 4269 2451 4322 factum
2487 4269 2665 4324 fuisse
2687 4286 2880 4339 pacem
2907 4287 3039 4327 cum
3068 4288 3202 4344 rege
3227 4274 3773 4347 Langobardorum,

238 4356 414 4428 fuerit
442 4357 705 4416 diversus.
738 4361 874 4414 Nam
904 4360 1003 4416 hoc
1050 4361 1188 4431 quod
1227 4361 1292 4415 de
1337 4361 1570 4430 ﬁculnea
1618 4361 1858 4427 dixistis,
1891 4365 1950 4418 in
2064 4361 2163 4410 aut
2193 4359 2386 4427 potius
2419 4363 2614 4429 pactas
2657 4359 2921 4416 inducias
2962 4379 3147 4434 usque
3186 4365 3255 4418 ad
3307 4379 3568 4420 mensem
3609 4371 3762 4421 Mar-

240 4460 300 4500 eo
329 4461 489 4500 sensu
516 4451 734 4518 proprie
767 4451 950 4506 beatus
984 4451 1317 4521 Augustinus
1351 4452 1614 4521 loquitur,
1655 4454 1783 4523 quia
1825 4469 1949 4507 cum
2061 4445 2206 4498 ῐίιιῐῐι
2253 4444 2589 4501 india-iouis
2634 4452 2877 4517 quarm,
2925 4453 3169 4505 testatur
3215 4451 3272 4505 S-
3328 4450 3637 4520 Gregorius
3695 4456 3768 4508 ad

241 4535 597 4603 Evangelista
642 4539 933 4609 subjunxit
990 4556 1008 4596 :
1067 4542 1316 4596 Nondum
1374 4541 1520 4595 enim
1572 4546 1689 4596 erat
1748 4546 1958 4614 tempus
1989 4533 1997 4597 l

2156 4535 2489 4602 nocentium,
2539 4535 2743 4590 Africa:
2795 4539 3148 4607 praefectum,
3197 4540 3483 4596 scribens.
3529 4541 3645 4597 Hac
3709 4546 3768 4598 in

2056 4625 2299 4695 epistola
2331 4625 2579 4682 occurrit
2611 4627 2834 4700 insigne
2866 4627 3209 4685 humilitatis
3242 4631 3391 4700 ejus,
3425 4641 3477 4686 et
3516 4649 3769 4690 summa:

2061 4731 2195 4786 erga
2251 4717 2638 4787 Augustinum
2693 4720 3067 4774 observantia;
3126 4737 3241 4775 non
3298 4725 3766 4791 praetereundum

2058 4812 2462 4878 argumentum
2499 4824 2511 4861 :
2547 4807 2715 4875 Quod,
2764 4808 2976 4879 inquit,
3028 4811 3088 4863 in
3139 4810 3537 4880 expositionem
3585 4818 3770 4870 sancti

2055 4897 2149 4951 Job
2193 4897 2499 4949 transmitti
2541 4897 2688 4950 vobis
2734 4897 2974 4952 codicem
3014 4898 3281 4965 voluistis,
3332 4901 3400 4956 de
3432 4910 3606 4956 vestro
3644 4921 3766 4959 om-

241 4980 373 5048 ﬁcus
394 4997 506 5038 non
538 4982 751 5055 habuit,
775 4985 915 5056 quod
953 4985 1086 5040 dum
1129 4992 1333 5058 tempus
1373 4987 1598 5056 ﬁcorum
1639 5003 1747 5042 non
1788 4997 1943 5056 esset,
2054 4987 2190 5041 nino
2213 4986 2392 5041 studio
2435 4987 2730 5057 gaudemus
2772 5005 2790 5042 :
2842 4991 3098 5058 quoniam
3144 4989 3235 5044 illi
3279 4993 3362 5045 rei
3402 4993 3765 5050 eminentiam

235 5085 412 5127 omnes
441 5076 693 5145 poterant
719 5074 862 5131 scire
893 5075 1034 5147 (Lib.
1075 5093 1130 5143 ι,
1182 5091 1266 5148 ep.
1315 5076 1425 5148 39).
1475 5075 1667 5147 Pergit
1708 5082 1944 5134 sanctus
2054 5084 2297 5132 vestram
2323 5077 2532 5133 studere
2559 5079 2940 5148 conspicimus,
2987 5094 3109 5148 qua
3151 5096 3252 5135 nec
3300 5088 3429 5137 totos
3469 5084 3621 5152 foras
3670 5101 3764 5140 vos

241 5161 411 5216 Pater
440 5165 739 5221 ostendere
773 5166 986 5222 mirum
1016 5183 1370 5222 consensum
1404 5167 1680 5223 doctrinm
1713 5168 1940 5240 Eulogii
2051 5166 2205 5221 exire
2249 5170 2553 5238 permittat,
2603 5175 2652 5222 et
2698 5166 2768 5221 ad
2814 5183 2908 5222 cor
2956 5167 3153 5222 iterum
3202 5171 3562 5226 saecularibus
3611 5177 3764 5230 curis

239 5262 375 5305 cum
406 5252 846 5322 Augustiniana,
879 5273 1056 5328 quam
1079 5257 1200 5330 ipse
1223 5256 1557 5313 sitibundus
1582 5258 1941 5325 hauserat,et
2039 5255 2315 5330 dispersos
2346 5257 2652 5328 recolligat.
2688 5257 2790 5314 Sed
2819 5257 2869 5314 si
2889 5257 3144 5314 delicioso
3182 5260 3384 5331 cupitis
3420 5263 3625 5333 pabulo
3664 5281 3762 5319 sa-

255 3374 456 3447 ipsum
515 3394 580 3434 ea
637 3380 954 3452 ignorasse.
1017 3379 1231 3435 Contra
1288 3380 1447 3436 hunc
1504 3381 1651 3437 291
1719 3396 1969 3437 errorem

253 3464 489 3538 scripsit
518 3466 816 3540 Eulogius,
847 3473 905 3524 et
934 3469 1004 3524 ad
1023 3468 1365 3540 Gregorium
1390 3470 1470 3542 (a)
1500 3467 1966 3526 lucubrationem

254 3570 422 3610 suam
485 3557 923 3628 approbandam
981 3558 1205 3614 curavit
1271 3557 1552 3626 mittere;
1598 3576 1773 3630 quam
1818 3577 1966 3632 papa

253 3643 426 3699 valde
456 3642 732 3714 laudavit,
766 3650 828 3701 ut
856 3646 1134 3703 doctrinae
1159 3646 1428 3702 Ecclesiae
1451 3663 1690 3717 prorsus
1713 3664 1964 3705 consen-

255 3734 488 3788 taneam
524 3750 537 3788 :
573 3735 647 3790 De
675 3735 927 3791 doctrina
956 3741 1155 3803 vestra,
1190 3735 1400 3806 inquit,
1431 3740 1622 3791 contra
1652 3736 1959 3806 haereticos,

241 4625 469 4692 ﬁcorum
519 4625 684 4695 (Mar.
729 4643 805 4698 xx,
869 4629 978 4698 13),
1028 4637 1214 4700 aperte
1269 4632 1616 4698 cognoscitur
1663 4632 1803 4701 quod
1850 4649 1947 4702 per

240 4713 406 4783 ﬁcum
437 4713 699 4770 Dominus
737 4717 796 4772 in
833 4718 1129 4787 Synagoga
1173 4722 1418 4789 fructum
1466 4721 1779 4790 quaesierat,
1829 4738 1947 4792 quae

240 4803 380 4872 [alia
415 4801 554 4874 legis
584 4803 799 4873 habuit,
829 4808 927 4861 sed
955 4809 1197 4875 fructum
1215 4808 1395 4878 cperis
1413 4827 1521 4865 non
1549 4811 1796 4864 habebat.
1827 4814 1947 4865 Non

240 4894 386 4946 enim
426 4897 646 4963 poterat
695 4892 916 4951 Creator
957 4898 1202 4951 omnium
1243 4901 1472 4966 nescire,
1521 4898 1652 4968 quia
1706 4903 1946 4962 lructum

313 5461 393 5533 (α)
426 5460 595 5541 Fgrte
623 5461 753 5532 ipsa
783 5467 872 5519 est
899 5481 1076 5541 quam
1104 5467 1340 5541 exhibet
1366 5469 1606 5525 Photius
1638 5470 1761 5526 loco
1792 5469 1938 5526 assi-
2047 5471 2280 5541 nitatem
2311 5470 2568 5540 loquitur.
2613 5469 2734 5531 Qua
2782 5468 2852 5541 de
2895 5484 2954 5541 re
2999 5467 3253 5539 legendae
3299 5469 3755 5541 Disquisitiones

240 5540 437 5621 gnato.
468 5533 532 5630 I‘n
563 5549 631 5589 ea
660 5551 892 5630 omnem
918 5533 955 5590 ξι
985 5539 1691 5630 Christouot‘iam‘hpmine
1721 5549 1938 5630 amovet
2201 5533 2616 5630 PP.rC'onglre‘g.
2648 5540 2954 5630 5:.”Yitoni,
2990 5533 3253 5630 inifparte,
3285 5533 3438 5626 pag.-
3479 5544 3598 5610 168,
3652 5546 3753 5630 ubi

233 5605 646 5693 ignorantiam.
680 5605 855 5693 Aliter
887 5609 1139 5693 sensisse
1171 5611 1704 5693 videturltthanas.
1734 5615 1936 5693 lib._:_te
2024 5609 2159 5693 alia
2214 5605 2509 5693 proferunt
2652 5610 2958 5693 {Athanasii
3004 5605 3336 5693 testimonia
3371 5605 3461 5669 νει
3524 5605 3614 5684 ep.
3679 5619 3750 5670 ad

235 5676 464 5752 Incsrn.
498 5680 700 5732 contra
732 5676 932 5752 Arian.
965 5694 1020 5733 n.
1053 5680 1133 5752 7v:
1165 5681 1303 5752 Cum
1339 5681 1469 5736 dicit
1508 5683 1570 5737 de
1603 5685 1788 5740 ultimo
1826 5685 1931 5752 die,
2046 5676 2242 5751 Serap.
2277 5687 2333 5739 et
2363 5699 2428 5739 ex
2460 5688 2603 5739 orat.
2641 5684 2670 5737 4
2703 5687 2902 5738 contra
2933 5683 3130 5739 Arion.

236 5750 448 5823 inquit,
481 5763 637 5804 nemo
683 5751 848 5817 novit,
882 5764 1054 5821 neque
1081 5749 1261 5806 Filius
1412 5755 1708 5810 secundum
1740 5749 1934 5812 humaé
2111 5749 2337 5830 (b)Vide
2369 5754 2554 5811 Natal.
2591 5756 2869 5812 Alexand.
2906 5755 3116 5812 saeculo
3153 5773 3230 5826 VI,
3276 5771 3399 5829 cap.
3445 5757 3495 5828 4,
3541 5761 3650 5813 art.
3695 5758 3748 5816 3.
