  <div class='ocr_page' id='page_1' title='image "/cluster/home/n/w/nwhite01/storage/ocr_20150623/75/hvd.32044054758800/222.png"; bbox 0 0 4086 6166; ppageno 0'>
   <div class='ocr_carea' id='block_1_1' title="bbox 232 249 3766 329">
    <p class='ocr_par' dir='ltr' id='par_1_1' title="bbox 232 249 3766 329">
     <span class='ocr_line' id='line_1_1' title="bbox 232 249 3766 329; baseline 0.001 -6"><span class='ocrx_word' id='word_1_1' title='bbox 232 265 351 325; x_wconf 75' lang='grc'><strong>433</strong></span> <span class='ocrx_word' id='word_1_2' title='bbox 648 265 711 325; x_wconf 92' lang='lat' dir='ltr'><strong>S.</strong></span> <span class='ocrx_word' id='word_1_3' title='bbox 762 259 1141 325; x_wconf 76' lang='lat' dir='ltr'><strong>GREGORII</strong></span> <span class='ocrx_word' id='word_1_4' title='bbox 1192 259 1448 321; x_wconf 84' lang='lat' dir='ltr'><strong>MAGNI</strong></span> <span class='ocrx_word' id='word_1_5' title='bbox 1495 259 1701 329; x_wconf 82' lang='lat' dir='ltr'><strong>VITA,</strong></span> <span class='ocrx_word' id='word_1_6' title='bbox 1751 253 1853 316; x_wconf 83' lang='lat' dir='ltr'><strong>EX</strong></span> <span class='ocrx_word' id='word_1_7' title='bbox 1897 249 2080 316; x_wconf 85' lang='lat' dir='ltr'><strong>EJUS</strong></span> <span class='ocrx_word' id='word_1_8' title='bbox 2127 257 2478 322; x_wconf 83' lang='lat' dir='ltr'><strong>SCRIPTIS</strong></span> <span class='ocrx_word' id='word_1_9' title='bbox 2526 257 2971 323; x_wconf 80' lang='lat' dir='ltr'><strong>ADOHNATA.</strong></span> <span class='ocrx_word' id='word_1_10' title='bbox 3020 260 3169 321; x_wconf 86' lang='lat' dir='ltr'><strong>LIB.</strong></span> <span class='ocrx_word' id='word_1_11' title='bbox 3218 264 3319 324; x_wconf 89' lang='lat' dir='ltr'><strong>IV.</strong></span> <span class='ocrx_word' id='word_1_12' title='bbox 3646 265 3766 327; x_wconf 68' lang='grc'><strong>434</strong></span> 
     </span>
    </p>
   </div>
   <div class='ocr_carea' id='block_1_2' title="bbox 225 390 3770 470">
    <p class='ocr_par' dir='ltr' id='par_1_2' title="bbox 225 390 3770 470">
     <span class='ocr_line' id='line_1_2' title="bbox 225 390 3770 470; baseline 0.001 -18"><span class='ocrx_word' id='word_1_13' title='bbox 225 399 437 470; x_wconf 78' lang='lat' dir='ltr'><strong>ginari,</strong></span> <span class='ocrx_word' id='word_1_14' title='bbox 472 400 618 454; x_wconf 81' lang='lat' dir='ltr'><strong>beati</strong></span> <span class='ocrx_word' id='word_1_15' title='bbox 657 397 952 469; x_wconf 70' lang='lat' dir='ltr'><strong>Augustini</strong></span> <span class='ocrx_word' id='word_1_16' title='bbox 978 396 1233 470; x_wconf 73' lang='lat' dir='ltr'><strong>patriotae</strong></span> <span class='ocrx_word' id='word_1_17' title='bbox 1263 396 1428 452; x_wconf 78' lang='lat' dir='ltr'><strong>vestri</strong></span> <span class='ocrx_word' id='word_1_18' title='bbox 1456 394 1714 466; x_wconf 85' lang='lat' dir='ltr'><strong>opuscula</strong></span> <span class='ocrx_word' id='word_1_19' title='bbox 1755 390 1937 462; x_wconf 79' lang='lat' dir='ltr'><strong>legite,</strong></span> <span class='ocrx_word' id='word_1_20' title='bbox 1969 395 2026 460; x_wconf 87' lang='grc' dir='ltr'><strong>Α</strong></span> <span class='ocrx_word' id='word_1_21' title='bbox 2057 390 2182 447; x_wconf 87' lang='lat' dir='ltr'><strong>sule</strong></span> <span class='ocrx_word' id='word_1_22' title='bbox 2214 393 2450 451; x_wconf 84' lang='lat' dir='ltr'><strong>sisteret</strong></span> <span class='ocrx_word' id='word_1_23' title='bbox 2473 396 2886 466; x_wconf 89' lang='lat' dir='ltr'><strong>judicandum.</strong></span> <span class='ocrx_word' id='word_1_24' title='bbox 2915 397 2974 452; x_wconf 87' lang='lat' dir='ltr'><strong>S.</strong></span> <span class='ocrx_word' id='word_1_25' title='bbox 3015 396 3328 467; x_wconf 82' lang='lat' dir='ltr'><strong>Gregorius</strong></span> <span class='ocrx_word' id='word_1_26' title='bbox 3375 397 3564 454; x_wconf 89' lang='lat' dir='ltr'><strong>eidem</strong></span> <span class='ocrx_word' id='word_1_27' title='bbox 3614 400 3770 456; x_wconf 82' lang='lat' dir='ltr'><strong>Scri-</strong></span> 
     </span>
    </p>
   </div>
   <div class='ocr_carea' id='block_1_3' title="bbox 227 480 3762 561">
    <p class='ocr_par' dir='ltr' id='par_1_3' title="bbox 227 480 3762 561">
     <span class='ocr_line' id='line_1_3' title="bbox 227 480 3762 561; baseline 0 -17"><span class='ocrx_word' id='word_1_28' title='bbox 227 495 285 544; x_wconf 87' lang='lat' dir='ltr'><strong>et</strong></span> <span class='ocrx_word' id='word_1_29' title='bbox 315 490 390 543; x_wconf 89' lang='lat' dir='ltr'><strong>ad</strong></span> <span class='ocrx_word' id='word_1_30' title='bbox 420 489 886 561; x_wconf 74' lang='lat' dir='ltr'><strong>comparationem</strong></span> <span class='ocrx_word' id='word_1_31' title='bbox 916 488 1166 559; x_wconf 73' lang='lat' dir='ltr'><strong>siliginis</strong></span> <span class='ocrx_word' id='word_1_32' title='bbox 1199 486 1356 542; x_wconf 83' lang='lat' dir='ltr'><strong>illius</strong></span> <span class='ocrx_word' id='word_1_33' title='bbox 1377 489 1628 541; x_wconf 86' lang='lat' dir='ltr'><strong>nostrum</strong></span> <span class='ocrx_word' id='word_1_34' title='bbox 1666 485 1946 553; x_wconf 77' lang='lat' dir='ltr'><strong>furfurem</strong></span> <span class='ocrx_word' id='word_1_35' title='bbox 2055 480 2192 536; x_wconf 91' lang='lat' dir='ltr'><strong>boni</strong></span> <span class='ocrx_word' id='word_1_36' title='bbox 2245 482 2599 554; x_wconf 84' lang='lat' dir='ltr'><strong>signiﬁcavit</strong></span> <span class='ocrx_word' id='word_1_37' title='bbox 2627 502 2801 541; x_wconf 75' lang='lat' dir='ltr'><strong>morae</strong></span> <span class='ocrx_word' id='word_1_38' title='bbox 2842 502 2907 541; x_wconf 87' lang='lat' dir='ltr'><strong>ac</strong></span> <span class='ocrx_word' id='word_1_39' title='bbox 2941 485 3490 556; x_wconf 87' lang='lat' dir='ltr'><strong>procrastinationis</strong></span> <span class='ocrx_word' id='word_1_40' title='bbox 3521 503 3762 545; x_wconf 84' lang='lat' dir='ltr'><strong>causam</strong></span> 
     </span>
    </p>
   </div>
   <div class='ocr_carea' id='block_1_4' title="bbox 226 570 3763 651">
    <p class='ocr_par' dir='ltr' id='par_1_4' title="bbox 226 570 3763 651">
     <span class='ocr_line' id='line_1_4' title="bbox 226 570 3763 651; baseline 0.001 -20"><span class='ocrx_word' id='word_1_41' title='bbox 226 594 336 634; x_wconf 82' lang='lat' dir='ltr'><strong>non</strong></span> <span class='ocrx_word' id='word_1_42' title='bbox 367 583 633 650; x_wconf 76' lang='lat' dir='ltr'><strong>quaeratis</strong></span> <span class='ocrx_word' id='word_1_43' title='bbox 667 580 806 651; x_wconf 84' lang='lat' dir='ltr'><strong>(Lib.</strong></span> <span class='ocrx_word' id='word_1_44' title='bbox 840 597 895 648; x_wconf 90' lang='lat' dir='ltr'><strong>x,</strong></span> <span class='ocrx_word' id='word_1_45' title='bbox 928 596 1010 650; x_wconf 88' lang='lat' dir='ltr'><strong>ep.</strong></span> <span class='ocrx_word' id='word_1_46' title='bbox 1053 580 1162 648; x_wconf 85' lang='lat'><strong>3‘7).</strong></span> <span class='ocrx_word' id='word_1_47' title='bbox 2055 570 2239 627; x_wconf 89' lang='lat' dir='ltr'><strong>fuisse</strong></span> <span class='ocrx_word' id='word_1_48' title='bbox 2261 588 2493 643; x_wconf 83' lang='lat' dir='ltr'><strong>gravem</strong></span> <span class='ocrx_word' id='word_1_49' title='bbox 2526 575 2953 643; x_wconf 79' lang='lat' dir='ltr'><strong>infirmitatem,</strong></span> <span class='ocrx_word' id='word_1_50' title='bbox 2989 591 3107 631; x_wconf 88' lang='lat' dir='ltr'><strong>non</strong></span> <span class='ocrx_word' id='word_1_51' title='bbox 3138 574 3481 633; x_wconf 80' lang='lat' dir='ltr'><strong>dilationem</strong></span> <span class='ocrx_word' id='word_1_52' title='bbox 3532 586 3763 649; x_wconf 88' lang='lat' dir='ltr'><strong>sponta-</strong></span> 
     </span>
    </p>
   </div>
   <div class='ocr_carea' id='block_1_5' title="bbox 303 663 3767 742">
    <p class='ocr_par' dir='ltr' id='par_1_5' title="bbox 303 663 3767 742">
     <span class='ocr_line' id='line_1_5' title="bbox 303 663 3767 742; baseline 0 -19"><span class='ocrx_word' id='word_1_53' title='bbox 303 671 352 723; x_wconf 81' lang='grc'><strong>4.</strong></span> <span class='ocrx_word' id='word_1_54' title='bbox 391 675 468 724; x_wconf 85' lang='lat' dir='ltr'><strong>Ex</strong></span> <span class='ocrx_word' id='word_1_55' title='bbox 501 672 699 726; x_wconf 88' lang='lat' dir='ltr'><strong>eadem</strong></span> <span class='ocrx_word' id='word_1_56' title='bbox 735 670 979 742; x_wconf 84' lang='lat' dir='ltr'><strong>epistola</strong></span> <span class='ocrx_word' id='word_1_57' title='bbox 1010 667 1426 739; x_wconf 70' lang='lat' dir='ltr'><strong>intelligimuS,</strong></span> <span class='ocrx_word' id='word_1_58' title='bbox 1465 667 1660 720; x_wconf 81' lang='lat' dir='ltr'><strong>Romae</strong></span> <span class='ocrx_word' id='word_1_59' title='bbox 1711 667 1950 721; x_wconf 81' lang='lat' dir='ltr'><strong>nuntia-</strong></span> <span class='ocrx_word' id='word_1_60' title='bbox 2057 675 2249 715; x_wconf 89' lang='lat' dir='ltr'><strong>neam.</strong></span> <span class='ocrx_word' id='word_1_61' title='bbox 2285 663 2430 727; x_wconf 88' lang='lat' dir='ltr'><strong>Quid</strong></span> <span class='ocrx_word' id='word_1_62' title='bbox 2461 664 2529 719; x_wconf 91' lang='lat' dir='ltr'><strong>de</strong></span> <span class='ocrx_word' id='word_1_63' title='bbox 2553 663 2651 719; x_wconf 91' lang='lat' dir='ltr'><strong>illo</strong></span> <span class='ocrx_word' id='word_1_64' title='bbox 2675 664 3010 734; x_wconf 90' lang='lat' dir='ltr'><strong>judicatum</strong></span> <span class='ocrx_word' id='word_1_65' title='bbox 3036 663 3112 719; x_wconf 87' lang='lat' dir='ltr'><strong>sit</strong></span> <span class='ocrx_word' id='word_1_66' title='bbox 3142 666 3378 735; x_wconf 83' lang='lat' dir='ltr'><strong>assequi</strong></span> <span class='ocrx_word' id='word_1_67' title='bbox 3412 680 3527 722; x_wconf 89' lang='lat' dir='ltr'><strong>non</strong></span> <span class='ocrx_word' id='word_1_68' title='bbox 3558 683 3767 738; x_wconf 88' lang='lat' dir='ltr'><strong>possu-</strong></span> 
     </span>
    </p>
   </div>
   <div class='ocr_carea' id='block_1_6' title="bbox 230 754 3766 831">
    <p class='ocr_par' dir='ltr' id='par_1_6' title="bbox 230 754 3766 831">
     <span class='ocr_line' id='line_1_6' title="bbox 230 754 3766 831; baseline 0.002 -27"><span class='ocrx_word' id='word_1_69' title='bbox 230 763 351 814; x_wconf 69' lang='lat' dir='ltr'><strong>tam</strong></span> <span class='ocrx_word' id='word_1_70' title='bbox 395 760 579 814; x_wconf 76' lang='lat' dir='ltr'><strong>fuisse</strong></span> <span class='ocrx_word' id='word_1_71' title='bbox 611 760 766 831; x_wconf 65' lang='lat' dir='ltr'><strong>regis</strong></span> <span class='ocrx_word' id='word_1_72' title='bbox 799 758 1316 830; x_wconf 69' lang='lat' dir='ltr'><strong>Langobardorum</strong></span> <span class='ocrx_word' id='word_1_73' title='bbox 1367 762 1635 811; x_wconf 71' lang='lat' dir='ltr'><strong>mortem,</strong></span> <span class='ocrx_word' id='word_1_74' title='bbox 1674 756 1729 812; x_wconf 77' lang='lat' dir='ltr'><strong>1d</strong></span> <span class='ocrx_word' id='word_1_75' title='bbox 1763 756 1948 814; x_wconf 74' lang='lat' dir='ltr'><strong>incer-</strong></span> <span class='ocrx_word' id='word_1_76' title='bbox 2057 764 2211 806; x_wconf 89' lang='lat' dir='ltr'><strong>mus.</strong></span> <span class='ocrx_word' id='word_1_77' title='bbox 2246 755 2411 808; x_wconf 82' lang='lat' dir='ltr'><strong>Hunc</strong></span> <span class='ocrx_word' id='word_1_78' title='bbox 2442 760 2638 809; x_wconf 89' lang='lat' dir='ltr'><strong>tamen</strong></span> <span class='ocrx_word' id='word_1_79' title='bbox 2669 755 3075 827; x_wconf 67' lang='lat' dir='ltr'><strong>exprmfectum</strong></span> <span class='ocrx_word' id='word_1_80' title='bbox 3110 771 3143 810; x_wconf 89' lang='lat' dir='ltr'><strong>a</strong></span> <span class='ocrx_word' id='word_1_81' title='bbox 3175 754 3427 826; x_wconf 90' lang='lat' dir='ltr'><strong>pristino</strong></span> <span class='ocrx_word' id='word_1_82' title='bbox 3461 759 3616 812; x_wconf 88' lang='lat' dir='ltr'><strong>statu</strong></span> <span class='ocrx_word' id='word_1_83' title='bbox 3650 773 3766 813; x_wconf 88' lang='lat' dir='ltr'><strong>non</strong></span> 
     </span>
    </p>
   </div>
   <div class='ocr_carea' id='block_1_7' title="bbox 234 841 3770 919">
    <p class='ocr_par' dir='ltr' id='par_1_7' title="bbox 234 841 3770 919">
     <span class='ocr_line' id='line_1_7' title="bbox 234 841 3770 919; baseline -0.001 -15"><span class='ocrx_word' id='word_1_84' title='bbox 234 854 360 904; x_wconf 87' lang='lat' dir='ltr'><strong>tum</strong></span> <span class='ocrx_word' id='word_1_85' title='bbox 395 864 524 904; x_wconf 90' lang='lat' dir='ltr'><strong>esse</strong></span> <span class='ocrx_word' id='word_1_86' title='bbox 554 849 762 904; x_wconf 85' lang='lat' dir='ltr'><strong>scribit</strong></span> <span class='ocrx_word' id='word_1_87' title='bbox 783 847 1116 919; x_wconf 79' lang='lat' dir='ltr'><strong>Gregorius,</strong></span> <span class='ocrx_word' id='word_1_88' title='bbox 1150 847 1301 917; x_wconf 88' lang='lat' dir='ltr'><strong>quod</strong></span> <span class='ocrx_word' id='word_1_89' title='bbox 1339 852 1537 918; x_wconf 86' lang='lat' dir='ltr'><strong>postea</strong></span> <span class='ocrx_word' id='word_1_90' title='bbox 1560 847 1766 902; x_wconf 83' lang='lat' dir='ltr'><strong>falsum</strong></span> <span class='ocrx_word' id='word_1_91' title='bbox 1793 864 1948 903; x_wconf 84' lang='lat' dir='ltr'><strong>com-</strong></span> <span class='ocrx_word' id='word_1_92' title='bbox 2057 841 2362 910; x_wconf 81' lang='lat' dir='ltr'><strong>excidisse,</strong></span> <span class='ocrx_word' id='word_1_93' title='bbox 2395 843 2513 899; x_wconf 89' lang='lat' dir='ltr'><strong>sive</strong></span> <span class='ocrx_word' id='word_1_94' title='bbox 2543 843 2734 914; x_wconf 87' lang='lat' dir='ltr'><strong>quoad</strong></span> <span class='ocrx_word' id='word_1_95' title='bbox 2770 843 3042 912; x_wconf 82' lang='lat' dir='ltr'><strong>honores,</strong></span> <span class='ocrx_word' id='word_1_96' title='bbox 3069 843 3190 899; x_wconf 87' lang='lat' dir='ltr'><strong>sive</strong></span> <span class='ocrx_word' id='word_1_97' title='bbox 3222 848 3514 914; x_wconf 88' lang='lat' dir='ltr'><strong>quantum</strong></span> <span class='ocrx_word' id='word_1_98' title='bbox 3545 845 3612 901; x_wconf 89' lang='lat' dir='ltr'><strong>ad</strong></span> <span class='ocrx_word' id='word_1_99' title='bbox 3657 847 3770 902; x_wconf 84' lang='lat' dir='ltr'><strong>for-</strong></span> 
     </span>
    </p>
   </div>
   <div class='ocr_carea' id='block_1_8' title="bbox 231 931 3763 1011">
    <p class='ocr_par' dir='ltr' id='par_1_8' title="bbox 231 931 3763 1011">
     <span class='ocr_line' id='line_1_8' title="bbox 231 931 3763 1011; baseline 0.001 -26"><span class='ocrx_word' id='word_1_100' title='bbox 231 940 402 1011; x_wconf 77' lang='lat' dir='ltr'><strong>perit,</strong></span> <span class='ocrx_word' id='word_1_101' title='bbox 438 941 564 994; x_wconf 86' lang='lat' dir='ltr'><strong>Imo</strong></span> <span class='ocrx_word' id='word_1_102' title='bbox 584 954 688 1010; x_wconf 75' lang='lat' dir='ltr'><strong>pro</strong></span> <span class='ocrx_word' id='word_1_103' title='bbox 721 937 884 993; x_wconf 81' lang='lat' dir='ltr'><strong>luctu</strong></span> <span class='ocrx_word' id='word_1_104' title='bbox 916 938 986 992; x_wconf 86' lang='lat' dir='ltr'><strong>de</strong></span> <span class='ocrx_word' id='word_1_105' title='bbox 1010 941 1195 992; x_wconf 75' lang='lat' dir='ltr'><strong>morte</strong></span> <span class='ocrx_word' id='word_1_106' title='bbox 1220 937 1521 1008; x_wconf 63' lang='lat' dir='ltr'><strong>principis,</strong></span> <span class='ocrx_word' id='word_1_107' title='bbox 1553 939 1805 993; x_wconf 76' lang='lat' dir='ltr'><strong>maxima</strong></span> <span class='ocrx_word' id='word_1_108' title='bbox 1839 939 1948 994; x_wconf 72' lang='lat' dir='ltr'><strong>fuit</strong></span> <span class='ocrx_word' id='word_1_109' title='bbox 2056 931 2252 997; x_wconf 88' lang='lat' dir='ltr'><strong>tunas,</strong></span> <span class='ocrx_word' id='word_1_110' title='bbox 2305 932 2591 1002; x_wconf 78' lang='lat' dir='ltr'><strong>conjicere</strong></span> <span class='ocrx_word' id='word_1_111' title='bbox 2620 932 2755 988; x_wconf 86' lang='lat' dir='ltr'><strong>licet</strong></span> <span class='ocrx_word' id='word_1_112' title='bbox 2786 949 2854 988; x_wconf 91' lang='lat' dir='ltr'><strong>ex</strong></span> <span class='ocrx_word' id='word_1_113' title='bbox 2896 931 3141 1003; x_wconf 85' lang='lat' dir='ltr'><strong>epistola</strong></span> <span class='ocrx_word' id='word_1_114' title='bbox 3171 931 3404 988; x_wconf 89' lang='lat' dir='ltr'><strong>duobus</strong></span> <span class='ocrx_word' id='word_1_115' title='bbox 3428 938 3559 1004; x_wconf 74' lang='lat' dir='ltr'><strong>pOlt</strong></span> <span class='ocrx_word' id='word_1_116' title='bbox 3589 935 3763 991; x_wconf 89' lang='lat' dir='ltr'><strong>annis</strong></span> 
     </span>
    </p>
   </div>
   <div class='ocr_carea' id='block_1_9' title="bbox 232 1020 3103 1098">
    <p class='ocr_par' dir='ltr' id='par_1_9' title="bbox 232 1020 3103 1098">
     <span class='ocr_line' id='line_1_9' title="bbox 232 1020 3103 1098; baseline 0 -18"><span class='ocrx_word' id='word_1_117' title='bbox 232 1027 292 1081; x_wconf 87' lang='lat' dir='ltr'><strong>in</strong></span> <span class='ocrx_word' id='word_1_118' title='bbox 339 1029 462 1082; x_wconf 84' lang='lat' dir='ltr'><strong>tota</strong></span> <span class='ocrx_word' id='word_1_119' title='bbox 494 1029 666 1098; x_wconf 88' lang='lat' dir='ltr'><strong>gente</strong></span> <span class='ocrx_word' id='word_1_120' title='bbox 721 1023 921 1080; x_wconf 66' lang='lat' dir='ltr'><strong>laetitia</strong></span> <span class='ocrx_word' id='word_1_121' title='bbox 950 1025 1018 1080; x_wconf 91' lang='lat' dir='ltr'><strong>de</strong></span> <span class='ocrx_word' id='word_1_122' title='bbox 1051 1029 1183 1080; x_wconf 88' lang='lat' dir='ltr'><strong>nato</strong></span> <span class='ocrx_word' id='word_1_123' title='bbox 1215 1025 1322 1095; x_wconf 90' lang='lat' dir='ltr'><strong>ipsi</strong></span> <span class='ocrx_word' id='word_1_124' title='bbox 1373 1025 1495 1081; x_wconf 83' lang='lat' dir='ltr'><strong>ﬁlio</strong></span> <span class='ocrx_word' id='word_1_125' title='bbox 1527 1026 1762 1082; x_wconf 89' lang='lat' dir='ltr'><strong>nomine</strong></span> <span class='ocrx_word' id='word_1_126' title='bbox 1798 1027 1946 1082; x_wconf 82' lang='lat' dir='ltr'><strong>Ada-</strong></span> <span class='ocrx_word' id='word_1_127' title='bbox 2057 1020 2128 1073; x_wconf 74' lang='lat' dir='ltr'><strong>ad</strong></span> <span class='ocrx_word' id='word_1_128' title='bbox 2161 1036 2296 1075; x_wconf 78' lang='lat' dir='ltr'><strong>eum</strong></span> <span class='ocrx_word' id='word_1_129' title='bbox 2321 1023 2534 1094; x_wconf 77' lang='lat' dir='ltr'><strong>Scripta</strong></span> <span class='ocrx_word' id='word_1_130' title='bbox 2567 1024 2701 1093; x_wconf 83' lang='lat' dir='ltr'><strong>(Lib.</strong></span> <span class='ocrx_word' id='word_1_131' title='bbox 2735 1039 2835 1091; x_wconf 83' lang='lat' dir='ltr'><strong>xu,</strong></span> <span class='ocrx_word' id='word_1_132' title='bbox 2869 1039 2956 1094; x_wconf 79' lang='lat' dir='ltr'><strong>ep.</strong></span> <span class='ocrx_word' id='word_1_133' title='bbox 2989 1024 3103 1093; x_wconf 88' lang='grc'><strong>22).</strong></span> 
     </span>
    </p>
   </div>
   <div class='ocr_carea' id='block_1_10' title="bbox 230 1113 1948 1187">
    <p class='ocr_par' dir='ltr' id='par_1_10' title="bbox 230 1113 1948 1187">
     <span class='ocr_line' id='line_1_10' title="bbox 230 1113 1948 1187; baseline 0.001 -18"><span class='ocrx_word' id='word_1_134' title='bbox 230 1114 451 1171; x_wconf 88' lang='lat' dir='ltr'><strong>loaldo.</strong></span> <span class='ocrx_word' id='word_1_135' title='bbox 483 1117 693 1171; x_wconf 86' lang='lat' dir='ltr'><strong>Editus</strong></span> <span class='ocrx_word' id='word_1_136' title='bbox 743 1119 832 1171; x_wconf 91' lang='lat' dir='ltr'><strong>est</strong></span> <span class='ocrx_word' id='word_1_137' title='bbox 887 1114 947 1169; x_wconf 88' lang='lat' dir='ltr'><strong>in</strong></span> <span class='ocrx_word' id='word_1_138' title='bbox 989 1114 1174 1170; x_wconf 87' lang='lat' dir='ltr'><strong>lucem</strong></span> <span class='ocrx_word' id='word_1_139' title='bbox 1235 1113 1498 1170; x_wconf 72' lang='lat' dir='ltr'><strong>Modicias</strong></span> <span class='ocrx_word' id='word_1_140' title='bbox 1531 1133 1645 1171; x_wconf 90' lang='lat' dir='ltr'><strong>non</strong></span> <span class='ocrx_word' id='word_1_141' title='bbox 1683 1115 1884 1187; x_wconf 88' lang='lat' dir='ltr'><strong>procul</strong></span> <span class='ocrx_word' id='word_1_142' title='bbox 1916 1133 1948 1170; x_wconf 86' lang='lat' dir='ltr'><strong>a</strong></span> 
     </span>
    </p>
   </div>
   <div class='ocr_carea' id='block_1_11' title="bbox 229 1204 1942 1276">
    <p class='ocr_par' dir='ltr' id='par_1_11' title="bbox 229 1204 1942 1276">
     <span class='ocr_line' id='line_1_11' title="bbox 229 1204 1942 1276; baseline -0.002 -15"><span class='ocrx_word' id='word_1_143' title='bbox 229 1205 590 1269; x_wconf 88' lang='lat' dir='ltr'><strong>Mediolano,</strong></span> <span class='ocrx_word' id='word_1_144' title='bbox 653 1204 752 1276; x_wconf 90' lang='lat' dir='ltr'><strong>qui</strong></span> <span class='ocrx_word' id='word_1_145' title='bbox 783 1204 944 1260; x_wconf 90' lang='lat' dir='ltr'><strong>locus</strong></span> <span class='ocrx_word' id='word_1_146' title='bbox 993 1204 1402 1260; x_wconf 77' lang='lat' dir='ltr'><strong>Theodelindae</strong></span> <span class='ocrx_word' id='word_1_147' title='bbox 1459 1205 1671 1276; x_wconf 79' lang='lat' dir='ltr'><strong>reginas</strong></span> <span class='ocrx_word' id='word_1_148' title='bbox 1710 1205 1942 1261; x_wconf 90' lang='lat' dir='ltr'><strong>charus.</strong></span> 
     </span>
    </p>
   </div>
   <div class='ocr_carea' id='block_1_12' title="bbox 228 1294 1946 1366">
    <p class='ocr_par' dir='ltr' id='par_1_12' title="bbox 228 1294 1946 1366">
     <span class='ocr_line' id='line_1_12' title="bbox 228 1294 1946 1366; baseline 0 -16"><span class='ocrx_word' id='word_1_149' title='bbox 228 1295 311 1350; x_wconf 90' lang='lat' dir='ltr'><strong>Ibi</strong></span> <span class='ocrx_word' id='word_1_150' title='bbox 354 1296 516 1350; x_wconf 90' lang='lat' dir='ltr'><strong>enim</strong></span> <span class='ocrx_word' id='word_1_151' title='bbox 549 1295 852 1352; x_wconf 85' lang='lat' dir='ltr'><strong>basilicam</strong></span> <span class='ocrx_word' id='word_1_152' title='bbox 884 1295 937 1348; x_wconf 94' lang='lat' dir='ltr'><strong>S.</strong></span> <span class='ocrx_word' id='word_1_153' title='bbox 972 1294 1218 1349; x_wconf 80' lang='lat' dir='ltr'><strong>Joannis</strong></span> <span class='ocrx_word' id='word_1_154' title='bbox 1252 1294 1522 1364; x_wconf 69' lang='lat' dir='ltr'><strong>Baptista:</strong></span> <span class='ocrx_word' id='word_1_155' title='bbox 1548 1295 1725 1349; x_wconf 87' lang='lat' dir='ltr'><strong>totius</strong></span> <span class='ocrx_word' id='word_1_156' title='bbox 1757 1297 1946 1366; x_wconf 90' lang='lat' dir='ltr'><strong>gentis</strong></span> 
     </span>
    </p>
   </div>
   <div class='ocr_carea' id='block_1_13' title="bbox 223 1383 1947 1455">
    <p class='ocr_par' dir='ltr' id='par_1_13' title="bbox 223 1383 1947 1455">
     <span class='ocr_line' id='line_1_13' title="bbox 223 1383 1947 1455; baseline 0.001 -17"><span class='ocrx_word' id='word_1_157' title='bbox 223 1385 456 1455; x_wconf 86' lang='lat' dir='ltr'><strong>patroni</strong></span> <span class='ocrx_word' id='word_1_158' title='bbox 491 1384 815 1452; x_wconf 60' lang='lat' dir='ltr'><strong>aediﬁcavit,</strong></span> <span class='ocrx_word' id='word_1_159' title='bbox 842 1383 1202 1440; x_wconf 82' lang='lat' dir='ltr'><strong>ornamentis</strong></span> <span class='ocrx_word' id='word_1_160' title='bbox 1232 1384 1357 1438; x_wconf 88' lang='lat' dir='ltr'><strong>auri</strong></span> <span class='ocrx_word' id='word_1_161' title='bbox 1389 1391 1440 1438; x_wconf 90' lang='lat' dir='ltr'><strong>et</strong></span> <span class='ocrx_word' id='word_1_162' title='bbox 1472 1385 1695 1455; x_wconf 88' lang='lat' dir='ltr'><strong>argenti</strong></span> <span class='ocrx_word' id='word_1_163' title='bbox 1715 1385 1947 1440; x_wconf 89' lang='lat' dir='ltr'><strong>decora-</strong></span> 
     </span>
    </p>
   </div>
   <div class='ocr_carea' id='block_1_14' title="bbox 219 1472 1954 1545">
    <p class='ocr_par' dir='ltr' id='par_1_14' title="bbox 219 1472 1954 1545">
     <span class='ocr_line' id='line_1_14' title="bbox 219 1472 1954 1545; baseline 0.002 -18"><span class='ocrx_word' id='word_1_164' title='bbox 219 1475 324 1541; x_wconf 86' lang='lat' dir='ltr'><strong>vit,</strong></span> <span class='ocrx_word' id='word_1_165' title='bbox 361 1482 415 1529; x_wconf 90' lang='lat' dir='ltr'><strong>et</strong></span> <span class='ocrx_word' id='word_1_166' title='bbox 465 1473 850 1545; x_wconf 87' lang='lat' dir='ltr'><strong>amplissimis</strong></span> <span class='ocrx_word' id='word_1_167' title='bbox 892 1472 1097 1528; x_wconf 84' lang='lat' dir='ltr'><strong>ditavit</strong></span> <span class='ocrx_word' id='word_1_168' title='bbox 1148 1473 1401 1543; x_wconf 69' lang='lat' dir='ltr'><strong>praediis.</strong></span> <span class='ocrx_word' id='word_1_169' title='bbox 1436 1474 1585 1529; x_wconf 87' lang='lat' dir='ltr'><strong>Olim</strong></span> <span class='ocrx_word' id='word_1_170' title='bbox 1622 1474 1728 1528; x_wconf 88' lang='lat' dir='ltr'><strong>hac</strong></span> <span class='ocrx_word' id='word_1_171' title='bbox 1759 1474 1815 1528; x_wconf 89' lang='lat' dir='ltr'><strong>in</strong></span> <span class='ocrx_word' id='word_1_172' title='bbox 1853 1477 1954 1530; x_wconf 83' lang='lat' dir='ltr'><strong>Eo-</strong></span> 
     </span>
    </p>
   </div>
   <div class='ocr_carea' id='block_1_15' title="bbox 221 1563 3764 1660">
    <p class='ocr_par' dir='ltr' id='par_1_15' title="bbox 221 1563 3764 1660">
     <span class='ocr_line' id='line_1_15' title="bbox 221 1563 3764 1660; baseline 0.003 -26"><span class='ocrx_word' id='word_1_173' title='bbox 221 1563 798 1660; x_wconf 32' lang='lat' dir='ltr'><strong>{lesla‘queuadhuc</strong></span> <span class='ocrx_word' id='word_1_174' title='bbox 826 1567 960 1631; x_wconf 58' lang='lat' dir='ltr'><strong>Stat:</strong></span> <span class='ocrx_word' id='word_1_175' title='bbox 1005 1565 1947 1660; x_wconf 34' lang='lat' dir='ltr'><strong>minisil‘awnifnonﬂhi3993‘</strong></span> <span class='ocrx_word' id='word_1_176' title='bbox 2057 1584 2185 1639; x_wconf 83' lang='lat' dir='ltr'><strong>mias</strong></span> <span class='ocrx_word' id='word_1_177' title='bbox 2235 1563 2584 1654; x_wconf 79' lang='lat' dir='ltr'><strong>severitatis,</strong></span> <span class='ocrx_word' id='word_1_178' title='bbox 2652 1589 2814 1643; x_wconf 89' lang='lat' dir='ltr'><strong>misit</strong></span> <span class='ocrx_word' id='word_1_179' title='bbox 2878 1591 2946 1645; x_wconf 91' lang='lat' dir='ltr'><strong>ad</strong></span> <span class='ocrx_word' id='word_1_180' title='bbox 3041 1563 3384 1659; x_wconf 84' lang='lat' dir='ltr'><strong>Gregorium</strong></span> <span class='ocrx_word' id='word_1_181' title='bbox 3471 1589 3764 1660; x_wconf 83' lang='lat' dir='ltr'><strong>exemplar</strong></span> 
     </span>
    </p>
   </div>
   <div class='ocr_carea' id='block_1_16' title="bbox 220 1653 3760 1751">
    <p class='ocr_par' dir='ltr' id='par_1_16' title="bbox 220 1653 3760 1751">
     <span class='ocr_line' id='line_1_16' title="bbox 220 1653 3760 1751; baseline 0.002 -26"><span class='ocrx_word' id='word_1_182' title='bbox 220 1654 454 1751; x_wconf 61' lang='grc' dir='ltr'><strong>ἀίίξῒίιξί·</strong></span> <span class='ocrx_word' id='word_1_183' title='bbox 491 1655 712 1751; x_wconf 34' lang='lat' dir='ltr'><strong>&quot;licia?</strong></span> <span class='ocrx_word' id='word_1_184' title='bbox 772 1657 1053 1751; x_wconf 53' lang='lat' dir='ltr'><strong>efmtl‘um</strong></span> <span class='ocrx_word' id='word_1_185' title='bbox 1096 1657 1250 1751; x_wconf 58' lang='grc' dir='ltr'><strong>ῖθκῑει</strong></span> <span class='ocrx_word' id='word_1_186' title='bbox 1282 1655 1682 1751; x_wconf 62' lang='grc' dir='ltr'><strong>ωυηίβεθξιίία</strong></span> <span class='ocrx_word' id='word_1_187' title='bbox 1722 1653 1948 1751; x_wconf 44' lang='lat' dir='ltr'><strong>celebre</strong></span> <span class='ocrx_word' id='word_1_188' title='bbox 2055 1675 2358 1744; x_wconf 88' lang='lat' dir='ltr'><strong>cujusdam</strong></span> <span class='ocrx_word' id='word_1_189' title='bbox 2418 1653 2704 1735; x_wconf 84' lang='lat' dir='ltr'><strong>cautionis</strong></span> <span class='ocrx_word' id='word_1_190' title='bbox 2754 1678 2926 1751; x_wconf 88' lang='lat' dir='ltr'><strong>plane</strong></span> <span class='ocrx_word' id='word_1_191' title='bbox 2982 1653 3355 1746; x_wconf 63' lang='lat' dir='ltr'><strong>exsecrabilis,</strong></span> <span class='ocrx_word' id='word_1_192' title='bbox 3406 1695 3534 1749; x_wconf 67' lang='lat' dir='ltr'><strong>qua</strong></span> <span class='ocrx_word' id='word_1_193' title='bbox 3584 1653 3760 1733; x_wconf 82' lang='lat' dir='ltr'><strong>ﬁdem</strong></span> 
     </span>
    </p>
   </div>
   <div class='ocr_carea' id='block_1_17' title="bbox 223 1743 3763 1842">
    <p class='ocr_par' dir='ltr' id='par_1_17' title="bbox 223 1743 3763 1842">
     <span class='ocr_line' id='line_1_17' title="bbox 223 1743 3763 1842; baseline 0.001 -23"><span class='ocrx_word' id='word_1_194' title='bbox 223 1743 538 1842; x_wconf 51' lang='grc' dir='ltr'><strong>Ρξξεξίυφν</strong></span> <span class='ocrx_word' id='word_1_195' title='bbox 558 1744 909 1842; x_wconf 49' lang='grc' dir='ltr'><strong>υδίξξεῖρίοξδ</strong></span> <span class='ocrx_word' id='word_1_196' title='bbox 941 1745 1232 1842; x_wconf 46' lang='lat' dir='ltr'><strong>illam?“</strong></span> <span class='ocrx_word' id='word_1_197' title='bbox 1253 1744 1761 1842; x_wconf 59' lang='grc' dir='ltr'><strong>[ιαῘξβοδδτάοῐύω</strong></span> <span class='ocrx_word' id='word_1_198' title='bbox 1783 1749 1947 1842; x_wconf 59' lang='grc' dir='ltr'><strong>ϐεξξᾶ</strong></span> <span class='ocrx_word' id='word_1_199' title='bbox 1976 1770 2022 1835; x_wconf 85' lang='grc' dir='ltr'><strong>Β</strong></span> <span class='ocrx_word' id='word_1_200' title='bbox 2055 1743 2305 1822; x_wconf 80' lang='lat' dir='ltr'><strong>faciebat</strong></span> <span class='ocrx_word' id='word_1_201' title='bbox 2351 1784 2524 1838; x_wconf 86' lang='lat' dir='ltr'><strong>quam</strong></span> <span class='ocrx_word' id='word_1_202' title='bbox 2558 1743 2827 1840; x_wconf 71' lang='lat' dir='ltr'><strong>perversa</strong></span> <span class='ocrx_word' id='word_1_203' title='bbox 2850 1773 3043 1824; x_wconf 89' lang='lat' dir='ltr'><strong>mente</strong></span> <span class='ocrx_word' id='word_1_204' title='bbox 3073 1769 3145 1823; x_wconf 90' lang='lat' dir='ltr'><strong>ad</strong></span> <span class='ocrx_word' id='word_1_205' title='bbox 3178 1743 3532 1839; x_wconf 73' lang='lat' dir='ltr'><strong>praefecturis</strong></span> <span class='ocrx_word' id='word_1_206' title='bbox 3572 1767 3763 1839; x_wconf 85' lang='lat' dir='ltr'><strong>digni-</strong></span> 
     </span>
    </p>
   </div>
   <div class='ocr_carea' id='block_1_18' title="bbox 224 1833 3763 1928">
    <p class='ocr_par' dir='ltr' id='par_1_18' title="bbox 224 1833 3763 1928">
     <span class='ocr_line' id='line_1_18' title="bbox 224 1833 3763 1928; baseline 0.003 -23"><span class='ocrx_word' id='word_1_207' title='bbox 224 1833 768 1928; x_wconf 46' lang='lat' dir='ltr'><strong>fidepgntyrglcf;</strong></span> <span class='ocrx_word' id='word_1_208' title='bbox 836 1836 878 1889; x_wconf 83' lang='grc' dir='ltr'><em>Ρ</em></span> <span class='ocrx_word' id='word_1_209' title='bbox 884 1838 998 1928; x_wconf 56' lang='grc' dir='ltr'><strong>ξῖαζ-</strong></span> <span class='ocrx_word' id='word_1_210' title='bbox 1071 1836 1252 1928; x_wconf 55' lang='grc' dir='ltr'><strong>υξᾳξον</strong></span> <span class='ocrx_word' id='word_1_211' title='bbox 1316 1833 1418 1928; x_wconf 43' lang='grc' dir='ltr'><strong>ζῷς</strong></span> <span class='ocrx_word' id='word_1_212' title='bbox 1450 1926 1456 1928; x_wconf 14' lang='grc' dir='ltr'><strong>Α</strong></span> <span class='ocrx_word' id='word_1_213' title='bbox 1486 1851 1559 1898; x_wconf 73' lang='grc' dir='ltr'><strong>ιν»</strong></span> <span class='ocrx_word' id='word_1_214' title='bbox 1627 1849 1786 1905; x_wconf 79' lang='grc' dir='ltr'><em>εαΡΡ·</em></span> <span class='ocrx_word' id='word_1_215' title='bbox 1853 1835 1940 1899; x_wconf 69' lang='grc' dir='ltr'><strong>2²ν</strong></span> <span class='ocrx_word' id='word_1_216' title='bbox 1979 1833 2012 1835; x_wconf 31' lang='grc' dir='ltr'><em>Ῠ</em></span> <span class='ocrx_word' id='word_1_217' title='bbox 2052 1858 2226 1911; x_wconf 85' lang='lat' dir='ltr'><strong>tatem</strong></span> <span class='ocrx_word' id='word_1_218' title='bbox 2262 1833 3583 1928; x_wconf 46' lang='lat' dir='ltr'><strong>Libertinusaccessisset.Tacite-exprobranti</strong></span> <span class='ocrx_word' id='word_1_219' title='bbox 3607 1833 3763 1928; x_wconf 64' lang='lat' dir='ltr'><strong>quod</strong></span> 
     </span>
    </p>
   </div>
   <div class='ocr_carea' id='block_1_19' title="bbox 225 1922 1906 2018">
    <p class='ocr_par' dir='ltr' id='par_1_19' title="bbox 225 1922 1475 1996">
     <span class='ocr_line' id='line_1_19' title="bbox 225 1922 1475 1996; baseline 0.002 -21"><span class='ocrx_word' id='word_1_220' title='bbox 225 1922 316 1978; x_wconf 88' lang='lat'><strong>23.</strong></span> <span class='ocrx_word' id='word_1_221' title='bbox 351 1922 424 1976; x_wconf 77' lang='grc'><strong>26</strong></span> <span class='ocrx_word' id='word_1_222' title='bbox 444 1938 456 1988; x_wconf 89' lang='lat'><strong>;</strong></span> <span class='ocrx_word' id='word_1_223' title='bbox 478 1923 688 1992; x_wconf 82' lang='lat' dir='ltr'><strong>Mabil.,</strong></span> <span class='ocrx_word' id='word_1_224' title='bbox 711 1925 844 1981; x_wconf 75' lang='lat' dir='ltr'><strong>llus.</strong></span> <span class='ocrx_word' id='word_1_225' title='bbox 877 1925 998 1980; x_wconf 83' lang='lat' dir='ltr'><strong>Ital.</strong></span> <span class='ocrx_word' id='word_1_226' title='bbox 1024 1942 1080 1996; x_wconf 90' lang='lat' dir='ltr'><strong>p.</strong></span> <span class='ocrx_word' id='word_1_227' title='bbox 1112 1925 1217 1978; x_wconf 84' lang='grc'><strong>212</strong></span> <span class='ocrx_word' id='word_1_228' title='bbox 1238 1933 1289 1979; x_wconf 83' lang='lat' dir='ltr'><strong>et</strong></span> <span class='ocrx_word' id='word_1_229' title='bbox 1315 1923 1475 1991; x_wconf 83' lang='grc'><strong>213.)</strong></span> 
     </span>
    </p>
   </div>
   <div class='ocr_carea' id='block_1_20' title="bbox 2099 1922 3764 2018">
    <p class='ocr_par' dir='ltr' id='par_1_20' title="bbox 2099 1945 3764 2018">
     <span class='ocr_line' id='line_1_20' title="bbox 2099 1945 3764 2018; baseline 0.001 -18"><span class='ocrx_word' id='word_1_230' title='bbox 2099 1945 2524 2004; x_wconf 79' lang='lat' dir='ltr'><strong>:elestissimum</strong></span> <span class='ocrx_word' id='word_1_231' title='bbox 2579 1949 2874 2005; x_wconf 89' lang='lat' dir='ltr'><strong>hominem</strong></span> <span class='ocrx_word' id='word_1_232' title='bbox 2941 1948 3405 2004; x_wconf 75' lang='lat' dir='ltr'><strong>commendasset</strong></span> <span class='ocrx_word' id='word_1_233' title='bbox 3460 1948 3764 2018; x_wconf 87' lang='lat' dir='ltr'><strong>respondit</strong></span> 
     </span>
    </p>
   </div>
   <div class='ocr_carea' id='block_1_21' title="bbox 301 2011 3762 2110">
    <p class='ocr_par' dir='ltr' id='par_1_21' title="bbox 301 2011 3762 2110">
     <span class='ocr_line' id='line_1_21' title="bbox 301 2011 3762 2110; baseline 0.001 -20"><span class='ocrx_word' id='word_1_234' title='bbox 301 2012 574 2110; x_wconf 34' lang='lat' dir='ltr'><strong>F0933“</strong></span> <span class='ocrx_word' id='word_1_235' title='bbox 628 2030 744 2110; x_wconf 57' lang='grc' dir='ltr'><strong>ηοξ</strong></span> <span class='ocrx_word' id='word_1_236' title='bbox 780 2013 888 2110; x_wconf 37' lang='lat' dir='ltr'><strong>“fit</strong></span> <span class='ocrx_word' id='word_1_237' title='bbox 917 2013 1333 2110; x_wconf 55' lang='lat' dir='ltr'><strong>ijuc‘mde</strong></span> <span class='ocrx_word' id='word_1_238' title='bbox 1401 2013 1598 2068; x_wconf 69' lang='grc' dir='ltr'><strong>Ῑθθίοτί</strong></span> <span class='ocrx_word' id='word_1_239' title='bbox 1657 2013 1765 2110; x_wconf 54' lang='grc' dir='ltr'><strong>ηοξκ</strong></span> <span class='ocrx_word' id='word_1_240' title='bbox 1815 2011 1938 2067; x_wconf 63' lang='lat' dir='ltr'><strong>loco</strong></span> <span class='ocrx_word' id='word_1_241' title='bbox 2048 2034 2220 2108; x_wconf 86' lang='lat' dir='ltr'><strong>Papa,</strong></span> <span class='ocrx_word' id='word_1_242' title='bbox 2253 2053 2315 2092; x_wconf 90' lang='lat' dir='ltr'><strong>se</strong></span> <span class='ocrx_word' id='word_1_243' title='bbox 2345 2039 2416 2092; x_wconf 87' lang='lat' dir='ltr'><strong>de</strong></span> <span class='ocrx_word' id='word_1_244' title='bbox 2438 2039 2671 2094; x_wconf 88' lang='lat' dir='ltr'><strong>nemine</strong></span> <span class='ocrx_word' id='word_1_245' title='bbox 2701 2055 2963 2110; x_wconf 85' lang='lat' dir='ltr'><strong>unquam</strong></span> <span class='ocrx_word' id='word_1_246' title='bbox 2997 2038 3071 2094; x_wconf 90' lang='lat' dir='ltr'><strong>ad</strong></span> <span class='ocrx_word' id='word_1_247' title='bbox 3098 2039 3290 2110; x_wconf 89' lang='lat' dir='ltr'><strong>ipsum</strong></span> <span class='ocrx_word' id='word_1_248' title='bbox 3317 2011 3620 2108; x_wconf 65' lang='lat' dir='ltr'><strong>scripsisse</strong></span> <span class='ocrx_word' id='word_1_249' title='bbox 3645 2037 3762 2093; x_wconf 88' lang='lat' dir='ltr'><strong>nisi</strong></span> 
     </span>
    </p>
   </div>
   <div class='ocr_carea' id='block_1_22' title="bbox 2126 1135 3763 1210">
    <p class='ocr_par' dir='ltr' id='par_1_22' title="bbox 2126 1135 3763 1210">
     <span class='ocr_line' id='line_1_22' title="bbox 2126 1135 3763 1210; baseline 0.004 -21"><span class='ocrx_word' id='word_1_250' title='bbox 2126 1135 2178 1189; x_wconf 91' lang='lat'><strong>6.</strong></span> <span class='ocrx_word' id='word_1_251' title='bbox 2215 1137 2568 1200; x_wconf 79' lang='lat' dir='ltr'><strong>Libertinos.</strong></span> <span class='ocrx_word' id='word_1_252' title='bbox 2601 1140 2894 1210; x_wconf 89' lang='lat' dir='ltr'><strong>quondam</strong></span> <span class='ocrx_word' id='word_1_253' title='bbox 2927 1137 3136 1194; x_wconf 68' lang='lat' dir='ltr'><strong>Siciliae</strong></span> <span class='ocrx_word' id='word_1_254' title='bbox 3168 1139 3497 1210; x_wconf 65' lang='lat' dir='ltr'><strong>praefectus,</strong></span> <span class='ocrx_word' id='word_1_255' title='bbox 3529 1140 3588 1194; x_wconf 93' lang='lat' dir='ltr'><strong>S.</strong></span> <span class='ocrx_word' id='word_1_256' title='bbox 3622 1143 3763 1195; x_wconf 90' lang='lat' dir='ltr'><strong>Gre-</strong></span> 
     </span>
    </p>
   </div>
   <div class='ocr_carea' id='block_1_23' title="bbox 2056 1225 3757 1300">
    <p class='ocr_par' dir='ltr' id='par_1_23' title="bbox 2056 1225 3757 1300">
     <span class='ocr_line' id='line_1_23' title="bbox 2056 1225 3757 1300; baseline 0.004 -23"><span class='ocrx_word' id='word_1_257' title='bbox 2056 1225 2203 1294; x_wconf 87' lang='lat' dir='ltr'><strong>gorii</strong></span> <span class='ocrx_word' id='word_1_258' title='bbox 2239 1226 2562 1295; x_wconf 85' lang='lat' dir='ltr'><strong>familiaris,</strong></span> <span class='ocrx_word' id='word_1_259' title='bbox 2590 1227 2759 1300; x_wconf 85' lang='lat' dir='ltr'><strong>longe</strong></span> <span class='ocrx_word' id='word_1_260' title='bbox 2789 1229 2991 1284; x_wconf 88' lang='lat' dir='ltr'><strong>durius</strong></span> <span class='ocrx_word' id='word_1_261' title='bbox 3039 1228 3279 1293; x_wconf 75' lang='lat' dir='ltr'><strong>habitus</strong></span> <span class='ocrx_word' id='word_1_262' title='bbox 3300 1232 3407 1283; x_wconf 88' lang='lat' dir='ltr'><strong>est.</strong></span> <span class='ocrx_word' id='word_1_263' title='bbox 3440 1229 3757 1300; x_wconf 81' lang='lat' dir='ltr'><strong>Rogaverat</strong></span> 
     </span>
    </p>
   </div>
   <div class='ocr_carea' id='block_1_24' title="bbox 2056 1316 3764 1390">
    <p class='ocr_par' dir='ltr' id='par_1_24' title="bbox 2056 1316 3764 1390">
     <span class='ocr_line' id='line_1_24' title="bbox 2056 1316 3764 1390; baseline 0.004 -22"><span class='ocrx_word' id='word_1_264' title='bbox 2056 1316 2424 1373; x_wconf 88' lang='lat' dir='ltr'><strong>exconsulem</strong></span> <span class='ocrx_word' id='word_1_265' title='bbox 2475 1319 2605 1390; x_wconf 86' lang='lat' dir='ltr'><strong>pius</strong></span> <span class='ocrx_word' id='word_1_266' title='bbox 2645 1320 2904 1375; x_wconf 82' lang='lat' dir='ltr'><strong>Pontifex</strong></span> <span class='ocrx_word' id='word_1_267' title='bbox 2936 1323 2998 1375; x_wconf 90' lang='lat' dir='ltr'><strong>ut</strong></span> <span class='ocrx_word' id='word_1_268' title='bbox 3040 1319 3296 1374; x_wconf 89' lang='lat' dir='ltr'><strong>amicum</strong></span> <span class='ocrx_word' id='word_1_269' title='bbox 3331 1318 3568 1374; x_wconf 89' lang='lat' dir='ltr'><strong>haberet</strong></span> <span class='ocrx_word' id='word_1_270' title='bbox 3608 1335 3764 1374; x_wconf 37' lang='lat' dir='ltr'><strong>coms</strong></span> 
     </span>
    </p>
   </div>
   <div class='ocr_carea' id='block_1_25' title="bbox 2057 1406 3758 1481">
    <p class='ocr_par' dir='ltr' id='par_1_25' title="bbox 2057 1406 3758 1481">
     <span class='ocr_line' id='line_1_25' title="bbox 2057 1406 3758 1481; baseline 0.004 -23"><span class='ocrx_word' id='word_1_271' title='bbox 2057 1406 2426 1474; x_wconf 87' lang='lat' dir='ltr'><strong>mendatum;</strong></span> <span class='ocrx_word' id='word_1_272' title='bbox 2457 1412 2514 1464; x_wconf 90' lang='lat' dir='ltr'><strong>et</strong></span> <span class='ocrx_word' id='word_1_273' title='bbox 2545 1411 2615 1466; x_wconf 88' lang='lat' dir='ltr'><strong>de</strong></span> <span class='ocrx_word' id='word_1_274' title='bbox 2645 1409 2771 1480; x_wconf 89' lang='lat' dir='ltr'><strong>ipso</strong></span> <span class='ocrx_word' id='word_1_275' title='bbox 2804 1411 2871 1465; x_wconf 88' lang='lat' dir='ltr'><strong>ad</strong></span> <span class='ocrx_word' id='word_1_276' title='bbox 2895 1409 3181 1481; x_wconf 90' lang='lat' dir='ltr'><strong>plurimos</strong></span> <span class='ocrx_word' id='word_1_277' title='bbox 3208 1408 3354 1464; x_wconf 90' lang='lat' dir='ltr'><strong>alios</strong></span> <span class='ocrx_word' id='word_1_278' title='bbox 3385 1409 3588 1464; x_wconf 91' lang='lat' dir='ltr'><strong>eodem</strong></span> <span class='ocrx_word' id='word_1_279' title='bbox 3619 1425 3758 1464; x_wconf 91' lang='lat' dir='ltr'><strong>con-</strong></span> 
     </span>
    </p>
   </div>
   <div class='ocr_carea' id='block_1_26' title="bbox 2055 1491 3767 1565">
    <p class='ocr_par' dir='ltr' id='par_1_26' title="bbox 2055 1491 3767 1565">
     <span class='ocr_line' id='line_1_26' title="bbox 2055 1491 3767 1565; baseline 0.003 -18"><span class='ocrx_word' id='word_1_280' title='bbox 2055 1491 2186 1548; x_wconf 88' lang='lat' dir='ltr'><strong>silio</strong></span> <span class='ocrx_word' id='word_1_281' title='bbox 2214 1494 2543 1565; x_wconf 85' lang='lat' dir='ltr'><strong>scripserat.</strong></span> <span class='ocrx_word' id='word_1_282' title='bbox 2573 1497 2683 1553; x_wconf 88' lang='lat' dir='ltr'><strong>Sed</strong></span> <span class='ocrx_word' id='word_1_283' title='bbox 2717 1497 2987 1554; x_wconf 84' lang='lat' dir='ltr'><strong>Leontius</strong></span> <span class='ocrx_word' id='word_1_284' title='bbox 3030 1495 3330 1565; x_wconf 87' lang='lat' dir='ltr'><strong>exconsul,</strong></span> <span class='ocrx_word' id='word_1_285' title='bbox 3381 1496 3466 1550; x_wconf 89' lang='lat' dir='ltr'><strong>vir</strong></span> <span class='ocrx_word' id='word_1_286' title='bbox 3497 1512 3639 1552; x_wconf 88' lang='lat' dir='ltr'><strong>sane</strong></span> <span class='ocrx_word' id='word_1_287' title='bbox 3667 1497 3767 1552; x_wconf 90' lang='lat' dir='ltr'><strong>ni-</strong></span> 
     </span>
    </p>
   </div>
   <div class='ocr_carea' id='block_1_27' title="bbox 227 2102 1941 2174">
    <p class='ocr_par' dir='ltr' id='par_1_27' title="bbox 227 2102 1941 2174">
     <span class='ocr_line' id='line_1_27' title="bbox 227 2102 1941 2174; baseline 0 -18"><span class='ocrx_word' id='word_1_288' title='bbox 227 2102 560 2157; x_wconf 89' lang='lat' dir='ltr'><strong>describere</strong></span> <span class='ocrx_word' id='word_1_289' title='bbox 589 2119 657 2157; x_wconf 82' lang='lat' dir='ltr'><strong>ex</strong></span> <span class='ocrx_word' id='word_1_290' title='bbox 707 2103 884 2158; x_wconf 90' lang='lat' dir='ltr'><strong>Paulo</strong></span> <span class='ocrx_word' id='word_1_291' title='bbox 916 2103 1171 2159; x_wconf 89' lang='lat' dir='ltr'><strong>Diacono</strong></span> <span class='ocrx_word' id='word_1_292' title='bbox 1205 2104 1337 2174; x_wconf 88' lang='lat' dir='ltr'><strong>quis</strong></span> <span class='ocrx_word' id='word_1_293' title='bbox 1370 2110 1506 2157; x_wconf 91' lang='lat' dir='ltr'><strong>tunc</strong></span> <span class='ocrx_word' id='word_1_294' title='bbox 1537 2107 1691 2158; x_wconf 86' lang='lat' dir='ltr'><strong>esset</strong></span> <span class='ocrx_word' id='word_1_295' title='bbox 1727 2102 1941 2172; x_wconf 86' lang='lat' dir='ltr'><strong>Lango-</strong></span> 
     </span>
    </p>
   </div>
   <div class='ocr_carea' id='block_1_28' title="bbox 229 2189 1939 2263">
    <p class='ocr_par' dir='ltr' id='par_1_28' title="bbox 229 2189 1939 2263">
     <span class='ocr_line' id='line_1_28' title="bbox 229 2189 1939 2263; baseline 0.002 -20"><span class='ocrx_word' id='word_1_296' title='bbox 229 2189 555 2246; x_wconf 89' lang='lat' dir='ltr'><strong>bardorum</strong></span> <span class='ocrx_word' id='word_1_297' title='bbox 589 2191 805 2263; x_wconf 88' lang='lat' dir='ltr'><strong>cultus,</strong></span> <span class='ocrx_word' id='word_1_298' title='bbox 837 2209 960 2262; x_wconf 70' lang='lat' dir='ltr'><strong>qum</strong></span> <span class='ocrx_word' id='word_1_299' title='bbox 991 2197 1280 2259; x_wconf 89' lang='lat' dir='ltr'><strong>vestes,ut</strong></span> <span class='ocrx_word' id='word_1_300' title='bbox 1296 2209 1364 2248; x_wconf 89' lang='lat' dir='ltr'><strong>ex</strong></span> <span class='ocrx_word' id='word_1_301' title='bbox 1395 2192 1705 2248; x_wconf 90' lang='lat' dir='ltr'><strong>Modiciani</strong></span> <span class='ocrx_word' id='word_1_302' title='bbox 1741 2192 1939 2262; x_wconf 86' lang='lat' dir='ltr'><strong>palatii</strong></span> 
     </span>
    </p>
   </div>
   <div class='ocr_carea' id='block_1_29' title="bbox 227 2280 1935 2352">
    <p class='ocr_par' dir='ltr' id='par_1_29' title="bbox 227 2280 1935 2352">
     <span class='ocr_line' id='line_1_29' title="bbox 227 2280 1935 2352; baseline 0.001 -18"><span class='ocrx_word' id='word_1_303' title='bbox 227 2280 409 2350; x_wconf 86' lang='lat' dir='ltr'><strong>pictis</strong></span> <span class='ocrx_word' id='word_1_304' title='bbox 436 2280 664 2336; x_wconf 90' lang='lat' dir='ltr'><strong>tabellis</strong></span> <span class='ocrx_word' id='word_1_305' title='bbox 707 2282 1269 2352; x_wconf 89' lang='lat' dir='ltr'><strong>deprehendebatur.</strong></span> <span class='ocrx_word' id='word_1_306' title='bbox 1319 2283 1607 2339; x_wconf 86' lang='lat' dir='ltr'><strong>Cervicem</strong></span> <span class='ocrx_word' id='word_1_307' title='bbox 1668 2283 1935 2336; x_wconf 88' lang='lat' dir='ltr'><strong>radentes</strong></span> 
     </span>
    </p>
   </div>
   <div class='ocr_carea' id='block_1_30' title="bbox 223 2370 1933 2444">
    <p class='ocr_par' dir='ltr' id='par_1_30' title="bbox 223 2370 1933 2444">
     <span class='ocr_line' id='line_1_30' title="bbox 223 2370 1933 2444; baseline 0.001 -20"><span class='ocrx_word' id='word_1_308' title='bbox 223 2370 536 2424; x_wconf 86' lang='lat' dir='ltr'><strong>nudabant</strong></span> <span class='ocrx_word' id='word_1_309' title='bbox 569 2387 754 2442; x_wconf 89' lang='lat' dir='ltr'><strong>usque</strong></span> <span class='ocrx_word' id='word_1_310' title='bbox 785 2372 855 2426; x_wconf 88' lang='lat' dir='ltr'><strong>ad</strong></span> <span class='ocrx_word' id='word_1_311' title='bbox 880 2372 1143 2442; x_wconf 90' lang='lat' dir='ltr'><strong>occiput;</strong></span> <span class='ocrx_word' id='word_1_312' title='bbox 1178 2371 1417 2444; x_wconf 87' lang='lat' dir='ltr'><strong>capillos</strong></span> <span class='ocrx_word' id='word_1_313' title='bbox 1437 2389 1467 2426; x_wconf 90' lang='lat' dir='ltr'><strong>a</strong></span> <span class='ocrx_word' id='word_1_314' title='bbox 1486 2372 1630 2427; x_wconf 90' lang='lat' dir='ltr'><strong>facie</strong></span> <span class='ocrx_word' id='word_1_315' title='bbox 1654 2387 1838 2442; x_wconf 89' lang='lat' dir='ltr'><strong>usque</strong></span> <span class='ocrx_word' id='word_1_316' title='bbox 1862 2371 1933 2425; x_wconf 89' lang='lat' dir='ltr'><strong>ad</strong></span> 
     </span>
    </p>
   </div>
   <div class='ocr_carea' id='block_1_31' title="bbox 225 2459 1934 2532">
    <p class='ocr_par' dir='ltr' id='par_1_31' title="bbox 225 2459 1934 2532">
     <span class='ocr_line' id='line_1_31' title="bbox 225 2459 1934 2532; baseline 0.001 -20"><span class='ocrx_word' id='word_1_317' title='bbox 225 2475 292 2513; x_wconf 89' lang='lat' dir='ltr'><strong>os</strong></span> <span class='ocrx_word' id='word_1_318' title='bbox 323 2459 614 2515; x_wconf 78' lang='lat' dir='ltr'><strong>demissos</strong></span> <span class='ocrx_word' id='word_1_319' title='bbox 644 2460 943 2531; x_wconf 83' lang='lat' dir='ltr'><strong>habentes,</strong></span> <span class='ocrx_word' id='word_1_320' title='bbox 968 2478 1112 2532; x_wconf 88' lang='lat' dir='ltr'><strong>quos</strong></span> <span class='ocrx_word' id='word_1_321' title='bbox 1136 2462 1193 2517; x_wconf 91' lang='lat' dir='ltr'><strong>in</strong></span> <span class='ocrx_word' id='word_1_322' title='bbox 1227 2467 1537 2532; x_wconf 87' lang='lat' dir='ltr'><strong>utramque</strong></span> <span class='ocrx_word' id='word_1_323' title='bbox 1572 2462 1776 2515; x_wconf 81' lang='lat' dir='ltr'><strong>frontis</strong></span> <span class='ocrx_word' id='word_1_324' title='bbox 1808 2476 1934 2531; x_wconf 87' lang='lat' dir='ltr'><strong>par-</strong></span> 
     </span>
    </p>
   </div>
   <div class='ocr_carea' id='block_1_32' title="bbox 221 2549 1930 2618">
    <p class='ocr_par' dir='ltr' id='par_1_32' title="bbox 221 2549 1930 2618">
     <span class='ocr_line' id='line_1_32' title="bbox 221 2549 1930 2618; baseline 0.004 -18"><span class='ocrx_word' id='word_1_325' title='bbox 221 2553 337 2601; x_wconf 88' lang='lat' dir='ltr'><strong>tem</strong></span> <span class='ocrx_word' id='word_1_326' title='bbox 381 2549 892 2606; x_wconf 88' lang='lat' dir='ltr'><strong>discriminabant.</strong></span> <span class='ocrx_word' id='word_1_327' title='bbox 937 2552 1304 2607; x_wconf 79' lang='lat' dir='ltr'><strong>Vestimenta</strong></span> <span class='ocrx_word' id='word_1_328' title='bbox 1352 2567 1551 2606; x_wconf 89' lang='lat' dir='ltr'><strong>eorum</strong></span> <span class='ocrx_word' id='word_1_329' title='bbox 1590 2555 1749 2605; x_wconf 84' lang='lat' dir='ltr'><strong>erant</strong></span> <span class='ocrx_word' id='word_1_330' title='bbox 1779 2550 1930 2618; x_wconf 85' lang='lat' dir='ltr'><strong>laxa,</strong></span> 
     </span>
    </p>
   </div>
   <div class='ocr_carea' id='block_1_33' title="bbox 222 2637 1932 2707">
    <p class='ocr_par' dir='ltr' id='par_1_33' title="bbox 222 2637 1932 2707">
     <span class='ocr_line' id='line_1_33' title="bbox 222 2637 1932 2707; baseline 0.002 -16"><span class='ocrx_word' id='word_1_331' title='bbox 222 2645 282 2691; x_wconf 85' lang='lat' dir='ltr'><strong>et</strong></span> <span class='ocrx_word' id='word_1_332' title='bbox 312 2637 568 2694; x_wconf 82' lang='lat' dir='ltr'><strong>maxime</strong></span> <span class='ocrx_word' id='word_1_333' title='bbox 612 2639 784 2707; x_wconf 87' lang='lat' dir='ltr'><strong>linea,</strong></span> <span class='ocrx_word' id='word_1_334' title='bbox 818 2645 1022 2696; x_wconf 89' lang='lat' dir='ltr'><strong>ornata</strong></span> <span class='ocrx_word' id='word_1_335' title='bbox 1050 2641 1272 2696; x_wconf 88' lang='lat' dir='ltr'><strong>institis</strong></span> <span class='ocrx_word' id='word_1_336' title='bbox 1302 2640 1446 2695; x_wconf 86' lang='lat' dir='ltr'><strong>varii</strong></span> <span class='ocrx_word' id='word_1_337' title='bbox 1480 2639 1712 2694; x_wconf 88' lang='lat' dir='ltr'><strong>coloris.</strong></span> <span class='ocrx_word' id='word_1_338' title='bbox 1745 2639 1932 2695; x_wconf 91' lang='lat' dir='ltr'><strong>Calcei</strong></span> 
     </span>
    </p>
   </div>
   <div class='ocr_carea' id='block_1_34' title="bbox 223 2728 1933 2800">
    <p class='ocr_par' dir='ltr' id='par_1_34' title="bbox 223 2728 1933 2800">
     <span class='ocr_line' id='line_1_34' title="bbox 223 2728 1933 2800; baseline 0.003 -21"><span class='ocrx_word' id='word_1_339' title='bbox 223 2733 392 2780; x_wconf 85' lang='lat' dir='ltr'><strong>erant</strong></span> <span class='ocrx_word' id='word_1_340' title='bbox 441 2743 629 2798; x_wconf 89' lang='lat' dir='ltr'><strong>usque</strong></span> <span class='ocrx_word' id='word_1_341' title='bbox 697 2729 767 2783; x_wconf 92' lang='lat' dir='ltr'><strong>ad</strong></span> <span class='ocrx_word' id='word_1_342' title='bbox 819 2746 1115 2785; x_wconf 88' lang='lat' dir='ltr'><strong>summum</strong></span> <span class='ocrx_word' id='word_1_343' title='bbox 1167 2729 1433 2800; x_wconf 89' lang='lat' dir='ltr'><strong>pollicem</strong></span> <span class='ocrx_word' id='word_1_344' title='bbox 1469 2744 1614 2800; x_wconf 88' lang='lat' dir='ltr'><strong>pene</strong></span> <span class='ocrx_word' id='word_1_345' title='bbox 1651 2728 1933 2800; x_wconf 88' lang='lat' dir='ltr'><strong>aperti,et</strong></span> 
     </span>
    </p>
   </div>
   <div class='ocr_carea' id='block_1_35' title="bbox 224 2815 1929 2890">
    <p class='ocr_par' dir='ltr' id='par_1_35' title="bbox 224 2815 1929 2890">
     <span class='ocr_line' id='line_1_35' title="bbox 224 2815 1929 2890; baseline 0.004 -22"><span class='ocrx_word' id='word_1_346' title='bbox 224 2815 562 2871; x_wconf 85' lang='lat' dir='ltr'><strong>alternatim</strong></span> <span class='ocrx_word' id='word_1_347' title='bbox 605 2817 826 2888; x_wconf 86' lang='lat' dir='ltr'><strong>laqueis</strong></span> <span class='ocrx_word' id='word_1_348' title='bbox 884 2817 1264 2890; x_wconf 88' lang='lat' dir='ltr'><strong>corrigiarum</strong></span> <span class='ocrx_word' id='word_1_349' title='bbox 1325 2820 1553 2874; x_wconf 87' lang='lat' dir='ltr'><strong>retenti.</strong></span> <span class='ocrx_word' id='word_1_350' title='bbox 1577 2820 1784 2874; x_wconf 89' lang='lat' dir='ltr'><strong>Postea</strong></span> <span class='ocrx_word' id='word_1_351' title='bbox 1815 2833 1929 2874; x_wconf 67' lang='lat' dir='ltr'><strong>caa-</strong></span> 
     </span>
    </p>
   </div>
   <div class='ocr_carea' id='block_1_36' title="bbox 221 2897 1929 2981">
    <p class='ocr_par' dir='ltr' id='par_1_36' title="bbox 221 2897 1929 2981">
     <span class='ocr_line' id='line_1_36' title="bbox 221 2897 1929 2981; baseline 0.004 -23"><span class='ocrx_word' id='word_1_352' title='bbox 221 2897 439 2976; x_wconf 84' lang='lat' dir='ltr'><strong>perunt</strong></span> <span class='ocrx_word' id='word_1_353' title='bbox 464 2908 542 2976; x_wconf 91' lang='lat' dir='ltr'><strong>(a)</strong></span> <span class='ocrx_word' id='word_1_354' title='bbox 566 2907 725 2963; x_wconf 89' lang='lat' dir='ltr'><strong>hosis</strong></span> <span class='ocrx_word' id='word_1_355' title='bbox 760 2907 865 2977; x_wconf 89' lang='lat' dir='ltr'><strong>uti,</strong></span> <span class='ocrx_word' id='word_1_356' title='bbox 898 2925 1072 2978; x_wconf 89' lang='lat' dir='ltr'><strong>super</strong></span> <span class='ocrx_word' id='word_1_357' title='bbox 1102 2926 1248 2981; x_wconf 89' lang='lat' dir='ltr'><strong>quas</strong></span> <span class='ocrx_word' id='word_1_358' title='bbox 1280 2912 1606 2980; x_wconf 87' lang='lat' dir='ltr'><strong>equitantes</strong></span> <span class='ocrx_word' id='word_1_359' title='bbox 1638 2910 1929 2980; x_wconf 85' lang='lat' dir='ltr'><strong>subrugos</strong></span> 
     </span>
    </p>
   </div>
   <div class='ocr_carea' id='block_1_37' title="bbox 225 2993 1930 3056">
    <p class='ocr_par' dir='ltr' id='par_1_37' title="bbox 225 2993 1930 3056">
     <span class='ocr_line' id='line_1_37' title="bbox 225 2993 1930 3056; baseline 0.004 -7"><span class='ocrx_word' id='word_1_360' title='bbox 225 2993 447 3050; x_wconf 86' lang='lat' dir='ltr'><strong>birreos</strong></span> <span class='ocrx_word' id='word_1_361' title='bbox 481 2997 808 3052; x_wconf 87' lang='lat' dir='ltr'><strong>mittebant.</strong></span> <span class='ocrx_word' id='word_1_362' title='bbox 842 2999 945 3052; x_wconf 91' lang='lat' dir='ltr'><strong>Sed</strong></span> <span class='ocrx_word' id='word_1_363' title='bbox 981 2998 1100 3053; x_wconf 82' lang='lat' dir='ltr'><strong>haec</strong></span> <span class='ocrx_word' id='word_1_364' title='bbox 1123 3000 1191 3055; x_wconf 91' lang='lat' dir='ltr'><strong>de</strong></span> <span class='ocrx_word' id='word_1_365' title='bbox 1219 2999 1475 3055; x_wconf 82' lang='lat' dir='ltr'><strong>Romana</strong></span> <span class='ocrx_word' id='word_1_366' title='bbox 1506 3000 1930 3056; x_wconf 88' lang='lat' dir='ltr'><strong>consuetudine</strong></span> 
     </span>
    </p>
   </div>
   <div class='ocr_carea' id='block_1_38' title="bbox 226 3086 1200 3160">
    <p class='ocr_par' dir='ltr' id='par_1_38' title="bbox 226 3086 1200 3160">
     <span class='ocr_line' id='line_1_38' title="bbox 226 3086 1200 3160; baseline 0.007 -22"><span class='ocrx_word' id='word_1_367' title='bbox 226 3086 582 3158; x_wconf 88' lang='lat' dir='ltr'><strong>trahebant.)</strong></span> <span class='ocrx_word' id='word_1_368' title='bbox 619 3086 699 3155; x_wconf 81' lang='lat' dir='ltr'><strong>Cf.</strong></span> <span class='ocrx_word' id='word_1_369' title='bbox 736 3087 837 3143; x_wconf 85' lang='lat' dir='ltr'><strong>loc.</strong></span> <span class='ocrx_word' id='word_1_370' title='bbox 866 3105 989 3158; x_wconf 85' lang='lat' dir='ltr'><strong>sup.</strong></span> <span class='ocrx_word' id='word_1_371' title='bbox 1024 3089 1200 3160; x_wconf 86' lang='lat' dir='ltr'><strong>laud.)</strong></span> 
     </span>
    </p>
   </div>
   <div class='ocr_carea' id='block_1_39' title="bbox 296 3175 1927 3250">
    <p class='ocr_par' dir='ltr' id='par_1_39' title="bbox 296 3175 1927 3250">
     <span class='ocr_line' id='line_1_39' title="bbox 296 3175 1927 3250; baseline 0.005 -24"><span class='ocrx_word' id='word_1_372' title='bbox 296 3175 347 3229; x_wconf 85' lang='lat'><strong>5.</strong></span> <span class='ocrx_word' id='word_1_373' title='bbox 384 3175 626 3231; x_wconf 87' lang='lat' dir='ltr'><strong>Interim</strong></span> <span class='ocrx_word' id='word_1_374' title='bbox 662 3177 975 3233; x_wconf 83' lang='lat' dir='ltr'><strong>Mauricius</strong></span> <span class='ocrx_word' id='word_1_375' title='bbox 1024 3178 1338 3248; x_wconf 85' lang='lat' dir='ltr'><strong>imperator</strong></span> <span class='ocrx_word' id='word_1_376' title='bbox 1370 3178 1520 3246; x_wconf 88' lang='lat' dir='ltr'><strong>brevi</strong></span> <span class='ocrx_word' id='word_1_377' title='bbox 1556 3179 1713 3250; x_wconf 88' lang='lat' dir='ltr'><strong>pacis</strong></span> <span class='ocrx_word' id='word_1_378' title='bbox 1744 3181 1927 3237; x_wconf 85' lang='lat' dir='ltr'><strong>inter-</strong></span> 
     </span>
    </p>
   </div>
   <div class='ocr_carea' id='block_1_40' title="bbox 225 3263 1926 3341">
    <p class='ocr_par' dir='ltr' id='par_1_40' title="bbox 225 3263 1926 3341">
     <span class='ocr_line' id='line_1_40' title="bbox 225 3263 1926 3341; baseline 0.005 -24"><span class='ocrx_word' id='word_1_379' title='bbox 225 3263 374 3319; x_wconf 91' lang='lat' dir='ltr'><strong>vallo</strong></span> <span class='ocrx_word' id='word_1_380' title='bbox 409 3265 496 3321; x_wconf 88' lang='lat' dir='ltr'><strong>uti</strong></span> <span class='ocrx_word' id='word_1_381' title='bbox 526 3267 833 3322; x_wconf 87' lang='lat' dir='ltr'><strong>constituit</strong></span> <span class='ocrx_word' id='word_1_382' title='bbox 861 3268 932 3322; x_wconf 90' lang='lat' dir='ltr'><strong>ad</strong></span> <span class='ocrx_word' id='word_1_383' title='bbox 979 3267 1234 3323; x_wconf 86' lang='lat' dir='ltr'><strong>rationes</strong></span> <span class='ocrx_word' id='word_1_384' title='bbox 1266 3268 1576 3339; x_wconf 84' lang='lat' dir='ltr'><strong>exigendas</strong></span> <span class='ocrx_word' id='word_1_385' title='bbox 1609 3269 1679 3324; x_wconf 91' lang='lat' dir='ltr'><strong>ab</strong></span> <span class='ocrx_word' id='word_1_386' title='bbox 1709 3270 1779 3324; x_wconf 89' lang='lat' dir='ltr'><strong>iis</strong></span> <span class='ocrx_word' id='word_1_387' title='bbox 1828 3270 1926 3341; x_wconf 89' lang='lat' dir='ltr'><strong>qui</strong></span> 
     </span>
    </p>
   </div>
   <div class='ocr_carea' id='block_1_41' title="bbox 225 3356 1925 3430">
    <p class='ocr_par' dir='ltr' id='par_1_41' title="bbox 225 3356 1925 3430">
     <span class='ocr_line' id='line_1_41' title="bbox 225 3356 1925 3430; baseline 0.004 -21"><span class='ocrx_word' id='word_1_388' title='bbox 225 3356 502 3425; x_wconf 89' lang='lat' dir='ltr'><strong>pecunias</strong></span> <span class='ocrx_word' id='word_1_389' title='bbox 552 3356 815 3428; x_wconf 90' lang='lat' dir='ltr'><strong>publicas</strong></span> <span class='ocrx_word' id='word_1_390' title='bbox 880 3357 1303 3429; x_wconf 81' lang='lat' dir='ltr'><strong>dispensandae</strong></span> <span class='ocrx_word' id='word_1_391' title='bbox 1348 3363 1712 3430; x_wconf 83' lang='lat' dir='ltr'><strong>acceperant,</strong></span> <span class='ocrx_word' id='word_1_392' title='bbox 1744 3376 1810 3415; x_wconf 88' lang='lat' dir='ltr'><strong>ac</strong></span> <span class='ocrx_word' id='word_1_393' title='bbox 1866 3360 1925 3416; x_wconf 91' lang='lat' dir='ltr'><strong>in</strong></span> 
     </span>
    </p>
   </div>
   <div class='ocr_carea' id='block_1_42' title="bbox 216 3446 1922 3517">
    <p class='ocr_par' dir='ltr' id='par_1_42' title="bbox 216 3446 1922 3517">
     <span class='ocr_line' id='line_1_42' title="bbox 216 3446 1922 3517; baseline 0.003 -18"><span class='ocrx_word' id='word_1_394' title='bbox 216 3446 485 3517; x_wconf 88' lang='lat' dir='ltr'><strong>proprios</strong></span> <span class='ocrx_word' id='word_1_395' title='bbox 545 3446 896 3502; x_wconf 84' lang='lat' dir='ltr'><strong>convertisse</strong></span> <span class='ocrx_word' id='word_1_396' title='bbox 938 3463 1078 3503; x_wconf 87' lang='lat' dir='ltr'><strong>usus</strong></span> <span class='ocrx_word' id='word_1_397' title='bbox 1137 3448 1492 3503; x_wconf 85' lang='lat' dir='ltr'><strong>ferebantur.</strong></span> <span class='ocrx_word' id='word_1_398' title='bbox 1553 3449 1631 3504; x_wconf 89' lang='lat' dir='ltr'><strong>Eo</strong></span> <span class='ocrx_word' id='word_1_399' title='bbox 1679 3448 1922 3505; x_wconf 87' lang='lat' dir='ltr'><strong>consilio</strong></span> 
     </span>
    </p>
   </div>
   <div class='ocr_carea' id='block_1_43' title="bbox 205 3534 1918 3609">
    <p class='ocr_par' dir='ltr' id='par_1_43' title="bbox 205 3534 1918 3609">
     <span class='ocr_line' id='line_1_43' title="bbox 205 3534 1918 3609; baseline 0.004 -21"><span class='ocrx_word' id='word_1_400' title='bbox 205 3534 373 3590; x_wconf 72' lang='lat' dir='ltr'><strong>&#39;misit</strong></span> <span class='ocrx_word' id='word_1_401' title='bbox 407 3537 645 3591; x_wconf 78' lang='lat' dir='ltr'><strong>Romam</strong></span> <span class='ocrx_word' id='word_1_402' title='bbox 695 3536 998 3591; x_wconf 89' lang='lat' dir='ltr'><strong>Leontium</strong></span> <span class='ocrx_word' id='word_1_403' title='bbox 1048 3537 1441 3607; x_wconf 86' lang='lat' dir='ltr'><strong>exconsulem,</strong></span> <span class='ocrx_word' id='word_1_404' title='bbox 1475 3553 1649 3609; x_wconf 90' lang='lat' dir='ltr'><strong>quem</strong></span> <span class='ocrx_word' id='word_1_405' title='bbox 1688 3541 1743 3592; x_wconf 86' lang='lat'><strong>8.</strong></span> <span class='ocrx_word' id='word_1_406' title='bbox 1778 3539 1918 3594; x_wconf 86' lang='lat' dir='ltr'><strong>Gre-</strong></span> 
     </span>
    </p>
   </div>
   <div class='ocr_carea' id='block_1_44' title="bbox 215 3625 1918 3698">
    <p class='ocr_par' dir='ltr' id='par_1_44' title="bbox 215 3625 1918 3698">
     <span class='ocr_line' id='line_1_44' title="bbox 215 3625 1918 3698; baseline 0 -18"><span class='ocrx_word' id='word_1_407' title='bbox 215 3625 377 3696; x_wconf 89' lang='lat' dir='ltr'><strong>gorio</strong></span> <span class='ocrx_word' id='word_1_408' title='bbox 409 3625 836 3680; x_wconf 89' lang='lat' dir='ltr'><strong>commendavit</strong></span> <span class='ocrx_word' id='word_1_409' title='bbox 853 3625 1244 3695; x_wconf 88' lang='lat' dir='ltr'><strong>Domitianus,</strong></span> <span class='ocrx_word' id='word_1_410' title='bbox 1277 3626 1550 3683; x_wconf 76' lang='lat' dir='ltr'><strong>Melitinaa</strong></span> <span class='ocrx_word' id='word_1_411' title='bbox 1584 3626 1918 3698; x_wconf 90' lang='lat' dir='ltr'><strong>metropoli-</strong></span> 
     </span>
    </p>
   </div>
   <div class='ocr_carea' id='block_1_45' title="bbox 209 3713 1917 3787">
    <p class='ocr_par' dir='ltr' id='par_1_45' title="bbox 209 3713 1917 3787">
     <span class='ocr_line' id='line_1_45' title="bbox 209 3713 1917 3787; baseline 0.003 -20"><span class='ocrx_word' id='word_1_412' title='bbox 209 3717 406 3767; x_wconf 83' lang='lat' dir='ltr'><strong>tanus.</strong></span> <span class='ocrx_word' id='word_1_413' title='bbox 437 3713 709 3786; x_wconf 81' lang='lat' dir='ltr'><strong>Augusti,</strong></span> <span class='ocrx_word' id='word_1_414' title='bbox 745 3715 944 3784; x_wconf 87' lang='lat' dir='ltr'><strong>utjam</strong></span> <span class='ocrx_word' id='word_1_415' title='bbox 967 3714 1188 3770; x_wconf 90' lang='lat' dir='ltr'><strong>dictum</strong></span> <span class='ocrx_word' id='word_1_416' title='bbox 1222 3720 1332 3779; x_wconf 85' lang='lat' dir='ltr'><strong>est,</strong></span> <span class='ocrx_word' id='word_1_417' title='bbox 1355 3722 1669 3786; x_wconf 87' lang='lat' dir='ltr'><strong>cognatus;</strong></span> <span class='ocrx_word' id='word_1_418' title='bbox 1703 3731 1917 3787; x_wconf 88' lang='lat' dir='ltr'><strong>rogans</strong></span> 
     </span>
    </p>
   </div>
   <div class='ocr_carea' id='block_1_46' title="bbox 205 3802 1919 3876">
    <p class='ocr_par' dir='ltr' id='par_1_46' title="bbox 205 3802 1919 3876">
     <span class='ocr_line' id='line_1_46' title="bbox 205 3802 1919 3876; baseline 0.002 -19"><span class='ocrx_word' id='word_1_419' title='bbox 205 3802 447 3872; x_wconf 85' lang='lat' dir='ltr'><strong>insuper</strong></span> <span class='ocrx_word' id='word_1_420' title='bbox 480 3809 542 3858; x_wconf 89' lang='lat' dir='ltr'><strong>ut</strong></span> <span class='ocrx_word' id='word_1_421' title='bbox 570 3803 630 3858; x_wconf 90' lang='lat' dir='ltr'><strong>in</strong></span> <span class='ocrx_word' id='word_1_422' title='bbox 663 3803 736 3858; x_wconf 89' lang='lat' dir='ltr'><strong>iis</strong></span> <span class='ocrx_word' id='word_1_423' title='bbox 767 3820 892 3874; x_wconf 78' lang='lat' dir='ltr'><strong>quas</strong></span> <span class='ocrx_word' id='word_1_424' title='bbox 926 3807 978 3860; x_wconf 89' lang='lat' dir='ltr'><strong>ei</strong></span> <span class='ocrx_word' id='word_1_425' title='bbox 1009 3821 1109 3874; x_wconf 87' lang='lat' dir='ltr'><strong>pro</strong></span> <span class='ocrx_word' id='word_1_426' title='bbox 1145 3804 1378 3876; x_wconf 89' lang='lat' dir='ltr'><strong>publica</strong></span> <span class='ocrx_word' id='word_1_427' title='bbox 1401 3805 1646 3860; x_wconf 88' lang='lat' dir='ltr'><strong>utilitate</strong></span> <span class='ocrx_word' id='word_1_428' title='bbox 1673 3805 1919 3862; x_wconf 87' lang='lat' dir='ltr'><strong>serenis-</strong></span> 
     </span>
    </p>
   </div>
   <div class='ocr_carea' id='block_1_47' title="bbox 2046 2128 3755 2200">
    <p class='ocr_par' dir='ltr' id='par_1_47' title="bbox 2046 2128 3755 2200">
     <span class='ocr_line' id='line_1_47' title="bbox 2046 2128 3755 2200; baseline 0.001 -20"><span class='ocrx_word' id='word_1_429' title='bbox 2046 2129 2112 2180; x_wconf 90' lang='lat' dir='ltr'><strong>ut</strong></span> <span class='ocrx_word' id='word_1_430' title='bbox 2134 2128 2546 2198; x_wconf 87' lang='lat' dir='ltr'><strong>protectionem</strong></span> <span class='ocrx_word' id='word_1_431' title='bbox 2581 2147 2773 2196; x_wconf 89' lang='lat' dir='ltr'><strong>suam,</strong></span> <span class='ocrx_word' id='word_1_432' title='bbox 2807 2133 3021 2200; x_wconf 80' lang='lat' dir='ltr'><strong>favente</strong></span> <span class='ocrx_word' id='word_1_433' title='bbox 3041 2129 3287 2200; x_wconf 82' lang='lat' dir='ltr'><strong>justitia,</strong></span> <span class='ocrx_word' id='word_1_434' title='bbox 3326 2131 3658 2198; x_wconf 67' lang='lat' dir='ltr'><strong>praestaret;</strong></span> <span class='ocrx_word' id='word_1_435' title='bbox 3684 2128 3755 2182; x_wconf 89' lang='lat' dir='ltr'><strong>de</strong></span> 
     </span>
    </p>
   </div>
   <div class='ocr_carea' id='block_1_48' title="bbox 2046 2214 3761 2290">
    <p class='ocr_par' dir='ltr' id='par_1_48' title="bbox 2046 2214 3761 2290">
     <span class='ocr_line' id='line_1_48' title="bbox 2046 2214 3761 2290; baseline 0.001 -20"><span class='ocrx_word' id='word_1_436' title='bbox 2046 2214 2362 2285; x_wconf 89' lang='lat' dir='ltr'><strong>Libertino,</strong></span> <span class='ocrx_word' id='word_1_437' title='bbox 2397 2219 2664 2290; x_wconf 63' lang='lat' dir='ltr'><strong>praefecto</strong></span> <span class='ocrx_word' id='word_1_438' title='bbox 2709 2220 2917 2275; x_wconf 81' lang='lat' dir='ltr'><strong>Siciliae</strong></span> <span class='ocrx_word' id='word_1_439' title='bbox 2952 2220 3106 2284; x_wconf 85' lang='lat' dir='ltr'><strong>dato,</strong></span> <span class='ocrx_word' id='word_1_440' title='bbox 3137 2217 3494 2289; x_wconf 88' lang='lat' dir='ltr'><strong>provinciam</strong></span> <span class='ocrx_word' id='word_1_441' title='bbox 3526 2216 3761 2271; x_wconf 88' lang='lat' dir='ltr'><strong>univer-</strong></span> 
     </span>
    </p>
   </div>
   <div class='ocr_carea' id='block_1_49' title="bbox 2043 2307 3750 2382">
    <p class='ocr_par' dir='ltr' id='par_1_49' title="bbox 2043 2307 3750 2382">
     <span class='ocr_line' id='line_1_49' title="bbox 2043 2307 3750 2382; baseline -0.001 -20"><span class='ocrx_word' id='word_1_442' title='bbox 2043 2322 2170 2362; x_wconf 89' lang='lat' dir='ltr'><strong>sam</strong></span> <span class='ocrx_word' id='word_1_443' title='bbox 2203 2309 2724 2379; x_wconf 84' lang='lat' dir='ltr'><strong>gratiasretulisse,</strong></span> <span class='ocrx_word' id='word_1_444' title='bbox 2749 2311 2903 2382; x_wconf 90' lang='lat' dir='ltr'><strong>quod</strong></span> <span class='ocrx_word' id='word_1_445' title='bbox 2949 2309 3253 2365; x_wconf 80' lang='lat' dir='ltr'><strong>sufﬁciens</strong></span> <span class='ocrx_word' id='word_1_446' title='bbox 3299 2307 3604 2362; x_wconf 86' lang='lat' dir='ltr'><strong>videbatur</strong></span> <span class='ocrx_word' id='word_1_447' title='bbox 3624 2307 3750 2378; x_wconf 85' lang='lat' dir='ltr'><strong>ejus</strong></span> 
     </span>
    </p>
   </div>
   <div class='ocr_carea' id='block_1_50' title="bbox 2041 2395 3760 2469">
    <p class='ocr_par' dir='ltr' id='par_1_50' title="bbox 2041 2395 3760 2469">
     <span class='ocr_line' id='line_1_50' title="bbox 2041 2395 3760 2469; baseline 0 -19"><span class='ocrx_word' id='word_1_448' title='bbox 2041 2395 2350 2466; x_wconf 86' lang='lat' dir='ltr'><strong>probitatis</strong></span> <span class='ocrx_word' id='word_1_449' title='bbox 2397 2404 2840 2469; x_wconf 78' lang='lat' dir='ltr'><strong>argumentum,</strong></span> <span class='ocrx_word' id='word_1_450' title='bbox 2900 2404 3172 2456; x_wconf 76' lang='lat' dir='ltr'><strong>caeterum</strong></span> <span class='ocrx_word' id='word_1_451' title='bbox 3243 2397 3378 2468; x_wconf 91' lang='lat' dir='ltr'><strong>quis</strong></span> <span class='ocrx_word' id='word_1_452' title='bbox 3421 2400 3598 2462; x_wconf 87' lang='lat' dir='ltr'><strong>esset,</strong></span> <span class='ocrx_word' id='word_1_453' title='bbox 3658 2399 3760 2451; x_wconf 92' lang='lat' dir='ltr'><strong>aut</strong></span> 
     </span>
    </p>
   </div>
   <div class='ocr_carea' id='block_1_51' title="bbox 2042 2485 3761 2561">
    <p class='ocr_par' dir='ltr' id='par_1_51' title="bbox 2042 2485 3761 2561">
     <span class='ocr_line' id='line_1_51' title="bbox 2042 2485 3761 2561; baseline 0.002 -23"><span class='ocrx_word' id='word_1_454' title='bbox 2042 2486 2241 2555; x_wconf 80' lang='lat' dir='ltr'><strong>quales</strong></span> <span class='ocrx_word' id='word_1_455' title='bbox 2265 2503 2476 2544; x_wconf 90' lang='lat' dir='ltr'><strong>causas</strong></span> <span class='ocrx_word' id='word_1_456' title='bbox 2507 2489 2794 2559; x_wconf 84' lang='lat' dir='ltr'><strong>habuerit,</strong></span> <span class='ocrx_word' id='word_1_457' title='bbox 2827 2489 3038 2561; x_wconf 89' lang='lat' dir='ltr'><strong>quidve</strong></span> <span class='ocrx_word' id='word_1_458' title='bbox 3075 2489 3143 2543; x_wconf 89' lang='lat' dir='ltr'><strong>ad</strong></span> <span class='ocrx_word' id='word_1_459' title='bbox 3177 2487 3461 2558; x_wconf 73' lang='lat' dir='ltr'><strong>impactus</strong></span> <span class='ocrx_word' id='word_1_460' title='bbox 3484 2485 3761 2541; x_wconf 88' lang='lat' dir='ltr'><strong>crimina-</strong></span> 
     </span>
    </p>
   </div>
   <div class='ocr_carea' id='block_1_52' title="bbox 2042 2575 3753 2650">
    <p class='ocr_par' dir='ltr' id='par_1_52' title="bbox 2042 2575 3753 2650">
     <span class='ocr_line' id='line_1_52' title="bbox 2042 2575 3753 2650; baseline 0.001 -21"><span class='ocrx_word' id='word_1_461' title='bbox 2042 2575 2223 2632; x_wconf 89' lang='lat' dir='ltr'><strong>tiones</strong></span> <span class='ocrx_word' id='word_1_462' title='bbox 2263 2580 2662 2650; x_wconf 88' lang='lat' dir='ltr'><strong>responderet.</strong></span> <span class='ocrx_word' id='word_1_463' title='bbox 2695 2579 2805 2635; x_wconf 90' lang='lat' dir='ltr'><strong>sibi</strong></span> <span class='ocrx_word' id='word_1_464' title='bbox 2849 2594 3084 2650; x_wconf 84' lang='lat' dir='ltr'><strong>prorsus</strong></span> <span class='ocrx_word' id='word_1_465' title='bbox 3129 2576 3490 2647; x_wconf 80' lang='lat' dir='ltr'><strong>incognitum</strong></span> <span class='ocrx_word' id='word_1_466' title='bbox 3528 2591 3540 2632; x_wconf 89' lang='lat'>:</span> <span class='ocrx_word' id='word_1_467' title='bbox 3573 2576 3753 2631; x_wconf 87' lang='lat' dir='ltr'><strong>Unum</strong></span> 
     </span>
    </p>
   </div>
   <div class='ocr_carea' id='block_1_53' title="bbox 2039 2664 3755 2739">
    <p class='ocr_par' dir='ltr' id='par_1_53' title="bbox 2039 2664 3755 2739">
     <span class='ocr_line' id='line_1_53' title="bbox 2039 2664 3755 2739; baseline 0 -20"><span class='ocrx_word' id='word_1_468' title='bbox 2039 2666 2138 2720; x_wconf 83' lang='lat' dir='ltr'><strong>hoc</strong></span> <span class='ocrx_word' id='word_1_469' title='bbox 2159 2673 2364 2734; x_wconf 88' lang='lat' dir='ltr'><strong>tamen,</strong></span> <span class='ocrx_word' id='word_1_470' title='bbox 2401 2669 2614 2739; x_wconf 89' lang='lat' dir='ltr'><strong>inquit,</strong></span> <span class='ocrx_word' id='word_1_471' title='bbox 2650 2669 2779 2726; x_wconf 92' lang='lat' dir='ltr'><strong>bene</strong></span> <span class='ocrx_word' id='word_1_472' title='bbox 2808 2678 2969 2739; x_wconf 88' lang='lat' dir='ltr'><strong>atque</strong></span> <span class='ocrx_word' id='word_1_473' title='bbox 3014 2673 3326 2722; x_wconf 72' lang='lat' dir='ltr'><strong>constanter</strong></span> <span class='ocrx_word' id='word_1_474' title='bbox 3353 2664 3502 2732; x_wconf 86' lang='lat' dir='ltr'><strong>novi,</strong></span> <span class='ocrx_word' id='word_1_475' title='bbox 3539 2666 3669 2735; x_wconf 92' lang='lat' dir='ltr'><strong>quia</strong></span> <span class='ocrx_word' id='word_1_476' title='bbox 3702 2668 3755 2720; x_wconf 88' lang='lat' dir='ltr'><strong>et</strong></span> 
     </span>
    </p>
   </div>
   <div class='ocr_carea' id='block_1_54' title="bbox 2035 2755 3747 2831">
    <p class='ocr_par' dir='ltr' id='par_1_54' title="bbox 2035 2755 3747 2831">
     <span class='ocr_line' id='line_1_54' title="bbox 2035 2755 3747 2831; baseline -0.002 -19"><span class='ocrx_word' id='word_1_477' title='bbox 2035 2759 2086 2812; x_wconf 84' lang='lat' dir='ltr'><strong>si</strong></span> <span class='ocrx_word' id='word_1_478' title='bbox 2113 2773 2276 2826; x_wconf 87' lang='lat' dir='ltr'><strong>quam</strong></span> <span class='ocrx_word' id='word_1_479' title='bbox 2299 2760 2356 2813; x_wconf 89' lang='lat' dir='ltr'><strong>in</strong></span> <span class='ocrx_word' id='word_1_480' title='bbox 2384 2760 2542 2814; x_wconf 90' lang='lat' dir='ltr'><strong>rebus</strong></span> <span class='ocrx_word' id='word_1_481' title='bbox 2567 2759 2802 2831; x_wconf 85' lang='lat' dir='ltr'><strong>publicis</strong></span> <span class='ocrx_word' id='word_1_482' title='bbox 2830 2757 3085 2830; x_wconf 75' lang='lat' dir='ltr'><strong>fraudem</strong></span> <span class='ocrx_word' id='word_1_483' title='bbox 3114 2755 3265 2826; x_wconf 83' lang='lat' dir='ltr'><strong>fecit.</strong></span> <span class='ocrx_word' id='word_1_484' title='bbox 3289 2755 3604 2810; x_wconf 72' lang='lat' dir='ltr'><strong>substantia</strong></span> <span class='ocrx_word' id='word_1_485' title='bbox 3628 2755 3747 2824; x_wconf 85' lang='lat' dir='ltr'><strong>ejus</strong></span> 
     </span>
    </p>
   </div>
   <div class='ocr_carea' id='block_1_55' title="bbox 2034 2843 3748 2915">
    <p class='ocr_par' dir='ltr' id='par_1_55' title="bbox 2034 2843 3748 2915">
     <span class='ocr_line' id='line_1_55' title="bbox 2034 2843 3748 2915; baseline -0.001 -14"><span class='ocrx_word' id='word_1_486' title='bbox 2034 2845 2169 2901; x_wconf 68' lang='lat' dir='ltr'><strong>caedi</strong></span> <span class='ocrx_word' id='word_1_487' title='bbox 2203 2845 2412 2912; x_wconf 86' lang='lat' dir='ltr'><strong>debuit,</strong></span> <span class='ocrx_word' id='word_1_488' title='bbox 2441 2865 2548 2902; x_wconf 85' lang='lat' dir='ltr'><strong>non</strong></span> <span class='ocrx_word' id='word_1_489' title='bbox 2599 2847 2848 2904; x_wconf 85' lang='lat' dir='ltr'><strong>libertas.</strong></span> <span class='ocrx_word' id='word_1_490' title='bbox 2881 2849 3021 2902; x_wconf 87' lang='lat' dir='ltr'><strong>Nam</strong></span> <span class='ocrx_word' id='word_1_491' title='bbox 3053 2847 3115 2900; x_wconf 91' lang='lat' dir='ltr'><strong>in</strong></span> <span class='ocrx_word' id='word_1_492' title='bbox 3154 2845 3252 2900; x_wconf 85' lang='lat' dir='ltr'><strong>hoc</strong></span> <span class='ocrx_word' id='word_1_493' title='bbox 3271 2843 3410 2915; x_wconf 88' lang='lat' dir='ltr'><strong>quod</strong></span> <span class='ocrx_word' id='word_1_494' title='bbox 3441 2843 3605 2898; x_wconf 86' lang='lat' dir='ltr'><strong>liberi</strong></span> <span class='ocrx_word' id='word_1_495' title='bbox 3633 2857 3748 2900; x_wconf 72' lang='lat' dir='ltr'><strong>cae-</strong></span> 
     </span>
    </p>
   </div>
   <div class='ocr_carea' id='block_1_56' title="bbox 2036 2932 3745 3011">
    <p class='ocr_par' dir='ltr' id='par_1_56' title="bbox 2036 2932 3745 3011">
     <span class='ocr_line' id='line_1_56' title="bbox 2036 2932 3745 3011; baseline -0.002 -21"><span class='ocrx_word' id='word_1_496' title='bbox 2036 2936 2263 3003; x_wconf 86' lang='lat' dir='ltr'><strong>duntur,</strong></span> <span class='ocrx_word' id='word_1_497' title='bbox 2311 2945 2374 2992; x_wconf 88' lang='lat' dir='ltr'><strong>ut</strong></span> <span class='ocrx_word' id='word_1_498' title='bbox 2420 2945 2630 2994; x_wconf 88' lang='lat' dir='ltr'><strong>taceam</strong></span> <span class='ocrx_word' id='word_1_499' title='bbox 2685 2939 2824 3011; x_wconf 87' lang='lat' dir='ltr'><strong>quod</strong></span> <span class='ocrx_word' id='word_1_500' title='bbox 2855 2937 3202 3008; x_wconf 84' lang='lat' dir='ltr'><strong>omnipotens</strong></span> <span class='ocrx_word' id='word_1_501' title='bbox 3245 2937 3386 2990; x_wconf 86' lang='lat' dir='ltr'><strong>Deus</strong></span> <span class='ocrx_word' id='word_1_502' title='bbox 3425 2932 3745 3004; x_wconf 79' lang='lat' dir='ltr'><strong>oﬂenditur,</strong></span> 
     </span>
    </p>
   </div>
   <div class='ocr_carea' id='block_1_57' title="bbox 2034 3024 3746 3100">
    <p class='ocr_par' dir='ltr' id='par_1_57' title="bbox 2034 3024 3746 3100">
     <span class='ocr_line' id='line_1_57' title="bbox 2034 3024 3746 3100; baseline -0.003 -20"><span class='ocrx_word' id='word_1_503' title='bbox 2034 3031 2092 3080; x_wconf 90' lang='lat' dir='ltr'><strong>ut</strong></span> <span class='ocrx_word' id='word_1_504' title='bbox 2149 3036 2362 3082; x_wconf 86' lang='lat' dir='ltr'><strong>taceam</strong></span> <span class='ocrx_word' id='word_1_505' title='bbox 2419 3029 2564 3100; x_wconf 87' lang='lat' dir='ltr'><strong>quod</strong></span> <span class='ocrx_word' id='word_1_506' title='bbox 2621 3031 2795 3084; x_wconf 86' lang='lat' dir='ltr'><strong>vestra</strong></span> <span class='ocrx_word' id='word_1_507' title='bbox 2838 3028 3026 3099; x_wconf 88' lang='lat' dir='ltr'><strong>opinio</strong></span> <span class='ocrx_word' id='word_1_508' title='bbox 3083 3024 3424 3081; x_wconf 70' lang='lat' dir='ltr'><strong>vehementer</strong></span> <span class='ocrx_word' id='word_1_509' title='bbox 3461 3029 3746 3093; x_wconf 61' lang='lat' dir='ltr'><strong>gravatur,</strong></span> 
     </span>
    </p>
   </div>
   <div class='ocr_carea' id='block_1_58' title="bbox 1961 3113 3745 3218">
    <p class='ocr_par' dir='ltr' id='par_1_58' title="bbox 1961 3113 3745 3218">
     <span class='ocr_line' id='line_1_58' title="bbox 1961 3113 3745 3218; baseline 0 -49"><span class='ocrx_word' id='word_1_510' title='bbox 1961 3151 2009 3218; x_wconf 64' lang='grc' dir='ltr'><strong>ϐ</strong></span> <span class='ocrx_word' id='word_1_511' title='bbox 2038 3117 2283 3187; x_wconf 84' lang='lat' dir='ltr'><strong>piissimi</strong></span> <span class='ocrx_word' id='word_1_512' title='bbox 2311 3126 2490 3174; x_wconf 88' lang='lat' dir='ltr'><strong>tamen</strong></span> <span class='ocrx_word' id='word_1_513' title='bbox 2522 3118 2876 3188; x_wconf 86' lang='lat' dir='ltr'><strong>imperatoris</strong></span> <span class='ocrx_word' id='word_1_514' title='bbox 2895 3118 3071 3173; x_wconf 85' lang='lat' dir='ltr'><strong>nostri</strong></span> <span class='ocrx_word' id='word_1_515' title='bbox 3107 3114 3330 3172; x_wconf 85' lang='lat' dir='ltr'><strong>omnino</strong></span> <span class='ocrx_word' id='word_1_516' title='bbox 3353 3117 3596 3183; x_wconf 85' lang='lat' dir='ltr'><strong>tempora</strong></span> <span class='ocrx_word' id='word_1_517' title='bbox 3626 3113 3745 3179; x_wconf 79' lang='lat' dir='ltr'><strong>fus-</strong></span> 
     </span>
    </p>
   </div>
   <div class='ocr_carea' id='block_1_59' title="bbox 2039 3206 3748 3280">
    <p class='ocr_par' dir='ltr' id='par_1_59' title="bbox 2039 3206 3748 3280">
     <span class='ocr_line' id='line_1_59' title="bbox 2039 3206 3748 3280; baseline -0.002 -19"><span class='ocrx_word' id='word_1_518' title='bbox 2039 3217 2256 3263; x_wconf 88' lang='lat' dir='ltr'><strong>cantur.</strong></span> <span class='ocrx_word' id='word_1_519' title='bbox 2293 3212 2397 3266; x_wconf 86' lang='lat' dir='ltr'><strong>Hoc</strong></span> <span class='ocrx_word' id='word_1_520' title='bbox 2442 3212 2590 3265; x_wconf 88' lang='lat' dir='ltr'><strong>enim</strong></span> <span class='ocrx_word' id='word_1_521' title='bbox 2617 3212 2762 3265; x_wconf 89' lang='lat' dir='ltr'><strong>inter</strong></span> <span class='ocrx_word' id='word_1_522' title='bbox 2809 3224 2961 3280; x_wconf 82' lang='lat' dir='ltr'><strong>reges</strong></span> <span class='ocrx_word' id='word_1_523' title='bbox 3010 3207 3257 3278; x_wconf 79' lang='lat' dir='ltr'><strong>gentium</strong></span> <span class='ocrx_word' id='word_1_524' title='bbox 3287 3211 3340 3261; x_wconf 84' lang='lat' dir='ltr'><strong>et</strong></span> <span class='ocrx_word' id='word_1_525' title='bbox 3389 3206 3748 3274; x_wconf 76' lang='lat' dir='ltr'><strong>imperatores</strong></span> 
     </span>
    </p>
   </div>
   <div class='ocr_carea' id='block_1_60' title="bbox 2039 3294 3745 3371">
    <p class='ocr_par' dir='ltr' id='par_1_60' title="bbox 2039 3294 3745 3371">
     <span class='ocr_line' id='line_1_60' title="bbox 2039 3294 3745 3371; baseline -0.004 -18"><span class='ocrx_word' id='word_1_526' title='bbox 2039 3297 2403 3356; x_wconf 84' lang='lat' dir='ltr'><strong>Romanorum</strong></span> <span class='ocrx_word' id='word_1_527' title='bbox 2447 3299 2637 3366; x_wconf 82' lang='lat' dir='ltr'><strong>distat,</strong></span> <span class='ocrx_word' id='word_1_528' title='bbox 2669 3299 2800 3371; x_wconf 88' lang='lat' dir='ltr'><strong>quia</strong></span> <span class='ocrx_word' id='word_1_529' title='bbox 2847 3313 3000 3368; x_wconf 85' lang='lat' dir='ltr'><strong>reges</strong></span> <span class='ocrx_word' id='word_1_530' title='bbox 3029 3298 3280 3366; x_wconf 81' lang='lat' dir='ltr'><strong>gentium</strong></span> <span class='ocrx_word' id='word_1_531' title='bbox 3323 3294 3535 3350; x_wconf 88' lang='lat' dir='ltr'><strong>domini</strong></span> <span class='ocrx_word' id='word_1_532' title='bbox 3562 3306 3745 3348; x_wconf 84' lang='lat' dir='ltr'><strong>servo-</strong></span> 
     </span>
    </p>
   </div>
   <div class='ocr_carea' id='block_1_61' title="bbox 2033 3382 3749 3463">
    <p class='ocr_par' dir='ltr' id='par_1_61' title="bbox 2033 3382 3749 3463">
     <span class='ocr_line' id='line_1_61' title="bbox 2033 3382 3749 3463; baseline -0.003 -20"><span class='ocrx_word' id='word_1_533' title='bbox 2033 3405 2157 3444; x_wconf 89' lang='lat' dir='ltr'><strong>rum</strong></span> <span class='ocrx_word' id='word_1_534' title='bbox 2185 3397 2334 3460; x_wconf 87' lang='lat' dir='ltr'><strong>sunt,</strong></span> <span class='ocrx_word' id='word_1_535' title='bbox 2367 3393 2670 3463; x_wconf 84' lang='lat' dir='ltr'><strong>imperator</strong></span> <span class='ocrx_word' id='word_1_536' title='bbox 2697 3405 2824 3445; x_wconf 85' lang='lat' dir='ltr'><strong>vero</strong></span> <span class='ocrx_word' id='word_1_537' title='bbox 2857 3391 3223 3445; x_wconf 82' lang='lat' dir='ltr'><strong>Romanorum</strong></span> <span class='ocrx_word' id='word_1_538' title='bbox 3267 3385 3520 3441; x_wconf 85' lang='lat' dir='ltr'><strong>dominus</strong></span> <span class='ocrx_word' id='word_1_539' title='bbox 3551 3382 3749 3438; x_wconf 86' lang='lat' dir='ltr'><strong>libero-</strong></span> 
     </span>
    </p>
   </div>
   <div class='ocr_carea' id='block_1_62' title="bbox 2029 3475 3746 3554">
    <p class='ocr_par' dir='ltr' id='par_1_62' title="bbox 2029 3475 3746 3554">
     <span class='ocr_line' id='line_1_62' title="bbox 2029 3475 3746 3554; baseline -0.004 -20"><span class='ocrx_word' id='word_1_540' title='bbox 2029 3495 2178 3538; x_wconf 84' lang='lat' dir='ltr'><strong>rum.</strong></span> <span class='ocrx_word' id='word_1_541' title='bbox 2215 3482 2361 3538; x_wconf 86' lang='lat' dir='ltr'><strong>Unde</strong></span> <span class='ocrx_word' id='word_1_542' title='bbox 2390 3487 2441 3537; x_wconf 88' lang='lat' dir='ltr'><strong>et</strong></span> <span class='ocrx_word' id='word_1_543' title='bbox 2464 3498 2551 3537; x_wconf 89' lang='lat' dir='ltr'><strong>vos</strong></span> <span class='ocrx_word' id='word_1_544' title='bbox 2573 3480 2838 3554; x_wconf 87' lang='lat' dir='ltr'><strong>quidquid</strong></span> <span class='ocrx_word' id='word_1_545' title='bbox 2867 3479 3054 3551; x_wconf 81' lang='lat' dir='ltr'><strong>agitis,</strong></span> <span class='ocrx_word' id='word_1_546' title='bbox 3091 3481 3251 3551; x_wconf 79' lang='lat' dir='ltr'><strong>prius</strong></span> <span class='ocrx_word' id='word_1_547' title='bbox 3279 3475 3494 3547; x_wconf 81' lang='lat' dir='ltr'><strong>quidem</strong></span> <span class='ocrx_word' id='word_1_548' title='bbox 3525 3480 3746 3528; x_wconf 81' lang='lat' dir='ltr'><strong>servata</strong></span> 
     </span>
    </p>
   </div>
   <div class='ocr_carea' id='block_1_63' title="bbox 2019 3561 3747 3643">
    <p class='ocr_par' dir='ltr' id='par_1_63' title="bbox 2019 3561 3747 3643">
     <span class='ocr_line' id='line_1_63' title="bbox 2019 3561 3747 3643; baseline -0.005 -17"><span class='ocrx_word' id='word_1_549' title='bbox 2019 3570 2269 3643; x_wconf 83' lang='lat' dir='ltr'><strong>justitia,</strong></span> <span class='ocrx_word' id='word_1_550' title='bbox 2300 3573 2501 3628; x_wconf 86' lang='lat' dir='ltr'><strong>deinde</strong></span> <span class='ocrx_word' id='word_1_551' title='bbox 2528 3571 2795 3628; x_wconf 88' lang='lat' dir='ltr'><strong>custodita</strong></span> <span class='ocrx_word' id='word_1_552' title='bbox 2824 3586 2923 3641; x_wconf 87' lang='lat' dir='ltr'><strong>per</strong></span> <span class='ocrx_word' id='word_1_553' title='bbox 2951 3569 3138 3626; x_wconf 84' lang='lat' dir='ltr'><strong>omnia</strong></span> <span class='ocrx_word' id='word_1_554' title='bbox 3171 3567 3428 3623; x_wconf 83' lang='lat' dir='ltr'><strong>libertate</strong></span> <span class='ocrx_word' id='word_1_555' title='bbox 3457 3577 3621 3634; x_wconf 81' lang='lat' dir='ltr'><strong>agere</strong></span> <span class='ocrx_word' id='word_1_556' title='bbox 3650 3561 3747 3617; x_wconf 86' lang='lat' dir='ltr'><strong>de-</strong></span> 
     </span>
    </p>
   </div>
   <div class='ocr_carea' id='block_1_64' title="bbox 2030 3657 2685 3733">
    <p class='ocr_par' dir='ltr' id='par_1_64' title="bbox 2030 3657 2685 3733">
     <span class='ocr_line' id='line_1_64' title="bbox 2030 3657 2685 3733; baseline 0 -18"><span class='ocrx_word' id='word_1_557' title='bbox 2030 3661 2322 3731; x_wconf 85' lang='lat' dir='ltr'><strong>betis(Lib.</strong></span> <span class='ocrx_word' id='word_1_558' title='bbox 2355 3678 2409 3730; x_wconf 86' lang='lat' dir='ltr'><strong>x,</strong></span> <span class='ocrx_word' id='word_1_559' title='bbox 2453 3657 2538 3733; x_wconf 88' lang='lat' dir='ltr'><strong>ep.</strong></span> <span class='ocrx_word' id='word_1_560' title='bbox 2570 3661 2685 3732; x_wconf 83' lang='grc'><strong>51).</strong></span> 
     </span>
    </p>
   </div>
   <div class='ocr_carea' id='block_1_65' title="bbox 2099 3769 3734 3849">
    <p class='ocr_par' dir='ltr' id='par_1_65' title="bbox 2099 3769 3734 3849">
     <span class='ocr_line' id='line_1_65' title="bbox 2099 3769 3734 3849; baseline -0.004 -17"><span class='ocrx_word' id='word_1_561' title='bbox 2099 3777 2290 3849; x_wconf 88' lang='lat' dir='ltr'><strong>Pergit</strong></span> <span class='ocrx_word' id='word_1_562' title='bbox 2322 3778 2406 3834; x_wconf 83' lang='lat' dir='ltr'><strong>vir</strong></span> <span class='ocrx_word' id='word_1_563' title='bbox 2435 3777 2844 3834; x_wconf 88' lang='lat' dir='ltr'><strong>sanctissimus</strong></span> <span class='ocrx_word' id='word_1_564' title='bbox 2892 3775 3191 3846; x_wconf 88' lang='lat' dir='ltr'><strong>increpare</strong></span> <span class='ocrx_word' id='word_1_565' title='bbox 3223 3772 3468 3828; x_wconf 89' lang='lat' dir='ltr'><strong>nimiam</strong></span> <span class='ocrx_word' id='word_1_566' title='bbox 3511 3769 3734 3840; x_wconf 89' lang='lat' dir='ltr'><strong>judicis</strong></span> 
     </span>
    </p>
   </div>
   <div class='ocr_carea' id='block_1_66' title="bbox 2027 3860 3737 3935">
    <p class='ocr_par' dir='ltr' id='par_1_66' title="bbox 2027 3860 3737 3935">
     <span class='ocr_line' id='line_1_66' title="bbox 2027 3860 3737 3935; baseline -0.004 -13"><span class='ocrx_word' id='word_1_567' title='bbox 2027 3867 2452 3935; x_wconf 87' lang='lat' dir='ltr'><strong>austeritatem,</strong></span> <span class='ocrx_word' id='word_1_568' title='bbox 2513 3875 2566 3923; x_wconf 90' lang='lat' dir='ltr'><strong>et</strong></span> <span class='ocrx_word' id='word_1_569' title='bbox 2596 3865 2668 3922; x_wconf 86' lang='lat' dir='ltr'><strong>ad</strong></span> <span class='ocrx_word' id='word_1_570' title='bbox 2699 3882 2824 3921; x_wconf 90' lang='lat' dir='ltr'><strong>eam</strong></span> <span class='ocrx_word' id='word_1_571' title='bbox 2886 3863 3298 3920; x_wconf 74' lang='lat' dir='ltr'><strong>emolliendum</strong></span> <span class='ocrx_word' id='word_1_572' title='bbox 3354 3860 3565 3916; x_wconf 90' lang='lat' dir='ltr'><strong>eximia</strong></span> <span class='ocrx_word' id='word_1_573' title='bbox 3596 3875 3737 3916; x_wconf 87' lang='lat' dir='ltr'><strong>sane</strong></span> 
     </span>
    </p>
   </div>
   <div class='ocr_carea' id='block_1_67' title="bbox 2025 3947 3726 4033">
    <p class='ocr_par' dir='ltr' id='par_1_67' title="bbox 2025 3947 3726 4033">
     <span class='ocr_line' id='line_1_67' title="bbox 2025 3947 3726 4033; baseline -0.005 -22"><span class='ocrx_word' id='word_1_574' title='bbox 2025 3960 2312 4028; x_wconf 73' lang='lat' dir='ltr'><strong>praecepta</strong></span> <span class='ocrx_word' id='word_1_575' title='bbox 2323 3956 2482 4025; x_wconf 88' lang='lat' dir='ltr'><strong>dare,</strong></span> <span class='ocrx_word' id='word_1_576' title='bbox 2497 3973 2563 4011; x_wconf 86' lang='lat' dir='ltr'><strong>ex</strong></span> <span class='ocrx_word' id='word_1_577' title='bbox 2577 3956 2792 4026; x_wconf 89' lang='lat' dir='ltr'><strong>quibus</strong></span> <span class='ocrx_word' id='word_1_578' title='bbox 2807 3953 3127 4026; x_wconf 77' lang='lat' dir='ltr'><strong>pauoahzec</strong></span> <span class='ocrx_word' id='word_1_579' title='bbox 3156 3951 3461 4019; x_wconf 87' lang='lat' dir='ltr'><strong>decerpere</strong></span> <span class='ocrx_word' id='word_1_580' title='bbox 3475 3947 3726 4033; x_wconf 82' lang='lat' dir='ltr'><strong>placuit:</strong></span> 
     </span>
    </p>
   </div>
   <div class='ocr_carea' id='block_1_68' title="bbox 2019 4038 3733 4120">
    <p class='ocr_par' dir='ltr' id='par_1_68' title="bbox 2019 4038 3733 4120">
     <span class='ocr_line' id='line_1_68' title="bbox 2019 4038 3733 4120; baseline -0.005 -18"><span class='ocrx_word' id='word_1_581' title='bbox 2019 4046 2242 4120; x_wconf 76' lang='lat' dir='ltr'><strong>Quoties</strong></span> <span class='ocrx_word' id='word_1_582' title='bbox 2263 4049 2335 4119; x_wconf 79' lang='grc' dir='ltr'><strong>(ε)</strong></span> <span class='ocrx_word' id='word_1_583' title='bbox 2367 4051 2453 4102; x_wconf 86' lang='lat' dir='ltr'><strong>ira</strong></span> <span class='ocrx_word' id='word_1_584' title='bbox 2473 4045 3223 4112; x_wconf 85' lang='lat' dir='ltr'><strong>animuminvadit,mentem</strong></span> <span class='ocrx_word' id='word_1_585' title='bbox 3250 4039 3464 4118; x_wconf 83' lang='lat' dir='ltr'><strong>edoma,</strong></span> <span class='ocrx_word' id='word_1_586' title='bbox 3497 4038 3652 4094; x_wconf 79' lang='lat' dir='ltr'><strong>vince</strong></span> <span class='ocrx_word' id='word_1_587' title='bbox 3682 4045 3733 4094; x_wconf 86' lang='lat' dir='ltr'><strong>te</strong></span> 
     </span>
    </p>
   </div>
   <div class='ocr_carea' id='block_1_69' title="bbox 2023 4127 3725 4210">
    <p class='ocr_par' dir='ltr' id='par_1_69' title="bbox 2023 4127 3725 4210">
     <span class='ocr_line' id='line_1_69' title="bbox 2023 4127 3725 4210; baseline -0.005 -18"><span class='ocrx_word' id='word_1_588' title='bbox 2023 4138 2221 4210; x_wconf 85' lang='lat' dir='ltr'><strong>ipsum.</strong></span> <span class='ocrx_word' id='word_1_589' title='bbox 2256 4139 2433 4209; x_wconf 63' lang='lat' dir='ltr'><strong>DiJer</strong></span> <span class='ocrx_word' id='word_1_590' title='bbox 2464 4143 2673 4209; x_wconf 87' lang='lat' dir='ltr'><strong>tempus</strong></span> <span class='ocrx_word' id='word_1_591' title='bbox 2691 4137 2918 4208; x_wconf 73' lang='lat' dir='ltr'><strong>furoris,</strong></span> <span class='ocrx_word' id='word_1_592' title='bbox 2951 4144 3003 4193; x_wconf 89' lang='lat' dir='ltr'><strong>et</strong></span> <span class='ocrx_word' id='word_1_593' title='bbox 3031 4150 3159 4192; x_wconf 89' lang='lat' dir='ltr'><strong>cum</strong></span> <span class='ocrx_word' id='word_1_594' title='bbox 3214 4127 3537 4201; x_wconf 83' lang='lat' dir='ltr'><strong>tranquilla</strong></span> <span class='ocrx_word' id='word_1_595' title='bbox 3576 4143 3725 4184; x_wconf 84' lang='lat' dir='ltr'><strong>mens</strong></span> 
     </span>
    </p>
   </div>
   <div class='ocr_carea' id='block_1_70' title="bbox 217 4220 3721 4325">
    <p class='ocr_par' dir='ltr' id='par_1_70' title="bbox 217 4220 3721 4325">
     <span class='ocr_line' id='line_1_70' title="bbox 217 4220 3721 4325; baseline -0.004 -21"><span class='ocrx_word' id='word_1_596' title='bbox 217 4251 270 4304; x_wconf 86' lang='lat' dir='ltr'><strong>et</strong></span> <span class='ocrx_word' id='word_1_597' title='bbox 299 4220 402 4303; x_wconf 79' lang='lat' dir='ltr'><strong>alii</strong></span> <span class='ocrx_word' id='word_1_598' title='bbox 429 4249 529 4320; x_wconf 92' lang='lat' dir='ltr'><strong>qui</strong></span> <span class='ocrx_word' id='word_1_599' title='bbox 563 4220 1013 4321; x_wconf 83' lang='lat' dir='ltr'><strong>repetundarum</strong></span> <span class='ocrx_word' id='word_1_600' title='bbox 1060 4220 1503 4319; x_wconf 65' lang='lat' dir='ltr'><strong>accusabantur,</strong></span> <span class='ocrx_word' id='word_1_601' title='bbox 1537 4220 1790 4323; x_wconf 58' lang='lat' dir='ltr'><strong>insepta</strong></span> <span class='ocrx_word' id='word_1_602' title='bbox 1815 4268 1915 4308; x_wconf 94' lang='lat' dir='ltr'><strong>ec-</strong></span> <span class='ocrx_word' id='word_1_603' title='bbox 2020 4232 2216 4302; x_wconf 70' lang='grc' dir='ltr'><strong>Ῑαθνίίι</strong></span> <span class='ocrx_word' id='word_1_604' title='bbox 2240 4229 2799 4325; x_wconf 50' lang='grc' dir='ltr'><strong>(Ιιφίῌξῖασείῇαάίεαο</strong></span> <span class='ocrx_word' id='word_1_605' title='bbox 2821 4229 2917 4325; x_wconf 60' lang='grc' dir='ltr'><strong>Ῑθξα</strong></span> <span class='ocrx_word' id='word_1_606' title='bbox 2937 4226 3086 4325; x_wconf 57' lang='lat' dir='ltr'><strong>fuit&quot;</strong></span> <span class='ocrx_word' id='word_1_607' title='bbox 3139 4226 3197 4280; x_wconf 74' lang='grc' dir='ltr'><strong><em>ίη</em></strong></span> <span class='ocrx_word' id='word_1_608' title='bbox 3227 4220 3526 4325; x_wconf 33' lang='lat' dir='ltr'><strong>findit-tam</strong></span> <span class='ocrx_word' id='word_1_609' title='bbox 3546 4221 3721 4321; x_wconf 62' lang='grc' dir='ltr'><strong>ηξαίο·</strong></span> 
     </span>
    </p>
   </div>
   <div class='ocr_carea' id='block_1_71' title="bbox 216 4315 1906 4410">
    <p class='ocr_par' dir='ltr' id='par_1_71' title="bbox 216 4315 1906 4410">
     <span class='ocr_line' id='line_1_71' title="bbox 216 4315 1906 4410; baseline 0.003 -18"><span class='ocrx_word' id='word_1_610' title='bbox 216 4315 539 4394; x_wconf 81' lang='lat' dir='ltr'><strong>clesiastica</strong></span> <span class='ocrx_word' id='word_1_611' title='bbox 569 4315 645 4394; x_wconf 38' lang='lat' dir='ltr'><strong>se.</strong></span> <span class='ocrx_word' id='word_1_612' title='bbox 677 4339 1046 4410; x_wconf 87' lang='lat' dir='ltr'><strong>recepissent,</strong></span> <span class='ocrx_word' id='word_1_613' title='bbox 1082 4341 1232 4410; x_wconf 91' lang='lat' dir='ltr'><strong>quod</strong></span> <span class='ocrx_word' id='word_1_614' title='bbox 1266 4357 1369 4410; x_wconf 90' lang='lat' dir='ltr'><strong>pro</strong></span> <span class='ocrx_word' id='word_1_615' title='bbox 1400 4315 1721 4397; x_wconf 78' lang='lat' dir='ltr'><strong>inviolabili</strong></span> <span class='ocrx_word' id='word_1_616' title='bbox 1745 4342 1906 4399; x_wconf 88' lang='lat' dir='ltr'><strong>habe-</strong></span> 
     </span>
    </p>
   </div>
   <div class='ocr_carea' id='block_1_72' title="bbox 2099 4315 3721 4410">
    <p class='ocr_par' dir='ltr' id='par_1_72' title="bbox 2099 4315 3721 4392">
     <span class='ocr_line' id='line_1_72' title="bbox 2099 4315 3721 4392; baseline -0.008 -16"><span class='ocrx_word' id='word_1_617' title='bbox 2099 4323 2316 4392; x_wconf 88' lang='lat' dir='ltr'><strong>msequi</strong></span> <span class='ocrx_word' id='word_1_618' title='bbox 2334 4319 2769 4376; x_wconf 80' lang='lat' dir='ltr'><strong>debetrationem</strong></span> <span class='ocrx_word' id='word_1_619' title='bbox 2779 4319 2976 4384; x_wconf 88' lang='lat' dir='ltr'><strong>animi,</strong></span> <span class='ocrx_word' id='word_1_620' title='bbox 2993 4332 3103 4372; x_wconf 88' lang='lat' dir='ltr'><strong>non</strong></span> <span class='ocrx_word' id='word_1_621' title='bbox 3117 4315 3345 4386; x_wconf 61' lang='lat' dir='ltr'><strong>przire,</strong></span> <span class='ocrx_word' id='word_1_622' title='bbox 3360 4315 3421 4367; x_wconf 89' lang='lat' dir='ltr'><strong>ut</strong></span> <span class='ocrx_word' id='word_1_623' title='bbox 3439 4315 3599 4382; x_wconf 85' lang='lat' dir='ltr'><strong>quasi</strong></span> <span class='ocrx_word' id='word_1_624' title='bbox 3617 4326 3721 4364; x_wconf 88' lang='lat' dir='ltr'><strong>an-</strong></span> 
     </span>
    </p>
   </div>
   <div class='ocr_carea' id='block_1_73' title="bbox 219 4402 3722 4506">
    <p class='ocr_par' dir='ltr' id='par_1_73' title="bbox 219 4402 3722 4506">
     <span class='ocr_line' id='line_1_73' title="bbox 219 4402 3722 4506; baseline -0.004 -24"><span class='ocrx_word' id='word_1_625' title='bbox 219 4434 413 4483; x_wconf 87' lang='lat' dir='ltr'><strong>rentur</strong></span> <span class='ocrx_word' id='word_1_626' title='bbox 463 4427 646 4500; x_wconf 76' lang='lat' dir='ltr'><strong>asylo,</strong></span> <span class='ocrx_word' id='word_1_627' title='bbox 671 4429 729 4485; x_wconf 92' lang='lat' dir='ltr'><strong>S.</strong></span> <span class='ocrx_word' id='word_1_628' title='bbox 781 4402 1202 4501; x_wconf 49' lang='lat' dir='ltr'><strong>Gregorius-eis</strong></span> <span class='ocrx_word' id='word_1_629' title='bbox 1253 4402 1544 4501; x_wconf 80' lang='lat' dir='ltr'><strong>persuasit</strong></span> <span class='ocrx_word' id='word_1_630' title='bbox 1575 4436 1638 4487; x_wconf 91' lang='lat' dir='ltr'><strong>ut</strong></span> <span class='ocrx_word' id='word_1_631' title='bbox 1667 4434 1912 4506; x_wconf 85' lang='lat' dir='ltr'><strong>exirent,</strong></span> <span class='ocrx_word' id='word_1_632' title='bbox 2020 4413 2152 4506; x_wconf 61' lang='grc' dir='ltr'><strong>σξίίια</strong></span> <span class='ocrx_word' id='word_1_633' title='bbox 2179 4411 2418 4480; x_wconf 53' lang='lat' dir='ltr'><strong>iustitio?</strong></span> <span class='ocrx_word' id='word_1_634' title='bbox 2444 4412 2812 4506; x_wconf 40' lang='lat' dir='ltr'><strong>Postul‘tlflm</strong></span> <span class='ocrx_word' id='word_1_635' title='bbox 2858 4408 3064 4506; x_wconf 62' lang='grc' dir='ltr'><strong>υςηίαίο</strong></span> <span class='ocrx_word' id='word_1_636' title='bbox 3096 4409 3146 4461; x_wconf 71' lang='grc' dir='ltr'><strong><em>σε</em></strong></span> <span class='ocrx_word' id='word_1_637' title='bbox 3188 4419 3296 4506; x_wconf 55' lang='lat' dir='ltr'><strong>&quot;fl&quot;</strong></span> <span class='ocrx_word' id='word_1_638' title='bbox 3332 4402 3722 4506; x_wconf 40' lang='grc' dir='ltr'><strong>Ψσιίυαξιηες</strong></span> 
     </span>
    </p>
   </div>
   <div class='ocr_carea' id='block_1_74' title="bbox 216 4492 1906 4598">
    <p class='ocr_par' dir='ltr' id='par_1_74' title="bbox 216 4492 1906 4596">
     <span class='ocr_line' id='line_1_74' title="bbox 216 4492 1906 4596; baseline 0.004 -24"><span class='ocrx_word' id='word_1_639' title='bbox 216 4523 268 4572; x_wconf 91' lang='lat' dir='ltr'><strong>et</strong></span> <span class='ocrx_word' id='word_1_640' title='bbox 295 4492 552 4576; x_wconf 74' lang='lat' dir='ltr'><strong>rationes</strong></span> <span class='ocrx_word' id='word_1_641' title='bbox 606 4492 744 4574; x_wconf 81' lang='lat' dir='ltr'><strong>suas</strong></span> <span class='ocrx_word' id='word_1_642' title='bbox 789 4492 1075 4591; x_wconf 68' lang='lat' dir='ltr'><strong>exponere</strong></span> <span class='ocrx_word' id='word_1_643' title='bbox 1117 4492 1388 4576; x_wconf 45' lang='lat' dir='ltr'><strong>cura-rent</strong></span> <span class='ocrx_word' id='word_1_644' title='bbox 1419 4523 1555 4590; x_wconf 90' lang='lat' dir='ltr'><strong>(Lib.</strong></span> <span class='ocrx_word' id='word_1_645' title='bbox 1591 4540 1646 4590; x_wconf 74' lang='grc' dir='ltr'><strong>κ,</strong></span> <span class='ocrx_word' id='word_1_646' title='bbox 1678 4539 1762 4595; x_wconf 89' lang='lat' dir='ltr'><strong>ep.</strong></span> <span class='ocrx_word' id='word_1_647' title='bbox 1793 4492 1906 4596; x_wconf 58' lang='lat'><strong>50):</strong></span> 
     </span>
    </p>
   </div>
   <div class='ocr_carea' id='block_1_75' title="bbox 2099 4492 3726 4598">
    <p class='ocr_par' dir='ltr' id='par_1_75' title="bbox 2099 4492 3726 4598">
     <span class='ocr_line' id='line_1_75' title="bbox 2099 4492 3726 4598; baseline -0.009 -40"><span class='ocrx_word' id='word_1_648' title='bbox 2099 4506 2226 4558; x_wconf 83' lang='lat' dir='ltr'><strong>:iem</strong></span> <span class='ocrx_word' id='word_1_649' title='bbox 2263 4504 2606 4572; x_wconf 88' lang='lat' dir='ltr'><strong>prorumpat.</strong></span> <span class='ocrx_word' id='word_1_650' title='bbox 2638 4497 2946 4570; x_wconf 83' lang='lat' dir='ltr'><strong>Aliquando</strong></span> <span class='ocrx_word' id='word_1_651' title='bbox 2991 4511 3118 4552; x_wconf 85' lang='lat' dir='ltr'><strong>vero</strong></span> <span class='ocrx_word' id='word_1_652' title='bbox 3160 4492 3491 4598; x_wconf 62' lang='lat' dir='ltr'><strong>ostendenda</strong></span> <span class='ocrx_word' id='word_1_653' title='bbox 3536 4496 3634 4559; x_wconf 88' lang='lat' dir='ltr'><strong>est,</strong></span> <span class='ocrx_word' id='word_1_654' title='bbox 3668 4494 3726 4543; x_wconf 83' lang='lat' dir='ltr'><strong>et</strong></span> 
     </span>
    </p>
   </div>
   <div class='ocr_carea' id='block_1_76' title="bbox 213 4581 1906 4682">
    <p class='ocr_par' dir='ltr' id='par_1_76' title="bbox 213 4581 1906 4682">
     <span class='ocr_line' id='line_1_76' title="bbox 213 4581 1906 4682; baseline 0.005 -20"><span class='ocrx_word' id='word_1_655' title='bbox 213 4607 431 4679; x_wconf 81' lang='lat' dir='ltr'><strong>Egressi</strong></span> <span class='ocrx_word' id='word_1_656' title='bbox 464 4614 602 4664; x_wconf 92' lang='lat' dir='ltr'><strong>sunt</strong></span> <span class='ocrx_word' id='word_1_657' title='bbox 632 4610 843 4679; x_wconf 87' lang='lat' dir='ltr'><strong>itaque,</strong></span> <span class='ocrx_word' id='word_1_658' title='bbox 863 4581 931 4664; x_wconf 48' lang='lat' dir='ltr'><strong>.et</strong></span> <span class='ocrx_word' id='word_1_659' title='bbox 962 4610 1153 4665; x_wconf 89' lang='lat' dir='ltr'><strong>Marco</strong></span> <span class='ocrx_word' id='word_1_660' title='bbox 1183 4581 1438 4666; x_wconf 86' lang='lat' dir='ltr'><strong>Scriboni</strong></span> <span class='ocrx_word' id='word_1_661' title='bbox 1473 4613 1570 4682; x_wconf 86' lang='lat' dir='ltr'><strong>qui</strong></span> <span class='ocrx_word' id='word_1_662' title='bbox 1597 4581 1666 4668; x_wconf 76' lang='lat' dir='ltr'><strong>ad</strong></span> <span class='ocrx_word' id='word_1_663' title='bbox 1696 4581 1906 4670; x_wconf 77' lang='lat' dir='ltr'><strong>exhibi-</strong></span> 
     </span>
    </p>
   </div>
   <div class='ocr_carea' id='block_1_77' title="bbox 2099 4581 3737 4682">
    <p class='ocr_par' dir='ltr' id='par_1_77' title="bbox 2099 4581 3737 4682">
     <span class='ocr_line' id='line_1_77' title="bbox 2099 4581 3737 4682; baseline -0.01 -34"><span class='ocrx_word' id='word_1_664' title='bbox 2099 4611 2125 4648; x_wconf 87' lang='lat' dir='ltr'><strong>n</strong></span> <span class='ocrx_word' id='word_1_665' title='bbox 2157 4591 2502 4657; x_wconf 79' lang='lat' dir='ltr'><strong>exhibenda;</strong></span> <span class='ocrx_word' id='word_1_666' title='bbox 2527 4589 2822 4661; x_wconf 84' lang='lat' dir='ltr'><strong>aliquando</strong></span> <span class='ocrx_word' id='word_1_667' title='bbox 2853 4585 3167 4644; x_wconf 73' lang='lat' dir='ltr'><strong>exhibenda</strong></span> <span class='ocrx_word' id='word_1_668' title='bbox 3198 4590 3301 4650; x_wconf 79' lang='lat' dir='ltr'><strong>est,</strong></span> <span class='ocrx_word' id='word_1_669' title='bbox 3445 4594 3737 4682; x_wconf 78' lang='lat' dir='ltr'><strong>nunquam</strong></span> 
     </span>
    </p>
   </div>
   <div class='ocr_carea' id='block_1_78' title="bbox 206 4669 3740 4776">
    <p class='ocr_par' dir='ltr' id='par_1_78' title="bbox 206 4669 3740 4776">
     <span class='ocr_line' id='line_1_78' title="bbox 206 4669 3740 4776; baseline 0.001 -24"><span class='ocrx_word' id='word_1_670' title='bbox 206 4669 400 4753; x_wconf 62' lang='lat' dir='ltr'><strong>tionem</strong></span> <span class='ocrx_word' id='word_1_671' title='bbox 421 4716 611 4756; x_wconf 88' lang='lat' dir='ltr'><strong>eorum</strong></span> <span class='ocrx_word' id='word_1_672' title='bbox 634 4704 857 4754; x_wconf 85' lang='lat' dir='ltr'><strong>venerat</strong></span> <span class='ocrx_word' id='word_1_673' title='bbox 877 4700 1098 4766; x_wconf 87' lang='lat' dir='ltr'><strong>traditi,</strong></span> <span class='ocrx_word' id='word_1_674' title='bbox 1125 4705 1359 4770; x_wconf 87' lang='lat' dir='ltr'><strong>accepta</strong></span> <span class='ocrx_word' id='word_1_675' title='bbox 1391 4669 1556 4771; x_wconf 44' lang='lat' dir='ltr'><strong>pri‘us</strong></span> <span class='ocrx_word' id='word_1_676' title='bbox 1575 4704 1922 4776; x_wconf 27' lang='lat' dir='ltr'><strong>sponsione‘</strong></span> <span class='ocrx_word' id='word_1_677' title='bbox 2025 4684 2324 4776; x_wconf 59' lang='grc' dir='ltr'><strong>*εςασηιέαο</strong></span> <span class='ocrx_word' id='word_1_678' title='bbox 2351 4680 2758 4776; x_wconf 18' lang='grc' dir='ltr'><strong>οξιαηάοῇεηίηῑ</strong></span> <span class='ocrx_word' id='word_1_679' title='bbox 2867 4678 3216 4734; x_wconf 53' lang='lat' dir='ltr'><strong>exsecutione</strong></span> <span class='ocrx_word' id='word_1_680' title='bbox 3239 4675 3484 4776; x_wconf 56' lang='grc' dir='ltr'><strong>Ῐαξίῑηέθ</strong></span> 
     </span>
    </p>
   </div>
   <div class='ocr_carea' id='block_1_79' title="bbox 213 4757 3740 4863">
    <p class='ocr_par' dir='ltr' id='par_1_79' title="bbox 213 4757 3740 4863">
     <span class='ocr_line' id='line_1_79' title="bbox 213 4757 3740 4863; baseline -0.005 -33"><span class='ocrx_word' id='word_1_681' title='bbox 213 4787 425 4843; x_wconf 69' lang='lat' dir='ltr'><strong>nullam</strong></span> <span class='ocrx_word' id='word_1_682' title='bbox 487 4805 545 4844; x_wconf 65' lang='lat' dir='ltr'><strong>se</strong></span> <span class='ocrx_word' id='word_1_683' title='bbox 592 4789 926 4844; x_wconf 63' lang='lat' dir='ltr'><strong>violentiam</strong></span> <span class='ocrx_word' id='word_1_684' title='bbox 979 4757 1276 4860; x_wconf 58' lang='grc' dir='ltr'><strong>ρειεέωιοεξ</strong></span> <span class='ocrx_word' id='word_1_685' title='bbox 1323 4757 1669 4860; x_wconf 52' lang='grc' dir='ltr'><strong>θέρεοιιίυξτί</strong></span> <span class='ocrx_word' id='word_1_686' title='bbox 1705 4757 1923 4863; x_wconf 50' lang='grc' dir='ltr'><strong>εχρτεέζ</strong></span> <span class='ocrx_word' id='word_1_687' title='bbox 2033 4782 2213 4830; x_wconf 87' lang='lat' dir='ltr'><strong>mente</strong></span> <span class='ocrx_word' id='word_1_688' title='bbox 2237 4771 2554 4837; x_wconf 87' lang='lat' dir='ltr'><strong>irascimur,</strong></span> <span class='ocrx_word' id='word_1_689' title='bbox 2576 4769 2925 4826; x_wconf 75' lang='lat' dir='ltr'><strong>iracundiam</strong></span> <span class='ocrx_word' id='word_1_690' title='bbox 2957 4776 3008 4826; x_wconf 88' lang='lat' dir='ltr'><strong>et</strong></span> <span class='ocrx_word' id='word_1_691' title='bbox 3038 4783 3149 4825; x_wconf 88' lang='lat' dir='ltr'><strong>non</strong></span> <span class='ocrx_word' id='word_1_692' title='bbox 3176 4765 3463 4837; x_wconf 85' lang='lat' dir='ltr'><strong>sequimur</strong></span> <span class='ocrx_word' id='word_1_693' title='bbox 3499 4764 3549 4816; x_wconf 87' lang='lat' dir='ltr'><strong>et</strong></span> <span class='ocrx_word' id='word_1_694' title='bbox 3578 4757 3740 4815; x_wconf 72' lang='lat' dir='ltr'><strong>exhi-</strong></span> 
     </span>
    </p>
   </div>
   <div class='ocr_carea' id='block_1_80' title="bbox 217 4864 2242 4951">
    <p class='ocr_par' dir='ltr' id='par_1_80' title="bbox 217 4864 2242 4951">
     <span class='ocr_line' id='line_1_80' title="bbox 217 4864 2242 4951; baseline 0.005 -18"><span class='ocrx_word' id='word_1_695' title='bbox 217 4879 428 4936; x_wconf 83' lang='lat' dir='ltr'><strong>fectum</strong></span> <span class='ocrx_word' id='word_1_696' title='bbox 461 4881 720 4935; x_wconf 85' lang='lat' dir='ltr'><strong>amicitia</strong></span> <span class='ocrx_word' id='word_1_697' title='bbox 751 4880 862 4935; x_wconf 89' lang='lat' dir='ltr'><strong>sibi</strong></span> <span class='ocrx_word' id='word_1_698' title='bbox 903 4881 1454 4951; x_wconf 87' lang='lat' dir='ltr'><strong>conjunctissimum</strong></span> <span class='ocrx_word' id='word_1_699' title='bbox 1488 4885 1925 4941; x_wconf 86' lang='lat' dir='ltr'><strong>commendavit</strong></span> <span class='ocrx_word' id='word_1_700' title='bbox 2035 4864 2242 4920; x_wconf 63' lang='lat' dir='ltr'><strong>b‘mm&#39;</strong></span> 
     </span>
    </p>
   </div>
   <div class='ocr_carea' id='block_1_81' title="bbox 221 4969 3736 5047">
    <p class='ocr_par' dir='ltr' id='par_1_81' title="bbox 221 4969 3736 5047">
     <span class='ocr_line' id='line_1_81' title="bbox 221 4969 3736 5047; baseline -0.005 -6"><span class='ocrx_word' id='word_1_701' title='bbox 221 4969 358 5026; x_wconf 56' lang='lat'><strong>’9’</strong></span> <span class='ocrx_word' id='word_1_702' title='bbox 391 4971 545 5041; x_wconf 62' lang='lat' dir='ltr'><strong>Papa</strong></span> <span class='ocrx_word' id='word_1_703' title='bbox 571 4974 694 5025; x_wconf 60' lang='lat' dir='ltr'><strong>tum</strong></span> <span class='ocrx_word' id='word_1_704' title='bbox 727 4971 804 5040; x_wconf 73' lang='lat' dir='ltr'><strong>(bl</strong></span> <span class='ocrx_word' id='word_1_705' title='bbox 835 4969 1103 5040; x_wconf 60' lang='lat' dir='ltr'><strong>Plurimis</strong></span> <span class='ocrx_word' id='word_1_706' title='bbox 1133 4971 1189 5025; x_wconf 72' lang='lat' dir='ltr'><strong>in</strong></span> <span class='ocrx_word' id='word_1_707' title='bbox 1222 4971 1415 5026; x_wconf 63' lang='lat' dir='ltr'><strong>Sicula</strong></span> <span class='ocrx_word' id='word_1_708' title='bbox 1445 4972 1754 5044; x_wconf 72' lang='grc' dir='ltr'><strong>θρίεοορίες</strong></span> <span class='ocrx_word' id='word_1_709' title='bbox 1788 4979 1909 5031; x_wconf 65' lang='lat' dir='ltr'><strong>tum</strong></span> <span class='ocrx_word' id='word_1_710' title='bbox 2103 4991 2213 5045; x_wconf 92' lang='lat' dir='ltr'><strong>Pro</strong></span> <span class='ocrx_word' id='word_1_711' title='bbox 2280 4987 2578 5045; x_wconf 89' lang='lat' dir='ltr'><strong>Libertino</strong></span> <span class='ocrx_word' id='word_1_712' title='bbox 2640 4982 3108 5045; x_wconf 84' lang='lat' dir='ltr'><strong>commendando</strong></span> <span class='ocrx_word' id='word_1_713' title='bbox 3139 4975 3456 5047; x_wconf 85' lang='lat' dir='ltr'><strong>scripserat</strong></span> <span class='ocrx_word' id='word_1_714' title='bbox 3506 4983 3736 5041; x_wconf 89' lang='lat' dir='ltr'><strong>quoque</strong></span> 
     </span>
    </p>
   </div>
   <div class='ocr_carea' id='block_1_82' title="bbox 223 5057 1899 5133">
    <p class='ocr_par' dir='ltr' id='par_1_82' title="bbox 223 5057 1899 5133">
     <span class='ocr_line' id='line_1_82' title="bbox 223 5057 1899 5133; baseline 0.004 -21"><span class='ocrx_word' id='word_1_715' title='bbox 223 5057 444 5115; x_wconf 86' lang='lat' dir='ltr'><strong>Leontio</strong></span> <span class='ocrx_word' id='word_1_716' title='bbox 483 5059 781 5117; x_wconf 87' lang='lat' dir='ltr'><strong>exconsuli</strong></span> <span class='ocrx_word' id='word_1_717' title='bbox 811 5065 868 5114; x_wconf 90' lang='lat' dir='ltr'><strong>et</strong></span> <span class='ocrx_word' id='word_1_718' title='bbox 915 5058 1044 5115; x_wconf 89' lang='lat' dir='ltr'><strong>aliis</strong></span> <span class='ocrx_word' id='word_1_719' title='bbox 1077 5076 1222 5130; x_wconf 89' lang='lat' dir='ltr'><strong>quos</strong></span> <span class='ocrx_word' id='word_1_720' title='bbox 1251 5061 1308 5115; x_wconf 92' lang='lat' dir='ltr'><strong>in</strong></span> <span class='ocrx_word' id='word_1_721' title='bbox 1342 5070 1575 5132; x_wconf 88' lang='lat' dir='ltr'><strong>accepta</strong></span> <span class='ocrx_word' id='word_1_722' title='bbox 1605 5063 1899 5133; x_wconf 85' lang='lat' dir='ltr'><strong>provincia</strong></span> 
     </span>
    </p>
   </div>
   <div class='ocr_carea' id='block_1_83' title="bbox 225 5149 1889 5221">
    <p class='ocr_par' dir='ltr' id='par_1_83' title="bbox 225 5149 1889 5221">
     <span class='ocr_line' id='line_1_83' title="bbox 225 5149 1889 5221; baseline 0.005 -19"><span class='ocrx_word' id='word_1_723' title='bbox 225 5150 300 5203; x_wconf 81' lang='lat' dir='ltr'><strong>vel</strong></span> <span class='ocrx_word' id='word_1_724' title='bbox 331 5151 624 5221; x_wconf 86' lang='lat' dir='ltr'><strong>adjutores</strong></span> <span class='ocrx_word' id='word_1_725' title='bbox 655 5153 710 5204; x_wconf 90' lang='lat' dir='ltr'><strong>et</strong></span> <span class='ocrx_word' id='word_1_726' title='bbox 762 5149 1136 5204; x_wconf 88' lang='lat' dir='ltr'><strong>consiliorum</strong></span> <span class='ocrx_word' id='word_1_727' title='bbox 1170 5151 1478 5221; x_wconf 89' lang='lat' dir='ltr'><strong>participes</strong></span> <span class='ocrx_word' id='word_1_728' title='bbox 1509 5152 1780 5220; x_wconf 88' lang='lat' dir='ltr'><strong>habebat,</strong></span> <span class='ocrx_word' id='word_1_729' title='bbox 1824 5173 1889 5212; x_wconf 89' lang='lat' dir='ltr'><strong>ve</strong></span> 
     </span>
    </p>
   </div>
   <div class='ocr_carea' id='block_1_84' title="bbox 228 5239 1910 5310">
    <p class='ocr_par' dir='ltr' id='par_1_84' title="bbox 228 5239 1910 5310">
     <span class='ocr_line' id='line_1_84' title="bbox 228 5239 1910 5310; baseline 0.007 -18"><span class='ocrx_word' id='word_1_730' title='bbox 228 5239 536 5295; x_wconf 86' lang='lat' dir='ltr'><strong>ministros.</strong></span> <span class='ocrx_word' id='word_1_731' title='bbox 590 5242 731 5295; x_wconf 90' lang='lat' dir='ltr'><strong>Cum</strong></span> <span class='ocrx_word' id='word_1_732' title='bbox 765 5239 862 5293; x_wconf 90' lang='lat' dir='ltr'><strong>diu</strong></span> <span class='ocrx_word' id='word_1_733' title='bbox 917 5245 1046 5310; x_wconf 89' lang='lat' dir='ltr'><strong>post</strong></span> <span class='ocrx_word' id='word_1_734' title='bbox 1095 5239 1380 5295; x_wconf 87' lang='lat' dir='ltr'><strong>indictum</strong></span> <span class='ocrx_word' id='word_1_735' title='bbox 1433 5246 1489 5296; x_wconf 89' lang='lat' dir='ltr'><strong>et</strong></span> <span class='ocrx_word' id='word_1_736' title='bbox 1531 5245 1910 5303; x_wconf 89' lang='lat' dir='ltr'><strong>constitutum</strong></span> 
     </span>
    </p>
   </div>
   <div class='ocr_carea' id='block_1_85' title="bbox 223 5330 1911 5406">
    <p class='ocr_par' dir='ltr' id='par_1_85' title="bbox 223 5330 1911 5406">
     <span class='ocr_line' id='line_1_85' title="bbox 223 5330 1911 5406; baseline 0.007 -24"><span class='ocrx_word' id='word_1_737' title='bbox 223 5330 435 5401; x_wconf 86' lang='lat' dir='ltr'><strong>tempus</strong></span> <span class='ocrx_word' id='word_1_738' title='bbox 482 5349 513 5387; x_wconf 90' lang='lat' dir='ltr'><strong>a</strong></span> <span class='ocrx_word' id='word_1_739' title='bbox 540 5331 728 5386; x_wconf 84' lang='lat' dir='ltr'><strong>Marco</strong></span> <span class='ocrx_word' id='word_1_740' title='bbox 778 5345 876 5385; x_wconf 87' lang='lat' dir='ltr'><strong>seu</strong></span> <span class='ocrx_word' id='word_1_741' title='bbox 910 5331 1247 5386; x_wconf 81' lang='lat' dir='ltr'><strong>Azimarcho</strong></span> <span class='ocrx_word' id='word_1_742' title='bbox 1272 5333 1568 5400; x_wconf 90' lang='lat' dir='ltr'><strong>Scribone,</strong></span> <span class='ocrx_word' id='word_1_743' title='bbox 1601 5335 1911 5406; x_wconf 85' lang='lat' dir='ltr'><strong>Gregorius</strong></span> 
     </span>
    </p>
   </div>
   <div class='ocr_carea' id='block_1_86' title="bbox 220 5420 1906 5489">
    <p class='ocr_par' dir='ltr' id='par_1_86' title="bbox 220 5420 1906 5489">
     <span class='ocr_line' id='line_1_86' title="bbox 220 5420 1906 5489; baseline 0.007 -16"><span class='ocrx_word' id='word_1_744' title='bbox 220 5423 578 5489; x_wconf 77' lang='lat' dir='ltr'><strong>exprsefectus</strong></span> <span class='ocrx_word' id='word_1_745' title='bbox 609 5423 668 5477; x_wconf 91' lang='lat' dir='ltr'><strong>in</strong></span> <span class='ocrx_word' id='word_1_746' title='bbox 699 5420 957 5477; x_wconf 90' lang='lat' dir='ltr'><strong>Siciliam</strong></span> <span class='ocrx_word' id='word_1_747' title='bbox 987 5421 1258 5489; x_wconf 84' lang='lat' dir='ltr'><strong>venisset,</strong></span> <span class='ocrx_word' id='word_1_748' title='bbox 1287 5427 1349 5478; x_wconf 92' lang='lat' dir='ltr'><strong>ut</strong></span> <span class='ocrx_word' id='word_1_749' title='bbox 1377 5438 1435 5479; x_wconf 88' lang='lat' dir='ltr'><strong>se</strong></span> <span class='ocrx_word' id='word_1_750' title='bbox 1476 5441 1667 5481; x_wconf 89' lang='lat' dir='ltr'><strong>coram</strong></span> <span class='ocrx_word' id='word_1_751' title='bbox 1698 5443 1906 5485; x_wconf 85' lang='lat' dir='ltr'><strong>excon-</strong></span> 
     </span>
    </p>
   </div>
   <div class='ocr_carea' id='block_1_87' title="bbox 205 3891 1914 3963">
    <p class='ocr_par' dir='ltr' id='par_1_87' title="bbox 205 3891 1914 3963">
     <span class='ocr_line' id='line_1_87' title="bbox 205 3891 1914 3963; baseline 0.003 -18"><span class='ocrx_word' id='word_1_752' title='bbox 205 3891 496 3947; x_wconf 80' lang='lat' dir='ltr'><strong>simorum</strong></span> <span class='ocrx_word' id='word_1_753' title='bbox 555 3893 938 3948; x_wconf 87' lang='lat' dir='ltr'><strong>Dominorum</strong></span> <span class='ocrx_word' id='word_1_754' title='bbox 990 3893 1262 3963; x_wconf 87' lang='lat' dir='ltr'><strong>jussione</strong></span> <span class='ocrx_word' id='word_1_755' title='bbox 1319 3895 1597 3950; x_wconf 86' lang='lat' dir='ltr'><strong>mandata</strong></span> <span class='ocrx_word' id='word_1_756' title='bbox 1646 3899 1828 3962; x_wconf 90' lang='lat' dir='ltr'><strong>erant,</strong></span> <span class='ocrx_word' id='word_1_757' title='bbox 1855 3894 1914 3950; x_wconf 92' lang='lat' dir='ltr'><strong>in</strong></span> 
     </span>
    </p>
   </div>
   <div class='ocr_carea' id='block_1_88' title="bbox 210 3982 1912 4055">
    <p class='ocr_par' dir='ltr' id='par_1_88' title="bbox 210 3982 1912 4055">
     <span class='ocr_line' id='line_1_88' title="bbox 210 3982 1912 4055; baseline 0.003 -20"><span class='ocrx_word' id='word_1_758' title='bbox 210 3987 498 4051; x_wconf 87' lang='lat' dir='ltr'><strong>quantum</strong></span> <span class='ocrx_word' id='word_1_759' title='bbox 556 3982 701 4037; x_wconf 89' lang='lat' dir='ltr'><strong>ratio</strong></span> <span class='ocrx_word' id='word_1_760' title='bbox 763 3982 1000 4049; x_wconf 89' lang='lat' dir='ltr'><strong>sineret,</strong></span> <span class='ocrx_word' id='word_1_761' title='bbox 1061 3984 1367 4055; x_wconf 78' lang='lat' dir='ltr'><strong>suffragari</strong></span> <span class='ocrx_word' id='word_1_762' title='bbox 1437 3984 1797 4054; x_wconf 88' lang='lat' dir='ltr'><strong>dignaretur.</strong></span> <span class='ocrx_word' id='word_1_763' title='bbox 1854 3985 1912 4040; x_wconf 92' lang='lat' dir='ltr'><strong>Id</strong></span> 
     </span>
    </p>
   </div>
   <div class='ocr_carea' id='block_1_89' title="bbox 211 4069 1914 4146">
    <p class='ocr_par' dir='ltr' id='par_1_89' title="bbox 211 4069 1914 4146">
     <span class='ocr_line' id='line_1_89' title="bbox 211 4069 1914 4146; baseline 0.004 -23"><span class='ocrx_word' id='word_1_764' title='bbox 211 4069 604 4126; x_wconf 88' lang='lat' dir='ltr'><strong>libentissime</strong></span> <span class='ocrx_word' id='word_1_765' title='bbox 636 4088 694 4127; x_wconf 89' lang='lat' dir='ltr'><strong>se</strong></span> <span class='ocrx_word' id='word_1_766' title='bbox 717 4073 1118 4143; x_wconf 72' lang='lat' dir='ltr'><strong>praestitutum</strong></span> <span class='ocrx_word' id='word_1_767' title='bbox 1148 4072 1440 4144; x_wconf 89' lang='lat' dir='ltr'><strong>pollicitus</strong></span> <span class='ocrx_word' id='word_1_768' title='bbox 1472 4080 1556 4129; x_wconf 90' lang='lat' dir='ltr'><strong>est</strong></span> <span class='ocrx_word' id='word_1_769' title='bbox 1587 4090 1774 4146; x_wconf 90' lang='lat' dir='ltr'><strong>papa;</strong></span> <span class='ocrx_word' id='word_1_770' title='bbox 1811 4091 1914 4130; x_wconf 88' lang='lat' dir='ltr'><strong>nec</strong></span> 
     </span>
    </p>
   </div>
   <div class='ocr_carea' id='block_1_90' title="bbox 212 4157 1913 4232">
    <p class='ocr_par' dir='ltr' id='par_1_90' title="bbox 212 4157 1913 4232">
     <span class='ocr_line' id='line_1_90' title="bbox 212 4157 1913 4232; baseline 0.004 -20"><span class='ocrx_word' id='word_1_771' title='bbox 212 4157 264 4212; x_wconf 90' lang='lat' dir='ltr'><strong>id</strong></span> <span class='ocrx_word' id='word_1_772' title='bbox 296 4157 545 4230; x_wconf 89' lang='lat' dir='ltr'><strong>implere</strong></span> <span class='ocrx_word' id='word_1_773' title='bbox 575 4159 820 4225; x_wconf 88' lang='lat' dir='ltr'><strong>distulit,</strong></span> <span class='ocrx_word' id='word_1_774' title='bbox 854 4176 985 4215; x_wconf 88' lang='lat' dir='ltr'><strong>nam</strong></span> <span class='ocrx_word' id='word_1_775' title='bbox 1019 4175 1152 4216; x_wconf 91' lang='lat' dir='ltr'><strong>cum</strong></span> <span class='ocrx_word' id='word_1_776' title='bbox 1195 4159 1508 4232; x_wconf 89' lang='lat' dir='ltr'><strong>Gregorius</strong></span> <span class='ocrx_word' id='word_1_777' title='bbox 1540 4163 1913 4232; x_wconf 69' lang='lat' dir='ltr'><strong>exprmfectus</strong></span> 
     </span>
    </p>
   </div>
   <div class='ocr_carea' id='block_1_91' title="bbox 2031 5061 3734 5153">
    <p class='ocr_par' dir='ltr' id='par_1_91' title="bbox 2031 5061 3734 5153">
     <span class='ocr_line' id='line_1_91' title="bbox 2031 5061 3734 5153; baseline -0.016 -16"><span class='ocrx_word' id='word_1_778' title='bbox 2031 5079 2340 5153; x_wconf 89' lang='lat' dir='ltr'><strong>Gregorius</strong></span> <span class='ocrx_word' id='word_1_779' title='bbox 2364 5080 2436 5135; x_wconf 91' lang='lat' dir='ltr'><strong>ad</strong></span> <span class='ocrx_word' id='word_1_780' title='bbox 2494 5077 2887 5134; x_wconf 86' lang='lat' dir='ltr'><strong>Amsndinum</strong></span> <span class='ocrx_word' id='word_1_781' title='bbox 2957 5068 3331 5128; x_wconf 88' lang='lat' dir='ltr'><strong>domesticum</strong></span> <span class='ocrx_word' id='word_1_782' title='bbox 3375 5061 3515 5153; x_wconf 74' lang='lat' dir='ltr'><strong>(Lib.</strong></span> <span class='ocrx_word' id='word_1_783' title='bbox 3547 5075 3606 5153; x_wconf 74' lang='lat' dir='ltr'><strong>x,</strong></span> <span class='ocrx_word' id='word_1_784' title='bbox 3645 5073 3734 5153; x_wconf 80' lang='lat' dir='ltr'><strong>ep.</strong></span> 
     </span>
    </p>
   </div>
   <div class='ocr_carea' id='block_1_92' title="bbox 2027 5148 3735 5241">
    <p class='ocr_par' dir='ltr' id='par_1_92' title="bbox 2027 5148 3735 5241">
     <span class='ocr_line' id='line_1_92' title="bbox 2027 5148 3735 5241; baseline -0.015 -15"><span class='ocrx_word' id='word_1_785' title='bbox 2027 5148 2328 5241; x_wconf 45' lang='lat' dir='ltr'><strong>52),&#39;quod</strong></span> <span class='ocrx_word' id='word_1_786' title='bbox 2364 5167 2606 5224; x_wconf 88' lang='lat' dir='ltr'><strong>moleste</strong></span> <span class='ocrx_word' id='word_1_787' title='bbox 2645 5165 2742 5220; x_wconf 90' lang='lat' dir='ltr'><strong>ille</strong></span> <span class='ocrx_word' id='word_1_788' title='bbox 2771 5162 2926 5228; x_wconf 91' lang='lat' dir='ltr'><strong>tulit,</strong></span> <span class='ocrx_word' id='word_1_789' title='bbox 2977 5158 3084 5216; x_wconf 87' lang='lat' dir='ltr'><strong>etsi</strong></span> <span class='ocrx_word' id='word_1_790' title='bbox 3116 5153 3261 5211; x_wconf 89' lang='lat' dir='ltr'><strong>nihil</strong></span> <span class='ocrx_word' id='word_1_791' title='bbox 3282 5151 3467 5241; x_wconf 84' lang='lat' dir='ltr'><strong>asperi</strong></span> <span class='ocrx_word' id='word_1_792' title='bbox 3493 5148 3735 5241; x_wconf 77' lang='lat' dir='ltr'><strong>haberet</strong></span> 
     </span>
    </p>
   </div>
   <div class='ocr_carea' id='block_1_93' title="bbox 2026 5236 3731 5332">
    <p class='ocr_par' dir='ltr' id='par_1_93' title="bbox 2026 5236 3731 5332">
     <span class='ocr_line' id='line_1_93' title="bbox 2026 5236 3731 5332; baseline -0.015 -16"><span class='ocrx_word' id='word_1_793' title='bbox 2026 5236 2294 5332; x_wconf 81' lang='lat' dir='ltr'><strong>epistola.</strong></span> <span class='ocrx_word' id='word_1_794' title='bbox 2344 5259 2593 5328; x_wconf 86' lang='lat' dir='ltr'><strong>Jamque</strong></span> <span class='ocrx_word' id='word_1_795' title='bbox 2625 5253 2900 5325; x_wconf 86' lang='lat' dir='ltr'><strong>Gregorio</strong></span> <span class='ocrx_word' id='word_1_796' title='bbox 2932 5247 3249 5305; x_wconf 88' lang='lat' dir='ltr'><strong>rescribere</strong></span> <span class='ocrx_word' id='word_1_797' title='bbox 3285 5240 3507 5332; x_wconf 86' lang='lat' dir='ltr'><strong>asperis</strong></span> <span class='ocrx_word' id='word_1_798' title='bbox 3536 5236 3731 5294; x_wconf 86' lang='lat' dir='ltr'><strong>verbis</strong></span> 
     </span>
    </p>
   </div>
   <div class='ocr_carea' id='block_1_94' title="bbox 2025 5330 3729 5420">
    <p class='ocr_par' dir='ltr' id='par_1_94' title="bbox 2025 5330 3729 5420">
     <span class='ocr_line' id='line_1_94' title="bbox 2025 5330 3729 5420; baseline -0.013 -17"><span class='ocrx_word' id='word_1_799' title='bbox 2025 5330 2288 5420; x_wconf 77' lang='lat' dir='ltr'><strong>parabat,</strong></span> <span class='ocrx_word' id='word_1_800' title='bbox 2348 5346 2448 5401; x_wconf 90' lang='lat' dir='ltr'><strong>sed</strong></span> <span class='ocrx_word' id='word_1_801' title='bbox 2488 5358 2558 5398; x_wconf 92' lang='lat' dir='ltr'><strong>ne</strong></span> <span class='ocrx_word' id='word_1_802' title='bbox 2607 5343 2665 5397; x_wconf 91' lang='lat' dir='ltr'><strong>id</strong></span> <span class='ocrx_word' id='word_1_803' title='bbox 2697 5341 3100 5407; x_wconf 69' lang='lat' dir='ltr'><strong>exsequeretur</strong></span> <span class='ocrx_word' id='word_1_804' title='bbox 3130 5330 3456 5405; x_wconf 89' lang='lat' dir='ltr'><strong>prohibitus</strong></span> <span class='ocrx_word' id='word_1_805' title='bbox 3487 5332 3729 5420; x_wconf 33' lang='lat' dir='ltr'><strong>estuper</strong></span> 
     </span>
    </p>
   </div>
   <div class='ocr_carea' id='block_1_95' title="bbox 2022 5418 3727 5494">
    <p class='ocr_par' dir='ltr' id='par_1_95' title="bbox 2022 5418 3727 5494">
     <span class='ocr_line' id='line_1_95' title="bbox 2022 5418 3727 5494; baseline -0.014 1"><span class='ocrx_word' id='word_1_806' title='bbox 2022 5418 2340 5494; x_wconf 67' lang='lat' dir='ltr'><strong>somnium.</strong></span> <span class='ocrx_word' id='word_1_807' title='bbox 2399 5435 2671 5490; x_wconf 87' lang='lat' dir='ltr'><strong>Testatus</strong></span> <span class='ocrx_word' id='word_1_808' title='bbox 2702 5440 2788 5487; x_wconf 89' lang='lat' dir='ltr'><strong>est</strong></span> <span class='ocrx_word' id='word_1_809' title='bbox 2843 5429 2999 5485; x_wconf 88' lang='lat' dir='ltr'><strong>enim</strong></span> <span class='ocrx_word' id='word_1_810' title='bbox 3029 5442 3089 5484; x_wconf 82' lang='lat' dir='ltr'><strong>se</strong></span> <span class='ocrx_word' id='word_1_811' title='bbox 3136 5426 3195 5481; x_wconf 90' lang='lat' dir='ltr'><strong>in</strong></span> <span class='ocrx_word' id='word_1_812' title='bbox 3228 5421 3454 5481; x_wconf 91' lang='lat' dir='ltr'><strong>somnis</strong></span> <span class='ocrx_word' id='word_1_813' title='bbox 3509 5418 3727 5476; x_wconf 84' lang='lat' dir='ltr'><strong>vidisse</strong></span> 
     </span>
    </p>
   </div>
   <div class='ocr_carea' id='block_1_96' title="bbox 2087 5595 3728 5683">
    <p class='ocr_par' dir='ltr' id='par_1_96' title="bbox 2087 5595 3728 5683">
     <span class='ocr_line' id='line_1_96' title="bbox 2087 5595 3728 5683; baseline -0.009 -18"><span class='ocrx_word' id='word_1_814' title='bbox 2087 5611 2162 5683; x_wconf 73' lang='grc' dir='ltr'><strong>(ὁ)</strong></span> <span class='ocrx_word' id='word_1_815' title='bbox 2194 5609 2338 5683; x_wconf 65' lang='lat' dir='ltr'><strong>Vide</strong></span> <span class='ocrx_word' id='word_1_816' title='bbox 2394 5608 2566 5683; x_wconf 75' lang='lat' dir='ltr'><strong>epist.</strong></span> <span class='ocrx_word' id='word_1_817' title='bbox 2599 5605 2835 5683; x_wconf 87' lang='lat' dir='ltr'><strong>libri_x,</strong></span> <span class='ocrx_word' id='word_1_818' title='bbox 2859 5604 2989 5683; x_wconf 67' lang='lat' dir='ltr'><strong>a__54</strong></span> <span class='ocrx_word' id='word_1_819' title='bbox 3011 5617 3199 5683; x_wconf 77' lang='lat' dir='ltr'><strong>usque</strong></span> <span class='ocrx_word' id='word_1_820' title='bbox 3221 5602 3292 5658; x_wconf 87' lang='lat' dir='ltr'><strong>ad</strong></span> <span class='ocrx_word' id='word_1_821' title='bbox 3324 5595 3728 5683; x_wconf 46' lang='lat' dir='ltr'><strong>60.inclusive.</strong></span> 
     </span>
    </p>
   </div>
   <div class='ocr_carea' id='block_1_97' title="bbox 2086 5673 3722 5752">
    <p class='ocr_par' dir='ltr' id='par_1_97' title="bbox 2086 5673 3722 5752">
     <span class='ocr_line' id='line_1_97' title="bbox 2086 5673 3722 5752; baseline -0.01 -13"><span class='ocrx_word' id='word_1_822' title='bbox 2086 5673 2162 5752; x_wconf 73' lang='grc' dir='ltr'><strong>(ε)</strong></span> <span class='ocrx_word' id='word_1_823' title='bbox 2198 5673 2445 5738; x_wconf 78' lang='lat' dir='ltr'><strong>Noverat</strong></span> <span class='ocrx_word' id='word_1_824' title='bbox 2470 5681 2712 5752; x_wconf 81' lang='lat' dir='ltr'><strong>fortasse</strong></span> <span class='ocrx_word' id='word_1_825' title='bbox 2740 5677 3044 5752; x_wconf 84' lang='lat' dir='ltr'><strong>Leontium</strong></span> <span class='ocrx_word' id='word_1_826' title='bbox 3077 5673 3174 5731; x_wconf 61' lang='lat' dir='ltr'><strong>ira:</strong></span> <span class='ocrx_word' id='word_1_827' title='bbox 3214 5688 3343 5752; x_wconf 76' lang='lat' dir='ltr'><strong>esse</strong></span> <span class='ocrx_word' id='word_1_828' title='bbox 3399 5673 3722 5752; x_wconf 61' lang='lat' dir='ltr'><strong>impatien-</strong></span> 
     </span>
    </p>
   </div>
   <div class='ocr_carea' id='block_1_98' title="bbox 2014 5738 3718 5824">
    <p class='ocr_par' dir='ltr' id='par_1_98' title="bbox 2014 5738 3718 5824">
     <span class='ocr_line' id='line_1_98' title="bbox 2014 5738 3718 5824; baseline -0.011 -12"><span class='ocrx_word' id='word_1_829' title='bbox 2014 5738 2157 5813; x_wconf 56' lang='lat' dir='ltr'><strong>tem:</strong></span> <span class='ocrx_word' id='word_1_830' title='bbox 2179 5759 2254 5811; x_wconf 88' lang='lat' dir='ltr'><strong>De</strong></span> <span class='ocrx_word' id='word_1_831' title='bbox 2284 5749 2486 5811; x_wconf 86' lang='lat' dir='ltr'><strong>eodem</strong></span> <span class='ocrx_word' id='word_1_832' title='bbox 2515 5753 2858 5824; x_wconf 86' lang='lat' dir='ltr'><strong>argumento</strong></span> <span class='ocrx_word' id='word_1_833' title='bbox 2890 5749 3020 5808; x_wconf 91' lang='lat' dir='ltr'><strong>vide</strong></span> <span class='ocrx_word' id='word_1_834' title='bbox 3051 5763 3142 5820; x_wconf 90' lang='lat' dir='ltr'><strong>ep.</strong></span> <span class='ocrx_word' id='word_1_835' title='bbox 3177 5761 3218 5802; x_wconf 82' lang='lat' dir='ltr'><strong>ii</strong></span> <span class='ocrx_word' id='word_1_836' title='bbox 3251 5738 3519 5816; x_wconf 79' lang='lat' dir='ltr'><strong>ejusdem</strong></span> <span class='ocrx_word' id='word_1_837' title='bbox 3559 5738 3718 5794; x_wconf 89' lang='lat' dir='ltr'><strong>libri.</strong></span> 
     </span>
    </p>
   </div>
   <div class='ocr_carea' id='block_1_99' title="bbox 3713 5897 3796 5959">
    <p class='ocr_par' dir='ltr' id='par_1_99' title="bbox 3713 5897 3796 5959">
     <span class='ocr_line' id='line_1_99' title="bbox 3713 5897 3796 5959; baseline 0 0"><span class='ocrx_word' id='word_1_838' title='bbox 3713 5897 3796 5959; x_wconf 56' lang='grc' dir='ltr'><strong>Γ</strong></span> 
     </span>
    </p>
   </div>
   <div class='ocr_carea' id='block_1_100' title="bbox 277 5605 1904 5678">
    <p class='ocr_par' dir='ltr' id='par_1_100' title="bbox 277 5605 1904 5678">
     <span class='ocr_line' id='line_1_100' title="bbox 277 5605 1904 5678; baseline 0.007 -20"><span class='ocrx_word' id='word_1_839' title='bbox 277 5605 348 5676; x_wconf 89' lang='lat' dir='ltr'><strong>(a)</strong></span> <span class='ocrx_word' id='word_1_840' title='bbox 376 5611 554 5674; x_wconf 77' lang='lat' dir='ltr'><strong>Bosa,</strong></span> <span class='ocrx_word' id='word_1_841' title='bbox 590 5605 810 5677; x_wconf 84' lang='lat' dir='ltr'><strong>tibiale,</strong></span> <span class='ocrx_word' id='word_1_842' title='bbox 860 5605 1063 5678; x_wconf 87' lang='lat' dir='ltr'><strong>caliga.</strong></span> <span class='ocrx_word' id='word_1_843' title='bbox 1101 5607 1250 5664; x_wconf 89' lang='lat' dir='ltr'><strong>Galli</strong></span> <span class='ocrx_word' id='word_1_844' title='bbox 1296 5609 1430 5664; x_wconf 89' lang='lat' dir='ltr'><strong>olim</strong></span> <span class='ocrx_word' id='word_1_845' title='bbox 1468 5609 1736 5668; x_wconf 83' lang='lat' dir='ltr'><strong>dixerunt</strong></span> <span class='ocrx_word' id='word_1_846' title='bbox 1766 5613 1904 5670; x_wconf 84' lang='lat' dir='ltr'><strong>hou-</strong></span> 
     </span>
    </p>
   </div>
   <div class='ocr_carea' id='block_1_101' title="bbox 211 5679 1903 5758">
    <p class='ocr_par' dir='ltr' id='par_1_101' title="bbox 211 5679 1903 5758">
     <span class='ocr_line' id='line_1_101' title="bbox 211 5679 1903 5758; baseline 0.008 -27"><span class='ocrx_word' id='word_1_847' title='bbox 211 5689 351 5758; x_wconf 58' lang='lat' dir='ltr'><strong>seux.</strong></span> <span class='ocrx_word' id='word_1_848' title='bbox 389 5679 609 5758; x_wconf 56' lang='lat' dir='ltr'><strong>Amnes</strong></span> <span class='ocrx_word' id='word_1_849' title='bbox 664 5683 805 5758; x_wconf 83' lang='lat' dir='ltr'><strong>sunt</strong></span> <span class='ocrx_word' id='word_1_850' title='bbox 853 5694 1021 5735; x_wconf 89' lang='lat' dir='ltr'><strong>voces</strong></span> <span class='ocrx_word' id='word_1_851' title='bbox 1078 5679 1455 5751; x_wconf 66' lang='lat' dir='ltr'><strong>Germanicae,</strong></span> <span class='ocrx_word' id='word_1_852' title='bbox 1490 5682 1721 5756; x_wconf 69' lang='lat' dir='ltr'><strong>Italicae,</strong></span> <span class='ocrx_word' id='word_1_853' title='bbox 1756 5690 1903 5758; x_wconf 89' lang='lat' dir='ltr'><strong>etc.,</strong></span> 
     </span>
    </p>
   </div>
   <div class='ocr_carea' id='block_1_102' title="bbox 214 5746 801 5825">
    <p class='ocr_par' dir='ltr' id='par_1_102' title="bbox 214 5746 801 5825">
     <span class='ocr_line' id='line_1_102' title="bbox 214 5746 801 5825; baseline 0.003 -19"><span class='ocrx_word' id='word_1_854' title='bbox 214 5746 356 5807; x_wconf 85' lang='lat' dir='ltr'><strong>idem</strong></span> <span class='ocrx_word' id='word_1_855' title='bbox 379 5750 801 5825; x_wconf 78' lang='lat' dir='ltr'><strong>signiﬁcantes.</strong></span> 
     </span>
    </p>
   </div>
  </div>
