4104 6162
335 335 450 394 435

755 331 819 390 S.
869 318 1242 388 GREGORII
1291 314 1539 378 MAGNI
1585 309 1796 378 VlTA,
1843 306 1942 365 EX
1987 302 2171 365 EJUS
2215 304 2566 369 SCRIPTIS
2613 305 3053 368 ADORNATA.
3101 305 3254 366 LIB.
3297 304 3403 365 IV.

3730 301 3845 361 436

336 480 548 536 papam
580 479 644 518 ea
669 461 740 518 de
769 477 949 518 causa
979 452 1491 528 reprehendentem
1531 447 1587 500 et
1617 442 2037 511 increpantem.
2070 439 2124 502 Α
2230 439 2312 491 10.
2343 437 2460 494 Hoc
2479 454 2624 494 anno
2658 442 2925 494 mortuus
2955 441 3043 492 est
3101 437 3454 492 Fortunatus
3521 433 3865 506 Episcopus.

406 524 462 608 ἦ.
493 553 572 608 Ad
615 551 976 608 Libertinum
1025 524 1302 602 omnibus
1346 552 1490 611 pene
1523 531 1770 589 fortunis
1809 532 2048 583 exutum
2159 531 2302 585 Eum
2331 530 2501 600 paulo
2525 535 2658 586 ante
2673 530 2895 586 obitum
2923 528 3301 598 redargueret
3319 524 3784 596 Gregorius(Lib.
3808 541 3864 592 κ,

336 641 649 712 Gregorius
716 639 1026 712 epistolam
1086 631 1318 700 scripsit
1378 623 1845 686 consolatoriam,
1879 622 1935 672 et
1988 620 2052 672 ut
2160 620 2546 691 ep.2/iet25),
2580 624 2705 675 tum
2738 620 2808 674 de
2839 618 3085 672 minima
3114 615 3502 672 sollicitudine
3549 631 3685 686 erga
3743 631 3874 670 mo-

337 711 580 787 adversa
612 711 896 803 patienter
937 725 1258 783 sustineret
1316 717 1573 776 amicum
1616 714 1881 769 hortatus
1917 711 2049 803 est.

336 818 542 874 Verbis
572 796 796 873 addidit
827 813 1256 878 liberalitatem,
1291 822 1464 878 quam
1512 802 1682 858 solita
1725 796 2051 853 urbanitate

340 909 624 966 condivit:
674 909 801 962 Peto
832 913 1037 971 autem,
1072 898 1282 971 inquit,
1316 912 1383 950 ne
1433 893 1768 964 injuriosum
1815 886 2052 949 ducatis,

340 1000 483 1072 quod
511 997 712 1066 viginti
744 1012 776 1049 a
797 993 947 1048 nobis
970 991 1195 1047 vestitus
1211 987 1278 1042 ad
1301 1001 1494 1058 pueros
1506 988 1708 1037 vestros
1729 993 1830 1048 per
1853 977 2055 1072 Roma:

336 1062 471 1146 num
501 1062 851 1157 deiensorem
875 1079 1203 1152 scripsimus
1213 1075 1479 1149 praeberi,
1511 1072 1642 1143 quia
1655 1068 1717 1123 de
1731 1066 1875 1122 beati
1895 1062 2051 1119 Petri

337 1177 566 1251 apostoli
601 1175 778 1242 rebus,
815 1173 1066 1246 quamvis
1087 1185 1255 1240 parva
1287 1169 1398 1220 sint
1438 1175 1562 1235 quae
1598 1160 1934 1230 offeruntur,
1957 1168 2058 1224 pro

339 1244 543 1340 magna
586 1281 800 1337 semper
822 1244 1212 1318 benedictione
1270 1251 1614 1325 suscipienda
1653 1254 1780 1304 sunt
1831 1244 1970 1317 (Lib.
2001 1260 2056 1314 ι,

340 1377 452 1431 ep..
486 1356 595 1426 3t).

412 1458 536 1514 Non
555 1446 1297 1514 unidumtaxatamico,sed
1320 1433 2057 1513 plurimisimpendendum

341 1551 446 1607 fuit
467 1566 499 1605 a
528 1547 806 1617 Gregorio
840 1539 1178 1599 consolandi
1208 1537 1490 1603 ofﬁcium,
1516 1529 1835 1602 praesrtim
1863 1522 2057 1617 Domi-

341 1640 493 1706 nico,
562 1611 1008 1705 Caitbaginensi
1067 1630 1360 1700 episcopo,
1418 1625 1489 1679 ob
1537 1616 1928 1693 pestilentiam
2000 1611 2059 1665 in

341 1730 534 1785 Africa
555 1725 978 1789 desaevientem,
1014 1735 1186 1791 quem
1213 1718 1374 1770 docet
1415 1712 1653 1783 quinam
1697 1709 1919 1761 fructus
1993 1717 2059 1755 ex

2162 711 2437 778 nastcria,
2468 715 2591 764 tum
2622 710 2693 764 de
2724 707 3020 778 occupatis
3043 705 3211 762 Urbis
3234 706 3415 776 portis
3447 710 3502 760 et
3527 702 3871 776 aquaeductu

2163 816 2412 872 quorum
2444 816 2583 854 cura
2614 803 2670 854 et
2695 797 2961 853 custodia
2999 796 3327 868 pertinebat
3378 797 3448 851 ad
3481 795 3875 862 Theodorum,

2163 890 2438 959 majorem
2473 888 2695 960 populi,
2729 895 2786 942 et
2817 887 2884 941 ad
2917 885 3219 941 Rusticum
3253 886 3563 941 seniorem.
3596 883 3874 939 Proinde-

2164 997 2272 1051 que
2294 979 2474 1051 jussit
2504 975 3145 1050 requissimusPontifex
3166 978 3446 1047 usurpata
3463 975 3710 1031 restitui.
3742 973 3879 1030 Erat

2165 1071 2259 1126 hic
2289 1072 2468 1141 major
2496 1067 2692 1140 papuli
2722 1068 2839 1123 fere
2871 1067 3022 1122 idem
3057 1067 3438 1137 magistratus
3461 1081 3527 1120 ac
3569 1063 3724 1136 apud
3774 1078 3879 1118 no

2169 1163 2338 1218 modo
2379 1161 2530 1218 293
2558 1161 2738 1226 maior
2785 1158 2959 1214 urbis.
2992 1156 3379 1229 Amplissima
3414 1155 3541 1226 jam
3589 1159 3715 1211 tum
3757 1157 3883 1211 erat

2167 1251 2371 1307 civitas
2402 1251 2695 1321 Neapolis.
2729 1249 2811 1304 Ibi
2845 1247 3097 1303 artiﬁces
3137 1247 3196 1301 in
3237 1247 3467 1302 diversa
3485 1261 3748 1316 corpora,
3781 1259 3884 1316 pro

2169 1359 2520 1413 unaquaque
2549 1345 2673 1397 arte
2703 1357 2875 1411 quam
2910 1338 3357 1411 proﬁtebantur,
3391 1336 3681 1392 coaluisse
3713 1333 3892 1390 disci-

2172 1451 2302 1489 mus
2343 1450 2412 1488 ex
2460 1433 2709 1504 querelis
2768 1432 3205 1502 saponariorum
3267 1430 3544 1485 adversus
3599 1427 3890 1483 Joannem

2171 1524 2527 1588 Palatinum,
2552 1524 2655 1593 qui
2683 1537 2825 1575 nova
2870 1519 3114 1592 plurima
3143 1536 3328 1577 eorum
3372 1520 3589 1591 corpori
3631 1515 3899 1587 praeiudi-

2173 1613 2400 1670 cialiter
2428 1614 2705 1668 nitebatur
2737 1613 3042 1682 imponere,
3092 1619 3142 1666 et
3188 1610 3296 1664 sibi
3359 1608 3620 1678 proﬁcere
3678 1605 3891 1661 volebat

2174 1701 2405 1774 quiquid
2450 1700 2717 1756 commodi
2762 1699 2826 1754 de
2865 1697 3100 1754 introitu
3146 1698 3264 1765 eius
3311 1697 3606 1761 accederet,
3653 1695 3764 1750 hoc
3805 1695 3893 1749 est

344 1781 713 1889 hoc—ﬂagello
746 1781 1219 1881 sintcolligendi.
1245 1807 1410 1861 Tunc
1433 1781 1662 1856 italiam
1709 1813 1741 1851 a
1789 1793 1889 1849 tali
1932 1807 2063 1889 per-
2100 1817 2146 1882 Β
2177 1791 2463 1889 quidquid
2496 1788 2896 1889 persolvebant
2956 1788 3057 1858 qui
3111 1787 3246 1843 huic
3295 1785 3483 1842 ordini
3523 1789 3621 1840 aut
3659 1781 3891 1855 corpori

344 1877 613 1966 cussionue
635 1922 750 1961 non
786 1905 965 1959 fuisse
993 1877 1236 1955 li—beram
1255 1892 1486 1957 asserit,
1508 1892 1575 1946 ad
1606 1903 1776 1958 quam
1803 1882 2071 1956 plurima:
2100 1877 2138 1882 ⁷
2179 1880 2386 1936 sociari
2414 1879 2802 1950 impetrabant
2830 1879 2972 1948 (Lib.
3001 1896 3055 1949 x,
3087 1894 3175 1949 ep.
3209 1877 3323 1948 26).

345 1998 515 2071 quasi
571 1995 881 2053 acervatim
961 1988 1312 2046 accedebant
1387 1979 1750 2038 calamitates
1804 1973 1941 2045 (Lib.
2009 1986 2066 2035 x,

344 2106 429 2161 ep.
461 2088 574 2154 63).

414 2189 467 2243 8.
501 2186 657 2250 Quos
689 2185 925 2238 noverat
972 2179 1145 2234 rebus
1176 2174 1255 2230 uti
1288 2169 1601 2246 prosperis,
1625 2170 1681 2222 et
1713 2162 1871 2219 nulla
1921 2159 2071 2215 afﬁi-

347 2277 535 2334 ctione
569 2273 845 2346 magistra
892 2268 1110 2326 erudiri
1178 2265 1247 2319 ad
1321 2263 1606 2316 bonorum
1659 2249 2067 2323 temporalium

348 2372 770 2437 contemptum,
802 2367 856 2417 et
886 2370 1234 2416 mternorum
1269 2367 1529 2409 amorem
1565 2346 1751 2413 magis
1789 2360 1853 2400 ac
1879 2342 2066 2412 magis

349 2432 722 2514 accendebat.
757 2454 839 2507 Ita
857 2450 1059 2506 scribit
1093 2448 1161 2502 ad
1213 2445 1500 2498 illustrem
1537 2437 1852 2510 quamdam
1898 2432 2067 2487 femi-

352 2563 486 2603 nam
507 2545 792 2614 :Magnam
810 2541 963 2596 nobis
982 2537 1239 2595 Laetitiam
1255 2532 1462 2589 Gloria?
1482 2539 1663 2584 vestrae
1679 2523 1909 2594 ingessit
1930 2524 2069 2592 epis-

350 2637 489 2703 tola,
523 2613 648 2706 quae
667 2642 890 2689 aeterna;
922 2631 1049 2684 vitae
1071 2624 1408 2680 desiderium
1431 2635 1516 2675 vos
1549 2618 1750 2672 habere
1788 2613 2070 2681 signavit;

348 2728 446 2782 sed
466 2701 596 2796 quia
622 2718 942 2792 hujusmodi
961 2717 1207 2772 studium
1228 2711 1471 2784 fugitiva
1499 2707 1632 2763 solet
1654 2704 1855 2796 mundi
1883 2701 2066 2796 gloria

347 2791 1000 2888 praepedire,hortamur
1057 2815 1115 2860 ut
1163 2804 1360 2857 mentis
1411 2802 1602 2854 vestra:
1641 2791 2065 2849 saluberrimam

351 2886 804 2961 deliberationem
859 2912 944 2951 res
1004 2893 1258 2966 qualibet
1304 2886 1628 2945 transitoria
1679 2899 1787 2938 non
1838 2889 2060 2943 revocet,

352 3010 448 3049 nec
479 2993 544 3046 ab
568 2993 796 3060 inccepto
828 3002 945 3042 eam
978 2981 1197 3038 tramite
1225 2981 1416 3035 deviet.
1451 2977 1553 3034 Sed
1600 2975 1772 3045 magis
1812 2990 2066 3046 superna:

351 3081 548 3155 patriae
580 3095 736 3134 amor
766 3075 1040 3142 accendat,
1072 3069 1308 3144 praemia
1355 3084 1617 3123 mansura
1663 3065 1980 3131 sollicitent,
2016 3071 2066 3119 et

352 3172 422 3227 ad
452 3168 667 3227 venturi
697 3167 904 3222 Judicis
930 3163 1344 3235 promissionem
1390 3165 1534 3213 certa
1584 3172 1793 3228 semper
1831 3158 2059 3226 aspiret,
2094 3190 2138 3254 c

353 3269 521 3332 atque
551 3276 624 3314 ea:
651 3254 1049 3327 temporalibus
1074 3258 1285 3308 aeterna
1303 3256 1591 3303 mercetur:
1627 3254 1685 3300 ut
1715 3261 1783 3300 ex
1809 3245 1906 3300 hoc
1925 3249 1971 3299 et
2003 3246 2063 3301 in

355 3368 484 3407 vera
508 3348 701 3422 gloria
723 3362 839 3402 esse
893 3351 946 3401 et
978 3343 1125 3398 inter
1154 3345 1433 3397 matronas
1454 3340 1671 3408 possitis
1702 3338 1936 3392 caelestes
1966 3336 2066 3390 ad-

358 3443 549 3500 scribi.
615 3439 867 3496 Reducite
912 3437 993 3493 ad
1050 3438 1265 3490 animos
1307 3432 1691 3503 prosperitates
1741 3436 2067 3499 temporum,

362 3529 776 3589 multitudinem
807 3527 1112 3594 hominum,
1155 3522 1489 3593 dignitatum
1513 3536 1762 3591 pompas,
1785 3523 2070 3573 matrona-

361 3637 492 3678 rum
537 3620 794 3690 gloriam,
826 3616 1153 3670 divitiarum
1193 3610 1613 3666 abundantiam.
1658 3607 1929 3663 Attendite
1957 3606 2076 3662 hac

364 3712 555 3765 omnia
585 3707 680 3762 ubi
707 3706 792 3762 vel
821 3704 955 3776 quid
983 3707 1133 3775 facta
1164 3710 1326 3768 sunt;
1356 3705 1407 3756 et
1436 3717 1505 3755 ex
1535 3699 1633 3754 hoc
1654 3702 1875 3769 pensato
1903 3701 2077 3768 {quam

365 3799 523 3854 nulla
552 3799 756 3862 sint,et
785 3796 923 3867 quia
966 3795 1061 3864 qui
1116 3794 1224 3847 ista
1281 3791 1466 3862 diligit
1519 3792 1792 3845 somnium
1836 3787 2080 3857 vigilans

366 3885 512 3943 videt
549 3885 688 3957 (Lib.
719 3899 774 3951 x,
808 3899 890 3954 ep.
926 3883 999 3954 li).

435 3983 490 4038 9.
541 3979 879 4037 Amicorum
939 3978 1077 4034 vitia
1107 3977 1347 4033 minime
1415 3976 1824 4033 dissimulabat
1865 3977 1933 4031 ad
1985 3993 2084 4032 eos

1736 4067 2084 4138 aHoquﬂur:

376 4166 704 4221 Nuntiatum
738 4159 878 4215 mihi
907 4170 988 4214 est
1010 4161 1153 4230 quod
1181 4162 1228 4212 si
1259 4159 1471 4230 quando
1529 4175 1618 4213 vos
1667 4159 1963 4229 quisquam
2005 4161 2090 4229 of-

371 4252 633 4323 fenderit,
682 4249 934 4303 dolorem
995 4247 1462 4302 irremissibiliter
1510 4247 1780 4302 retinetis.
1828 4246 1983 4316 Quod
2045 4249 2093 4302 si

372 4357 564 4395 verum
587 4342 683 4405 est,
708 4338 839 4407 quia
869 4347 1139 4409 quantum
1169 4354 1259 4392 vos
1286 4337 1478 4408 diligo,
1515 4341 1728 4393 tantum
1756 4335 2094 4411 contristor:

367 4433 497 4501 peto
526 4433 585 4482 ut
607 4428 755 4483 hoca
777 4428 926 4483 vobis
955 4430 1146 4482 vitium
1186 4430 1447 4484 nobiliter
1492 4428 1816 4493 excludatis,
1848 4433 1900 4484 et
1947 4443 2097 4484 secus

379 4519 507 4576 boni
538 4521 714 4590 aperis
744 4523 975 4586 segetem
1005 4518 1228 4574 inimici
1258 4536 1439 4576 semen
1462 4536 1702 4576 crescere
1739 4537 1850 4576 non
1871 4521 2090 4576 sinatis.

378 4608 681 4665 Dominicee
719 4610 985 4663 orationis
1036 4609 1201 4663 verba
1250 4611 1329 4663 ad
1361 4610 1683 4665 memoriam
1733 4611 2092 4677 reducantur,

381 4704 429 4758 et
459 4715 566 4755 non
590 4699 740 4770 apud
769 4713 858 4752 vos
880 4697 1008 4768 plus
1049 4699 1221 4754 valeat
1240 4699 1400 4770 culpa
1445 4715 1608 4771 quam
1653 4700 1845 4756 venia.
1884 4701 2089 4756 Exces-

382 4809 474 4850 sus
507 4791 913 4847 Gloriwvestree
945 4790 1156 4845 bonitas
1195 4795 1438 4860 superet,
1474 4800 1524 4846 et
1571 4792 1748 4862 magis
1795 4793 2094 4848 salubriter

371 4073 659 4130 scribens.
719 4070 802 4125 Ita
861 4068 1283 4124 Clementinam
1359 4068 1662 4138 patriciam

383 4880 706 4952 ignoscendo
753 4879 999 4936 devotum
1047 4879 1241 4950 faciat,
1273 4896 1428 4950 quem
1456 4887 1630 4952 potest
1663 4883 1960 4952 persistens
2005 4883 2098 4952 fa-

381 4988 499 5029 cere
529 4973 796 5044 asperitas
825 4969 1158 5027 indevotum.
1202 4970 1572 5041 Relinquatur
1620 4971 1710 5026 illi
1752 4972 1895 5026 unde
1945 4987 2100 5028 vere-

383 5064 647 5120 cundiam
665 5063 885 5130 habeat,
916 5071 1091 5120 etnon
1120 5070 1365 5118 servetur
1385 5061 1529 5132 quod
1556 5062 1750 5118 doleat.
1792 5065 1930 5118 Nam
1975 5063 2101 5134 ple-

387 5168 619 5221 rumque
637 5154 758 5222 plus
779 5155 988 5209 virium
1014 5152 1174 5208 habet
1203 5152 1438 5208 discreta
1469 5152 1529 5206 in
1552 5155 1883 5208 carrectione
1911 5156 2106 5209 remis-

394 5240 498 5304 sio,
557 5257 722 5309 quam
773 5242 830 5297 in
876 5243 1230 5316 exsequenda
1289 5244 1498 5300 ultione
1551 5242 1822 5298 districtio
1860 5242 1998 5313 (Lib.
2048 5259 2107 5305 κ,

390 5341 474 5396 ep.
516 5328 630 5398 58).

456 5425 517 5478 Si
579 5427 946 5499 contingeret
999 5433 1218 5489 amicos
1307 5450 1375 5490 ex
1426 5433 1695 5490 libertate
1766 5420 2112 5501 corripiendi

393 5513 744 5584 quandoque
774 5519 987 5573 offendi
1019 5527 1075 5574 et
1105 5525 1455 5589 exacerbari,
1489 5523 1900 5579 amicabilibus
1925 5523 2118 5579 verbis

392 5618 494 5670 eos
522 5603 764 5660 delinire
793 5609 1111 5678 satagebat,
1147 5615 1211 5664 ut
1252 5611 1641 5681 intelligerent
1680 5629 1882 5685 aspera
1945 5614 2121 5670 verba

393 5712 512 5754 non
544 5711 611 5754 ex
634 5695 785 5767 odio,
818 5699 910 5753 sed
945 5713 1012 5754 ex
1034 5699 1316 5756 charitate
1362 5703 1625 5760 ﬂuxisse.

2250 1976 2331 2025 De
2367 1984 2700 2025 successore
2730 1969 3024 2023 Fortunati
3057 1967 3156 2022 diu
3189 1967 3591 2022 deliberatum.
3625 1964 3766 2019 Pars
3788 1978 3893 2034 po-

2179 2057 2300 2130 puli
2335 2058 2556 2112 favebat
2586 2055 2798 2110 Joanni
2836 2055 3128 2124 Diacono;
3200 2056 3302 2111 sed
3363 2071 3398 2110 a
3447 2069 3594 2124 papa
3639 2051 3896 2120 rejectus

2179 2153 2286 2213 est,
2322 2147 2461 2217 quia
2491 2161 2621 2200 cum
2663 2145 2964 2216 parvulam
3005 2145 3245 2200 haberet
3289 2143 3488 2210 ﬁliam,
3523 2144 3653 2212 ejus
3703 2139 3904 2195 conti-

2178 2237 2378 2293 neutia
2408 2235 2667 2290 nondum
2695 2235 3009 2290 sufﬁcienti
3054 2240 3309 2304 tempore
3384 2233 3620 2304 probata
3649 2233 3792 2299 erat
3843 2230 3908 2283 et

2180 2325 2492 2397 explorata.
2527 2326 2661 2378 Pars
2695 2323 2873 2378 altera
2894 2324 3126 2378 Petrum
3159 2322 3297 2377 item
3341 2320 3652 2376 diaconum
3706 2316 3904 2388 elege-

2179 2421 2284 2484 rat,
2318 2416 2414 2487 qui
2447 2431 2551 2469 nec
2577 2413 2835 2485 pontiﬁci
2868 2413 3084 2485 placuit
3115 2417 3343 2484 propter
3383 2410 3630 2466 nimiam
3675 2407 3903 2478 simpli-

2177 2507 2430 2563 citatem.
2455 2506 2731 2561 Praeterea
2753 2504 3054 2560 dicebatur
3071 2503 3209 2559 olim
3229 2502 3536 2575 pecuniam
3560 2502 3626 2557 ad
3644 2514 3894 2555 usuram

2177 2600 2428 2655 dedisse.
2470 2597 2682 2652 Neuter
2712 2597 2903 2667 itaque
2936 2597 3117 2651 factus
3141 2598 3225 2651 est
3253 2594 3586 2666 episcopus,
3608 2592 3707 2647 sed
3753 2591 3891 2646 Pas-

2175 2689 2412 2745 chasius
2442 2689 2514 2743 ad
2545 2703 2717 2759 quem
2747 2685 3390 2758 plurimaaGregorianse
3422 2682 3702 2756 epistolas.

2249 2780 2334 2837 15.
2366 2778 2532 2834 Nunc
2553 2777 2623 2832 de
2654 2776 2825 2831 rebus
2856 2775 3197 2829 monasticis
3227 2774 3296 2829 ad
3318 2773 3473 2828 hunc
3494 2786 3717 2828 annum
3746 2785 3881 2842 per-

2176 2869 2495 2925 tinentibus
2527 2865 2816 2938 agendum
2849 2865 3013 2934 foret,
3045 2865 3146 2919 sed
3177 2863 3469 2919 brevitatis
3508 2862 3716 2935 gratia,
3754 2860 3891 2917 uni-

2175 2975 2300 3016 cam
2333 2959 2632 3013 dumtaxat
2659 2956 2714 3010 S.
2749 2953 3005 3025 Gregorii
3034 2952 3334 3024 epistolam
3378 2953 3434 3007 in
3480 2952 3886 3008 defensionem

2175 3047 2595 3104 monachorum
2624 3043 2903 3114 scriptam
2934 3043 3345 3114 expendemus.
3394 3042 3476 3098 Ex
3531 3041 3892 3098 monasterio

2176 3140 2232 3196 S.
2281 3134 2646 3205 Archangeli,
2697 3133 2849 3204 apud
2905 3131 3222 3202 Neapolim,
3273 3131 3595 3188 monachus
3651 3130 3898 3202 quidam

2179 3227 2395 3283 abierat
2424 3223 2493 3278 ad
2523 3221 2731 3286 hostes;
2762 3222 2935 3293 quod.
2968 3219 3382 3276 Godescalcum
3417 3219 3746 3291 Campania
3791 3221 3901 3274 du-

2179 3333 2325 3383 cem,
2359 3315 2418 3369 in
2454 3318 2680 3368 tantum
2705 3311 2957 3367 furorem
2996 3309 3273 3380 abripuit,
3318 3313 3382 3364 ut
3405 3310 3617 3379 januas
3657 3325 3903 3365 monas-

2179 3405 2305 3462 terii
2340 3402 2528 3473 frangi
2554 3400 2822 3472 jusserit,
2855 3404 2910 3455 et
2941 3399 3229 3470 quidquid
3286 3398 3365 3453 ibi
3423 3398 3730 3455 inventum
3795 3401 3904 3465 est,

2183 3495 2377 3567 diripi.
2410 3497 2654 3558 Fuscus,
2690 3489 3032 3547 monasterii
3063 3489 3268 3556 abbas,
3290 3489 3604 3546 discrimen
3629 3488 3909 3560 fugaevs.

2185 3593 2357 3653 serat,
2402 3584 2593 3640 sciens
2632 3583 2841 3637 ducem
2899 3579 3013 3651 ipsi
3065 3579 3292 3650 fugitivi
3349 3578 3620 3636 monachi
3677 3579 3906 3635 crimen

2186 3674 2525 3746 impingere.
2561 3671 2722 3739 Quod
2756 3686 2929 3742 quam
2960 3669 3281 3724 absurdum
3329 3673 3484 3724 esset
3538 3667 3804 3724 ostendit
3849 3667 3908 3722 S.

2189 3763 2517 3835 Gregorius,
2551 3778 2684 3817 eum
2719 3761 2788 3816 ad
2813 3759 3098 3815 saniorem
3134 3774 3407 3814 revocans
3450 3761 3709 3814 mentem
3776 3773 3910 3830 pro-

2191 3855 2313 3928 prio
2345 3852 2608 3924 exemplo
2642 3867 2655 3907 :
2689 3851 2966 3920 Numquid
2994 3853 3043 3903 et
3081 3848 3272 3904 diebus
3310 3846 3724 3918 magnitudinis
3775 3853 3912 3911 tuas,

2193 3945 2403 4016 inquit,
2434 3945 2597 3999 multi
2626 3942 2688 3998 de
2708 3943 2927 3997 civitate
2941 3943 3000 3996 in
3022 3957 3129 4011 qua
3148 3941 3403 3995 consistis
3423 3938 3496 3994 ad
3517 3939 3916 4009 Langobardos

2198 4037 2401 4092 milites
2430 4037 2568 4106 fuga
2596 4049 2704 4089 non
2734 4033 2877 4102 lapsi
2895 4036 3022 4086 sunt
3049 4035 3073 4084 .9
3103 4035 3166 4087 Bt
3189 4033 3310 4101 quis
3332 4035 3506 4088 tanta
3545 4029 3912 4087 indiscretio-

2198 4127 2308 4193 nis,
2341 4132 2622 4196 tantaeque
2650 4125 2825 4195 possit
2838 4123 3094 4180 stultitiae
3120 4121 3372 4194 reperiri,
3404 4125 3461 4176 ut
3483 4137 3672 4177 eorum
3694 4120 3920 4194 iniqui-

2198 4218 2365 4270 tatem
2387 4213 2488 4268 tibi
2516 4215 2744 4267 azstimet
2764 4209 3191 4283 applicandam?
3219 4209 3360 4283 (Lib.
3387 4226 3442 4278 χ,
3475 4226 3559 4282 ep.
3588 4211 3696 4282 11).

2277 4302 2371 4356 Vis
2393 4300 2531 4355 huic
2572 4299 2920 4354 monasterio
2952 4297 3112 4353 illata
3143 4297 3386 4353 fortasse
3417 4297 3794 4354 occasionem
3827 4297 3927 4353 de-

2205 4389 2724 4447 deratConstantio
2745 4387 3025 4444 monacho
3049 4390 3105 4442 et
3128 4387 3466 4459 presbytero
3489 4386 3928 4459 transmigran-

2208 4482 2265 4537 di
2298 4481 2356 4536 in
2388 4479 2668 4546 Siciliam,
2704 4482 2760 4534 et
2789 4493 2986 4534 secum
3013 4477 3312 4533 auferendi
3338 4476 3672 4532 monasterii
3694 4475 3932 4534 suivela

2125 4567 2171 4631 D
2204 4576 2260 4628 et
2288 4572 2538 4627 codices.
2560 4567 2910 4633 Quicumibi
2936 4567 3088 4622 diem
3109 4564 3931 4631 clausissetextremum,Gre-

2203 4663 2424 4734 gorius,
2460 4678 2491 4716 a
2523 4664 2702 4715 Fusco
2733 4657 2941 4713 abbate
2974 4660 3225 4728 rogatus,
3256 4657 3326 4712 ad
3365 4655 3675 4712 Fantinum
3717 4656 3929 4712 defen-

2204 4768 2392 4808 sorem
2424 4749 2682 4821 scripsit,
2741 4751 2805 4802 ut
2852 4747 3045 4802 ablata
3092 4747 3321 4802 restitui
3370 4750 3604 4803 curaret
3663 4745 3816 4818 (Lib.
3874 4762 3928 4814 χ,

2205 4858 2289 4912 ep.
2324 4841 2435 4913 14).

2907 4924 3143 4982 CAPUT
3163 4928 3235 4982 ν.

2211 5022 2410 5070 Ancus.
2439 5044 2501 5054 -—
2532 5017 2578 5068 1.
2607 5017 2657 5068 S.
2694 5016 2997 5078 Gregorius,
3029 5016 3208 5064 obstat
3245 5028 3311 5063 ne
3358 5015 3403 5078 is
3455 5013 3742 5078 Mediolani
3792 5018 3936 5064 esset

2277 5084 2574 5145 episcopus,
2612 5077 3066 5145 quemjAgdulfus
3100 5078 3347 5145 elegerat.
3365 5077 3667 5145 Ordinatur
3689 5078 3936 5145 De_usd_e-

2277 5139 2372 5194 dit.
2406 5139 2679 5194 Somnium
2713 5139 2990 5204 cujusdam
3022 5139 3411 5204 heteredoxide
3427 5141 3729 5204 aequalitate
3751 5140 3932 5204 Eccle—

2280 5209 2372 5256 siae
2408 5206 2616 5255 Mediol.
2650 5202 3126 5254 cum—Romanaa-
3154 5202 3202 5252 2.
3228 5205 3391 5252 Amos
3423 5202 3742 5266 patriarchae
3773 5203 3934 5252 Jero-

2280 5270 2600 5332 solymitano
2633 5274 2843 5332 mortuo
2893 5266 3132 5332 succedit
3183 5264 3471 5332 lasciua-Lf-
3498 5264 3559 5332 3._
3578 5265 3864 5332 Multiplex
3886 5269 3935 5312 et

2283 5329 2632 5396 gravissimus
2691 5330 2742 5379 S.
2779 5331 3014 5441 Gregorii
3063 5329 3300 5378 morbus.
3333 5354 3393 5364 —-
3436 5330 3487 5376 4.
3533 5329 3609 5377 De
3634 5329 3934 5377 amicorum

2286 5397 2455 5441 salute
2489 5396 2656 5441 magis
2685 5408 2845 5441 uuam
2916 5408 2942 5440 e
2975 5405 3070 5441 sua
3097 5396 3176 5441 est
3219 5391 3496 5441 sollicitus.
3527 5417 3589 5428 —
3633 5390 3681 5440 5.
3717 5390 3934 5439 Amicos

2286 5390 2455 5443 salute
2489 5396 2656 5455 magis
2685 5408 2845 5456 quam
2876 5390 2942 5441 de
2975 5405 3070 5441 sua
3097 5396 3179 5456 est
3219 5391 3496 5456 sollicitus.
3527 5417 3589 5428 —
3633 5390 3681 5440 5.
3714 5390 3937 5456 Amicos

2289 5453 2614 5519 aegrotantes
2644 5453 2716 5505 ad
2746 5456 3115 5519 paenitentiam
3151 5454 3430 5519 hortatur.
3481 5453 3808 5519 Prmsertim_
3844 5453 3940 5501 Ve—

2291 5515 2555 5569 na'ntium.
2581 5520 2694 5578 Quo
2726 5515 2936 5567 mortuo
2967 5519 3031 5566 de
3063 5515 3230 5578 ipsius
3261 5516 3475 5565 ﬁliabus
3518 5515 3940 5578 sollicitudinem

2290 5584 2442 5646 gerit.
2478 5575 2615 5654 —-_6:
2647 5583 2847 5654 Hoqteg
2868 5575 3150 5654 imminent
3181 5579 3579 5654 Sigiliaa.‘§‘i_des
3602 5579 3672 5654 in_
3699 5575 3944 5654 sardinia

2294 5640 2707 5722 propagatum—
2738 5643 2786 5694 7.
2817 5645 2870 5694 S.
2899 5643 3186 5707 Gregorius
3231 5641 3583 5691 Theoctistam
3643 5641 3706 5689 de
3747 5640 3946 5688 heresi

2294 5708 2596 5762 infamatam
2629 5707 2950 5759 consolatur.
2982 5705 3104 5757 ——8.
3135 5702 3452 5755 Scandalum
3476 5704 3658 5755 tollere
3683 5702 3947 5753 debemus
