  <div class='ocr_page' id='page_1' title='image "/cluster/home/n/w/nwhite01/storage/ocr_20150623/75/hvd.32044054758800/224.png"; bbox 0 0 4086 6166; ppageno 0'>
   <div class='ocr_carea' id='block_1_1' title="bbox 251 273 361 333">
    <p class='ocr_par' dir='ltr' id='par_1_1' title="bbox 251 273 361 333">
     <span class='ocr_line' id='line_1_1' title="bbox 251 273 361 333; baseline -0.018 0"><span class='ocrx_word' id='word_1_1' title='bbox 251 273 361 333; x_wconf 73' lang='grc'>437</span> 
     </span>
    </p>
   </div>
   <div class='ocr_carea' id='block_1_2' title="bbox 655 271 3321 343">
    <p class='ocr_par' dir='ltr' id='par_1_2' title="bbox 655 271 3321 343">
     <span class='ocr_line' id='line_1_2' title="bbox 655 271 3321 343; baseline 0.002 -11"><span class='ocrx_word' id='word_1_2' title='bbox 655 271 715 332; x_wconf 92' lang='lat' dir='ltr'>S.</span> <span class='ocrx_word' id='word_1_3' title='bbox 761 272 1129 333; x_wconf 73' lang='lat' dir='ltr'>GREGOltll</span> <span class='ocrx_word' id='word_1_4' title='bbox 1175 271 1424 334; x_wconf 79' lang='lat' dir='ltr'>MAGNI</span> <span class='ocrx_word' id='word_1_5' title='bbox 1472 272 1690 343; x_wconf 84' lang='lat' dir='ltr'><strong>VITA,</strong></span> <span class='ocrx_word' id='word_1_6' title='bbox 1740 273 1838 333; x_wconf 79' lang='lat' dir='ltr'>EX</span> <span class='ocrx_word' id='word_1_7' title='bbox 1883 272 2066 334; x_wconf 83' lang='lat' dir='ltr'>EJUS</span> <span class='ocrx_word' id='word_1_8' title='bbox 2111 272 2460 334; x_wconf 79' lang='lat' dir='ltr'>SGRIPTIS</span> <span class='ocrx_word' id='word_1_9' title='bbox 2506 273 2974 334; x_wconf 79' lang='lat' dir='ltr'>ADORNATA.</span> <span class='ocrx_word' id='word_1_10' title='bbox 3021 276 3166 336; x_wconf 90' lang='lat' dir='ltr'>LIB.</span> <span class='ocrx_word' id='word_1_11' title='bbox 3215 276 3321 336; x_wconf 79' lang='grc' dir='ltr'>ιν.</span> 
     </span>
    </p>
   </div>
   <div class='ocr_carea' id='block_1_3' title="bbox 3645 280 3779 339">
    <p class='ocr_par' dir='ltr' id='par_1_3' title="bbox 3645 280 3779 339">
     <span class='ocr_line' id='line_1_3' title="bbox 3645 280 3779 339; baseline 0.022 -3"><span class='ocrx_word' id='word_1_12' title='bbox 3645 280 3779 339; x_wconf 76' lang='grc'>438</span> 
     </span>
    </p>
   </div>
   <div class='ocr_carea' id='block_1_4' title="bbox 314 409 3780 488">
    <p class='ocr_par' dir='ltr' id='par_1_4' title="bbox 314 409 3780 488">
     <span class='ocr_line' id='line_1_4' title="bbox 314 409 3780 488; baseline 0.003 -28"><span class='ocrx_word' id='word_1_13' title='bbox 314 413 532 488; x_wconf 57' lang='lat' dir='ltr'>quando</span> <span class='ocrx_word' id='word_1_14' title='bbox 554 427 854 488; x_wconf 61' lang='lat' dir='ltr'>possumus.</span> <span class='ocrx_word' id='word_1_15' title='bbox 878 415 1005 488; x_wconf 62' lang='lat' dir='ltr'>-—m9.</span> <span class='ocrx_word' id='word_1_16' title='bbox 1036 413 1502 488; x_wconf 48' lang='lat' dir='ltr'>amresisobjectm</span> <span class='ocrx_word' id='word_1_17' title='bbox 1523 412 1844 488; x_wconf 66' lang='lat' dir='ltr'>Thepctistm</span> <span class='ocrx_word' id='word_1_18' title='bbox 1863 424 1952 488; x_wconf 76' lang='lat' dir='ltr'>ca-</span> <span class='ocrx_word' id='word_1_19' title='bbox 1979 415 2034 481; x_wconf 75' lang='grc' dir='ltr'><strong>Α</strong></span> <span class='ocrx_word' id='word_1_20' title='bbox 2063 412 2328 482; x_wconf 67' lang='lat' dir='ltr'>quaedam</span> <span class='ocrx_word' id='word_1_21' title='bbox 2363 417 2668 467; x_wconf 88' lang='lat' dir='ltr'>mansuete</span> <span class='ocrx_word' id='word_1_22' title='bbox 2711 409 3077 482; x_wconf 90' lang='lat' dir='ltr'>corrigendo,</span> <span class='ocrx_word' id='word_1_23' title='bbox 3109 413 3375 483; x_wconf 66' lang='lat' dir='ltr'>quadam</span> <span class='ocrx_word' id='word_1_24' title='bbox 3409 429 3535 484; x_wconf 67' lang='lat' dir='ltr'>qua</span> <span class='ocrx_word' id='word_1_25' title='bbox 3567 415 3780 488; x_wconf 79' lang='lat' dir='ltr'>corrigi</span> 
     </span>
    </p>
   </div>
   <div class='ocr_carea' id='block_1_5' title="bbox 314 475 1951 538">
    <p class='ocr_par' dir='ltr' id='par_1_5' title="bbox 314 475 1951 538">
     <span class='ocr_line' id='line_1_5' title="bbox 314 475 1951 538; baseline -0.002 -15"><span class='ocrx_word' id='word_1_26' title='bbox 314 475 414 538; x_wconf 87' lang='lat' dir='ltr'>pita</span> <span class='ocrx_word' id='word_1_27' title='bbox 448 475 786 525; x_wconf 87' lang='lat' dir='ltr'>refelluntur.</span> <span class='ocrx_word' id='word_1_28' title='bbox 825 501 887 514; x_wconf 93' lang='lat'>—</span> <span class='ocrx_word' id='word_1_29' title='bbox 917 477 993 524; x_wconf 89' lang='grc'>10.</span> <span class='ocrx_word' id='word_1_30' title='bbox 1034 475 1452 525; x_wconf 85' lang='lat' dir='ltr'>CalumniatOres</span> <span class='ocrx_word' id='word_1_31' title='bbox 1493 475 1744 536; x_wconf 86' lang='lat' dir='ltr'>gravibus</span> <span class='ocrx_word' id='word_1_32' title='bbox 1775 475 1951 538; x_wconf 74' lang='lat' dir='ltr'>poenis</span> 
     </span>
    </p>
   </div>
   <div class='ocr_carea' id='block_1_6' title="bbox 311 537 1960 602">
    <p class='ocr_par' dir='ltr' id='par_1_6' title="bbox 311 537 1960 602">
     <span class='ocr_line' id='line_1_6' title="bbox 311 537 1960 602; baseline -0.002 -15"><span class='ocrx_word' id='word_1_33' title='bbox 311 537 501 588; x_wconf 80' lang='lat' dir='ltr'>addicit</span> <span class='ocrx_word' id='word_1_34' title='bbox 529 539 579 587; x_wconf 87' lang='lat' dir='ltr'>S.</span> <span class='ocrx_word' id='word_1_35' title='bbox 611 539 921 602; x_wconf 78' lang='lat' dir='ltr'>Gregorius.</span> <span class='ocrx_word' id='word_1_36' title='bbox 952 565 1014 576; x_wconf 98' lang='lat'><strong>—</strong></span> <span class='ocrx_word' id='word_1_37' title='bbox 1047 543 1125 588; x_wconf 77' lang='lat' dir='ltr'>ti.</span> <span class='ocrx_word' id='word_1_38' title='bbox 1181 539 1470 588; x_wconf 84' lang='lat' dir='ltr'>Falsarium</span> <span class='ocrx_word' id='word_1_39' title='bbox 1505 539 1678 602; x_wconf 85' lang='lat' dir='ltr'>punit.</span> <span class='ocrx_word' id='word_1_40' title='bbox 1700 537 1960 602; x_wconf 80' lang='lat' dir='ltr'>—_i2._De</span> 
     </span>
    </p>
   </div>
   <div class='ocr_carea' id='block_1_7' title="bbox 310 599 1966 654">
    <p class='ocr_par' dir='ltr' id='par_1_7' title="bbox 310 599 1966 654">
     <span class='ocr_line' id='line_1_7' title="bbox 310 599 1966 654; baseline -0.001 -4"><span class='ocrx_word' id='word_1_41' title='bbox 310 604 460 650; x_wconf 84' lang='lat' dir='ltr'>rebus</span> <span class='ocrx_word' id='word_1_42' title='bbox 492 599 880 652; x_wconf 74' lang='lat' dir='ltr'>ecclesiasticis.</span> <span class='ocrx_word' id='word_1_43' title='bbox 912 629 971 638; x_wconf 93' lang='lat'>—</span> <span class='ocrx_word' id='word_1_44' title='bbox 1005 602 1080 654; x_wconf 88' lang='grc'><strong>13.</strong></span> <span class='ocrx_word' id='word_1_45' title='bbox 1113 606 1170 650; x_wconf 85' lang='lat' dir='ltr'>Et</span> <span class='ocrx_word' id='word_1_46' title='bbox 1193 599 1519 650; x_wconf 54' lang='lat' dir='ltr'>monasticis:</span> <span class='ocrx_word' id='word_1_47' title='bbox 1542 628 1603 636; x_wconf 89' lang='lat'>—-</span> <span class='ocrx_word' id='word_1_48' title='bbox 1634 600 1717 648; x_wconf 77' lang='grc'>14.</span> <span class='ocrx_word' id='word_1_49' title='bbox 1759 599 1966 648; x_wconf 83' lang='lat' dir='ltr'>Recha-</span> 
     </span>
    </p>
   </div>
   <div class='ocr_carea' id='block_1_8' title="bbox 310 663 1754 726">
    <p class='ocr_par' dir='ltr' id='par_1_8' title="bbox 310 663 1754 726">
     <span class='ocr_line' id='line_1_8' title="bbox 310 663 1754 726; baseline -0.001 -15"><span class='ocrx_word' id='word_1_50' title='bbox 310 665 415 712; x_wconf 87' lang='lat' dir='ltr'>redi</span> <span class='ocrx_word' id='word_1_51' title='bbox 440 665 579 726; x_wconf 80' lang='lat' dir='ltr'>regis</span> <span class='ocrx_word' id='word_1_52' title='bbox 612 679 753 713; x_wconf 88' lang='lat' dir='ltr'>mors</span> <span class='ocrx_word' id='word_1_53' title='bbox 802 670 852 713; x_wconf 88' lang='lat' dir='ltr'>et</span> <span class='ocrx_word' id='word_1_54' title='bbox 883 679 1237 715; x_wconf 75' lang='lat' dir='ltr'>successores.</span> <span class='ocrx_word' id='word_1_55' title='bbox 1266 667 1396 723; x_wconf 81' lang='lat' dir='ltr'>(An.</span> <span class='ocrx_word' id='word_1_56' title='bbox 1424 663 1517 713; x_wconf 88' lang='lat'>600</span> <span class='ocrx_word' id='word_1_57' title='bbox 1549 672 1598 712; x_wconf 92' lang='lat' dir='ltr'>et</span> <span class='ocrx_word' id='word_1_58' title='bbox 1626 663 1754 724; x_wconf 88' lang='grc'><strong>601.)</strong></span> 
     </span>
    </p>
   </div>
   <div class='ocr_carea' id='block_1_9' title="bbox 318 771 1963 842">
    <p class='ocr_par' dir='ltr' id='par_1_9' title="bbox 318 771 1963 842">
     <span class='ocr_line' id='line_1_9' title="bbox 318 771 1963 842; baseline 0.001 -17"><span class='ocrx_word' id='word_1_59' title='bbox 318 773 364 826; x_wconf 91' lang='grc'>1.</span> <span class='ocrx_word' id='word_1_60' title='bbox 419 773 641 826; x_wconf 80' lang='lat' dir='ltr'>Mortuo</span> <span class='ocrx_word' id='word_1_61' title='bbox 680 772 1038 841; x_wconf 89' lang='lat' dir='ltr'>Constantio,</span> <span class='ocrx_word' id='word_1_62' title='bbox 1082 771 1500 828; x_wconf 87' lang='lat' dir='ltr'>Mediolanensi</span> <span class='ocrx_word' id='word_1_63' title='bbox 1544 771 1836 842; x_wconf 89' lang='lat' dir='ltr'>episcopo,</span> <span class='ocrx_word' id='word_1_64' title='bbox 1866 786 1963 842; x_wconf 80' lang='lat' dir='ltr'>pe-</span> 
     </span>
    </p>
   </div>
   <div class='ocr_carea' id='block_1_10' title="bbox 248 860 1962 919">
    <p class='ocr_par' dir='ltr' id='par_1_10' title="bbox 248 860 1962 919">
     <span class='ocr_line' id='line_1_10' title="bbox 248 860 1962 919; baseline 0.001 -4"><span class='ocrx_word' id='word_1_65' title='bbox 248 860 492 916; x_wconf 89' lang='lat' dir='ltr'>riculum</span> <span class='ocrx_word' id='word_1_66' title='bbox 528 862 937 919; x_wconf 88' lang='lat' dir='ltr'>schismatisin</span> <span class='ocrx_word' id='word_1_67' title='bbox 971 862 1225 918; x_wconf 84' lang='lat' dir='ltr'>Ecclesia</span> <span class='ocrx_word' id='word_1_68' title='bbox 1255 861 1661 918; x_wconf 83' lang='lat' dir='ltr'>Mediolanensi</span> <span class='ocrx_word' id='word_1_69' title='bbox 1685 861 1962 916; x_wconf 88' lang='lat' dir='ltr'>immine-</span> 
     </span>
    </p>
   </div>
   <div class='ocr_carea' id='block_1_11' title="bbox 248 951 1962 1024">
    <p class='ocr_par' dir='ltr' id='par_1_11' title="bbox 248 951 1962 1024">
     <span class='ocr_line' id='line_1_11' title="bbox 248 951 1962 1024; baseline 0.001 -19"><span class='ocrx_word' id='word_1_70' title='bbox 248 952 359 1006; x_wconf 88' lang='lat' dir='ltr'>bat.</span> <span class='ocrx_word' id='word_1_71' title='bbox 405 952 553 1008; x_wconf 79' lang='lat' dir='ltr'>Nam</span> <span class='ocrx_word' id='word_1_72' title='bbox 602 952 794 1009; x_wconf 90' lang='lat' dir='ltr'>clerus</span> <span class='ocrx_word' id='word_1_73' title='bbox 842 957 899 1008; x_wconf 92' lang='lat' dir='ltr'>et</span> <span class='ocrx_word' id='word_1_74' title='bbox 930 951 1185 1024; x_wconf 90' lang='lat' dir='ltr'>populus</span> <span class='ocrx_word' id='word_1_75' title='bbox 1226 953 1533 1008; x_wconf 83' lang='lat' dir='ltr'>unanimes</span> <span class='ocrx_word' id='word_1_76' title='bbox 1579 951 1872 1024; x_wconf 79' lang='lat' dir='ltr'>elegerant</span> <span class='ocrx_word' id='word_1_77' title='bbox 1904 951 1962 1006; x_wconf 88' lang='lat' dir='ltr'>in</span> 
     </span>
    </p>
   </div>
   <div class='ocr_carea' id='block_1_12' title="bbox 245 1039 1963 1112">
    <p class='ocr_par' dir='ltr' id='par_1_12' title="bbox 245 1039 1963 1112">
     <span class='ocr_line' id='line_1_12' title="bbox 245 1039 1963 1112; baseline -0.001 -16"><span class='ocrx_word' id='word_1_78' title='bbox 245 1043 366 1112; x_wconf 85' lang='lat' dir='ltr'>ejus</span> <span class='ocrx_word' id='word_1_79' title='bbox 397 1059 799 1099; x_wconf 79' lang='lat' dir='ltr'>successorem</span> <span class='ocrx_word' id='word_1_80' title='bbox 833 1043 1120 1099; x_wconf 74' lang='lat' dir='ltr'>Deusdedit</span> <span class='ocrx_word' id='word_1_81' title='bbox 1163 1045 1490 1099; x_wconf 83' lang='lat' dir='ltr'>diaconum.</span> <span class='ocrx_word' id='word_1_82' title='bbox 1516 1044 1583 1097; x_wconf 82' lang='lat' dir='ltr'>At</span> <span class='ocrx_word' id='word_1_83' title='bbox 1614 1057 1709 1097; x_wconf 90' lang='lat' dir='ltr'>rex</span> <span class='ocrx_word' id='word_1_84' title='bbox 1741 1039 1963 1112; x_wconf 87' lang='lat' dir='ltr'>Agilul-</span> 
     </span>
    </p>
   </div>
   <div class='ocr_carea' id='block_1_13' title="bbox 246 1132 1962 1203">
    <p class='ocr_par' dir='ltr' id='par_1_13' title="bbox 246 1132 1962 1203">
     <span class='ocr_line' id='line_1_13' title="bbox 246 1132 1962 1203; baseline 0 -17"><span class='ocrx_word' id='word_1_85' title='bbox 246 1134 355 1198; x_wconf 88' lang='lat' dir='ltr'>fus,</span> <span class='ocrx_word' id='word_1_86' title='bbox 383 1134 442 1188; x_wconf 92' lang='lat' dir='ltr'>in</span> <span class='ocrx_word' id='word_1_87' title='bbox 476 1134 647 1202; x_wconf 86' lang='lat' dir='ltr'>cujus</span> <span class='ocrx_word' id='word_1_88' title='bbox 689 1132 906 1190; x_wconf 89' lang='lat' dir='ltr'>ditione</span> <span class='ocrx_word' id='word_1_89' title='bbox 934 1133 1330 1189; x_wconf 77' lang='lat' dir='ltr'>Mediolanum</span> <span class='ocrx_word' id='word_1_90' title='bbox 1371 1137 1516 1203; x_wconf 90' lang='lat' dir='ltr'>erat,</span> <span class='ocrx_word' id='word_1_91' title='bbox 1543 1132 1722 1187; x_wconf 91' lang='lat' dir='ltr'>alium</span> <span class='ocrx_word' id='word_1_92' title='bbox 1757 1136 1962 1201; x_wconf 83' lang='lat' dir='ltr'>postu-</span> 
     </span>
    </p>
   </div>
   <div class='ocr_carea' id='block_1_14' title="bbox 245 1218 1965 1294">
    <p class='ocr_par' dir='ltr' id='par_1_14' title="bbox 245 1218 1965 1294">
     <span class='ocr_line' id='line_1_14' title="bbox 245 1218 1965 1294; baseline 0.001 -20"><span class='ocrx_word' id='word_1_93' title='bbox 245 1218 400 1276; x_wconf 87' lang='lat' dir='ltr'>labat</span> <span class='ocrx_word' id='word_1_94' title='bbox 431 1221 686 1278; x_wconf 89' lang='lat' dir='ltr'>ordinari</span> <span class='ocrx_word' id='word_1_95' title='bbox 714 1241 726 1290; x_wconf 90' lang='lat'>;</span> <span class='ocrx_word' id='word_1_96' title='bbox 762 1227 819 1278; x_wconf 87' lang='lat' dir='ltr'>et</span> <span class='ocrx_word' id='word_1_97' title='bbox 839 1237 908 1277; x_wconf 89' lang='lat' dir='ltr'>ea</span> <span class='ocrx_word' id='word_1_98' title='bbox 939 1223 1009 1278; x_wconf 91' lang='lat' dir='ltr'>de</span> <span class='ocrx_word' id='word_1_99' title='bbox 1042 1238 1101 1278; x_wconf 91' lang='lat' dir='ltr'>re</span> <span class='ocrx_word' id='word_1_100' title='bbox 1129 1224 1444 1294; x_wconf 80' lang='lat' dir='ltr'>scripserat</span> <span class='ocrx_word' id='word_1_101' title='bbox 1476 1223 1546 1276; x_wconf 91' lang='lat' dir='ltr'>ad</span> <span class='ocrx_word' id='word_1_102' title='bbox 1577 1221 1965 1277; x_wconf 87' lang='lat' dir='ltr'>Mediolanen-</span> 
     </span>
    </p>
   </div>
   <div class='ocr_carea' id='block_1_15' title="bbox 243 1310 1955 1382">
    <p class='ocr_par' dir='ltr' id='par_1_15' title="bbox 243 1310 1955 1382">
     <span class='ocr_line' id='line_1_15' title="bbox 243 1310 1955 1382; baseline 0.001 -18"><span class='ocrx_word' id='word_1_103' title='bbox 243 1329 350 1366; x_wconf 87' lang='lat' dir='ltr'>ses.</span> <span class='ocrx_word' id='word_1_104' title='bbox 408 1311 539 1368; x_wconf 64' lang='lat' dir='ltr'>Hec</span> <span class='ocrx_word' id='word_1_105' title='bbox 571 1316 633 1367; x_wconf 89' lang='lat' dir='ltr'>ut</span> <span class='ocrx_word' id='word_1_106' title='bbox 664 1312 890 1367; x_wconf 81' lang='lat' dir='ltr'>rescivit</span> <span class='ocrx_word' id='word_1_107' title='bbox 919 1312 1246 1382; x_wconf 79' lang='lat' dir='ltr'>Gregorius,</span> <span class='ocrx_word' id='word_1_108' title='bbox 1277 1313 1347 1366; x_wconf 88' lang='lat' dir='ltr'>ad</span> <span class='ocrx_word' id='word_1_109' title='bbox 1378 1327 1476 1367; x_wconf 92' lang='lat' dir='ltr'>eos</span> <span class='ocrx_word' id='word_1_110' title='bbox 1506 1310 1564 1365; x_wconf 90' lang='lat' dir='ltr'>in</span> <span class='ocrx_word' id='word_1_111' title='bbox 1609 1311 1784 1382; x_wconf 84' lang='lat' dir='ltr'>priori</span> <span class='ocrx_word' id='word_1_112' title='bbox 1821 1327 1955 1380; x_wconf 88' lang='lat' dir='ltr'>pro-</span> 
     </span>
    </p>
   </div>
   <div class='ocr_carea' id='block_1_16' title="bbox 244 1399 1962 1472">
    <p class='ocr_par' dir='ltr' id='par_1_16' title="bbox 244 1399 1962 1472">
     <span class='ocr_line' id='line_1_16' title="bbox 244 1399 1962 1472; baseline -0.001 -16"><span class='ocrx_word' id='word_1_113' title='bbox 244 1401 433 1472; x_wconf 91' lang='lat' dir='ltr'>posito</span> <span class='ocrx_word' id='word_1_114' title='bbox 482 1402 970 1468; x_wconf 89' lang='lat' dir='ltr'>corroborandos,</span> <span class='ocrx_word' id='word_1_115' title='bbox 1015 1417 1086 1458; x_wconf 91' lang='lat' dir='ltr'>ne</span> <span class='ocrx_word' id='word_1_116' title='bbox 1136 1402 1385 1456; x_wconf 82' lang='lat' dir='ltr'>fortasse</span> <span class='ocrx_word' id='word_1_117' title='bbox 1435 1400 1762 1456; x_wconf 88' lang='lat' dir='ltr'>minacibus</span> <span class='ocrx_word' id='word_1_118' title='bbox 1809 1399 1962 1471; x_wconf 90' lang='lat' dir='ltr'>regis</span> 
     </span>
    </p>
   </div>
   <div class='ocr_carea' id='block_1_17' title="bbox 243 1489 1959 1560">
    <p class='ocr_par' dir='ltr' id='par_1_17' title="bbox 243 1489 1959 1560">
     <span class='ocr_line' id='line_1_17' title="bbox 243 1489 1959 1560; baseline 0.001 -16"><span class='ocrx_word' id='word_1_119' title='bbox 243 1490 452 1546; x_wconf 82' lang='lat' dir='ltr'>litteris</span> <span class='ocrx_word' id='word_1_120' title='bbox 510 1492 804 1558; x_wconf 78' lang='lat' dir='ltr'>cederent,</span> <span class='ocrx_word' id='word_1_121' title='bbox 872 1491 1252 1547; x_wconf 88' lang='lat' dir='ltr'>scribendum</span> <span class='ocrx_word' id='word_1_122' title='bbox 1311 1490 1659 1560; x_wconf 80' lang='lat' dir='ltr'>quantocius</span> <span class='ocrx_word' id='word_1_123' title='bbox 1710 1489 1959 1560; x_wconf 87' lang='lat' dir='ltr'>putavit.</span> 
     </span>
    </p>
   </div>
   <div class='ocr_carea' id='block_1_18' title="bbox 243 1577 1963 1650">
    <p class='ocr_par' dir='ltr' id='par_1_18' title="bbox 243 1577 1963 1650">
     <span class='ocr_line' id='line_1_18' title="bbox 243 1577 1963 1650; baseline -0.001 -16"><span class='ocrx_word' id='word_1_124' title='bbox 243 1578 422 1634; x_wconf 91' lang='lat' dir='ltr'>Suam</span> <span class='ocrx_word' id='word_1_125' title='bbox 441 1579 751 1650; x_wconf 85' lang='lat' dir='ltr'>epistolam</span> <span class='ocrx_word' id='word_1_126' title='bbox 775 1578 1070 1635; x_wconf 84' lang='lat' dir='ltr'>exorditur</span> <span class='ocrx_word' id='word_1_127' title='bbox 1087 1579 1454 1634; x_wconf 89' lang='lat' dir='ltr'>aConstantii</span> <span class='ocrx_word' id='word_1_128' title='bbox 1477 1577 1774 1633; x_wconf 88' lang='lat' dir='ltr'>laudibus.</span> <span class='ocrx_word' id='word_1_129' title='bbox 1801 1577 1963 1633; x_wconf 86' lang='lat' dir='ltr'>Com-</span> 
     </span>
    </p>
   </div>
   <div class='ocr_carea' id='block_1_19' title="bbox 243 1667 1959 1739">
    <p class='ocr_par' dir='ltr' id='par_1_19' title="bbox 243 1667 1959 1739">
     <span class='ocr_line' id='line_1_19' title="bbox 243 1667 1959 1739; baseline -0.001 -16"><span class='ocrx_word' id='word_1_130' title='bbox 243 1673 535 1724; x_wconf 85' lang='lat' dir='ltr'>memorat</span> <span class='ocrx_word' id='word_1_131' title='bbox 567 1669 820 1724; x_wconf 87' lang='lat' dir='ltr'>maxime</span> <span class='ocrx_word' id='word_1_132' title='bbox 836 1669 966 1739; x_wconf 86' lang='lat' dir='ltr'>ejus</span> <span class='ocrx_word' id='word_1_133' title='bbox 991 1677 1110 1723; x_wconf 91' lang='lat' dir='ltr'>tum</span> <span class='ocrx_word' id='word_1_134' title='bbox 1140 1667 1599 1724; x_wconf 88' lang='lat' dir='ltr'>sollicitudinem</span> <span class='ocrx_word' id='word_1_135' title='bbox 1633 1667 1691 1721; x_wconf 92' lang='lat' dir='ltr'>in</span> <span class='ocrx_word' id='word_1_136' title='bbox 1723 1683 1959 1722; x_wconf 87' lang='lat' dir='ltr'>servan-</span> 
     </span>
    </p>
   </div>
   <div class='ocr_carea' id='block_1_20' title="bbox 239 1755 2040 1861">
    <p class='ocr_par' dir='ltr' id='par_1_20' title="bbox 239 1755 2040 1861">
     <span class='ocr_line' id='line_1_20' title="bbox 239 1755 2040 1861; baseline -0.001 -50"><span class='ocrx_word' id='word_1_137' title='bbox 239 1757 306 1812; x_wconf 86' lang='lat' dir='ltr'>da</span> <span class='ocrx_word' id='word_1_138' title='bbox 324 1757 735 1815; x_wconf 86' lang='lat' dir='ltr'>Ecclesiastica</span> <span class='ocrx_word' id='word_1_139' title='bbox 758 1757 1088 1828; x_wconf 89' lang='lat' dir='ltr'>disciplina,</span> <span class='ocrx_word' id='word_1_140' title='bbox 1121 1762 1246 1812; x_wconf 91' lang='lat' dir='ltr'>tum</span> <span class='ocrx_word' id='word_1_141' title='bbox 1272 1756 1630 1826; x_wconf 85' lang='lat' dir='ltr'>vigilantiam</span> <span class='ocrx_word' id='word_1_142' title='bbox 1649 1755 1710 1811; x_wconf 92' lang='lat' dir='ltr'>in</span> <span class='ocrx_word' id='word_1_143' title='bbox 1735 1756 1953 1811; x_wconf 88' lang='lat' dir='ltr'>tuenda</span> <span class='ocrx_word' id='word_1_144' title='bbox 1993 1796 2040 1861; x_wconf 83' lang='lat' dir='ltr'><strong>B</strong></span> 
     </span>
    </p>
   </div>
   <div class='ocr_carea' id='block_1_21' title="bbox 241 1845 1959 1919">
    <p class='ocr_par' dir='ltr' id='par_1_21' title="bbox 241 1845 1959 1919">
     <span class='ocr_line' id='line_1_21' title="bbox 241 1845 1959 1919; baseline -0.001 -16"><span class='ocrx_word' id='word_1_145' title='bbox 241 1847 501 1903; x_wconf 82' lang='lat' dir='ltr'>civitate.</span> <span class='ocrx_word' id='word_1_146' title='bbox 554 1847 771 1903; x_wconf 87' lang='lat' dir='ltr'>Laudat</span> <span class='ocrx_word' id='word_1_147' title='bbox 819 1852 1022 1919; x_wconf 89' lang='lat' dir='ltr'>postea</span> <span class='ocrx_word' id='word_1_148' title='bbox 1085 1847 1544 1902; x_wconf 88' lang='lat' dir='ltr'>Mediolanenses</span> <span class='ocrx_word' id='word_1_149' title='bbox 1592 1846 1663 1901; x_wconf 93' lang='lat' dir='ltr'>ob</span> <span class='ocrx_word' id='word_1_150' title='bbox 1710 1845 1959 1901; x_wconf 88' lang='lat' dir='ltr'>electum</span> 
     </span>
    </p>
   </div>
   <div class='ocr_carea' id='block_1_22' title="bbox 241 1936 1959 2005">
    <p class='ocr_par' dir='ltr' id='par_1_22' title="bbox 241 1936 1959 2005">
     <span class='ocr_line' id='line_1_22' title="bbox 241 1936 1959 2005; baseline 0 -13"><span class='ocrx_word' id='word_1_151' title='bbox 241 1938 517 1994; x_wconf 87' lang='lat' dir='ltr'>unanimi</span> <span class='ocrx_word' id='word_1_152' title='bbox 564 1954 856 1994; x_wconf 89' lang='lat' dir='ltr'>consensu</span> <span class='ocrx_word' id='word_1_153' title='bbox 890 1937 1226 2005; x_wconf 88' lang='lat' dir='ltr'>Deusdedit,</span> <span class='ocrx_word' id='word_1_154' title='bbox 1260 1941 1314 1992; x_wconf 93' lang='lat' dir='ltr'>et</span> <span class='ocrx_word' id='word_1_155' title='bbox 1361 1936 1701 1993; x_wconf 88' lang='lat' dir='ltr'>electionem</span> <span class='ocrx_word' id='word_1_156' title='bbox 1745 1937 1959 1993; x_wconf 87' lang='lat' dir='ltr'>factam</span> 
     </span>
    </p>
   </div>
   <div class='ocr_carea' id='block_1_23' title="bbox 239 2026 1959 2097">
    <p class='ocr_par' dir='ltr' id='par_1_23' title="bbox 239 2026 1959 2097">
     <span class='ocr_line' id='line_1_23' title="bbox 239 2026 1959 2097; baseline 0 -15"><span class='ocrx_word' id='word_1_157' title='bbox 239 2043 344 2084; x_wconf 86' lang='lat' dir='ltr'>sua</span> <span class='ocrx_word' id='word_1_158' title='bbox 407 2029 745 2084; x_wconf 87' lang='lat' dir='ltr'>auctoritate</span> <span class='ocrx_word' id='word_1_159' title='bbox 796 2029 1122 2083; x_wconf 90' lang='lat' dir='ltr'>conﬁrmat.</span> <span class='ocrx_word' id='word_1_160' title='bbox 1156 2026 1237 2082; x_wconf 84' lang='lat' dir='ltr'>De</span> <span class='ocrx_word' id='word_1_161' title='bbox 1276 2026 1456 2083; x_wconf 88' lang='lat' dir='ltr'>electo</span> <span class='ocrx_word' id='word_1_162' title='bbox 1487 2045 1519 2082; x_wconf 89' lang='lat' dir='ltr'>a</span> <span class='ocrx_word' id='word_1_163' title='bbox 1561 2027 1959 2097; x_wconf 87' lang='lat' dir='ltr'>Langobardis</span> 
     </span>
    </p>
   </div>
   <div class='ocr_carea' id='block_1_24' title="bbox 241 2115 1959 2189">
    <p class='ocr_par' dir='ltr' id='par_1_24' title="bbox 241 2115 1959 2189">
     <span class='ocr_line' id='line_1_24' title="bbox 241 2115 1959 2189; baseline -0.001 -17"><span class='ocrx_word' id='word_1_164' title='bbox 241 2123 291 2172; x_wconf 87' lang='lat' dir='ltr'>et</span> <span class='ocrx_word' id='word_1_165' title='bbox 325 2117 404 2173; x_wconf 89' lang='lat' dir='ltr'>ab</span> <span class='ocrx_word' id='word_1_166' title='bbox 435 2117 560 2189; x_wconf 91' lang='lat' dir='ltr'>ipso</span> <span class='ocrx_word' id='word_1_167' title='bbox 593 2132 721 2187; x_wconf 85' lang='lat' dir='ltr'>rege</span> <span class='ocrx_word' id='word_1_168' title='bbox 766 2118 846 2172; x_wconf 90' lang='lat' dir='ltr'>ita</span> <span class='ocrx_word' id='word_1_169' title='bbox 875 2121 1211 2172; x_wconf 87' lang='lat' dir='ltr'>constanter</span> <span class='ocrx_word' id='word_1_170' title='bbox 1274 2115 1563 2187; x_wconf 88' lang='lat' dir='ltr'>loquitur:</span> <span class='ocrx_word' id='word_1_171' title='bbox 1597 2115 1742 2170; x_wconf 82' lang='lat' dir='ltr'>Illud</span> <span class='ocrx_word' id='word_1_172' title='bbox 1771 2124 1959 2171; x_wconf 87' lang='lat' dir='ltr'>autem</span> 
     </span>
    </p>
   </div>
   <div class='ocr_carea' id='block_1_25' title="bbox 239 2204 1960 2277">
    <p class='ocr_par' dir='ltr' id='par_1_25' title="bbox 239 2204 1960 2277">
     <span class='ocr_line' id='line_1_25' title="bbox 239 2204 1960 2277; baseline -0.002 -16"><span class='ocrx_word' id='word_1_173' title='bbox 239 2207 396 2277; x_wconf 85' lang='lat' dir='ltr'>quod</span> <span class='ocrx_word' id='word_1_174' title='bbox 415 2205 561 2260; x_wconf 89' lang='lat' dir='ltr'>vobis</span> <span class='ocrx_word' id='word_1_175' title='bbox 583 2206 648 2260; x_wconf 88' lang='lat' dir='ltr'>ab</span> <span class='ocrx_word' id='word_1_176' title='bbox 672 2206 923 2277; x_wconf 81' lang='lat' dir='ltr'>Agilul/o</span> <span class='ocrx_word' id='word_1_177' title='bbox 964 2205 1246 2260; x_wconf 76' lang='lat' dir='ltr'>indicastis</span> <span class='ocrx_word' id='word_1_178' title='bbox 1280 2205 1566 2274; x_wconf 87' lang='lat' dir='ltr'>scriptum,</span> <span class='ocrx_word' id='word_1_179' title='bbox 1609 2204 1960 2259; x_wconf 80' lang='lat' dir='ltr'>dilectionem</span> 
     </span>
    </p>
   </div>
   <div class='ocr_carea' id='block_1_26' title="bbox 240 2294 1958 2365">
    <p class='ocr_par' dir='ltr' id='par_1_26' title="bbox 240 2294 1958 2365">
     <span class='ocr_line' id='line_1_26' title="bbox 240 2294 1958 2365; baseline -0.001 -14"><span class='ocrx_word' id='word_1_180' title='bbox 240 2302 483 2352; x_wconf 81' lang='lat' dir='ltr'>vestram</span> <span class='ocrx_word' id='word_1_181' title='bbox 523 2313 632 2352; x_wconf 87' lang='lat' dir='ltr'>non</span> <span class='ocrx_word' id='word_1_182' title='bbox 681 2303 910 2352; x_wconf 88' lang='lat' dir='ltr'>moveat.</span> <span class='ocrx_word' id='word_1_183' title='bbox 946 2301 1086 2352; x_wconf 84' lang='lat' dir='ltr'>Nam</span> <span class='ocrx_word' id='word_1_184' title='bbox 1128 2311 1223 2351; x_wconf 87' lang='lat' dir='ltr'>nos</span> <span class='ocrx_word' id='word_1_185' title='bbox 1255 2297 1313 2348; x_wconf 92' lang='lat' dir='ltr'>in</span> <span class='ocrx_word' id='word_1_186' title='bbox 1345 2295 1620 2350; x_wconf 81' lang='lat' dir='ltr'>hominem</span> <span class='ocrx_word' id='word_1_187' title='bbox 1653 2294 1748 2365; x_wconf 90' lang='lat' dir='ltr'>qui</span> <span class='ocrx_word' id='word_1_188' title='bbox 1777 2310 1886 2349; x_wconf 89' lang='lat' dir='ltr'>non</span> <span class='ocrx_word' id='word_1_189' title='bbox 1919 2311 1958 2350; x_wconf 82' lang='grc' dir='ltr'><em>α</em></span> 
     </span>
    </p>
   </div>
   <div class='ocr_carea' id='block_1_27' title="bbox 237 2382 1958 2457">
    <p class='ocr_par' dir='ltr' id='par_1_27' title="bbox 237 2382 1958 2457">
     <span class='ocr_line' id='line_1_27' title="bbox 237 2382 1958 2457; baseline -0.001 -16"><span class='ocrx_word' id='word_1_190' title='bbox 237 2388 546 2457; x_wconf 72' lang='lat' dir='ltr'>catholicis,</span> <span class='ocrx_word' id='word_1_191' title='bbox 593 2392 642 2443; x_wconf 91' lang='lat' dir='ltr'>et</span> <span class='ocrx_word' id='word_1_192' title='bbox 690 2389 935 2441; x_wconf 75' lang='lat' dir='ltr'>maxime</span> <span class='ocrx_word' id='word_1_193' title='bbox 981 2402 1016 2441; x_wconf 90' lang='lat' dir='ltr'>a</span> <span class='ocrx_word' id='word_1_194' title='bbox 1073 2385 1442 2454; x_wconf 87' lang='lat' dir='ltr'>Langobardis</span> <span class='ocrx_word' id='word_1_195' title='bbox 1481 2387 1734 2453; x_wconf 85' lang='lat' dir='ltr'>eligitur,</span> <span class='ocrx_word' id='word_1_196' title='bbox 1793 2382 1958 2439; x_wconf 88' lang='lat' dir='ltr'>nulla</span> 
     </span>
    </p>
   </div>
   <div class='ocr_carea' id='block_1_28' title="bbox 230 2474 1957 2549">
    <p class='ocr_par' dir='ltr' id='par_1_28' title="bbox 230 2474 1957 2549">
     <span class='ocr_line' id='line_1_28' title="bbox 230 2474 1957 2549; baseline -0.002 -18"><span class='ocrx_word' id='word_1_197' title='bbox 230 2478 544 2549; x_wconf 80' lang='lat' dir='ltr'>praebemus</span> <span class='ocrx_word' id='word_1_198' title='bbox 589 2477 815 2531; x_wconf 82' lang='lat' dir='ltr'>ratione</span> <span class='ocrx_word' id='word_1_199' title='bbox 842 2491 1185 2531; x_wconf 86' lang='lat' dir='ltr'>consensum.</span> <span class='ocrx_word' id='word_1_200' title='bbox 1217 2475 1323 2530; x_wconf 83' lang='lat' dir='ltr'>Nec</span> <span class='ocrx_word' id='word_1_201' title='bbox 1358 2475 1406 2528; x_wconf 88' lang='lat' dir='ltr'>si</span> <span class='ocrx_word' id='word_1_202' title='bbox 1434 2474 1664 2546; x_wconf 83' lang='lat' dir='ltr'>alicujus</span> <span class='ocrx_word' id='word_1_203' title='bbox 1693 2489 1957 2544; x_wconf 72' lang='lat' dir='ltr'>praesum-</span> 
     </span>
    </p>
   </div>
   <div class='ocr_carea' id='block_1_29' title="bbox 231 2563 1961 2638">
    <p class='ocr_par' dir='ltr' id='par_1_29' title="bbox 231 2563 1961 2638">
     <span class='ocr_line' id='line_1_29' title="bbox 231 2563 1961 2638; baseline -0.002 -18"><span class='ocrx_word' id='word_1_204' title='bbox 231 2569 445 2638; x_wconf 74' lang='lat' dir='ltr'>ptionis</span> <span class='ocrx_word' id='word_1_205' title='bbox 478 2565 838 2636; x_wconf 77' lang='lat' dir='ltr'>usurpatione</span> <span class='ocrx_word' id='word_1_206' title='bbox 857 2567 1065 2632; x_wconf 81' lang='lat' dir='ltr'>factum</span> <span class='ocrx_word' id='word_1_207' title='bbox 1088 2566 1288 2632; x_wconf 83' lang='lat' dir='ltr'>fuerit,</span> <span class='ocrx_word' id='word_1_208' title='bbox 1312 2565 1372 2618; x_wconf 88' lang='lat' dir='ltr'>in</span> <span class='ocrx_word' id='word_1_209' title='bbox 1398 2564 1574 2618; x_wconf 91' lang='lat' dir='ltr'>locum</span> <span class='ocrx_word' id='word_1_210' title='bbox 1612 2563 1961 2618; x_wconf 87' lang='lat' dir='ltr'>velordinem</span> 
     </span>
    </p>
   </div>
   <div class='ocr_carea' id='block_1_30' title="bbox 233 2653 1952 2726">
    <p class='ocr_par' dir='ltr' id='par_1_30' title="bbox 233 2653 1952 2726">
     <span class='ocr_line' id='line_1_30' title="bbox 233 2653 1952 2726; baseline -0.002 -17"><span class='ocrx_word' id='word_1_211' title='bbox 233 2657 349 2711; x_wconf 82' lang='lat' dir='ltr'>lum</span> <span class='ocrx_word' id='word_1_212' title='bbox 392 2656 689 2711; x_wconf 88' lang='lat' dir='ltr'>sacerdotis</span> <span class='ocrx_word' id='word_1_213' title='bbox 726 2654 1097 2726; x_wconf 75' lang='lat' dir='ltr'>suscipimus:</span> <span class='ocrx_word' id='word_1_214' title='bbox 1142 2656 1274 2725; x_wconf 87' lang='lat' dir='ltr'>quia</span> <span class='ocrx_word' id='word_1_215' title='bbox 1306 2653 1548 2708; x_wconf 85' lang='lat' dir='ltr'>vicarius</span> <span class='ocrx_word' id='word_1_216' title='bbox 1570 2669 1637 2708; x_wconf 87' lang='lat' dir='ltr'>sa</span> <span class='ocrx_word' id='word_1_217' title='bbox 1668 2654 1790 2706; x_wconf 88' lang='lat' dir='ltr'>ncti</span> <span class='ocrx_word' id='word_1_218' title='bbox 1828 2653 1952 2706; x_wconf 79' lang='lat' dir='ltr'>Am-</span> 
     </span>
    </p>
   </div>
   <div class='ocr_carea' id='block_1_31' title="bbox 236 2741 1955 2815">
    <p class='ocr_par' dir='ltr' id='par_1_31' title="bbox 236 2741 1955 2815">
     <span class='ocr_line' id='line_1_31' title="bbox 236 2741 1955 2815; baseline -0.003 -14"><span class='ocrx_word' id='word_1_219' title='bbox 236 2749 409 2803; x_wconf 84' lang='lat' dir='ltr'>brosii</span> <span class='ocrx_word' id='word_1_220' title='bbox 440 2746 703 2815; x_wconf 87' lang='lat' dir='ltr'>indignus</span> <span class='ocrx_word' id='word_1_221' title='bbox 734 2745 1018 2801; x_wconf 87' lang='lat' dir='ltr'>evidenter</span> <span class='ocrx_word' id='word_1_222' title='bbox 1045 2744 1367 2810; x_wconf 84' lang='lat' dir='ltr'>ostenditur,</span> <span class='ocrx_word' id='word_1_223' title='bbox 1390 2743 1661 2798; x_wconf 88' lang='lat' dir='ltr'>sielectus</span> <span class='ocrx_word' id='word_1_224' title='bbox 1691 2759 1724 2797; x_wconf 91' lang='lat' dir='ltr'>a</span> <span class='ocrx_word' id='word_1_225' title='bbox 1749 2741 1955 2796; x_wconf 86' lang='lat' dir='ltr'>talibus</span> 
     </span>
    </p>
   </div>
   <div class='ocr_carea' id='block_1_32' title="bbox 231 2833 1958 2909">
    <p class='ocr_par' dir='ltr' id='par_1_32' title="bbox 231 2833 1958 2909">
     <span class='ocr_line' id='line_1_32' title="bbox 231 2833 1958 2909; baseline -0.005 -14"><span class='ocrx_word' id='word_1_226' title='bbox 231 2837 702 2909; x_wconf 86' lang='lat' dir='ltr'>ordmatur(Lib.</span> <span class='ocrx_word' id='word_1_227' title='bbox 730 2854 808 2902; x_wconf 81' lang='lat' dir='ltr'>xx,</span> <span class='ocrx_word' id='word_1_228' title='bbox 840 2853 923 2907; x_wconf 91' lang='lat' dir='ltr'>ep.</span> <span class='ocrx_word' id='word_1_229' title='bbox 959 2837 1036 2907; x_wconf 81' lang='grc'>4).</span> <span class='ocrx_word' id='word_1_230' title='bbox 1071 2836 1312 2906; x_wconf 83' lang='lat' dir='ltr'>Scripsit</span> <span class='ocrx_word' id='word_1_231' title='bbox 1369 2850 1603 2905; x_wconf 90' lang='lat' dir='ltr'>quoque</span> <span class='ocrx_word' id='word_1_232' title='bbox 1635 2834 1704 2889; x_wconf 87' lang='lat' dir='ltr'>ad</span> <span class='ocrx_word' id='word_1_233' title='bbox 1739 2833 1958 2889; x_wconf 86' lang='lat' dir='ltr'>Panta-</span> 
     </span>
    </p>
   </div>
   <div class='ocr_carea' id='block_1_33' title="bbox 237 2922 1938 2998">
    <p class='ocr_par' dir='ltr' id='par_1_33' title="bbox 237 2922 1938 2998">
     <span class='ocr_line' id='line_1_33' title="bbox 237 2922 1938 2998; baseline -0.004 -14"><span class='ocrx_word' id='word_1_234' title='bbox 237 2944 409 2985; x_wconf 90' lang='lat' dir='ltr'>onem</span> <span class='ocrx_word' id='word_1_235' title='bbox 443 2929 739 2984; x_wconf 87' lang='lat' dir='ltr'>notarium</span> <span class='ocrx_word' id='word_1_236' title='bbox 790 2927 970 2998; x_wconf 89' lang='lat' dir='ltr'>(lbid.,</span> <span class='ocrx_word' id='word_1_237' title='bbox 1019 2943 1102 2998; x_wconf 91' lang='lat' dir='ltr'>ep.</span> <span class='ocrx_word' id='word_1_238' title='bbox 1153 2926 1230 2996; x_wconf 90' lang='lat'>3),</span> <span class='ocrx_word' id='word_1_239' title='bbox 1269 2933 1329 2980; x_wconf 86' lang='lat' dir='ltr'>ut</span> <span class='ocrx_word' id='word_1_240' title='bbox 1381 2941 1625 2995; x_wconf 55' lang='lat' dir='ltr'>pergin</span> <span class='ocrx_word' id='word_1_241' title='bbox 1672 2925 1742 2978; x_wconf 88' lang='lat' dir='ltr'>al</span> <span class='ocrx_word' id='word_1_242' title='bbox 1813 2922 1938 2978; x_wconf 89' lang='lat' dir='ltr'>Ge-</span> 
     </span>
    </p>
   </div>
   <div class='ocr_carea' id='block_1_34' title="bbox 233 3013 1956 3088">
    <p class='ocr_par' dir='ltr' id='par_1_34' title="bbox 233 3013 1956 3088">
     <span class='ocr_line' id='line_1_34' title="bbox 233 3013 1956 3088; baseline -0.005 -13"><span class='ocrx_word' id='word_1_243' title='bbox 233 3034 527 3075; x_wconf 89' lang='lat' dir='ltr'>nuensem</span> <span class='ocrx_word' id='word_1_244' title='bbox 593 3018 796 3073; x_wconf 91' lang='lat' dir='ltr'>urbem</span> <span class='ocrx_word' id='word_1_245' title='bbox 858 3017 1171 3073; x_wconf 87' lang='lat' dir='ltr'>Deusdedit</span> <span class='ocrx_word' id='word_1_246' title='bbox 1230 3017 1570 3088; x_wconf 89' lang='lat' dir='ltr'>episcopum</span> <span class='ocrx_word' id='word_1_247' title='bbox 1613 3013 1956 3070; x_wconf 90' lang='lat' dir='ltr'>solemniter</span> 
     </span>
    </p>
   </div>
   <div class='ocr_carea' id='block_1_35' title="bbox 232 3103 1958 3178">
    <p class='ocr_par' dir='ltr' id='par_1_35' title="bbox 232 3103 1958 3178">
     <span class='ocr_line' id='line_1_35' title="bbox 232 3103 1958 3178; baseline -0.003 -14"><span class='ocrx_word' id='word_1_248' title='bbox 232 3110 453 3166; x_wconf 84' lang='lat' dir='ltr'>faceret</span> <span class='ocrx_word' id='word_1_249' title='bbox 495 3109 775 3164; x_wconf 89' lang='lat' dir='ltr'>ordinari.</span> <span class='ocrx_word' id='word_1_250' title='bbox 806 3107 1122 3178; x_wconf 83' lang='lat' dir='ltr'>Agilulfum</span> <span class='ocrx_word' id='word_1_251' title='bbox 1157 3107 1416 3162; x_wconf 89' lang='lat' dir='ltr'>nondum</span> <span class='ocrx_word' id='word_1_252' title='bbox 1454 3110 1594 3160; x_wconf 89' lang='lat' dir='ltr'>tunc</span> <span class='ocrx_word' id='word_1_253' title='bbox 1626 3103 1958 3175; x_wconf 86' lang='lat' dir='ltr'>amplexum</span> 
     </span>
    </p>
   </div>
   <div class='ocr_carea' id='block_1_36' title="bbox 233 3194 1949 3268">
    <p class='ocr_par' dir='ltr' id='par_1_36' title="bbox 233 3194 1949 3268">
     <span class='ocr_line' id='line_1_36' title="bbox 233 3194 1949 3268; baseline -0.004 -15"><span class='ocrx_word' id='word_1_254' title='bbox 233 3199 421 3255; x_wconf 86' lang='lat' dir='ltr'>fuisse</span> <span class='ocrx_word' id='word_1_255' title='bbox 457 3197 806 3255; x_wconf 80' lang='lat' dir='ltr'>catholicam</span> <span class='ocrx_word' id='word_1_256' title='bbox 860 3198 1053 3264; x_wconf 89' lang='lat' dir='ltr'>ﬁdem,</span> <span class='ocrx_word' id='word_1_257' title='bbox 1095 3197 1180 3252; x_wconf 90' lang='lat' dir='ltr'>vel</span> <span class='ocrx_word' id='word_1_258' title='bbox 1222 3213 1290 3252; x_wconf 84' lang='lat' dir='ltr'>ex</span> <span class='ocrx_word' id='word_1_259' title='bbox 1320 3196 1427 3251; x_wconf 90' lang='lat' dir='ltr'>hac</span> <span class='ocrx_word' id='word_1_260' title='bbox 1466 3194 1713 3268; x_wconf 90' lang='lat' dir='ltr'>epistola</span> <span class='ocrx_word' id='word_1_261' title='bbox 1745 3194 1949 3267; x_wconf 88' lang='lat' dir='ltr'>liquet.</span> 
     </span>
    </p>
   </div>
   <div class='ocr_carea' id='block_1_37' title="bbox 233 3284 1950 3357">
    <p class='ocr_par' dir='ltr' id='par_1_37' title="bbox 233 3284 1950 3357">
     <span class='ocr_line' id='line_1_37' title="bbox 233 3284 1950 3357; baseline -0.003 -15"><span class='ocrx_word' id='word_1_262' title='bbox 233 3287 434 3344; x_wconf 86' lang='lat' dir='ltr'>Noluit</span> <span class='ocrx_word' id='word_1_263' title='bbox 488 3295 679 3342; x_wconf 90' lang='lat' dir='ltr'>tamen</span> <span class='ocrx_word' id='word_1_264' title='bbox 720 3303 852 3342; x_wconf 89' lang='lat' dir='ltr'>cum</span> <span class='ocrx_word' id='word_1_265' title='bbox 901 3284 1176 3357; x_wconf 88' lang='lat' dir='ltr'>Gregorio</span> <span class='ocrx_word' id='word_1_266' title='bbox 1233 3285 1598 3352; x_wconf 88' lang='lat' dir='ltr'>contendere,</span> <span class='ocrx_word' id='word_1_267' title='bbox 1670 3284 1950 3338; x_wconf 82' lang='lat' dir='ltr'>suadente</span> 
     </span>
    </p>
   </div>
   <div class='ocr_carea' id='block_1_38' title="bbox 234 3373 1958 3446">
    <p class='ocr_par' dir='ltr' id='par_1_38' title="bbox 234 3373 1958 3446">
     <span class='ocr_line' id='line_1_38' title="bbox 234 3373 1958 3446; baseline -0.003 -15"><span class='ocrx_word' id='word_1_268' title='bbox 234 3379 436 3433; x_wconf 81' lang='lat' dir='ltr'>forsan</span> <span class='ocrx_word' id='word_1_269' title='bbox 467 3374 884 3444; x_wconf 84' lang='lat' dir='ltr'>Tbeodelinda,</span> <span class='ocrx_word' id='word_1_270' title='bbox 917 3391 1045 3446; x_wconf 78' lang='lat' dir='ltr'>quae</span> <span class='ocrx_word' id='word_1_271' title='bbox 1086 3378 1210 3429; x_wconf 89' lang='lat' dir='ltr'>tum</span> <span class='ocrx_word' id='word_1_272' title='bbox 1250 3373 1590 3430; x_wconf 80' lang='lat' dir='ltr'>catholicam</span> <span class='ocrx_word' id='word_1_273' title='bbox 1617 3373 1814 3440; x_wconf 87' lang='lat' dir='ltr'>ﬁdem,</span> <span class='ocrx_word' id='word_1_274' title='bbox 1840 3382 1958 3427; x_wconf 89' lang='lat' dir='ltr'>tum</span> 
     </span>
    </p>
   </div>
   <div class='ocr_carea' id='block_1_39' title="bbox 233 3462 1959 3534">
    <p class='ocr_par' dir='ltr' id='par_1_39' title="bbox 233 3462 1959 3534">
     <span class='ocr_line' id='line_1_39' title="bbox 233 3462 1959 3534; baseline -0.003 -12"><span class='ocrx_word' id='word_1_275' title='bbox 233 3467 684 3524; x_wconf 82' lang='lat' dir='ltr'>sanctissimum</span> <span class='ocrx_word' id='word_1_276' title='bbox 707 3465 1051 3521; x_wconf 87' lang='lat' dir='ltr'>Pontiﬁcem</span> <span class='ocrx_word' id='word_1_277' title='bbox 1076 3464 1349 3534; x_wconf 89' lang='lat' dir='ltr'>impense</span> <span class='ocrx_word' id='word_1_278' title='bbox 1378 3463 1602 3518; x_wconf 91' lang='lat' dir='ltr'>colebat</span> <span class='ocrx_word' id='word_1_279' title='bbox 1625 3480 1639 3530; x_wconf 86' lang='lat'>;</span> <span class='ocrx_word' id='word_1_280' title='bbox 1659 3467 1715 3518; x_wconf 90' lang='lat' dir='ltr'>et</span> <span class='ocrx_word' id='word_1_281' title='bbox 1743 3462 1959 3518; x_wconf 88' lang='lat' dir='ltr'>electus</span> 
     </span>
    </p>
   </div>
   <div class='ocr_carea' id='block_1_40' title="bbox 235 3551 1955 3619">
    <p class='ocr_par' dir='ltr' id='par_1_40' title="bbox 235 3551 1955 3619">
     <span class='ocr_line' id='line_1_40' title="bbox 235 3551 1955 3619; baseline -0.002 -9"><span class='ocrx_word' id='word_1_282' title='bbox 235 3571 266 3610; x_wconf 87' lang='lat' dir='ltr'>a</span> <span class='ocrx_word' id='word_1_283' title='bbox 304 3554 850 3611; x_wconf 78' lang='lat' dir='ltr'>Mediolanensibus</span> <span class='ocrx_word' id='word_1_284' title='bbox 888 3551 1223 3619; x_wconf 89' lang='lat' dir='ltr'>Deusdedit,</span> <span class='ocrx_word' id='word_1_285' title='bbox 1265 3553 1498 3607; x_wconf 90' lang='lat' dir='ltr'>nemine</span> <span class='ocrx_word' id='word_1_286' title='bbox 1529 3551 1849 3606; x_wconf 88' lang='lat' dir='ltr'>reluctante</span> <span class='ocrx_word' id='word_1_287' title='bbox 1869 3555 1955 3606; x_wconf 89' lang='lat' dir='ltr'>est</span> 
     </span>
    </p>
   </div>
   <div class='ocr_carea' id='block_1_41' title="bbox 237 3641 1955 3714">
    <p class='ocr_par' dir='ltr' id='par_1_41' title="bbox 237 3641 1955 3714">
     <span class='ocr_line' id='line_1_41' title="bbox 237 3641 1955 3714; baseline -0.003 -12"><span class='ocrx_word' id='word_1_288' title='bbox 237 3647 572 3703; x_wconf 89' lang='lat' dir='ltr'>ordinatus.</span> <span class='ocrx_word' id='word_1_289' title='bbox 595 3645 756 3710; x_wconf 87' lang='lat' dir='ltr'>Quod</span> <span class='ocrx_word' id='word_1_290' title='bbox 782 3643 960 3700; x_wconf 90' lang='lat' dir='ltr'>hocin</span> <span class='ocrx_word' id='word_1_291' title='bbox 989 3642 1134 3710; x_wconf 91' lang='lat' dir='ltr'>loco,</span> <span class='ocrx_word' id='word_1_292' title='bbox 1154 3646 1209 3699; x_wconf 92' lang='lat' dir='ltr'>et</span> <span class='ocrx_word' id='word_1_293' title='bbox 1229 3643 1389 3713; x_wconf 90' lang='lat' dir='ltr'>prius</span> <span class='ocrx_word' id='word_1_294' title='bbox 1405 3642 1481 3714; x_wconf 83' lang='grc' dir='ltr'>(α)</span> <span class='ocrx_word' id='word_1_295' title='bbox 1504 3642 1562 3698; x_wconf 93' lang='lat' dir='ltr'>in</span> <span class='ocrx_word' id='word_1_296' title='bbox 1585 3641 1955 3698; x_wconf 88' lang='lat' dir='ltr'>ordinatione</span> 
     </span>
    </p>
   </div>
   <div class='ocr_carea' id='block_1_42' title="bbox 234 3731 1959 3805">
    <p class='ocr_par' dir='ltr' id='par_1_42' title="bbox 234 3731 1959 3805">
     <span class='ocr_line' id='line_1_42' title="bbox 234 3731 1959 3805; baseline -0.004 -13"><span class='ocrx_word' id='word_1_297' title='bbox 234 3736 563 3793; x_wconf 89' lang='lat' dir='ltr'>Constantii</span> <span class='ocrx_word' id='word_1_298' title='bbox 611 3736 826 3790; x_wconf 88' lang='lat' dir='ltr'>factum</span> <span class='ocrx_word' id='word_1_299' title='bbox 877 3734 1146 3805; x_wconf 86' lang='lat' dir='ltr'>legimus.</span> <span class='ocrx_word' id='word_1_300' title='bbox 1199 3732 1580 3804; x_wconf 87' lang='lat' dir='ltr'>proculdubio</span> <span class='ocrx_word' id='word_1_301' title='bbox 1623 3731 1839 3788; x_wconf 87' lang='lat' dir='ltr'>sufﬁcit</span> <span class='ocrx_word' id='word_1_302' title='bbox 1888 3731 1959 3786; x_wconf 90' lang='lat' dir='ltr'>ad</span> 
     </span>
    </p>
   </div>
   <div class='ocr_carea' id='block_1_43' title="bbox 236 3821 1954 3883">
    <p class='ocr_par' dir='ltr' id='par_1_43' title="bbox 236 3821 1954 3883">
     <span class='ocr_line' id='line_1_43' title="bbox 236 3821 1954 3883; baseline -0.003 -2"><span class='ocrx_word' id='word_1_303' title='bbox 236 3826 627 3883; x_wconf 88' lang='lat' dir='ltr'>refellendum</span> <span class='ocrx_word' id='word_1_304' title='bbox 659 3823 951 3880; x_wconf 90' lang='lat' dir='ltr'>somnium</span> <span class='ocrx_word' id='word_1_305' title='bbox 981 3823 1179 3880; x_wconf 86' lang='lat' dir='ltr'>Jacobi</span> <span class='ocrx_word' id='word_1_306' title='bbox 1211 3821 1537 3879; x_wconf 89' lang='lat' dir='ltr'>Gothefridi</span> <span class='ocrx_word' id='word_1_307' title='bbox 1561 3821 1620 3877; x_wconf 88' lang='lat' dir='ltr'>in</span> <span class='ocrx_word' id='word_1_308' title='bbox 1658 3821 1954 3876; x_wconf 89' lang='lat' dir='ltr'>dissertat.</span> 
     </span>
    </p>
   </div>
   <div class='ocr_carea' id='block_1_44' title="bbox 233 3908 1951 3985">
    <p class='ocr_par' dir='ltr' id='par_1_44' title="bbox 233 3908 1951 3985">
     <span class='ocr_line' id='line_1_44' title="bbox 233 3908 1951 3985; baseline -0.003 -14"><span class='ocrx_word' id='word_1_309' title='bbox 233 3917 266 3971; x_wconf 89' lang='lat'>2</span> <span class='ocrx_word' id='word_1_310' title='bbox 312 3917 391 3971; x_wconf 88' lang='lat' dir='ltr'>de</span> <span class='ocrx_word' id='word_1_311' title='bbox 430 3912 852 3971; x_wconf 89' lang='lat' dir='ltr'>suburbicariis</span> <span class='ocrx_word' id='word_1_312' title='bbox 907 3912 1244 3985; x_wconf 84' lang='lat' dir='ltr'>regionibus</span> <span class='ocrx_word' id='word_1_313' title='bbox 1297 3915 1352 3968; x_wconf 88' lang='lat' dir='ltr'>et</span> <span class='ocrx_word' id='word_1_314' title='bbox 1390 3909 1670 3979; x_wconf 90' lang='lat' dir='ltr'>ecclesiis,</span> <span class='ocrx_word' id='word_1_315' title='bbox 1720 3908 1780 3964; x_wconf 90' lang='lat' dir='ltr'>in</span> <span class='ocrx_word' id='word_1_316' title='bbox 1831 3926 1951 3982; x_wconf 88' lang='lat' dir='ltr'>qua</span> 
     </span>
    </p>
   </div>
   <div class='ocr_carea' id='block_1_45' title="bbox 236 4000 1953 4072">
    <p class='ocr_par' dir='ltr' id='par_1_45' title="bbox 236 4000 1953 4072">
     <span class='ocr_line' id='line_1_45' title="bbox 236 4000 1953 4072; baseline -0.005 -11"><span class='ocrx_word' id='word_1_317' title='bbox 236 4005 541 4061; x_wconf 86' lang='lat' dir='ltr'>contendit</span> <span class='ocrx_word' id='word_1_318' title='bbox 593 4003 1039 4059; x_wconf 89' lang='lat' dir='ltr'>Mediolanensis</span> <span class='ocrx_word' id='word_1_319' title='bbox 1111 4006 1168 4058; x_wconf 88' lang='lat' dir='ltr'>et</span> <span class='ocrx_word' id='word_1_320' title='bbox 1231 4000 1477 4057; x_wconf 83' lang='lat' dir='ltr'>Romani</span> <span class='ocrx_word' id='word_1_321' title='bbox 1543 4000 1953 4072; x_wconf 90' lang='lat' dir='ltr'>episcoporum</span> 
     </span>
    </p>
   </div>
   <div class='ocr_carea' id='block_1_46' title="bbox 235 4095 1315 4165">
    <p class='ocr_par' dir='ltr' id='par_1_46' title="bbox 235 4095 1315 4165">
     <span class='ocr_line' id='line_1_46' title="bbox 235 4095 1315 4165; baseline -0.007 -13"><span class='ocrx_word' id='word_1_322' title='bbox 235 4111 540 4152; x_wconf 83' lang='lat' dir='ltr'>summam</span> <span class='ocrx_word' id='word_1_323' title='bbox 576 4109 916 4165; x_wconf 66' lang='lat' dir='ltr'>aequamque</span> <span class='ocrx_word' id='word_1_324' title='bbox 948 4095 1315 4164; x_wconf 85' lang='lat' dir='ltr'>potestatem.</span> 
     </span>
    </p>
   </div>
   <div class='ocr_carea' id='block_1_47' title="bbox 305 4179 1956 4253">
    <p class='ocr_par' dir='ltr' id='par_1_47' title="bbox 305 4179 1956 4253">
     <span class='ocr_line' id='line_1_47' title="bbox 305 4179 1956 4253; baseline -0.004 -11"><span class='ocrx_word' id='word_1_325' title='bbox 305 4191 366 4242; x_wconf 82' lang='lat'>2.</span> <span class='ocrx_word' id='word_1_326' title='bbox 405 4185 524 4241; x_wconf 84' lang='lat' dir='ltr'>Hoc</span> <span class='ocrx_word' id='word_1_327' title='bbox 566 4185 742 4241; x_wconf 90' lang='lat' dir='ltr'>etiam</span> <span class='ocrx_word' id='word_1_328' title='bbox 772 4199 922 4239; x_wconf 89' lang='lat' dir='ltr'>anno</span> <span class='ocrx_word' id='word_1_329' title='bbox 969 4182 1115 4238; x_wconf 70' lang='lat' dir='ltr'>luxit</span> <span class='ocrx_word' id='word_1_330' title='bbox 1162 4181 1420 4238; x_wconf 88' lang='lat' dir='ltr'>Ecclesia</span> <span class='ocrx_word' id='word_1_331' title='bbox 1466 4179 1956 4253; x_wconf 83' lang='lat' dir='ltr'>Jerosolymitana</span> 
     </span>
    </p>
   </div>
   <div class='ocr_carea' id='block_1_48' title="bbox 238 4270 1952 4350">
    <p class='ocr_par' dir='ltr' id='par_1_48' title="bbox 238 4270 1952 4350">
     <span class='ocr_line' id='line_1_48' title="bbox 238 4270 1952 4350; baseline -0.004 -17"><span class='ocrx_word' id='word_1_332' title='bbox 238 4275 642 4350; x_wconf 89' lang='lat' dir='ltr'>patriarcham</span> <span class='ocrx_word' id='word_1_333' title='bbox 667 4276 866 4334; x_wconf 85' lang='lat' dir='ltr'>Amos.</span> <span class='ocrx_word' id='word_1_334' title='bbox 886 4274 1055 4343; x_wconf 89' lang='lat' dir='ltr'>cujus</span> <span class='ocrx_word' id='word_1_335' title='bbox 1082 4271 1415 4328; x_wconf 86' lang='lat' dir='ltr'>cathedram</span> <span class='ocrx_word' id='word_1_336' title='bbox 1448 4272 1671 4344; x_wconf 89' lang='lat' dir='ltr'>accepit</span> <span class='ocrx_word' id='word_1_337' title='bbox 1708 4270 1952 4338; x_wconf 90' lang='lat' dir='ltr'>Isacius,</span> 
     </span>
    </p>
   </div>
   <div class='ocr_carea' id='block_1_49' title="bbox 239 4361 1948 4438">
    <p class='ocr_par' dir='ltr' id='par_1_49' title="bbox 239 4361 1948 4438">
     <span class='ocr_line' id='line_1_49' title="bbox 239 4361 1948 4438; baseline -0.004 -15"><span class='ocrx_word' id='word_1_338' title='bbox 239 4373 293 4423; x_wconf 90' lang='lat' dir='ltr'>et</span> <span class='ocrx_word' id='word_1_339' title='bbox 327 4365 510 4438; x_wconf 88' lang='lat' dir='ltr'>paulo</span> <span class='ocrx_word' id='word_1_340' title='bbox 542 4369 669 4436; x_wconf 90' lang='lat' dir='ltr'>post</span> <span class='ocrx_word' id='word_1_341' title='bbox 697 4365 768 4420; x_wconf 89' lang='lat' dir='ltr'>ad</span> <span class='ocrx_word' id='word_1_342' title='bbox 787 4363 1124 4435; x_wconf 87' lang='lat' dir='ltr'>Gregorium</span> <span class='ocrx_word' id='word_1_343' title='bbox 1157 4362 1496 4434; x_wconf 78' lang='lat' dir='ltr'>synodicam</span> <span class='ocrx_word' id='word_1_344' title='bbox 1531 4362 1692 4418; x_wconf 91' lang='lat' dir='ltr'>misit</span> <span class='ocrx_word' id='word_1_345' title='bbox 1736 4361 1948 4432; x_wconf 85' lang='lat' dir='ltr'>episto-</span> 
     </span>
    </p>
   </div>
   <div class='ocr_carea' id='block_1_50' title="bbox 241 4450 1959 4527">
    <p class='ocr_par' dir='ltr' id='par_1_50' title="bbox 241 4450 1959 4527">
     <span class='ocr_line' id='line_1_50' title="bbox 241 4450 1959 4527; baseline -0.002 -16"><span class='ocrx_word' id='word_1_346' title='bbox 241 4456 386 4512; x_wconf 86' lang='lat' dir='ltr'>lam.</span> <span class='ocrx_word' id='word_1_347' title='bbox 422 4454 621 4510; x_wconf 81' lang='lat' dir='ltr'>Fidem</span> <span class='ocrx_word' id='word_1_348' title='bbox 653 4469 829 4527; x_wconf 90' lang='lat' dir='ltr'>quam</span> <span class='ocrx_word' id='word_1_349' title='bbox 861 4454 920 4508; x_wconf 93' lang='lat' dir='ltr'>in</span> <span class='ocrx_word' id='word_1_350' title='bbox 951 4469 1018 4508; x_wconf 90' lang='lat' dir='ltr'>ea</span> <span class='ocrx_word' id='word_1_351' title='bbox 1039 4453 1411 4524; x_wconf 89' lang='lat' dir='ltr'>proﬁtebatur</span> <span class='ocrx_word' id='word_1_352' title='bbox 1442 4450 1663 4507; x_wconf 90' lang='lat' dir='ltr'>Isacius</span> <span class='ocrx_word' id='word_1_353' title='bbox 1696 4451 1959 4523; x_wconf 90' lang='lat' dir='ltr'>probavit</span> 
     </span>
    </p>
   </div>
   <div class='ocr_carea' id='block_1_51' title="bbox 2072 502 3176 573">
    <p class='ocr_par' dir='ltr' id='par_1_51' title="bbox 2072 502 3176 573">
     <span class='ocr_line' id='line_1_51' title="bbox 2072 502 3176 573; baseline 0.001 -16"><span class='ocrx_word' id='word_1_354' title='bbox 2072 506 2390 573; x_wconf 90' lang='lat' dir='ltr'>nequeunt,</span> <span class='ocrx_word' id='word_1_355' title='bbox 2419 502 2822 572; x_wconf 76' lang='lat' dir='ltr'>aequanimiter</span> <span class='ocrx_word' id='word_1_356' title='bbox 2852 502 3176 558; x_wconf 88' lang='lat' dir='ltr'>tolerando.</span> 
     </span>
    </p>
   </div>
   <div class='ocr_carea' id='block_1_52' title="bbox 2142 593 3781 666">
    <p class='ocr_par' dir='ltr' id='par_1_52' title="bbox 2142 593 3781 666">
     <span class='ocr_line' id='line_1_52' title="bbox 2142 593 3781 666; baseline 0.004 -19"><span class='ocrx_word' id='word_1_357' title='bbox 2142 594 2195 649; x_wconf 93' lang='lat'>3.</span> <span class='ocrx_word' id='word_1_358' title='bbox 2229 594 2345 648; x_wconf 86' lang='lat' dir='ltr'>Hoc</span> <span class='ocrx_word' id='word_1_359' title='bbox 2375 609 2529 648; x_wconf 91' lang='lat' dir='ltr'>anno</span> <span class='ocrx_word' id='word_1_360' title='bbox 2561 607 2790 664; x_wconf 88' lang='lat' dir='ltr'>quoque</span> <span class='ocrx_word' id='word_1_361' title='bbox 2821 609 3026 663; x_wconf 88' lang='lat' dir='ltr'>parum</span> <span class='ocrx_word' id='word_1_362' title='bbox 3071 593 3259 650; x_wconf 83' lang='lat' dir='ltr'>abfuit</span> <span class='ocrx_word' id='word_1_363' title='bbox 3299 595 3443 666; x_wconf 86' lang='lat' dir='ltr'>quin</span> <span class='ocrx_word' id='word_1_364' title='bbox 3471 595 3627 652; x_wconf 87' lang='lat' dir='ltr'>orbis</span> <span class='ocrx_word' id='word_1_365' title='bbox 3658 613 3781 653; x_wconf 82' lang='lat' dir='ltr'>om-</span> 
     </span>
    </p>
   </div>
   <div class='ocr_carea' id='block_1_53' title="bbox 2074 681 3782 758">
    <p class='ocr_par' dir='ltr' id='par_1_53' title="bbox 2074 681 3782 758">
     <span class='ocr_line' id='line_1_53' title="bbox 2074 681 3782 758; baseline 0.004 -21"><span class='ocrx_word' id='word_1_366' title='bbox 2074 682 2165 738; x_wconf 87' lang='lat' dir='ltr'>nis</span> <span class='ocrx_word' id='word_1_367' title='bbox 2191 681 2548 738; x_wconf 83' lang='lat' dir='ltr'>Christianus</span> <span class='ocrx_word' id='word_1_368' title='bbox 2563 682 3116 754; x_wconf 76' lang='lat' dir='ltr'>praestantissimum</span> <span class='ocrx_word' id='word_1_369' title='bbox 3134 701 3307 740; x_wconf 88' lang='lat' dir='ltr'>suum</span> <span class='ocrx_word' id='word_1_370' title='bbox 3325 685 3618 742; x_wconf 87' lang='lat' dir='ltr'>amitteret</span> <span class='ocrx_word' id='word_1_371' title='bbox 3641 703 3782 758; x_wconf 91' lang='lat' dir='ltr'>pon-</span> 
     </span>
    </p>
   </div>
   <div class='ocr_carea' id='block_1_54' title="bbox 2073 772 3761 844">
    <p class='ocr_par' dir='ltr' id='par_1_54' title="bbox 2073 772 3761 844">
     <span class='ocr_line' id='line_1_54' title="bbox 2073 772 3761 844; baseline 0.005 -18"><span class='ocrx_word' id='word_1_372' title='bbox 2073 772 2305 828; x_wconf 86' lang='lat' dir='ltr'>tiﬁcem.</span> <span class='ocrx_word' id='word_1_373' title='bbox 2340 773 2438 827; x_wconf 79' lang='lat' dir='ltr'>llis</span> <span class='ocrx_word' id='word_1_374' title='bbox 2461 772 2674 838; x_wconf 87' lang='lat' dir='ltr'>verbis,</span> <span class='ocrx_word' id='word_1_375' title='bbox 2706 787 2882 844; x_wconf 89' lang='lat' dir='ltr'>quam</span> <span class='ocrx_word' id='word_1_376' title='bbox 2916 772 3068 829; x_wconf 90' lang='lat' dir='ltr'>male</span> <span class='ocrx_word' id='word_1_377' title='bbox 3098 790 3160 829; x_wconf 90' lang='lat' dir='ltr'>se</span> <span class='ocrx_word' id='word_1_378' title='bbox 3189 774 3430 831; x_wconf 89' lang='lat' dir='ltr'>haberet</span> <span class='ocrx_word' id='word_1_379' title='bbox 3457 775 3761 834; x_wconf 87' lang='lat' dir='ltr'>describit.</span> 
     </span>
    </p>
   </div>
   <div class='ocr_carea' id='block_1_55' title="bbox 2072 862 3784 934">
    <p class='ocr_par' dir='ltr' id='par_1_55' title="bbox 2072 862 3784 934">
     <span class='ocr_line' id='line_1_55' title="bbox 2072 862 3784 934; baseline 0.004 -17"><span class='ocrx_word' id='word_1_380' title='bbox 2072 863 2301 918; x_wconf 78' lang='lat' dir='ltr'>Multum</span> <span class='ocrx_word' id='word_1_381' title='bbox 2332 862 2453 932; x_wconf 87' lang='lat' dir='ltr'>jam</span> <span class='ocrx_word' id='word_1_382' title='bbox 2494 871 2708 934; x_wconf 81' lang='lat' dir='ltr'>tempus</span> <span class='ocrx_word' id='word_1_383' title='bbox 2754 868 2832 918; x_wconf 89' lang='lat' dir='ltr'>est</span> <span class='ocrx_word' id='word_1_384' title='bbox 2861 863 3003 934; x_wconf 90' lang='lat' dir='ltr'>quod</span> <span class='ocrx_word' id='word_1_385' title='bbox 3047 880 3275 933; x_wconf 81' lang='lat' dir='ltr'>surgere</span> <span class='ocrx_word' id='word_1_386' title='bbox 3321 864 3386 920; x_wconf 89' lang='lat' dir='ltr'>de</span> <span class='ocrx_word' id='word_1_387' title='bbox 3424 865 3623 924; x_wconf 87' lang='lat' dir='ltr'>lectulo</span> <span class='ocrx_word' id='word_1_388' title='bbox 3673 883 3784 924; x_wconf 88' lang='lat' dir='ltr'>non</span> 
     </span>
    </p>
   </div>
   <div class='ocr_carea' id='block_1_56' title="bbox 2074 952 3786 1025">
    <p class='ocr_par' dir='ltr' id='par_1_56' title="bbox 2074 952 3786 1025">
     <span class='ocr_line' id='line_1_56' title="bbox 2074 952 3786 1025; baseline 0.004 -19"><span class='ocrx_word' id='word_1_389' title='bbox 2074 954 2242 1008; x_wconf 87' lang='lat' dir='ltr'>valeo.</span> <span class='ocrx_word' id='word_1_390' title='bbox 2272 953 2410 1008; x_wconf 83' lang='lat' dir='ltr'>Nam</span> <span class='ocrx_word' id='word_1_391' title='bbox 2440 952 2593 1008; x_wconf 91' lang='lat' dir='ltr'>modo</span> <span class='ocrx_word' id='word_1_392' title='bbox 2623 967 2708 1006; x_wconf 90' lang='lat' dir='ltr'>me</span> <span class='ocrx_word' id='word_1_393' title='bbox 2733 952 2994 1023; x_wconf 74' lang='lat' dir='ltr'>podagrae</span> <span class='ocrx_word' id='word_1_394' title='bbox 3021 953 3175 1010; x_wconf 89' lang='lat' dir='ltr'>dolor</span> <span class='ocrx_word' id='word_1_395' title='bbox 3205 955 3434 1025; x_wconf 80' lang='lat' dir='ltr'>cruciat,</span> <span class='ocrx_word' id='word_1_396' title='bbox 3473 957 3629 1012; x_wconf 87' lang='lat' dir='ltr'>modo</span> <span class='ocrx_word' id='word_1_397' title='bbox 3659 972 3786 1012; x_wconf 84' lang='lat' dir='ltr'>nes-</span> 
     </span>
    </p>
   </div>
   <div class='ocr_carea' id='block_1_57' title="bbox 2070 1043 3787 1116">
    <p class='ocr_par' dir='ltr' id='par_1_57' title="bbox 2070 1043 3787 1116">
     <span class='ocr_line' id='line_1_57' title="bbox 2070 1043 3787 1116; baseline 0.002 -19"><span class='ocrx_word' id='word_1_398' title='bbox 2070 1044 2152 1098; x_wconf 89' lang='lat' dir='ltr'>cio</span> <span class='ocrx_word' id='word_1_399' title='bbox 2181 1043 2303 1114; x_wconf 87' lang='lat' dir='ltr'>quis</span> <span class='ocrx_word' id='word_1_400' title='bbox 2333 1044 2394 1096; x_wconf 87' lang='lat' dir='ltr'>in</span> <span class='ocrx_word' id='word_1_401' title='bbox 2425 1050 2532 1098; x_wconf 88' lang='lat' dir='ltr'>toto</span> <span class='ocrx_word' id='word_1_402' title='bbox 2569 1056 2798 1110; x_wconf 86' lang='lat' dir='ltr'>corpore</span> <span class='ocrx_word' id='word_1_403' title='bbox 2827 1057 2952 1098; x_wconf 87' lang='lat' dir='ltr'>cum</span> <span class='ocrx_word' id='word_1_404' title='bbox 2980 1043 3164 1099; x_wconf 86' lang='lat' dir='ltr'>dolore</span> <span class='ocrx_word' id='word_1_405' title='bbox 3195 1059 3253 1100; x_wconf 91' lang='lat' dir='ltr'>se</span> <span class='ocrx_word' id='word_1_406' title='bbox 3291 1043 3440 1113; x_wconf 87' lang='lat' dir='ltr'>ignis</span> <span class='ocrx_word' id='word_1_407' title='bbox 3480 1045 3748 1116; x_wconf 74' lang='lat' dir='ltr'>expandit</span> <span class='ocrx_word' id='word_1_408' title='bbox 3766 1063 3787 1107; x_wconf 87' lang='grc'><em>;</em></span> 
     </span>
    </p>
   </div>
   <div class='ocr_carea' id='block_1_58' title="bbox 2072 1132 3791 1204">
    <p class='ocr_par' dir='ltr' id='par_1_58' title="bbox 2072 1132 3791 1204">
     <span class='ocr_line' id='line_1_58' title="bbox 2072 1132 3791 1204; baseline 0.002 -17"><span class='ocrx_word' id='word_1_409' title='bbox 2072 1137 2121 1187; x_wconf 91' lang='lat' dir='ltr'>et</span> <span class='ocrx_word' id='word_1_410' title='bbox 2151 1133 2211 1200; x_wconf 79' lang='lat' dir='ltr'>ﬁt</span> <span class='ocrx_word' id='word_1_411' title='bbox 2229 1133 2558 1202; x_wconf 87' lang='lat' dir='ltr'>plerumque</span> <span class='ocrx_word' id='word_1_412' title='bbox 2579 1139 2760 1187; x_wconf 88' lang='lat' dir='ltr'>utuno</span> <span class='ocrx_word' id='word_1_413' title='bbox 2796 1132 2851 1187; x_wconf 89' lang='lat' dir='ltr'>in</span> <span class='ocrx_word' id='word_1_414' title='bbox 2888 1149 2976 1187; x_wconf 86' lang='lat' dir='ltr'>me</span> <span class='ocrx_word' id='word_1_415' title='bbox 2999 1136 3232 1204; x_wconf 86' lang='lat' dir='ltr'>tempore</span> <span class='ocrx_word' id='word_1_416' title='bbox 3266 1134 3440 1190; x_wconf 87' lang='lat' dir='ltr'>ardor</span> <span class='ocrx_word' id='word_1_417' title='bbox 3459 1150 3581 1189; x_wconf 69' lang='lat' dir='ltr'>cuin</span> <span class='ocrx_word' id='word_1_418' title='bbox 3604 1134 3791 1190; x_wconf 87' lang='lat' dir='ltr'>dolore</span> 
     </span>
    </p>
   </div>
   <div class='ocr_carea' id='block_1_59' title="bbox 2069 1223 3789 1295">
    <p class='ocr_par' dir='ltr' id='par_1_59' title="bbox 2069 1223 3789 1295">
     <span class='ocr_line' id='line_1_59' title="bbox 2069 1223 3789 1295; baseline 0.001 -16"><span class='ocrx_word' id='word_1_419' title='bbox 2069 1224 2350 1293; x_wconf 80' lang='lat' dir='ltr'>conﬂigat,</span> <span class='ocrx_word' id='word_1_420' title='bbox 2399 1231 2450 1279; x_wconf 84' lang='lat' dir='ltr'>et</span> <span class='ocrx_word' id='word_1_421' title='bbox 2478 1239 2669 1294; x_wconf 83' lang='lat' dir='ltr'>corpus</span> <span class='ocrx_word' id='word_1_422' title='bbox 2699 1225 2757 1277; x_wconf 91' lang='lat' dir='ltr'>in</span> <span class='ocrx_word' id='word_1_423' title='bbox 2790 1238 2876 1280; x_wconf 88' lang='lat' dir='ltr'>me</span> <span class='ocrx_word' id='word_1_424' title='bbox 2902 1225 3228 1295; x_wconf 85' lang='lat' dir='ltr'>animusque</span> <span class='ocrx_word' id='word_1_425' title='bbox 3271 1223 3518 1294; x_wconf 76' lang='lat' dir='ltr'>deﬁciat.</span> <span class='ocrx_word' id='word_1_426' title='bbox 3554 1225 3789 1293; x_wconf 83' lang='lat' dir='ltr'>Quantis</span> 
     </span>
    </p>
   </div>
   <div class='ocr_carea' id='block_1_60' title="bbox 2070 1311 3783 1385">
    <p class='ocr_par' dir='ltr' id='par_1_60' title="bbox 2070 1311 3783 1385">
     <span class='ocr_line' id='line_1_60' title="bbox 2070 1311 3783 1385; baseline 0.001 -17"><span class='ocrx_word' id='word_1_427' title='bbox 2070 1317 2253 1368; x_wconf 88' lang='lat' dir='ltr'>autem</span> <span class='ocrx_word' id='word_1_428' title='bbox 2295 1311 2427 1368; x_wconf 89' lang='lat' dir='ltr'>aliis</span> <span class='ocrx_word' id='word_1_429' title='bbox 2469 1313 2881 1368; x_wconf 84' lang='lat' dir='ltr'>necessitatibus</span> <span class='ocrx_word' id='word_1_430' title='bbox 2923 1321 3084 1369; x_wconf 70' lang='lat' dir='ltr'>extra</span> <span class='ocrx_word' id='word_1_431' title='bbox 3126 1314 3236 1369; x_wconf 78' lang='lat' dir='ltr'>haec</span> <span class='ocrx_word' id='word_1_432' title='bbox 3266 1328 3392 1385; x_wconf 51' lang='lat' dir='ltr'>qua</span> <span class='ocrx_word' id='word_1_433' title='bbox 3420 1314 3590 1370; x_wconf 88' lang='lat' dir='ltr'>retuli</span> <span class='ocrx_word' id='word_1_434' title='bbox 3623 1315 3783 1384; x_wconf 84' lang='lat' dir='ltr'>inﬁr-</span> 
     </span>
    </p>
   </div>
   <div class='ocr_carea' id='block_1_61' title="bbox 2069 1400 3784 1473">
    <p class='ocr_par' dir='ltr' id='par_1_61' title="bbox 2069 1400 3784 1473">
     <span class='ocr_line' id='line_1_61' title="bbox 2069 1400 3784 1473; baseline 0.003 -19"><span class='ocrx_word' id='word_1_435' title='bbox 2069 1400 2281 1455; x_wconf 87' lang='lat' dir='ltr'>mitatis</span> <span class='ocrx_word' id='word_1_436' title='bbox 2311 1400 2560 1469; x_wconf 79' lang='lat' dir='ltr'>afﬁcior,</span> <span class='ocrx_word' id='word_1_437' title='bbox 2590 1415 2915 1455; x_wconf 86' lang='lat' dir='ltr'>enumerare</span> <span class='ocrx_word' id='word_1_438' title='bbox 2935 1417 3042 1454; x_wconf 81' lang='lat' dir='ltr'>non</span> <span class='ocrx_word' id='word_1_439' title='bbox 3062 1402 3233 1457; x_wconf 86' lang='lat' dir='ltr'>valeo.</span> <span class='ocrx_word' id='word_1_440' title='bbox 3261 1402 3367 1457; x_wconf 86' lang='lat' dir='ltr'>Sed</span> <span class='ocrx_word' id='word_1_441' title='bbox 3389 1402 3622 1457; x_wconf 80' lang='lat' dir='ltr'>breviter</span> <span class='ocrx_word' id='word_1_442' title='bbox 3642 1401 3784 1473; x_wconf 89' lang='lat' dir='ltr'>dico,</span> 
     </span>
    </p>
   </div>
   <div class='ocr_carea' id='block_1_62' title="bbox 2069 1489 3786 1560">
    <p class='ocr_par' dir='ltr' id='par_1_62' title="bbox 2069 1489 3786 1560">
     <span class='ocr_line' id='line_1_62' title="bbox 2069 1489 3786 1560; baseline 0.002 -17"><span class='ocrx_word' id='word_1_443' title='bbox 2069 1491 2201 1559; x_wconf 86' lang='lat' dir='ltr'>quia</span> <span class='ocrx_word' id='word_1_444' title='bbox 2231 1491 2312 1544; x_wconf 87' lang='lat' dir='ltr'>sic</span> <span class='ocrx_word' id='word_1_445' title='bbox 2358 1505 2444 1544; x_wconf 91' lang='lat' dir='ltr'>me</span> <span class='ocrx_word' id='word_1_446' title='bbox 2474 1489 2704 1559; x_wconf 83' lang='lat' dir='ltr'>infectio</span> <span class='ocrx_word' id='word_1_447' title='bbox 2755 1491 2914 1545; x_wconf 73' lang='lat' dir='ltr'>noxii</span> <span class='ocrx_word' id='word_1_448' title='bbox 2943 1491 3185 1547; x_wconf 88' lang='lat' dir='ltr'>humoris</span> <span class='ocrx_word' id='word_1_449' title='bbox 3232 1491 3469 1560; x_wconf 85' lang='lat' dir='ltr'>imbibit,</span> <span class='ocrx_word' id='word_1_450' title='bbox 3503 1495 3562 1546; x_wconf 90' lang='lat' dir='ltr'>ut</span> <span class='ocrx_word' id='word_1_451' title='bbox 3604 1490 3786 1547; x_wconf 88' lang='lat' dir='ltr'>vivere</span> 
     </span>
    </p>
   </div>
   <div class='ocr_carea' id='block_1_63' title="bbox 2068 1578 3784 1652">
    <p class='ocr_par' dir='ltr' id='par_1_63' title="bbox 2068 1578 3784 1652">
     <span class='ocr_line' id='line_1_63' title="bbox 2068 1578 3784 1652; baseline 0.003 -18"><span class='ocrx_word' id='word_1_452' title='bbox 2068 1578 2211 1634; x_wconf 85' lang='lat' dir='ltr'>mihi</span> <span class='ocrx_word' id='word_1_453' title='bbox 2228 1595 2385 1649; x_wconf 68' lang='lat' dir='ltr'>paena</span> <span class='ocrx_word' id='word_1_454' title='bbox 2405 1580 2499 1648; x_wconf 88' lang='lat' dir='ltr'>sit,</span> <span class='ocrx_word' id='word_1_455' title='bbox 2535 1588 2585 1635; x_wconf 87' lang='lat' dir='ltr'>et</span> <span class='ocrx_word' id='word_1_456' title='bbox 2614 1588 2846 1635; x_wconf 88' lang='lat' dir='ltr'>mortem</span> <span class='ocrx_word' id='word_1_457' title='bbox 2879 1579 3254 1636; x_wconf 82' lang='lat' dir='ltr'>desideranter</span> <span class='ocrx_word' id='word_1_458' title='bbox 3276 1590 3598 1651; x_wconf 77' lang='lat' dir='ltr'>exspectem,</span> <span class='ocrx_word' id='word_1_459' title='bbox 3622 1597 3784 1652; x_wconf 86' lang='lat' dir='ltr'>quam</span> 
     </span>
    </p>
   </div>
   <div class='ocr_carea' id='block_1_64' title="bbox 2067 1669 3784 1740">
    <p class='ocr_par' dir='ltr' id='par_1_64' title="bbox 2067 1669 3784 1740">
     <span class='ocr_line' id='line_1_64' title="bbox 2067 1669 3784 1740; baseline 0.001 -16"><span class='ocrx_word' id='word_1_460' title='bbox 2067 1670 2359 1737; x_wconf 86' lang='lat' dir='ltr'>gemitibus</span> <span class='ocrx_word' id='word_1_461' title='bbox 2387 1671 2523 1724; x_wconf 86' lang='lat' dir='ltr'>meis</span> <span class='ocrx_word' id='word_1_462' title='bbox 2552 1669 2725 1724; x_wconf 87' lang='lat' dir='ltr'>solam</span> <span class='ocrx_word' id='word_1_463' title='bbox 2753 1685 2869 1724; x_wconf 89' lang='lat' dir='ltr'>esse</span> <span class='ocrx_word' id='word_1_464' title='bbox 2897 1670 3065 1725; x_wconf 89' lang='lat' dir='ltr'>credo</span> <span class='ocrx_word' id='word_1_465' title='bbox 3103 1684 3258 1740; x_wconf 86' lang='lat' dir='ltr'>posse</span> <span class='ocrx_word' id='word_1_466' title='bbox 3288 1669 3614 1725; x_wconf 90' lang='lat' dir='ltr'>remedium.</span> <span class='ocrx_word' id='word_1_467' title='bbox 3641 1673 3784 1726; x_wconf 87' lang='lat' dir='ltr'>Pro-</span> 
     </span>
    </p>
   </div>
   <div class='ocr_carea' id='block_1_65' title="bbox 2069 1758 3785 1830">
    <p class='ocr_par' dir='ltr' id='par_1_65' title="bbox 2069 1758 3785 1830">
     <span class='ocr_line' id='line_1_65' title="bbox 2069 1758 3785 1830; baseline 0.001 -17"><span class='ocrx_word' id='word_1_468' title='bbox 2069 1758 2214 1826; x_wconf 87' lang='lat' dir='ltr'>inde,</span> <span class='ocrx_word' id='word_1_469' title='bbox 2241 1760 2427 1828; x_wconf 85' lang='lat' dir='ltr'>frater</span> <span class='ocrx_word' id='word_1_470' title='bbox 2471 1760 2832 1826; x_wconf 87' lang='lat' dir='ltr'>sanctissime,</span> <span class='ocrx_word' id='word_1_471' title='bbox 2872 1759 3083 1816; x_wconf 61' lang='lat' dir='ltr'>divinw</span> <span class='ocrx_word' id='word_1_472' title='bbox 3110 1775 3210 1830; x_wconf 91' lang='lat' dir='ltr'>pro</span> <span class='ocrx_word' id='word_1_473' title='bbox 3242 1775 3328 1814; x_wconf 90' lang='lat' dir='ltr'>me</span> <span class='ocrx_word' id='word_1_474' title='bbox 3355 1761 3578 1830; x_wconf 86' lang='lat' dir='ltr'>pietatis</span> <span class='ocrx_word' id='word_1_475' title='bbox 3616 1761 3785 1815; x_wconf 86' lang='lat' dir='ltr'>mise-</span> 
     </span>
    </p>
   </div>
   <div class='ocr_carea' id='block_1_66' title="bbox 2073 1847 3787 1919">
    <p class='ocr_par' dir='ltr' id='par_1_66' title="bbox 2073 1847 3787 1919">
     <span class='ocr_line' id='line_1_66' title="bbox 2073 1847 3787 1919; baseline 0.002 -17"><span class='ocrx_word' id='word_1_476' title='bbox 2073 1847 2370 1903; x_wconf 87' lang='lat' dir='ltr'>ricordiam</span> <span class='ocrx_word' id='word_1_477' title='bbox 2408 1847 2716 1919; x_wconf 86' lang='lat' dir='ltr'>deprecare,</span> <span class='ocrx_word' id='word_1_478' title='bbox 2764 1856 2825 1903; x_wconf 88' lang='lat' dir='ltr'>ut</span> <span class='ocrx_word' id='word_1_479' title='bbox 2864 1847 3234 1918; x_wconf 78' lang='lat' dir='ltr'>percussionis</span> <span class='ocrx_word' id='word_1_480' title='bbox 3264 1864 3376 1903; x_wconf 64' lang='lat' dir='ltr'>sum</span> <span class='ocrx_word' id='word_1_481' title='bbox 3407 1863 3539 1916; x_wconf 89' lang='lat' dir='ltr'>erga</span> <span class='ocrx_word' id='word_1_482' title='bbox 3570 1864 3657 1904; x_wconf 89' lang='lat' dir='ltr'>me</span> <span class='ocrx_word' id='word_1_483' title='bbox 3684 1849 3787 1918; x_wconf 84' lang='lat' dir='ltr'>ﬂa-</span> 
     </span>
    </p>
   </div>
   <div class='ocr_carea' id='block_1_67' title="bbox 2068 1937 3782 2010">
    <p class='ocr_par' dir='ltr' id='par_1_67' title="bbox 2068 1937 3782 2010">
     <span class='ocr_line' id='line_1_67' title="bbox 2068 1937 3782 2010; baseline 0 -17"><span class='ocrx_word' id='word_1_484' title='bbox 2068 1938 2212 2009; x_wconf 88' lang='lat' dir='ltr'>gella</span> <span class='ocrx_word' id='word_1_485' title='bbox 2239 1939 2513 2010; x_wconf 87' lang='lat' dir='ltr'>propitius</span> <span class='ocrx_word' id='word_1_486' title='bbox 2552 1937 2789 2007; x_wconf 89' lang='lat' dir='ltr'>mitiget,</span> <span class='ocrx_word' id='word_1_487' title='bbox 2820 1943 2875 1993; x_wconf 89' lang='lat' dir='ltr'>et</span> <span class='ocrx_word' id='word_1_488' title='bbox 2902 1939 3225 2009; x_wconf 85' lang='lat' dir='ltr'>patientiam</span> <span class='ocrx_word' id='word_1_489' title='bbox 3272 1937 3556 1993; x_wconf 88' lang='lat' dir='ltr'>tolerandi</span> <span class='ocrx_word' id='word_1_490' title='bbox 3593 1953 3782 1993; x_wconf 88' lang='lat' dir='ltr'>conce-</span> 
     </span>
    </p>
   </div>
   <div class='ocr_carea' id='block_1_68' title="bbox 2070 2027 3783 2098">
    <p class='ocr_par' dir='ltr' id='par_1_68' title="bbox 2070 2027 3783 2098">
     <span class='ocr_line' id='line_1_68' title="bbox 2070 2027 3783 2098; baseline -0.003 -13"><span class='ocrx_word' id='word_1_491' title='bbox 2070 2028 2201 2085; x_wconf 85' lang='lat' dir='ltr'>dat:</span> <span class='ocrx_word' id='word_1_492' title='bbox 2229 2043 2297 2083; x_wconf 89' lang='lat' dir='ltr'>ne</span> <span class='ocrx_word' id='word_1_493' title='bbox 2324 2029 2519 2098; x_wconf 89' lang='lat' dir='ltr'>nimio,</span> <span class='ocrx_word' id='word_1_494' title='bbox 2570 2029 2719 2098; x_wconf 86' lang='lat' dir='ltr'>quod</span> <span class='ocrx_word' id='word_1_495' title='bbox 2749 2028 2908 2096; x_wconf 91' lang='lat' dir='ltr'>absit,</span> <span class='ocrx_word' id='word_1_496' title='bbox 2944 2029 3106 2084; x_wconf 74' lang='lat' dir='ltr'>taedio</span> <span class='ocrx_word' id='word_1_497' title='bbox 3135 2030 3197 2083; x_wconf 87' lang='lat' dir='ltr'>in</span> <span class='ocrx_word' id='word_1_498' title='bbox 3248 2027 3653 2098; x_wconf 87' lang='lat' dir='ltr'>impatientiam</span> <span class='ocrx_word' id='word_1_499' title='bbox 3691 2043 3783 2084; x_wconf 88' lang='lat' dir='ltr'>cor</span> 
     </span>
    </p>
   </div>
   <div class='ocr_carea' id='block_1_69' title="bbox 2067 2118 3780 2190">
    <p class='ocr_par' dir='ltr' id='par_1_69' title="bbox 2067 2118 3780 2190">
     <span class='ocr_line' id='line_1_69' title="bbox 2067 2118 3780 2190; baseline -0.002 -15"><span class='ocrx_word' id='word_1_500' title='bbox 2067 2127 2336 2190; x_wconf 87' lang='lat' dir='ltr'>erumpat,</span> <span class='ocrx_word' id='word_1_501' title='bbox 2369 2126 2418 2174; x_wconf 88' lang='lat' dir='ltr'>et</span> <span class='ocrx_word' id='word_1_502' title='bbox 2459 2134 2523 2174; x_wconf 90' lang='lat' dir='ltr'>ea</span> <span class='ocrx_word' id='word_1_503' title='bbox 2570 2133 2694 2190; x_wconf 67' lang='lat' dir='ltr'>qua:</span> <span class='ocrx_word' id='word_1_504' title='bbox 2727 2119 2857 2174; x_wconf 88' lang='lat' dir='ltr'>bene</span> <span class='ocrx_word' id='word_1_505' title='bbox 2903 2120 3093 2174; x_wconf 88' lang='lat' dir='ltr'>curari</span> <span class='ocrx_word' id='word_1_506' title='bbox 3144 2133 3243 2188; x_wconf 88' lang='lat' dir='ltr'>per</span> <span class='ocrx_word' id='word_1_507' title='bbox 3286 2118 3511 2188; x_wconf 86' lang='lat' dir='ltr'>plagam</span> <span class='ocrx_word' id='word_1_508' title='bbox 3547 2126 3780 2190; x_wconf 86' lang='lat' dir='ltr'>poterat,</span> 
     </span>
    </p>
   </div>
   <div class='ocr_carea' id='block_1_70' title="bbox 2067 2207 3428 2280">
    <p class='ocr_par' dir='ltr' id='par_1_70' title="bbox 2067 2207 3428 2280">
     <span class='ocr_line' id='line_1_70' title="bbox 2067 2207 3428 2280; baseline -0.001 -17"><span class='ocrx_word' id='word_1_509' title='bbox 2067 2209 2230 2280; x_wconf 89' lang='lat' dir='ltr'>culpa</span> <span class='ocrx_word' id='word_1_510' title='bbox 2259 2213 2460 2264; x_wconf 86' lang='lat' dir='ltr'>crescat</span> <span class='ocrx_word' id='word_1_511' title='bbox 2491 2224 2561 2264; x_wconf 77' lang='lat' dir='ltr'>ex</span> <span class='ocrx_word' id='word_1_512' title='bbox 2590 2225 2877 2264; x_wconf 87' lang='lat' dir='ltr'>murmure</span> <span class='ocrx_word' id='word_1_513' title='bbox 2917 2208 3058 2277; x_wconf 88' lang='lat' dir='ltr'>(Lib.</span> <span class='ocrx_word' id='word_1_514' title='bbox 3090 2223 3170 2274; x_wconf 77' lang='lat' dir='ltr'>xx,</span> <span class='ocrx_word' id='word_1_515' title='bbox 3203 2224 3289 2278; x_wconf 84' lang='lat' dir='ltr'>ep.</span> <span class='ocrx_word' id='word_1_516' title='bbox 3315 2207 3428 2275; x_wconf 84' lang='grc'><strong>32).</strong></span> 
     </span>
    </p>
   </div>
   <div class='ocr_carea' id='block_1_71' title="bbox 2138 2294 3783 2368">
    <p class='ocr_par' dir='ltr' id='par_1_71' title="bbox 2138 2294 3783 2368">
     <span class='ocr_line' id='line_1_71' title="bbox 2138 2294 3783 2368; baseline -0.002 -15"><span class='ocrx_word' id='word_1_517' title='bbox 2138 2299 2192 2353; x_wconf 79' lang='grc'><strong>4.</strong></span> <span class='ocrx_word' id='word_1_518' title='bbox 2243 2302 2513 2354; x_wconf 85' lang='lat' dir='ltr'>Attamen</span> <span class='ocrx_word' id='word_1_519' title='bbox 2543 2298 2603 2353; x_wconf 91' lang='lat' dir='ltr'>in</span> <span class='ocrx_word' id='word_1_520' title='bbox 2640 2303 2721 2354; x_wconf 85' lang='lat' dir='ltr'>tot</span> <span class='ocrx_word' id='word_1_521' title='bbox 2771 2297 3071 2368; x_wconf 88' lang='lat' dir='ltr'>tantisque</span> <span class='ocrx_word' id='word_1_522' title='bbox 3101 2295 3403 2352; x_wconf 88' lang='lat' dir='ltr'>doloribus</span> <span class='ocrx_word' id='word_1_523' title='bbox 3436 2294 3662 2367; x_wconf 89' lang='lat' dir='ltr'>positus</span> <span class='ocrx_word' id='word_1_524' title='bbox 3693 2295 3783 2349; x_wconf 92' lang='lat' dir='ltr'>vir</span> 
     </span>
    </p>
   </div>
   <div class='ocr_carea' id='block_1_72' title="bbox 2069 2385 3783 2462">
    <p class='ocr_par' dir='ltr' id='par_1_72' title="bbox 2069 2385 3783 2462">
     <span class='ocr_line' id='line_1_72' title="bbox 2069 2385 3783 2462; baseline -0.004 -17"><span class='ocrx_word' id='word_1_525' title='bbox 2069 2405 2316 2445; x_wconf 78' lang='lat' dir='ltr'>summas</span> <span class='ocrx_word' id='word_1_526' title='bbox 2367 2388 2679 2462; x_wconf 69' lang='lat' dir='ltr'>patientiae,</span> <span class='ocrx_word' id='word_1_527' title='bbox 2727 2389 2868 2460; x_wconf 89' lang='lat' dir='ltr'>quid</span> <span class='ocrx_word' id='word_1_528' title='bbox 2913 2389 3190 2444; x_wconf 87' lang='lat' dir='ltr'>toleraret</span> <span class='ocrx_word' id='word_1_529' title='bbox 3230 2388 3324 2444; x_wconf 84' lang='lat' dir='ltr'>vix</span> <span class='ocrx_word' id='word_1_530' title='bbox 3377 2386 3664 2457; x_wconf 90' lang='lat' dir='ltr'>cogitans,</span> <span class='ocrx_word' id='word_1_531' title='bbox 3711 2385 3783 2440; x_wconf 85' lang='lat' dir='ltr'>de</span> 
     </span>
    </p>
   </div>
   <div class='ocr_carea' id='block_1_73' title="bbox 2071 2475 3776 2548">
    <p class='ocr_par' dir='ltr' id='par_1_73' title="bbox 2071 2475 3776 2548">
     <span class='ocr_line' id='line_1_73' title="bbox 2071 2475 3776 2548; baseline -0.002 -13"><span class='ocrx_word' id='word_1_532' title='bbox 2071 2480 2392 2536; x_wconf 91' lang='lat' dir='ltr'>amicorum</span> <span class='ocrx_word' id='word_1_533' title='bbox 2415 2495 2657 2535; x_wconf 90' lang='lat' dir='ltr'>suorum</span> <span class='ocrx_word' id='word_1_534' title='bbox 2688 2478 3022 2534; x_wconf 86' lang='lat' dir='ltr'>valetudine</span> <span class='ocrx_word' id='word_1_535' title='bbox 3043 2476 3494 2534; x_wconf 87' lang='lat' dir='ltr'>sollicitudinem</span> <span class='ocrx_word' id='word_1_536' title='bbox 3518 2475 3776 2548; x_wconf 85' lang='lat' dir='ltr'>gerebat.</span> 
     </span>
    </p>
   </div>
   <div class='ocr_carea' id='block_1_74' title="bbox 2073 2567 3779 2640">
    <p class='ocr_par' dir='ltr' id='par_1_74' title="bbox 2073 2567 3779 2640">
     <span class='ocr_line' id='line_1_74' title="bbox 2073 2567 3779 2640; baseline -0.002 -15"><span class='ocrx_word' id='word_1_537' title='bbox 2073 2571 2133 2625; x_wconf 93' lang='lat' dir='ltr'>Id</span> <span class='ocrx_word' id='word_1_538' title='bbox 2147 2574 2418 2640; x_wconf 83' lang='lat' dir='ltr'>expertus</span> <span class='ocrx_word' id='word_1_539' title='bbox 2430 2574 2520 2624; x_wconf 92' lang='lat' dir='ltr'>est</span> <span class='ocrx_word' id='word_1_540' title='bbox 2541 2568 2923 2635; x_wconf 88' lang='lat' dir='ltr'>Marinianus,</span> <span class='ocrx_word' id='word_1_541' title='bbox 2942 2572 3224 2624; x_wconf 65' lang='lat' dir='ltr'>Ravennae</span> <span class='ocrx_word' id='word_1_542' title='bbox 3254 2567 3586 2639; x_wconf 83' lang='lat' dir='ltr'>episcopus,</span> <span class='ocrx_word' id='word_1_543' title='bbox 3609 2580 3779 2636; x_wconf 89' lang='lat' dir='ltr'>quem</span> 
     </span>
    </p>
   </div>
   <div class='ocr_carea' id='block_1_75' title="bbox 2071 2655 3782 2729">
    <p class='ocr_par' dir='ltr' id='par_1_75' title="bbox 2071 2655 3782 2729">
     <span class='ocr_line' id='line_1_75' title="bbox 2071 2655 3782 2729; baseline -0.003 -14"><span class='ocrx_word' id='word_1_544' title='bbox 2071 2674 2205 2715; x_wconf 92' lang='lat' dir='ltr'>cum</span> <span class='ocrx_word' id='word_1_545' title='bbox 2239 2660 2460 2714; x_wconf 90' lang='lat' dir='ltr'>vomitu</span> <span class='ocrx_word' id='word_1_546' title='bbox 2505 2657 2805 2729; x_wconf 89' lang='lat' dir='ltr'>sanguinis</span> <span class='ocrx_word' id='word_1_547' title='bbox 2841 2657 3108 2714; x_wconf 88' lang='lat' dir='ltr'>laborare</span> <span class='ocrx_word' id='word_1_548' title='bbox 3145 2656 3428 2713; x_wconf 86' lang='lat' dir='ltr'>audiisset</span> <span class='ocrx_word' id='word_1_549' title='bbox 3477 2655 3782 2727; x_wconf 87' lang='lat' dir='ltr'>piissimus</span> 
     </span>
    </p>
   </div>
   <div class='ocr_carea' id='block_1_76' title="bbox 2070 2743 3782 2818">
    <p class='ocr_par' dir='ltr' id='par_1_76' title="bbox 2070 2743 3782 2818">
     <span class='ocr_line' id='line_1_76' title="bbox 2070 2743 3782 2818; baseline -0.002 -15"><span class='ocrx_word' id='word_1_550' title='bbox 2070 2751 2262 2818; x_wconf 90' lang='lat' dir='ltr'>Pater,</span> <span class='ocrx_word' id='word_1_551' title='bbox 2285 2749 2356 2805; x_wconf 90' lang='lat' dir='ltr'>ad</span> <span class='ocrx_word' id='word_1_552' title='bbox 2385 2763 2447 2804; x_wconf 90' lang='lat' dir='ltr'>se</span> <span class='ocrx_word' id='word_1_553' title='bbox 2478 2749 2776 2804; x_wconf 90' lang='lat' dir='ltr'>accersivit</span> <span class='ocrx_word' id='word_1_554' title='bbox 2803 2752 2866 2804; x_wconf 91' lang='lat' dir='ltr'>ut</span> <span class='ocrx_word' id='word_1_555' title='bbox 2895 2763 3092 2804; x_wconf 88' lang='lat' dir='ltr'>curam</span> <span class='ocrx_word' id='word_1_556' title='bbox 3116 2747 3244 2818; x_wconf 87' lang='lat' dir='ltr'>eju</span> <span class='ocrx_word' id='word_1_557' title='bbox 3266 2753 3479 2818; x_wconf 85' lang='lat' dir='ltr'>ageret.</span> <span class='ocrx_word' id='word_1_558' title='bbox 3513 2743 3782 2801; x_wconf 87' lang='lat' dir='ltr'>Interim-</span> 
     </span>
    </p>
   </div>
   <div class='ocr_carea' id='block_1_77' title="bbox 2071 2832 3785 2911">
    <p class='ocr_par' dir='ltr' id='par_1_77' title="bbox 2071 2832 3785 2911">
     <span class='ocr_line' id='line_1_77' title="bbox 2071 2832 3785 2911; baseline -0.004 -16"><span class='ocrx_word' id='word_1_559' title='bbox 2071 2855 2185 2911; x_wconf 87' lang='lat' dir='ltr'>que</span> <span class='ocrx_word' id='word_1_560' title='bbox 2203 2843 2269 2894; x_wconf 91' lang='lat' dir='ltr'>ut</span> <span class='ocrx_word' id='word_1_561' title='bbox 2298 2838 2584 2910; x_wconf 89' lang='lat' dir='ltr'>ajejuniis</span> <span class='ocrx_word' id='word_1_562' title='bbox 2602 2843 2659 2894; x_wconf 89' lang='lat' dir='ltr'>et</span> <span class='ocrx_word' id='word_1_563' title='bbox 2676 2838 2888 2910; x_wconf 79' lang='lat' dir='ltr'>vigiliis</span> <span class='ocrx_word' id='word_1_564' title='bbox 2917 2841 3272 2909; x_wconf 88' lang='lat' dir='ltr'>temperaret</span> <span class='ocrx_word' id='word_1_565' title='bbox 3297 2835 3588 2908; x_wconf 65' lang='lat' dir='ltr'>praecepit.</span> <span class='ocrx_word' id='word_1_566' title='bbox 3608 2832 3785 2890; x_wconf 79' lang='lat' dir='ltr'>Aliud</span> 
     </span>
    </p>
   </div>
   <div class='ocr_carea' id='block_1_78' title="bbox 2071 2925 3788 2996">
    <p class='ocr_par' dir='ltr' id='par_1_78' title="bbox 2071 2925 3788 2996">
     <span class='ocr_line' id='line_1_78' title="bbox 2071 2925 3788 2996; baseline -0.003 -12"><span class='ocrx_word' id='word_1_567' title='bbox 2071 2934 2267 2984; x_wconf 90' lang='lat' dir='ltr'>tamen</span> <span class='ocrx_word' id='word_1_568' title='bbox 2312 2928 2493 2985; x_wconf 89' lang='lat' dir='ltr'>simul</span> <span class='ocrx_word' id='word_1_569' title='bbox 2535 2927 2598 2984; x_wconf 90' lang='lat' dir='ltr'>in</span> <span class='ocrx_word' id='word_1_570' title='bbox 2643 2927 2840 2984; x_wconf 90' lang='lat' dir='ltr'>animo</span> <span class='ocrx_word' id='word_1_571' title='bbox 2871 2926 3146 2996; x_wconf 89' lang='lat' dir='ltr'>habebat,</span> <span class='ocrx_word' id='word_1_572' title='bbox 3187 2925 3578 2982; x_wconf 89' lang='lat' dir='ltr'>Marinianum</span> <span class='ocrx_word' id='word_1_573' title='bbox 3621 2925 3690 2979; x_wconf 90' lang='lat' dir='ltr'>ad</span> <span class='ocrx_word' id='word_1_574' title='bbox 3722 2939 3788 2979; x_wconf 89' lang='lat' dir='ltr'>se</span> 
     </span>
    </p>
   </div>
   <div class='ocr_carea' id='block_1_79' title="bbox 2071 3013 3788 3090">
    <p class='ocr_par' dir='ltr' id='par_1_79' title="bbox 2071 3013 3788 3090">
     <span class='ocr_line' id='line_1_79' title="bbox 2071 3013 3788 3090; baseline -0.003 -16"><span class='ocrx_word' id='word_1_575' title='bbox 2071 3035 2304 3075; x_wconf 91' lang='lat' dir='ltr'>vocans.</span> <span class='ocrx_word' id='word_1_576' title='bbox 2337 3018 2566 3074; x_wconf 87' lang='lat' dir='ltr'>Etenim</span> <span class='ocrx_word' id='word_1_577' title='bbox 2597 3019 2910 3090; x_wconf 70' lang='lat' dir='ltr'>proximum</span> <span class='ocrx_word' id='word_1_578' title='bbox 2947 3032 3004 3074; x_wconf 88' lang='lat' dir='ltr'>se</span> <span class='ocrx_word' id='word_1_579' title='bbox 3041 3015 3210 3072; x_wconf 90' lang='lat' dir='ltr'>morti</span> <span class='ocrx_word' id='word_1_580' title='bbox 3238 3013 3592 3087; x_wconf 84' lang='lat' dir='ltr'>intelligens,</span> <span class='ocrx_word' id='word_1_581' title='bbox 3632 3013 3788 3069; x_wconf 89' lang='lat' dir='ltr'>inter</span> 
     </span>
    </p>
   </div>
   <div class='ocr_carea' id='block_1_80' title="bbox 2077 3101 3785 3177">
    <p class='ocr_par' dir='ltr' id='par_1_80' title="bbox 2077 3101 3785 3177">
     <span class='ocr_line' id='line_1_80' title="bbox 2077 3101 3785 3177; baseline -0.004 -13"><span class='ocrx_word' id='word_1_582' title='bbox 2077 3108 2249 3164; x_wconf 87' lang='lat' dir='ltr'>amici</span> <span class='ocrx_word' id='word_1_583' title='bbox 2308 3125 2520 3166; x_wconf 91' lang='lat' dir='ltr'>manus</span> <span class='ocrx_word' id='word_1_584' title='bbox 2575 3108 2836 3166; x_wconf 89' lang='lat' dir='ltr'>animam</span> <span class='ocrx_word' id='word_1_585' title='bbox 2909 3106 3104 3164; x_wconf 86' lang='lat' dir='ltr'>efﬂare</span> <span class='ocrx_word' id='word_1_586' title='bbox 3162 3106 3456 3177; x_wconf 88' lang='lat' dir='ltr'>cupiebat.</span> <span class='ocrx_word' id='word_1_587' title='bbox 3522 3101 3668 3176; x_wconf 81' lang='lat' dir='ltr'>(Lib.</span> <span class='ocrx_word' id='word_1_588' title='bbox 3729 3121 3785 3172; x_wconf 77' lang='grc' dir='ltr'><strong><em>ι,</em></strong></span> 
     </span>
    </p>
   </div>
   <div class='ocr_carea' id='block_1_81' title="bbox 1994 3161 2314 3271">
    <p class='ocr_par' dir='ltr' id='par_1_81' title="bbox 1994 3161 2314 3271">
     <span class='ocr_line' id='line_1_81' title="bbox 1994 3161 2314 3271; baseline 0 -17"><span class='ocrx_word' id='word_1_589' title='bbox 1994 3161 2039 3225; x_wconf 78' lang='lat' dir='ltr'><strong><em>C</em></strong></span> <span class='ocrx_word' id='word_1_590' title='bbox 2077 3161 2314 3271; x_wconf 49' lang='lat'>2,155.)</span> 
     </span>
    </p>
   </div>
   <div class='ocr_carea' id='block_1_82' title="bbox 2144 3284 3786 3361">
    <p class='ocr_par' dir='ltr' id='par_1_82' title="bbox 2144 3284 3786 3361">
     <span class='ocr_line' id='line_1_82' title="bbox 2144 3284 3786 3361; baseline -0.004 -17"><span class='ocrx_word' id='word_1_591' title='bbox 2144 3288 2415 3345; x_wconf 84' lang='lat' dir='ltr'>Eamdem</span> <span class='ocrx_word' id='word_1_592' title='bbox 2449 3292 2755 3361; x_wconf 85' lang='lat' dir='ltr'>paternam</span> <span class='ocrx_word' id='word_1_593' title='bbox 2776 3287 3122 3345; x_wconf 88' lang='lat' dir='ltr'>charitatem</span> <span class='ocrx_word' id='word_1_594' title='bbox 3154 3289 3426 3358; x_wconf 80' lang='lat' dir='ltr'>expertus</span> <span class='ocrx_word' id='word_1_595' title='bbox 3443 3284 3577 3342; x_wconf 91' lang='lat' dir='ltr'>olim</span> <span class='ocrx_word' id='word_1_596' title='bbox 3599 3284 3786 3340; x_wconf 83' lang='lat' dir='ltr'>fuerat</span> 
     </span>
    </p>
   </div>
   <div class='ocr_carea' id='block_1_83' title="bbox 2071 3374 3782 3450">
    <p class='ocr_par' dir='ltr' id='par_1_83' title="bbox 2071 3374 3782 3450">
     <span class='ocr_line' id='line_1_83' title="bbox 2071 3374 3782 3450; baseline -0.002 -16"><span class='ocrx_word' id='word_1_597' title='bbox 2071 3379 2367 3436; x_wconf 88' lang='lat' dir='ltr'>Castorius</span> <span class='ocrx_word' id='word_1_598' title='bbox 2392 3379 2781 3436; x_wconf 83' lang='lat' dir='ltr'>Ariminensis</span> <span class='ocrx_word' id='word_1_599' title='bbox 2813 3379 3150 3450; x_wconf 86' lang='lat' dir='ltr'>episcopus,</span> <span class='ocrx_word' id='word_1_600' title='bbox 3177 3392 3353 3448; x_wconf 88' lang='lat' dir='ltr'>quem</span> <span class='ocrx_word' id='word_1_601' title='bbox 3391 3376 3490 3430; x_wconf 90' lang='lat' dir='ltr'>diu</span> <span class='ocrx_word' id='word_1_602' title='bbox 3527 3374 3600 3432; x_wconf 89' lang='lat' dir='ltr'>ob</span> <span class='ocrx_word' id='word_1_603' title='bbox 3627 3374 3782 3430; x_wconf 89' lang='lat' dir='ltr'>infir-</span> 
     </span>
    </p>
   </div>
   <div class='ocr_carea' id='block_1_84' title="bbox 2072 3464 3787 3540">
    <p class='ocr_par' dir='ltr' id='par_1_84' title="bbox 2072 3464 3787 3540">
     <span class='ocr_line' id='line_1_84' title="bbox 2072 3464 3787 3540; baseline -0.003 -14"><span class='ocrx_word' id='word_1_604' title='bbox 2072 3471 2330 3526; x_wconf 89' lang='lat' dir='ltr'>mitatem</span> <span class='ocrx_word' id='word_1_605' title='bbox 2363 3471 2685 3527; x_wconf 87' lang='lat' dir='ltr'>retinuerat</span> <span class='ocrx_word' id='word_1_606' title='bbox 2715 3471 2863 3540; x_wconf 88' lang='lat' dir='ltr'>apud</span> <span class='ocrx_word' id='word_1_607' title='bbox 2895 3485 2978 3537; x_wconf 89' lang='lat' dir='ltr'>se,</span> <span class='ocrx_word' id='word_1_608' title='bbox 3007 3469 3078 3524; x_wconf 90' lang='lat' dir='ltr'>de</span> <span class='ocrx_word' id='word_1_609' title='bbox 3102 3469 3232 3539; x_wconf 88' lang='lat' dir='ltr'>ejus</span> <span class='ocrx_word' id='word_1_610' title='bbox 3259 3465 3586 3522; x_wconf 89' lang='lat' dir='ltr'>valetudine</span> <span class='ocrx_word' id='word_1_611' title='bbox 3620 3464 3787 3521; x_wconf 85' lang='lat' dir='ltr'>resti-</span> 
     </span>
    </p>
   </div>
   <div class='ocr_carea' id='block_1_85' title="bbox 2070 3554 3782 3630">
    <p class='ocr_par' dir='ltr' id='par_1_85' title="bbox 2070 3554 3782 3630">
     <span class='ocr_line' id='line_1_85' title="bbox 2070 3554 3782 3630; baseline -0.004 -16"><span class='ocrx_word' id='word_1_612' title='bbox 2070 3561 2290 3616; x_wconf 90' lang='lat' dir='ltr'>tuenda</span> <span class='ocrx_word' id='word_1_613' title='bbox 2330 3560 2536 3615; x_wconf 85' lang='lat' dir='ltr'>anxius</span> <span class='ocrx_word' id='word_1_614' title='bbox 2580 3562 2634 3614; x_wconf 92' lang='lat' dir='ltr'>et</span> <span class='ocrx_word' id='word_1_615' title='bbox 2680 3558 2966 3615; x_wconf 90' lang='lat' dir='ltr'>sollicitus</span> <span class='ocrx_word' id='word_1_616' title='bbox 3011 3557 3152 3630; x_wconf 85' lang='lat' dir='ltr'>(Lib.</span> <span class='ocrx_word' id='word_1_617' title='bbox 3197 3572 3287 3624; x_wconf 83' lang='grc' dir='ltr'><strong><em>ιιι,</em></strong></span> <span class='ocrx_word' id='word_1_618' title='bbox 3333 3572 3418 3627; x_wconf 88' lang='lat' dir='ltr'>ep.</span> <span class='ocrx_word' id='word_1_619' title='bbox 3465 3555 3537 3609; x_wconf 80' lang='grc'>24</span> <span class='ocrx_word' id='word_1_620' title='bbox 3577 3563 3628 3611; x_wconf 92' lang='lat' dir='ltr'>et</span> <span class='ocrx_word' id='word_1_621' title='bbox 3667 3554 3782 3621; x_wconf 87' lang='lat'>25).</span> 
     </span>
    </p>
   </div>
   <div class='ocr_carea' id='block_1_86' title="bbox 2071 3644 3786 3720">
    <p class='ocr_par' dir='ltr' id='par_1_86' title="bbox 2071 3644 3786 3720">
     <span class='ocr_line' id='line_1_86' title="bbox 2071 3644 3786 3720; baseline -0.005 -15"><span class='ocrx_word' id='word_1_622' title='bbox 2071 3651 2361 3705; x_wconf 90' lang='lat' dir='ltr'>Tenerum</span> <span class='ocrx_word' id='word_1_623' title='bbox 2393 3649 2520 3718; x_wconf 86' lang='lat' dir='ltr'>ejus</span> <span class='ocrx_word' id='word_1_624' title='bbox 2548 3649 2813 3704; x_wconf 90' lang='lat' dir='ltr'>animum</span> <span class='ocrx_word' id='word_1_625' title='bbox 2845 3663 2980 3720; x_wconf 87' lang='lat' dir='ltr'>erga</span> <span class='ocrx_word' id='word_1_626' title='bbox 3009 3649 3359 3719; x_wconf 67' lang='lat' dir='ltr'>aegrotantes</span> <span class='ocrx_word' id='word_1_627' title='bbox 3386 3644 3628 3713; x_wconf 88' lang='lat' dir='ltr'>amicos,</span> <span class='ocrx_word' id='word_1_628' title='bbox 3661 3658 3786 3699; x_wconf 82' lang='lat' dir='ltr'>ma-</span> 
     </span>
    </p>
   </div>
   <div class='ocr_carea' id='block_1_87' title="bbox 2069 3735 3782 3811">
    <p class='ocr_par' dir='ltr' id='par_1_87' title="bbox 2069 3735 3782 3811">
     <span class='ocr_line' id='line_1_87' title="bbox 2069 3735 3782 3811; baseline -0.003 -17"><span class='ocrx_word' id='word_1_629' title='bbox 2069 3740 2224 3795; x_wconf 85' lang='lat' dir='ltr'>xime</span> <span class='ocrx_word' id='word_1_630' title='bbox 2254 3741 2622 3796; x_wconf 88' lang='lat' dir='ltr'>demonstrat</span> <span class='ocrx_word' id='word_1_631' title='bbox 2650 3737 2900 3811; x_wconf 89' lang='lat' dir='ltr'>epistola</span> <span class='ocrx_word' id='word_1_632' title='bbox 2931 3739 3039 3795; x_wconf 85' lang='lat' dir='ltr'>hoc</span> <span class='ocrx_word' id='word_1_633' title='bbox 3069 3755 3223 3794; x_wconf 88' lang='lat' dir='ltr'>anno</span> <span class='ocrx_word' id='word_1_634' title='bbox 3267 3738 3336 3794; x_wconf 93' lang='lat' dir='ltr'>ad</span> <span class='ocrx_word' id='word_1_635' title='bbox 3384 3735 3782 3792; x_wconf 81' lang='lat' dir='ltr'>Rusticianam</span> 
     </span>
    </p>
   </div>
   <div class='ocr_carea' id='block_1_88' title="bbox 2069 3828 3784 3902">
    <p class='ocr_par' dir='ltr' id='par_1_88' title="bbox 2069 3828 3784 3902">
     <span class='ocr_line' id='line_1_88' title="bbox 2069 3828 3784 3902; baseline -0.003 -17"><span class='ocrx_word' id='word_1_636' title='bbox 2069 3831 2372 3902; x_wconf 86' lang='lat' dir='ltr'>patriciam</span> <span class='ocrx_word' id='word_1_637' title='bbox 2405 3830 2644 3902; x_wconf 88' lang='lat' dir='ltr'>scripta,</span> <span class='ocrx_word' id='word_1_638' title='bbox 2691 3830 2749 3885; x_wconf 91' lang='lat' dir='ltr'>in</span> <span class='ocrx_word' id='word_1_639' title='bbox 2792 3846 2907 3901; x_wconf 88' lang='lat' dir='ltr'>qua</span> <span class='ocrx_word' id='word_1_640' title='bbox 2950 3828 3085 3886; x_wconf 86' lang='lat' dir='ltr'>licet</span> <span class='ocrx_word' id='word_1_641' title='bbox 3115 3833 3334 3886; x_wconf 87' lang='lat' dir='ltr'>asserat</span> <span class='ocrx_word' id='word_1_642' title='bbox 3383 3843 3577 3897; x_wconf 89' lang='lat' dir='ltr'>corpus</span> <span class='ocrx_word' id='word_1_643' title='bbox 3621 3842 3784 3883; x_wconf 86' lang='lat' dir='ltr'>suum</span> 
     </span>
    </p>
   </div>
   <div class='ocr_carea' id='block_1_89' title="bbox 2068 3913 3783 3988">
    <p class='ocr_par' dir='ltr' id='par_1_89' title="bbox 2068 3913 3783 3988">
     <span class='ocr_line' id='line_1_89' title="bbox 2068 3913 3783 3988; baseline -0.003 -15"><span class='ocrx_word' id='word_1_644' title='bbox 2068 3922 2330 3988; x_wconf 88' lang='lat' dir='ltr'>tanquam</span> <span class='ocrx_word' id='word_1_645' title='bbox 2363 3917 2423 3973; x_wconf 84' lang='lat' dir='ltr'>in</span> <span class='ocrx_word' id='word_1_646' title='bbox 2452 3917 2733 3988; x_wconf 86' lang='lat' dir='ltr'>sepultura</span> <span class='ocrx_word' id='word_1_647' title='bbox 2763 3916 2845 3972; x_wconf 91' lang='lat' dir='ltr'>ita</span> <span class='ocrx_word' id='word_1_648' title='bbox 2872 3916 3136 3972; x_wconf 83' lang='lat' dir='ltr'>siccatum</span> <span class='ocrx_word' id='word_1_649' title='bbox 3167 3929 3316 3976; x_wconf 89' lang='lat' dir='ltr'>esse.</span> <span class='ocrx_word' id='word_1_650' title='bbox 3351 3917 3549 3970; x_wconf 87' lang='lat' dir='ltr'>tamen</span> <span class='ocrx_word' id='word_1_651' title='bbox 3584 3918 3648 3968; x_wconf 89' lang='lat' dir='ltr'>ut</span> <span class='ocrx_word' id='word_1_652' title='bbox 3678 3913 3783 3982; x_wconf 79' lang='lat' dir='ltr'>piae</span> 
     </span>
    </p>
   </div>
   <div class='ocr_carea' id='block_1_90' title="bbox 2069 4000 3783 4077">
    <p class='ocr_par' dir='ltr' id='par_1_90' title="bbox 2069 4000 3783 4077">
     <span class='ocr_line' id='line_1_90' title="bbox 2069 4000 3783 4077; baseline -0.004 -16"><span class='ocrx_word' id='word_1_653' title='bbox 2069 4006 2295 4061; x_wconf 70' lang='lat' dir='ltr'>femine</span> <span class='ocrx_word' id='word_1_654' title='bbox 2328 4005 2514 4063; x_wconf 91' lang='lat' dir='ltr'>dolori</span> <span class='ocrx_word' id='word_1_655' title='bbox 2555 4005 2966 4076; x_wconf 85' lang='lat' dir='ltr'>compatiatur,</span> <span class='ocrx_word' id='word_1_656' title='bbox 3001 4004 3218 4077; x_wconf 89' lang='lat' dir='ltr'>proprii</span> <span class='ocrx_word' id='word_1_657' title='bbox 3258 4003 3489 4060; x_wconf 88' lang='lat' dir='ltr'>videtur</span> <span class='ocrx_word' id='word_1_658' title='bbox 3517 4000 3783 4057; x_wconf 87' lang='lat' dir='ltr'>oblivisci</span> 
     </span>
    </p>
   </div>
   <div class='ocr_carea' id='block_1_91' title="bbox 2067 4094 2532 4169">
    <p class='ocr_par' dir='ltr' id='par_1_91' title="bbox 2067 4094 2532 4169">
     <span class='ocr_line' id='line_1_91' title="bbox 2067 4094 2532 4169; baseline -0.004 -17"><span class='ocrx_word' id='word_1_659' title='bbox 2067 4094 2256 4169; x_wconf 61' lang='lat' dir='ltr'>(me,</span> <span class='ocrx_word' id='word_1_660' title='bbox 2288 4111 2372 4168; x_wconf 88' lang='lat' dir='ltr'>ep.</span> <span class='ocrx_word' id='word_1_661' title='bbox 2417 4096 2532 4168; x_wconf 72' lang='grc'><strong>44).</strong></span> 
     </span>
    </p>
   </div>
   <div class='ocr_carea' id='block_1_92' title="bbox 2137 4179 3783 4259">
    <p class='ocr_par' dir='ltr' id='par_1_92' title="bbox 2137 4179 3783 4259">
     <span class='ocr_line' id='line_1_92' title="bbox 2137 4179 3783 4259; baseline -0.003 -18"><span class='ocrx_word' id='word_1_662' title='bbox 2137 4187 2193 4241; x_wconf 91' lang='grc'>5.</span> <span class='ocrx_word' id='word_1_663' title='bbox 2225 4187 2297 4242; x_wconf 84' lang='lat' dir='ltr'>At</span> <span class='ocrx_word' id='word_1_664' title='bbox 2325 4185 2618 4259; x_wconf 65' lang='lat' dir='ltr'>precipua</span> <span class='ocrx_word' id='word_1_665' title='bbox 2645 4185 2833 4258; x_wconf 89' lang='lat' dir='ltr'>ipsius</span> <span class='ocrx_word' id='word_1_666' title='bbox 2863 4200 3002 4242; x_wconf 88' lang='lat' dir='ltr'>cura</span> <span class='ocrx_word' id='word_1_667' title='bbox 3031 4188 3157 4241; x_wconf 90' lang='lat' dir='ltr'>erat</span> <span class='ocrx_word' id='word_1_668' title='bbox 3185 4183 3245 4240; x_wconf 91' lang='lat' dir='ltr'>in</span> <span class='ocrx_word' id='word_1_669' title='bbox 3271 4182 3588 4240; x_wconf 88' lang='lat' dir='ltr'>amicorum</span> <span class='ocrx_word' id='word_1_670' title='bbox 3618 4179 3783 4237; x_wconf 82' lang='lat' dir='ltr'>infir-</span> 
     </span>
    </p>
   </div>
   <div class='ocr_carea' id='block_1_93' title="bbox 2069 4273 3784 4347">
    <p class='ocr_par' dir='ltr' id='par_1_93' title="bbox 2069 4273 3784 4347">
     <span class='ocr_line' id='line_1_93' title="bbox 2069 4273 3784 4347; baseline -0.003 -15"><span class='ocrx_word' id='word_1_671' title='bbox 2069 4275 2393 4346; x_wconf 89' lang='lat' dir='ltr'>mitatibus,</span> <span class='ocrx_word' id='word_1_672' title='bbox 2427 4281 2491 4333; x_wconf 91' lang='lat' dir='ltr'>ut</span> <span class='ocrx_word' id='word_1_673' title='bbox 2520 4292 2620 4333; x_wconf 87' lang='lat' dir='ltr'>eos</span> <span class='ocrx_word' id='word_1_674' title='bbox 2651 4275 2990 4347; x_wconf 89' lang='lat' dir='ltr'>hujusmodi</span> <span class='ocrx_word' id='word_1_675' title='bbox 3019 4274 3266 4347; x_wconf 84' lang='lat' dir='ltr'>ﬂagellis</span> <span class='ocrx_word' id='word_1_676' title='bbox 3299 4273 3525 4330; x_wconf 84' lang='lat' dir='ltr'>attritos</span> <span class='ocrx_word' id='word_1_677' title='bbox 3553 4273 3627 4329; x_wconf 88' lang='lat' dir='ltr'>ad</span> <span class='ocrx_word' id='word_1_678' title='bbox 3660 4287 3784 4344; x_wconf 81' lang='lat' dir='ltr'>pce-</span> 
     </span>
    </p>
   </div>
   <div class='ocr_carea' id='block_1_94' title="bbox 2069 4362 3784 4438">
    <p class='ocr_par' dir='ltr' id='par_1_94' title="bbox 2069 4362 3784 4438">
     <span class='ocr_line' id='line_1_94' title="bbox 2069 4362 3784 4438; baseline -0.002 -17"><span class='ocrx_word' id='word_1_679' title='bbox 2069 4366 2374 4423; x_wconf 89' lang='lat' dir='ltr'>nitentiam</span> <span class='ocrx_word' id='word_1_680' title='bbox 2407 4375 2758 4438; x_wconf 89' lang='lat' dir='ltr'>provocaret.</span> <span class='ocrx_word' id='word_1_681' title='bbox 2792 4366 2890 4422; x_wconf 89' lang='lat' dir='ltr'>Sic</span> <span class='ocrx_word' id='word_1_682' title='bbox 2932 4369 3100 4438; x_wconf 86' lang='lat' dir='ltr'>urget</span> <span class='ocrx_word' id='word_1_683' title='bbox 3127 4363 3489 4422; x_wconf 90' lang='lat' dir='ltr'>Venantium</span> <span class='ocrx_word' id='word_1_684' title='bbox 3528 4362 3784 4434; x_wconf 86' lang='lat' dir='ltr'>podagra</span> 
     </span>
    </p>
   </div>
   <div class='ocr_carea' id='block_1_95' title="bbox 2069 4454 3786 4528">
    <p class='ocr_par' dir='ltr' id='par_1_95' title="bbox 2069 4454 3786 4528">
     <span class='ocr_line' id='line_1_95' title="bbox 2069 4454 3786 4528; baseline -0.003 -17"><span class='ocrx_word' id='word_1_685' title='bbox 2069 4457 2456 4528; x_wconf 88' lang='lat' dir='ltr'>laborantem,</span> <span class='ocrx_word' id='word_1_686' title='bbox 2487 4457 2556 4512; x_wconf 89' lang='lat' dir='ltr'>de</span> <span class='ocrx_word' id='word_1_687' title='bbox 2585 4457 2754 4527; x_wconf 92' lang='lat' dir='ltr'>cujus</span> <span class='ocrx_word' id='word_1_688' title='bbox 2785 4455 2956 4528; x_wconf 86' lang='lat' dir='ltr'>lapsu</span> <span class='ocrx_word' id='word_1_689' title='bbox 2982 4456 3112 4526; x_wconf 89' lang='lat' dir='ltr'>jam</span> <span class='ocrx_word' id='word_1_690' title='bbox 3152 4454 3333 4512; x_wconf 90' lang='lat' dir='ltr'>locuti</span> <span class='ocrx_word' id='word_1_691' title='bbox 3363 4468 3606 4511; x_wconf 88' lang='lat' dir='ltr'>sumus:</span> <span class='ocrx_word' id='word_1_692' title='bbox 3637 4454 3786 4510; x_wconf 84' lang='lat' dir='ltr'>inter</span> 
     </span>
    </p>
   </div>
   <div class='ocr_carea' id='block_1_96' title="bbox 242 4520 3785 4620">
    <p class='ocr_par' dir='ltr' id='par_1_96' title="bbox 242 4520 3785 4620">
     <span class='ocr_line' id='line_1_96' title="bbox 242 4520 3785 4620; baseline -0.001 -18"><span class='ocrx_word' id='word_1_693' title='bbox 242 4520 720 4620; x_wconf 73' lang='lat' dir='ltr'>papa,etgratias</span> <span class='ocrx_word' id='word_1_694' title='bbox 734 4545 978 4600; x_wconf 85' lang='lat' dir='ltr'>exsolvit</span> <span class='ocrx_word' id='word_1_695' title='bbox 999 4520 1243 4616; x_wconf 75' lang='lat' dir='ltr'>Deo,qui</span> <span class='ocrx_word' id='word_1_696' title='bbox 1275 4552 1325 4600; x_wconf 88' lang='lat' dir='ltr'>et</span> <span class='ocrx_word' id='word_1_697' title='bbox 1354 4542 1660 4599; x_wconf 86' lang='lat' dir='ltr'>immutatis</span> <span class='ocrx_word' id='word_1_698' title='bbox 1684 4520 1865 4614; x_wconf 80' lang='lat' dir='ltr'>gregis</span> <span class='ocrx_word' id='word_1_699' title='bbox 1878 4543 1966 4601; x_wconf 86' lang='lat' dir='ltr'>sui</span> <span class='ocrx_word' id='word_1_700' title='bbox 1994 4520 2039 4586; x_wconf 81' lang='lat' dir='ltr'>D</span> <span class='ocrx_word' id='word_1_701' title='bbox 2072 4563 2205 4619; x_wconf 87' lang='lat' dir='ltr'>quos</span> <span class='ocrx_word' id='word_1_702' title='bbox 2235 4520 2509 4618; x_wconf 80' lang='lat' dir='ltr'>(dolores)</span> <span class='ocrx_word' id='word_1_703' title='bbox 2539 4520 2677 4618; x_wconf 79' lang='lat' dir='ltr'>quid</span> <span class='ocrx_word' id='word_1_704' title='bbox 2700 4520 2866 4602; x_wconf 77' lang='lat' dir='ltr'>aliud</span> <span class='ocrx_word' id='word_1_705' title='bbox 2905 4520 3160 4602; x_wconf 77' lang='lat' dir='ltr'>debemus</span> <span class='ocrx_word' id='word_1_706' title='bbox 3200 4546 3315 4601; x_wconf 83' lang='lat' dir='ltr'>nisi</span> <span class='ocrx_word' id='word_1_707' title='bbox 3342 4560 3558 4616; x_wconf 83' lang='lat' dir='ltr'>semper</span> <span class='ocrx_word' id='word_1_708' title='bbox 3584 4541 3785 4600; x_wconf 88' lang='lat' dir='ltr'>delicta</span> 
     </span>
    </p>
   </div>
   <div class='ocr_carea' id='block_1_97' title="bbox 242 4633 1960 4709">
    <p class='ocr_par' dir='ltr' id='par_1_97' title="bbox 242 4633 1960 4709">
     <span class='ocr_line' id='line_1_97' title="bbox 242 4633 1960 4709; baseline -0.002 -16"><span class='ocrx_word' id='word_1_709' title='bbox 242 4637 587 4709; x_wconf 81' lang='lat' dir='ltr'>pastoribus,</span> <span class='ocrx_word' id='word_1_710' title='bbox 617 4637 778 4705; x_wconf 82' lang='lat' dir='ltr'>ﬁdem</span> <span class='ocrx_word' id='word_1_711' title='bbox 799 4652 963 4706; x_wconf 91' lang='lat' dir='ltr'>quam</span> <span class='ocrx_word' id='word_1_712' title='bbox 992 4635 1156 4690; x_wconf 89' lang='lat' dir='ltr'>semel</span> <span class='ocrx_word' id='word_1_713' title='bbox 1195 4633 1399 4689; x_wconf 90' lang='lat' dir='ltr'>sanctis</span> <span class='ocrx_word' id='word_1_714' title='bbox 1429 4634 1681 4690; x_wconf 87' lang='lat' dir='ltr'>Patribus</span> <span class='ocrx_word' id='word_1_715' title='bbox 1709 4635 1960 4704; x_wconf 84' lang='lat' dir='ltr'>tradidit,</span> 
     </span>
    </p>
   </div>
   <div class='ocr_carea' id='block_1_98' title="bbox 245 4723 1964 4798">
    <p class='ocr_par' dir='ltr' id='par_1_98' title="bbox 245 4723 1964 4798">
     <span class='ocr_line' id='line_1_98' title="bbox 245 4723 1964 4798; baseline -0.002 -14"><span class='ocrx_word' id='word_1_716' title='bbox 245 4728 418 4784; x_wconf 84' lang='lat' dir='ltr'>etiam</span> <span class='ocrx_word' id='word_1_717' title='bbox 435 4731 552 4798; x_wconf 87' lang='lat' dir='ltr'>post</span> <span class='ocrx_word' id='word_1_718' title='bbox 575 4741 659 4781; x_wconf 86' lang='lat' dir='ltr'>eos</span> <span class='ocrx_word' id='word_1_719' title='bbox 685 4725 1084 4780; x_wconf 83' lang='lat' dir='ltr'>immutabilem</span> <span class='ocrx_word' id='word_1_720' title='bbox 1103 4723 1356 4781; x_wconf 79' lang='lat' dir='ltr'>custodit.</span> <span class='ocrx_word' id='word_1_721' title='bbox 1376 4723 1705 4780; x_wconf 90' lang='lat' dir='ltr'>Gratiarum</span> <span class='ocrx_word' id='word_1_722' title='bbox 1726 4725 1964 4781; x_wconf 88' lang='lat' dir='ltr'>actioni-</span> 
     </span>
    </p>
   </div>
   <div class='ocr_carea' id='block_1_99' title="bbox 247 4816 1962 4889">
    <p class='ocr_par' dir='ltr' id='par_1_99' title="bbox 247 4816 1962 4889">
     <span class='ocr_line' id='line_1_99' title="bbox 247 4816 1962 4889; baseline 0 -17"><span class='ocrx_word' id='word_1_723' title='bbox 247 4820 364 4874; x_wconf 87' lang='lat' dir='ltr'>bus</span> <span class='ocrx_word' id='word_1_724' title='bbox 408 4818 630 4873; x_wconf 87' lang='lat' dir='ltr'>addidit</span> <span class='ocrx_word' id='word_1_725' title='bbox 662 4833 860 4889; x_wconf 90' lang='lat' dir='ltr'>preces</span> <span class='ocrx_word' id='word_1_726' title='bbox 892 4833 993 4888; x_wconf 90' lang='lat' dir='ltr'>pro</span> <span class='ocrx_word' id='word_1_727' title='bbox 1024 4816 1393 4887; x_wconf 89' lang='lat' dir='ltr'>imperatore,</span> <span class='ocrx_word' id='word_1_728' title='bbox 1417 4817 1586 4885; x_wconf 91' lang='lat' dir='ltr'>cujus</span> <span class='ocrx_word' id='word_1_729' title='bbox 1605 4816 1962 4888; x_wconf 81' lang='lat' dir='ltr'>temporibus,</span> 
     </span>
    </p>
   </div>
   <div class='ocr_carea' id='block_1_100' title="bbox 251 4907 1966 4978">
    <p class='ocr_par' dir='ltr' id='par_1_100' title="bbox 251 4907 1966 4978">
     <span class='ocr_line' id='line_1_100' title="bbox 251 4907 1966 4978; baseline 0.001 -17"><span class='ocrx_word' id='word_1_730' title='bbox 251 4908 468 4978; x_wconf 87' lang='lat' dir='ltr'>inquit,</span> <span class='ocrx_word' id='word_1_731' title='bbox 504 4908 891 4964; x_wconf 72' lang='lat' dir='ltr'>haereticorum</span> <span class='ocrx_word' id='word_1_732' title='bbox 921 4922 1020 4962; x_wconf 88' lang='lat' dir='ltr'>ora</span> <span class='ocrx_word' id='word_1_733' title='bbox 1061 4907 1450 4975; x_wconf 85' lang='lat' dir='ltr'>conticescunt,</span> <span class='ocrx_word' id='word_1_734' title='bbox 1481 4907 1608 4978; x_wconf 86' lang='lat' dir='ltr'>quia</span> <span class='ocrx_word' id='word_1_735' title='bbox 1640 4908 1742 4961; x_wconf 84' lang='lat' dir='ltr'>etsi</span> <span class='ocrx_word' id='word_1_736' title='bbox 1777 4922 1966 4963; x_wconf 91' lang='lat' dir='ltr'>eorum</span> 
     </span>
    </p>
   </div>
   <div class='ocr_carea' id='block_1_101' title="bbox 247 4995 1968 5068">
    <p class='ocr_par' dir='ltr' id='par_1_101' title="bbox 247 4995 1968 5068">
     <span class='ocr_line' id='line_1_101' title="bbox 247 4995 1968 5068; baseline 0 -16"><span class='ocrx_word' id='word_1_737' title='bbox 247 5001 416 5054; x_wconf 88' lang='lat' dir='ltr'>corda</span> <span class='ocrx_word' id='word_1_738' title='bbox 449 5000 509 5053; x_wconf 86' lang='lat' dir='ltr'>in</span> <span class='ocrx_word' id='word_1_739' title='bbox 531 4999 747 5052; x_wconf 88' lang='lat' dir='ltr'>insania</span> <span class='ocrx_word' id='word_1_740' title='bbox 763 4996 1007 5068; x_wconf 89' lang='lat' dir='ltr'>perversi</span> <span class='ocrx_word' id='word_1_741' title='bbox 1026 5012 1212 5051; x_wconf 87' lang='lat' dir='ltr'>sensus</span> <span class='ocrx_word' id='word_1_742' title='bbox 1229 4995 1444 5052; x_wconf 86' lang='lat' dir='ltr'>ebulliu</span> <span class='ocrx_word' id='word_1_743' title='bbox 1456 5005 1536 5064; x_wconf 87' lang='lat' dir='ltr'>nt,</span> <span class='ocrx_word' id='word_1_744' title='bbox 1552 4996 1844 5052; x_wconf 65' lang='lat' dir='ltr'>orthodoxi</span> <span class='ocrx_word' id='word_1_745' title='bbox 1868 5001 1968 5053; x_wconf 83' lang='lat' dir='ltr'>ta-</span> 
     </span>
    </p>
   </div>
   <div class='ocr_carea' id='block_1_102' title="bbox 251 5083 1968 5157">
    <p class='ocr_par' dir='ltr' id='par_1_102' title="bbox 251 5083 1968 5157">
     <span class='ocr_line' id='line_1_102' title="bbox 251 5083 1968 5157; baseline -0.001 -15"><span class='ocrx_word' id='word_1_746' title='bbox 251 5103 375 5142; x_wconf 86' lang='lat' dir='ltr'>men</span> <span class='ocrx_word' id='word_1_747' title='bbox 429 5087 777 5156; x_wconf 87' lang='lat' dir='ltr'>imperatoris</span> <span class='ocrx_word' id='word_1_748' title='bbox 827 5091 1067 5156; x_wconf 85' lang='lat' dir='ltr'>tempore</span> <span class='ocrx_word' id='word_1_749' title='bbox 1096 5101 1268 5156; x_wconf 83' lang='lat' dir='ltr'>prava</span> <span class='ocrx_word' id='word_1_750' title='bbox 1312 5101 1431 5155; x_wconf 77' lang='lat' dir='ltr'>quae</span> <span class='ocrx_word' id='word_1_751' title='bbox 1475 5083 1742 5153; x_wconf 85' lang='lat' dir='ltr'>sentiunt,</span> <span class='ocrx_word' id='word_1_752' title='bbox 1784 5084 1968 5157; x_wconf 89' lang='lat' dir='ltr'>eloqui</span> 
     </span>
    </p>
   </div>
   <div class='ocr_carea' id='block_1_103' title="bbox 253 5173 1964 5248">
    <p class='ocr_par' dir='ltr' id='par_1_103' title="bbox 253 5173 1964 5248">
     <span class='ocr_line' id='line_1_103' title="bbox 253 5173 1964 5248; baseline -0.001 -18"><span class='ocrx_word' id='word_1_753' title='bbox 253 5193 361 5231; x_wconf 88' lang='lat' dir='ltr'>non</span> <span class='ocrx_word' id='word_1_754' title='bbox 390 5179 740 5248; x_wconf 66' lang='lat' dir='ltr'>praesumunt</span> <span class='ocrx_word' id='word_1_755' title='bbox 790 5175 932 5246; x_wconf 88' lang='lat' dir='ltr'>(Lib.</span> <span class='ocrx_word' id='word_1_756' title='bbox 971 5192 1047 5242; x_wconf 75' lang='lat' dir='ltr'>XI,</span> <span class='ocrx_word' id='word_1_757' title='bbox 1090 5190 1172 5246; x_wconf 89' lang='lat' dir='ltr'>ep.</span> <span class='ocrx_word' id='word_1_758' title='bbox 1225 5175 1335 5245; x_wconf 77' lang='grc'><strong>46).</strong></span> <span class='ocrx_word' id='word_1_759' title='bbox 1379 5176 1449 5228; x_wconf 87' lang='lat' dir='ltr'>At</span> <span class='ocrx_word' id='word_1_760' title='bbox 1492 5173 1646 5229; x_wconf 73' lang='lat'>294</span> <span class='ocrx_word' id='word_1_761' title='bbox 1678 5173 1816 5245; x_wconf 87' lang='lat' dir='ltr'>quia</span> <span class='ocrx_word' id='word_1_762' title='bbox 1863 5190 1964 5230; x_wconf 86' lang='lat' dir='ltr'>au-</span> 
     </span>
    </p>
   </div>
   <div class='ocr_carea' id='block_1_104' title="bbox 257 5263 1966 5322">
    <p class='ocr_par' dir='ltr' id='par_1_104' title="bbox 257 5263 1966 5322">
     <span class='ocr_line' id='line_1_104' title="bbox 257 5263 1966 5322; baseline -0.001 -2"><span class='ocrx_word' id='word_1_763' title='bbox 257 5266 446 5322; x_wconf 89' lang='lat' dir='ltr'>dierat</span> <span class='ocrx_word' id='word_1_764' title='bbox 475 5266 535 5321; x_wconf 91' lang='lat' dir='ltr'>in</span> <span class='ocrx_word' id='word_1_765' title='bbox 570 5265 820 5320; x_wconf 89' lang='lat' dir='ltr'>Orientis</span> <span class='ocrx_word' id='word_1_766' title='bbox 853 5265 1127 5320; x_wconf 88' lang='lat' dir='ltr'>Ecclesiis</span> <span class='ocrx_word' id='word_1_767' title='bbox 1168 5263 1396 5318; x_wconf 92' lang='lat' dir='ltr'>nullum</span> <span class='ocrx_word' id='word_1_768' title='bbox 1439 5264 1509 5318; x_wconf 91' lang='lat' dir='ltr'>ad</span> <span class='ocrx_word' id='word_1_769' title='bbox 1543 5280 1776 5319; x_wconf 90' lang='lat' dir='ltr'>sacrum</span> <span class='ocrx_word' id='word_1_770' title='bbox 1809 5264 1966 5319; x_wconf 88' lang='lat' dir='ltr'>ordi-</span> 
     </span>
    </p>
   </div>
   <div class='ocr_carea' id='block_1_105' title="bbox 257 5354 1966 5427">
    <p class='ocr_par' dir='ltr' id='par_1_105' title="bbox 257 5354 1966 5427">
     <span class='ocr_line' id='line_1_105' title="bbox 257 5354 1966 5427; baseline 0.001 -17"><span class='ocrx_word' id='word_1_771' title='bbox 257 5372 408 5424; x_wconf 87' lang='lat' dir='ltr'>nem,</span> <span class='ocrx_word' id='word_1_772' title='bbox 439 5356 555 5412; x_wconf 89' lang='lat' dir='ltr'>nisi</span> <span class='ocrx_word' id='word_1_773' title='bbox 587 5372 655 5412; x_wconf 84' lang='lat' dir='ltr'>ex</span> <span class='ocrx_word' id='word_1_774' title='bbox 687 5356 1058 5427; x_wconf 83' lang='lat' dir='ltr'>praemiorum</span> <span class='ocrx_word' id='word_1_775' title='bbox 1092 5354 1320 5410; x_wconf 85' lang='lat' dir='ltr'>datione</span> <span class='ocrx_word' id='word_1_776' title='bbox 1369 5355 1691 5426; x_wconf 84' lang='lat' dir='ltr'>pervenire,</span> <span class='ocrx_word' id='word_1_777' title='bbox 1733 5355 1802 5410; x_wconf 90' lang='lat' dir='ltr'>ad</span> <span class='ocrx_word' id='word_1_778' title='bbox 1850 5359 1966 5411; x_wconf 90' lang='lat' dir='ltr'>tam</span> 
     </span>
    </p>
   </div>
   <div class='ocr_carea' id='block_1_106' title="bbox 256 5444 1968 5502">
    <p class='ocr_par' dir='ltr' id='par_1_106' title="bbox 256 5444 1968 5502">
     <span class='ocr_line' id='line_1_106' title="bbox 256 5444 1968 5502; baseline -0.003 0"><span class='ocrx_word' id='word_1_779' title='bbox 256 5446 540 5502; x_wconf 82' lang='lat' dir='ltr'>nefariam</span> <span class='ocrx_word' id='word_1_780' title='bbox 589 5445 903 5502; x_wconf 80' lang='lat' dir='ltr'>simoniam</span> <span class='ocrx_word' id='word_1_781' title='bbox 960 5444 1372 5502; x_wconf 89' lang='lat' dir='ltr'>eliminandam</span> <span class='ocrx_word' id='word_1_782' title='bbox 1443 5461 1651 5500; x_wconf 87' lang='lat' dir='ltr'>novum</span> <span class='ocrx_word' id='word_1_783' title='bbox 1702 5445 1968 5500; x_wconf 88' lang='lat' dir='ltr'>hortatur</span> 
     </span>
    </p>
   </div>
   <div class='ocr_carea' id='block_1_107' title="bbox 255 5533 1966 5607">
    <p class='ocr_par' dir='ltr' id='par_1_107' title="bbox 255 5533 1966 5607">
     <span class='ocr_line' id='line_1_107' title="bbox 255 5533 1966 5607; baseline -0.001 -16"><span class='ocrx_word' id='word_1_784' title='bbox 255 5536 665 5606; x_wconf 84' lang='lat' dir='ltr'>patriarcham.</span> <span class='ocrx_word' id='word_1_785' title='bbox 702 5539 898 5593; x_wconf 79' lang='lat' dir='ltr'>Monet</span> <span class='ocrx_word' id='word_1_786' title='bbox 927 5550 1161 5607; x_wconf 90' lang='lat' dir='ltr'>quoque</span> <span class='ocrx_word' id='word_1_787' title='bbox 1197 5533 1266 5590; x_wconf 88' lang='lat' dir='ltr'>de</span> <span class='ocrx_word' id='word_1_788' title='bbox 1295 5533 1966 5606; x_wconf 87' lang='lat' dir='ltr'>compescendisjurgiis</span> 
     </span>
    </p>
   </div>
   <div class='ocr_carea' id='block_1_108' title="bbox 329 5765 1374 5850">
    <p class='ocr_par' dir='ltr' id='par_1_108' title="bbox 329 5765 1374 5850">
     <span class='ocr_line' id='line_1_108' title="bbox 329 5765 1374 5850; baseline 0.001 -28"><span class='ocrx_word' id='word_1_789' title='bbox 329 5765 405 5850; x_wconf 85' lang='lat' dir='ltr'>(a)</span> <span class='ocrx_word' id='word_1_790' title='bbox 434 5769 572 5826; x_wconf 87' lang='lat' dir='ltr'>Vide</span> <span class='ocrx_word' id='word_1_791' title='bbox 603 5768 702 5827; x_wconf 89' lang='lat' dir='ltr'>lib.</span> <span class='ocrx_word' id='word_1_792' title='bbox 739 5783 820 5838; x_wconf 87' lang='grc' dir='ltr'><strong><em>ιιι,</em></strong></span> <span class='ocrx_word' id='word_1_793' title='bbox 853 5783 944 5840; x_wconf 89' lang='lat' dir='ltr'>ep.</span> <span class='ocrx_word' id='word_1_794' title='bbox 976 5765 1068 5837; x_wconf 87' lang='lat'>29,</span> <span class='ocrx_word' id='word_1_795' title='bbox 1096 5765 1168 5821; x_wconf 92' lang='lat'>30</span> <span class='ocrx_word' id='word_1_796' title='bbox 1200 5770 1256 5823; x_wconf 88' lang='lat' dir='ltr'>et</span> <span class='ocrx_word' id='word_1_797' title='bbox 1283 5765 1374 5823; x_wconf 87' lang='grc'><strong>31.</strong></span> 
     </span>
    </p>
   </div>
   <div class='ocr_carea' id='block_1_109' title="bbox 2072 4633 3784 4709">
    <p class='ocr_par' dir='ltr' id='par_1_109' title="bbox 2072 4633 3784 4709">
     <span class='ocr_line' id='line_1_109' title="bbox 2072 4633 3784 4709; baseline -0.003 -17"><span class='ocrx_word' id='word_1_798' title='bbox 2072 4641 2258 4694; x_wconf 81' lang='lat' dir='ltr'>nostra</span> <span class='ocrx_word' id='word_1_799' title='bbox 2296 4637 2366 4692; x_wconf 86' lang='lat' dir='ltr'>ad</span> <span class='ocrx_word' id='word_1_800' title='bbox 2408 4639 2731 4694; x_wconf 86' lang='lat' dir='ltr'>memoriam</span> <span class='ocrx_word' id='word_1_801' title='bbox 2770 4651 3048 4705; x_wconf 84' lang='lat' dir='ltr'>revocare,</span> <span class='ocrx_word' id='word_1_802' title='bbox 3093 4645 3256 4709; x_wconf 87' lang='lat' dir='ltr'>atque</span> <span class='ocrx_word' id='word_1_803' title='bbox 3293 4634 3652 4704; x_wconf 85' lang='lat' dir='ltr'>omnipotenti</span> <span class='ocrx_word' id='word_1_804' title='bbox 3681 4633 3784 4689; x_wconf 88' lang='lat' dir='ltr'>Deo</span> 
     </span>
    </p>
   </div>
   <div class='ocr_carea' id='block_1_110' title="bbox 2072 4722 3782 4800">
    <p class='ocr_par' dir='ltr' id='par_1_110' title="bbox 2072 4722 3782 4800">
     <span class='ocr_line' id='line_1_110' title="bbox 2072 4722 3782 4800; baseline -0.002 -20"><span class='ocrx_word' id='word_1_805' title='bbox 2072 4730 2280 4798; x_wconf 87' lang='lat' dir='ltr'>gratias</span> <span class='ocrx_word' id='word_1_806' title='bbox 2330 4735 2534 4797; x_wconf 81' lang='lat' dir='ltr'>agere?</span> <span class='ocrx_word' id='word_1_807' title='bbox 2577 4727 2850 4797; x_wconf 85' lang='lat' dir='ltr'>Quoniam</span> <span class='ocrx_word' id='word_1_808' title='bbox 2906 4727 3003 4800; x_wconf 91' lang='lat' dir='ltr'>qui</span> <span class='ocrx_word' id='word_1_809' title='bbox 3061 4742 3132 4783; x_wconf 71' lang='lat' dir='ltr'>ea:</span> <span class='ocrx_word' id='word_1_810' title='bbox 3188 4728 3373 4782; x_wconf 86' lang='lat' dir='ltr'>carnis</span> <span class='ocrx_word' id='word_1_811' title='bbox 3415 4722 3782 4780; x_wconf 86' lang='lat' dir='ltr'>blandimento</span> 
     </span>
    </p>
   </div>
   <div class='ocr_carea' id='block_1_111' title="bbox 2067 4817 3781 4890">
    <p class='ocr_par' dir='ltr' id='par_1_111' title="bbox 2067 4817 3781 4890">
     <span class='ocr_line' id='line_1_111' title="bbox 2067 4817 3781 4890; baseline -0.002 -17"><span class='ocrx_word' id='word_1_812' title='bbox 2067 4819 2242 4874; x_wconf 90' lang='lat' dir='ltr'>multa</span> <span class='ocrx_word' id='word_1_813' title='bbox 2290 4818 2651 4890; x_wconf 84' lang='lat' dir='ltr'>peccavimus.</span> <span class='ocrx_word' id='word_1_814' title='bbox 2726 4835 2798 4875; x_wconf 70' lang='lat' dir='ltr'>ea:</span> <span class='ocrx_word' id='word_1_815' title='bbox 2851 4817 3039 4875; x_wconf 88' lang='lat' dir='ltr'>carnis</span> <span class='ocrx_word' id='word_1_816' title='bbox 3097 4819 3405 4888; x_wconf 78' lang='lat' dir='ltr'>afﬂictione</span> <span class='ocrx_word' id='word_1_817' title='bbox 3458 4827 3781 4886; x_wconf 87' lang='lat' dir='ltr'>purgamur.</span> 
     </span>
    </p>
   </div>
   <div class='ocr_carea' id='block_1_112' title="bbox 2069 4899 3782 4980">
    <p class='ocr_par' dir='ltr' id='par_1_112' title="bbox 2069 4899 3782 4980">
     <span class='ocr_line' id='line_1_112' title="bbox 2069 4899 3782 4980; baseline -0.006 -18"><span class='ocrx_word' id='word_1_818' title='bbox 2069 4906 2364 4963; x_wconf 86' lang='lat' dir='ltr'>Sciendum</span> <span class='ocrx_word' id='word_1_819' title='bbox 2395 4923 2601 4980; x_wconf 90' lang='lat' dir='ltr'>quoque</span> <span class='ocrx_word' id='word_1_820' title='bbox 2629 4912 2706 4964; x_wconf 90' lang='lat' dir='ltr'>est</span> <span class='ocrx_word' id='word_1_821' title='bbox 2737 4909 2913 4976; x_wconf 83' lang='lat' dir='ltr'>nobis,</span> <span class='ocrx_word' id='word_1_822' title='bbox 2946 4908 3079 4979; x_wconf 84' lang='lat' dir='ltr'>quia</span> <span class='ocrx_word' id='word_1_823' title='bbox 3094 4922 3259 4977; x_wconf 68' lang='lat' dir='ltr'>paena</span> <span class='ocrx_word' id='word_1_824' title='bbox 3281 4917 3545 4975; x_wconf 57' lang='lat' dir='ltr'>presens,</span> <span class='ocrx_word' id='word_1_825' title='bbox 3576 4901 3626 4955; x_wconf 90' lang='lat' dir='ltr'>si</span> <span class='ocrx_word' id='word_1_826' title='bbox 3655 4899 3782 4953; x_wconf 83' lang='lat' dir='ltr'>ani-</span> 
     </span>
    </p>
   </div>
   <div class='ocr_carea' id='block_1_113' title="bbox 2068 4985 3780 5067">
    <p class='ocr_par' dir='ltr' id='par_1_113' title="bbox 2068 4985 3780 5067">
     <span class='ocr_line' id='line_1_113' title="bbox 2068 4985 3780 5067; baseline -0.007 -16"><span class='ocrx_word' id='word_1_827' title='bbox 2068 5013 2223 5051; x_wconf 88' lang='lat' dir='ltr'>mum</span> <span class='ocrx_word' id='word_1_828' title='bbox 2253 4997 2451 5067; x_wconf 85' lang='lat' dir='ltr'>a/ﬂicti</span> <span class='ocrx_word' id='word_1_829' title='bbox 2492 4999 2778 5064; x_wconf 85' lang='lat' dir='ltr'>convertit,</span> <span class='ocrx_word' id='word_1_830' title='bbox 2819 4997 2949 5066; x_wconf 82' lang='lat' dir='ltr'>ﬁnis</span> <span class='ocrx_word' id='word_1_831' title='bbox 2975 5002 3054 5050; x_wconf 89' lang='lat' dir='ltr'>est</span> <span class='ocrx_word' id='word_1_832' title='bbox 3094 4993 3274 5063; x_wconf 57' lang='lat' dir='ltr'>culpa</span> <span class='ocrx_word' id='word_1_833' title='bbox 3300 4988 3685 5061; x_wconf 74' lang='lat' dir='ltr'>praecedentis.</span> <span class='ocrx_word' id='word_1_834' title='bbox 3719 4985 3780 5040; x_wconf 90' lang='lat' dir='ltr'>Si</span> 
     </span>
    </p>
   </div>
   <div class='ocr_carea' id='block_1_114' title="bbox 2068 5076 3780 5148">
    <p class='ocr_par' dir='ltr' id='par_1_114' title="bbox 2068 5076 3780 5148">
     <span class='ocr_line' id='line_1_114' title="bbox 2068 5076 3780 5148; baseline -0.007 -6"><span class='ocrx_word' id='word_1_835' title='bbox 2068 5090 2252 5143; x_wconf 89' lang='lat' dir='ltr'>autem</span> <span class='ocrx_word' id='word_1_836' title='bbox 2280 5087 2350 5142; x_wconf 91' lang='lat' dir='ltr'>ad</span> <span class='ocrx_word' id='word_1_837' title='bbox 2394 5092 2646 5144; x_wconf 88' lang='lat' dir='ltr'>timorem</span> <span class='ocrx_word' id='word_1_838' title='bbox 2692 5084 2910 5142; x_wconf 88' lang='lat' dir='ltr'>Domini</span> <span class='ocrx_word' id='word_1_839' title='bbox 2937 5082 3168 5139; x_wconf 88' lang='lat' dir='ltr'>minime</span> <span class='ocrx_word' id='word_1_840' title='bbox 3212 5078 3504 5148; x_wconf 86' lang='lat' dir='ltr'>convertit,</span> <span class='ocrx_word' id='word_1_841' title='bbox 3552 5076 3780 5133; x_wconf 87' lang='lat' dir='ltr'>initium</span> 
     </span>
    </p>
   </div>
   <div class='ocr_carea' id='block_1_115' title="bbox 2069 5167 3782 5248">
    <p class='ocr_par' dir='ltr' id='par_1_115' title="bbox 2069 5167 3782 5248">
     <span class='ocr_line' id='line_1_115' title="bbox 2069 5167 3782 5248; baseline -0.008 -14"><span class='ocrx_word' id='word_1_842' title='bbox 2069 5180 2148 5234; x_wconf 86' lang='lat' dir='ltr'>est</span> <span class='ocrx_word' id='word_1_843' title='bbox 2187 5191 2366 5248; x_wconf 72' lang='lat' dir='ltr'>paenae</span> <span class='ocrx_word' id='word_1_844' title='bbox 2423 5179 2720 5248; x_wconf 86' lang='lat' dir='ltr'>sequentis.</span> <span class='ocrx_word' id='word_1_845' title='bbox 2770 5172 3097 5232; x_wconf 85' lang='lat' dir='ltr'>Curandum</span> <span class='ocrx_word' id='word_1_846' title='bbox 3154 5169 3324 5240; x_wconf 85' lang='lat' dir='ltr'>igitur</span> <span class='ocrx_word' id='word_1_847' title='bbox 3367 5167 3524 5224; x_wconf 87' lang='lat' dir='ltr'>nobis</span> <span class='ocrx_word' id='word_1_848' title='bbox 3570 5173 3672 5232; x_wconf 90' lang='lat' dir='ltr'>est,</span> <span class='ocrx_word' id='word_1_849' title='bbox 3731 5174 3782 5221; x_wconf 90' lang='lat' dir='ltr'>et</span> 
     </span>
    </p>
   </div>
   <div class='ocr_carea' id='block_1_116' title="bbox 2068 5255 3782 5338">
    <p class='ocr_par' dir='ltr' id='par_1_116' title="bbox 2068 5255 3782 5338">
     <span class='ocr_line' id='line_1_116' title="bbox 2068 5255 3782 5338; baseline -0.006 -15"><span class='ocrx_word' id='word_1_850' title='bbox 2068 5283 2411 5338; x_wconf 79' lang='lat' dir='ltr'>summOpere</span> <span class='ocrx_word' id='word_1_851' title='bbox 2441 5268 2502 5322; x_wconf 89' lang='lat' dir='ltr'>in</span> <span class='ocrx_word' id='word_1_852' title='bbox 2535 5266 2752 5334; x_wconf 79' lang='lat' dir='ltr'>ﬂetibus</span> <span class='ocrx_word' id='word_1_853' title='bbox 2793 5267 2910 5320; x_wconf 86' lang='lat' dir='ltr'>tota</span> <span class='ocrx_word' id='word_1_854' title='bbox 2941 5261 3139 5317; x_wconf 86' lang='lat' dir='ltr'>mentis</span> <span class='ocrx_word' id='word_1_855' title='bbox 3167 5260 3519 5316; x_wconf 86' lang='lat' dir='ltr'>conversione</span> <span class='ocrx_word' id='word_1_856' title='bbox 3543 5255 3782 5327; x_wconf 80' lang='lat' dir='ltr'>vigilan-</span> 
     </span>
    </p>
   </div>
   <div class='ocr_carea' id='block_1_117' title="bbox 2067 5348 3781 5423">
    <p class='ocr_par' dir='ltr' id='par_1_117' title="bbox 2067 5348 3781 5423">
     <span class='ocr_line' id='line_1_117' title="bbox 2067 5348 3781 5423; baseline -0.005 -11"><span class='ocrx_word' id='word_1_857' title='bbox 2067 5362 2220 5423; x_wconf 89' lang='lat' dir='ltr'>dum,</span> <span class='ocrx_word' id='word_1_858' title='bbox 2252 5372 2323 5413; x_wconf 90' lang='lat' dir='ltr'>ne</span> <span class='ocrx_word' id='word_1_859' title='bbox 2349 5357 2415 5412; x_wconf 91' lang='lat' dir='ltr'>de</span> <span class='ocrx_word' id='word_1_860' title='bbox 2443 5362 2712 5412; x_wconf 88' lang='lat' dir='ltr'>tormento</span> <span class='ocrx_word' id='word_1_861' title='bbox 2762 5353 2830 5408; x_wconf 88' lang='lat' dir='ltr'>ad</span> <span class='ocrx_word' id='word_1_862' title='bbox 2863 5355 3138 5408; x_wconf 75' lang='lat' dir='ltr'>tomento</span> <span class='ocrx_word' id='word_1_863' title='bbox 3181 5358 3542 5407; x_wconf 85' lang='lat' dir='ltr'>transeamus.</span> <span class='ocrx_word' id='word_1_864' title='bbox 3591 5348 3781 5404; x_wconf 85' lang='lat' dir='ltr'>Consi-</span> 
     </span>
    </p>
   </div>
   <div class='ocr_carea' id='block_1_118' title="bbox 2065 5438 3783 5516">
    <p class='ocr_par' dir='ltr' id='par_1_118' title="bbox 2065 5438 3783 5516">
     <span class='ocr_line' id='line_1_118' title="bbox 2065 5438 3783 5516; baseline -0.004 -17"><span class='ocrx_word' id='word_1_865' title='bbox 2065 5445 2377 5501; x_wconf 88' lang='lat' dir='ltr'>derandum</span> <span class='ocrx_word' id='word_1_866' title='bbox 2418 5457 2626 5516; x_wconf 87' lang='lat' dir='ltr'>quoque</span> <span class='ocrx_word' id='word_1_867' title='bbox 2663 5447 2762 5513; x_wconf 87' lang='lat' dir='ltr'>est,</span> <span class='ocrx_word' id='word_1_868' title='bbox 2807 5443 3014 5512; x_wconf 85' lang='lat' dir='ltr'>quanta</span> <span class='ocrx_word' id='word_1_869' title='bbox 3057 5455 3193 5510; x_wconf 87' lang='lat' dir='ltr'>erga</span> <span class='ocrx_word' id='word_1_870' title='bbox 3240 5455 3337 5496; x_wconf 88' lang='lat' dir='ltr'>nos</span> <span class='ocrx_word' id='word_1_871' title='bbox 3379 5438 3783 5510; x_wconf 82' lang='lat' dir='ltr'>dispensatione</span> 
     </span>
    </p>
   </div>
   <div class='ocr_carea' id='block_1_119' title="bbox 2064 5527 3776 5608">
    <p class='ocr_par' dir='ltr' id='par_1_119' title="bbox 2064 5527 3776 5608">
     <span class='ocr_line' id='line_1_119' title="bbox 2064 5527 3776 5608; baseline -0.006 -15"><span class='ocrx_word' id='word_1_872' title='bbox 2064 5536 2280 5608; x_wconf 86' lang='lat' dir='ltr'>pietatis</span> <span class='ocrx_word' id='word_1_873' title='bbox 2314 5539 2446 5606; x_wconf 87' lang='lat' dir='ltr'>agat</span> <span class='ocrx_word' id='word_1_874' title='bbox 2483 5533 2746 5592; x_wconf 78' lang='lat' dir='ltr'>Conditor</span> <span class='ocrx_word' id='word_1_875' title='bbox 2769 5535 2974 5601; x_wconf 86' lang='lat' dir='ltr'>noster,</span> <span class='ocrx_word' id='word_1_876' title='bbox 3015 5532 3164 5605; x_wconf 86' lang='lat' dir='ltr'>quod</span> <span class='ocrx_word' id='word_1_877' title='bbox 3202 5539 3378 5588; x_wconf 86' lang='lat' dir='ltr'>morte</span> <span class='ocrx_word' id='word_1_878' title='bbox 3405 5529 3598 5602; x_wconf 86' lang='lat' dir='ltr'>dignos</span> <span class='ocrx_word' id='word_1_879' title='bbox 3635 5527 3776 5583; x_wconf 81' lang='lat' dir='ltr'>assi-</span> 
     </span>
    </p>
   </div>
  </div>
