4104 6162
298 250 415 310 439

695 247 759 308 S.
807 244 1190 308 GREGORII
1237 239 1488 306 MAGNI
1533 238 1744 305 Vl'l‘A,
1799 235 1893 297 EX
1945 237 2130 301 EJUS
2174 233 2526 298 SCRIPTIS
2569 231 3017 300 ADORNATA.
3071 239 3217 299 LIB.
3269 235 3369 300 IV.

3704 236 3819 294 440

295 383 401 438 due
427 383 683 453 percutit,
725 385 776 436 et
804 384 986 436 tamen
1026 379 1203 435 adhuc
1245 378 1476 433 minime
1511 373 1705 429 occidit
1746 372 1879 442 (Lib.
1917 390 1994 437 x1,
2027 374 2080 440 Α
2111 373 2284 438 nobis,
2333 373 2430 427 sed
2464 375 2524 427 in
2563 372 2806 428 aliorum
2835 389 2928 428 ore
2971 373 3323 444 posuimus...
3357 374 3424 427 1n
3451 385 3613 427 omne
3633 374 3821 424 autem

296 489 380 544 ep.
413 473 528 539 30).

369 568 489 618 Hac
522 562 579 616 in
613 559 857 632 epistola
890 558 1022 615 silet
1053 560 1112 614 S.
1133 557 1440 627 Gregorius
1471 556 1541 610 de
1573 554 1833 610 Venantii
1862 570 2005 626 apo-

299 653 503 712 stasia,
537 668 642 707 nec
682 652 753 705 de
798 650 986 705 reditu
1035 649 1104 701 ad
1151 645 1540 702 monasticum
1575 650 1787 700 statum
1830 661 2003 716 quem

298 743 629 797 deseruerat
672 739 864 810 ipsum
913 738 1201 804 hortatur,
1249 736 1382 807 quia
1415 736 1659 790 malebat
1704 735 1759 788 id
1793 738 2005 804 aegroto

299 829 531 901 suggeri
564 829 635 883 ab
666 828 791 897 ejus
809 826 1104 896 episcopo,
1124 826 1347 880 scilicet
1370 825 1590 879 Joanne
1624 829 2004 896 Syracusano,

299 921 370 972 ad
406 933 576 988 quem
609 916 816 970 scribit
847 913 1093 983 primam
1118 915 1246 984 ejus
1265 930 1464 968 curam
1485 929 1612 969 esse
1644 912 1850 967 debere
1869 911 2006 966 hor-

299 1005 496 1071 tando,
533 1003 813 1074 rogando,
859 1002 959 1057 Dei
993 1002 1252 1058 terribile
1289 1003 1579 1073 judicium
1615 1002 2007 1074 preponendo,

300 1093 654 1150 ineffabilem
688 1093 819 1162 ejus
850 1092 1309 1148 misericordiam
1333 1093 1743 1162 promittendo,
1766 1093 2011 1146 suadere

298 1183 585 1238 Venantio
617 1185 675 1235 ut
707 1181 774 1235 ad
805 1182 1057 1236 habitum
1104 1198 1266 1238 suum
1299 1183 1385 1236 vel
1415 1182 1475 1237 in
1511 1181 1772 1237 extremis
1804 1181 2010 1247 redeat,

300 1289 369 1329 ne
412 1276 465 1328 ei
507 1275 683 1328 tantm
715 1272 888 1341 culpa
942 1279 1126 1328 reatus
1171 1275 1229 1326 in
1282 1283 1486 1328 aeterno
1536 1273 1752 1342 judicio
1789 1271 2016 1327 obsistat

304 1364 446 1435 (Lib.
495 1379 572 1428 xl,
618 1378 701 1433 ep.
736 1362 848 1433 36).
898 1363 1094 1417 Eidem
1135 1363 1344 1418 Joanni
1386 1363 1652 1418 Venantii
1691 1364 1841 1418 tilias
1873 1362 2014 1416 Bar-

307 1453 513 1508 baram
563 1455 619 1506 et
677 1451 1023 1506 Antoninam
1082 1453 1521 1518 commendavit,
1571 1452 1783 1522 quibus
1846 1453 2015 1507 etiam

305 1542 545 1614 scripsit
586 1541 807 1597 litteras
852 1541 1287 1610 consolatorias,
1321 1547 1376 1598 et
1423 1542 1806 1611 patrocinium
1839 1559 2014 1598 suum

270 1653 277 1656 ·
308 1634 586 1687 adversus
629 1647 933 1701 pravorum
969 1632 1273 1686 hominum
1308 1631 1554 1686 consilia
1586 1632 1879 1702 pollicitus
1910 1638 2018 1700 est,

2109 462 2250 533 quod
2271 467 2428 516 eset-ra
2476 462 2546 516 de
2573 462 2727 516 nobis
2750 462 2980 529 dicitur,
3011 477 3294 518 recurrere
3323 461 3394 516 ad
3428 476 3638 515 arcana
3667 473 3827 512 men-

2111 554 2179 606 tis
2219 551 2494 606 debemus.
2539 552 2656 605 Etsi
2702 567 2893 606 omnes
2948 554 3285 623 vituperent,
3329 550 3470 606 liber
3516 553 3595 604 est
3645 557 3832 603 tamen

2113 657 2272 710 quem
2318 641 2646 695 conscientia
2682 657 2791 696 non
2839 648 3080 696 accusat.
3131 641 3318 696 Aliam
3353 639 3526 710 longe
3588 642 3718 710 post
3764 651 3837 691 ea

2113 732 2312 788 subdit
2341 730 2645 786 rationem.
2678 732 2816 787 Sunt
2858 736 3044 786 autem
3081 731 3334 802 plurimi,
3371 729 3586 799 inquit,
3618 725 3718 798 qui
3747 728 3834 780 vi-

2113 825 2225 876 tam
2267 822 2529 877 bonorum
2567 825 2805 892 fortasse
2843 820 3088 891 amplius
3116 837 3282 892 quam
3307 819 3521 882 debent,
3554 817 3839 877 laudant:

2115 917 2167 968 et
2187 928 2257 967 ne
2275 929 2384 982 qua
2413 913 2576 968 elatio
2594 912 2660 967 de
2680 911 2845 966 laude
2867 914 3164 982 surripiat,
3187 909 3460 982 permittit
3489 908 3839 977 omnipotens

2117 1003 2257 1058 Deus
2296 1003 2470 1058 malos
2516 1004 2579 1058 in
2624 1003 3076 1057 obtrectationem
3131 1010 3180 1056 et
3219 999 3672 1072 objurgationem
3711 1010 3846 1067 pro-

2119 1109 2410 1163 rumpere:
2445 1100 2508 1148 ut
2537 1092 2587 1148 si
2615 1110 2723 1164 qua
2761 1093 2921 1162 culpa
2954 1093 3022 1148 ab
3067 1108 3163 1149 ore
3192 1091 3543 1147 laudantium
3580 1091 3641 1143 in
3681 1085 3850 1143 corde

2120 1185 2392 1252 nascitur,
2427 1184 2493 1237 ab
2525 1198 2617 1238 ore
2647 1183 3087 1253 vituperantium
3114 1183 3432 1254 suﬂocetur.

2192 1273 2391 1327 Simile
2441 1278 2758 1342 pertractat
2785 1278 3203 1344 argumentum
3251 1271 3517 1326 scribens
3543 1269 3611 1323 ad
3658 1266 3853 1322 Palla-

2125 1363 2285 1417 dium
2319 1365 2714 1432 presbyterum
2747 1362 2818 1417 de
2851 1366 3048 1416 monte
3064 1362 3203 1416 Sina
3233 1360 3375 1431 (Lib.
3397 1376 3476 1426 xI,
3507 1375 3591 1429 ep.
3634 1359 3716 1428 2),
3743 1356 3851 1428 qui

2125 1451 2296 1504 etiam
2357 1448 2796 1518 obloquentium
2867 1445 3023 1504 ξοδ
3095 1447 3314 1518 linguis
3387 1444 3851 1508 stimulabatur;

2129 1538 2226 1592 ubi
2261 1539 2381 1591 haec
2414 1537 2564 1592 inter
2594 1542 2797 1591 caztera
2828 1542 3030 1592 notata
3072 1537 3247 1609 digna
3283 1535 3420 1590 dicit
3453 1551 3466 1588 :
3500 1537 3652 1590 Inter
3679 1534 3855 1588 verba

2129 1627 2481 1681 laudantium
2521 1629 2636 1681 sive
2681 1627 3129 1696 vituperantium
3161 1626 3231 1680 ad
3263 1629 3493 1680 mentem
3513 1639 3737 1694 semper
3770 1637 3857 1676 re-

305 1719 462 1791 quod
509 1719 774 1789 praestitit
835 1718 1021 1788 (Ibid.,
1079 1735 1163 1789 ep.
1209 1720 1323 1790 78).
1384 1719 1732 1775 Venantium
1797 1736 1864 1774 ex
1912 1720 2020 1775 hoc
2053 1750 2098 1814 Β
2129 1718 2467 1773 currendum
2508 1721 2606 1782 est,
2652 1725 2702 1771 et
2731 1717 2780 1771 si
2815 1719 2875 1772 in
2915 1732 2980 1773 ea
3022 1733 3131 1773 non
3167 1717 3415 1772 invenitu
3465 1714 3666 1770 bonum
3705 1711 3858 1784 quod

312 1809 516 1864 morbo
549 1824 665 1862 non
697 1808 1102 1875 assurrexisse,
1132 1809 1232 1863 sed
1254 1809 1595 1864 occubuisse
1615 1813 1757 1865 satis
1776 1812 2023 1881 probant

317 1897 440 1954 alie
472 1898 525 1951 S.
571 1896 829 1965 Gregorii
869 1896 1108 1963 littera);
1141 1903 1337 1951 utrum
1381 1898 1543 1968 prius
1575 1905 1704 1952 acta
1737 1899 2025 1970 poeniten-

317 1987 419 2055 tia,
451 2003 542 2043 res
589 1991 679 2042 est
725 1987 919 2042 divino
966 1985 1348 2057 relinquenda
1389 1987 1625 2056 judicio.
1667 1989 1868 2044 Italica
1897 1992 2026 2060 ejus

318 2093 463 2133 uxor
497 2076 623 2146 jam
670 2075 921 2143 obierat;
974 2092 1107 2130 nam
1156 2075 1204 2130 si
1235 2076 1474 2132 vixisset
1507 2077 1757 2148 graviter
1787 2078 2028 2134 decum-

321 2167 490 2222 bents
521 2170 577 2221 et
608 2170 812 2236 postea
842 2165 1032 2220 evivis
1055 2163 1288 2220 sublato
1321 2168 1549 2236 marito,
1583 2168 1654 2222 ad
1687 2183 1812 2222 eam
1835 2171 2026 2239 potius

317 2271 492 2328 quam
528 2255 599 2312 ad
633 2256 762 2325 ejus
795 2254 945 2309 tilias
969 2254 1297 2324 scripsisset
1323 2253 1652 2326 Gregorius,
1687 2261 1788 2312 aut
1819 2257 2024 2313 saltem

318 2347 392 2403 iis
423 2348 480 2403 in
526 2347 737 2402 litteris
783 2346 980 2416 aliqua
1049 2346 1252 2401 matris
1326 2347 1536 2416 injecta
1580 2354 1734 2403 esset
1787 2349 2026 2404 mentio.

288 2438 469 2493 -Hinc
501 2436 724 2492 facilior
760 2441 884 2492 erat
921 2435 1207 2491 Venantio
1239 2436 1464 2492 reditus
1496 2439 1565 2493 ad
1601 2437 1866 2494 monachi
1909 2443 2028 2494 sta-

323 2532 473 2595 tum,
507 2527 805 2582 dissolutis
836 2526 1094 2598 conjugii
1127 2526 1398 2583 vinculis.

390 2620 446 2673 6.
491 2619 774 2689 Cupiebat
831 2615 1144 2687 Gregorius
1192 2617 1416 2672 nobiles
1460 2618 1714 2689 virgines
1760 2634 1790 2672 e
1834 2617 2032 2674 Sicilia

324 2708 566 2764 Romam
617 2707 884 2777 migrare,
921 2707 1062 2760 forte
1113 2707 1264 2776 quod
1313 2707 1676 2776 cognovisset
1721 2707 1918 2763 hostes
1959 2709 2029 2763 ad

320 2797 500 2867 hujus
531 2795 736 2851 insula:
769 2795 1126 2849 invasionem
1171 2794 1464 2859 festinare,
1501 2800 1564 2849 ut
1602 2796 1746 2851 alias
1779 2798 2031 2852 rationes

316 2889 811 2941 interimtaceam.
834 2885 1148 2955 Deimpetu
1186 2883 1382 2939 hostili
1406 2886 1654 2954 jamjam
1687 2886 2029 2942 imminente

319 2975 811 3044 vigilantissimus
855 2973 1113 3028 Pontifex
1151 2973 1457 3028 admonuit
1487 2975 1787 3030 universos
1820 2977 2031 3033 Siciliae

2135 1808 2199 1863 de
2239 1807 2392 1861 nobis
2435 1805 2664 1873 dicitur,
2713 1823 2922 1877 magna
2975 1806 3211 1862 tristitia
3266 1805 3524 1876 generari
3569 1802 3746 1858 debet.
3791 1802 3862 1856 Et

2133 1912 2357 1950 rursum
2387 1898 2436 1949 si
2455 1898 2515 1950 in
2547 1912 2613 1949 ea
2642 1911 2748 1950 non
2783 1894 3069 1950 invenitur
3093 1895 3302 1949 malum
3322 1893 3463 1965 quod
3480 1893 3547 1947 de
3574 1890 3732 1948 nobis
3761 1890 3860 1945 ho-

2133 1986 2308 2040 mines
2339 1986 2660 2056 loquuntur,
2695 1987 2753 2039 in
2792 2001 3050 2055 magnam
3080 1985 3332 2040 debemus
3373 1982 3633 2039 laetitiam
3667 1982 3862 2051 prosi-

2139 2074 2259 2130 lire.
2301 2075 2441 2143 Quid
2478 2077 2626 2132 enim
2656 2077 2706 2130 si
2754 2075 2995 2131 homines
3028 2074 3272 2142 laudent,
3312 2083 3362 2129 et
3392 2071 3731 2128 conscientia
3770 2087 3864 2126 ac-

2133 2171 2279 2221 cuset
2311 2167 2463 2221 Μαι
2495 2181 2617 2236 φιλ)
2647 2165 2797 2221 debet
2834 2181 2947 2221 esse
2979 2166 3225 2232 tristitia,
3259 2166 3309 2219 si
3347 2179 3530 2219 omnes
3567 2168 3858 2226 accusent,

2135 2261 2186 2312 et
2215 2255 2334 2311 sola
2376 2257 2711 2312 conscientia
2749 2272 2845 2311 nos
2890 2256 3091 2310 liberos
3135 2255 3461 2309 demonstret
3501 2255 3616 2308 IAc
3653 2251 3854 2306 intra:

2137 2345 2285 2414 Quid
2331 2345 2489 2400 aliud
2521 2345 2860 2401 detrahentes
2887 2344 3132 2418 faciunt,
3166 2343 3277 2399 nisi
3318 2345 3375 2397 in
3404 2343 3688 2415 pulverem
3719 2345 3856 2412 suf-

2133 2437 2295 2506 flant,
2335 2444 2498 2507 atque
2545 2437 2609 2492 in
2655 2437 2833 2492 oculos
2875 2452 2999 2492 suos
3049 2444 3254 2490 terram
3297 2435 3564 2500 excitant,
3609 2441 3674 2487 ut
3703 2431 3862 2486 unde

2131 2528 2264 2600 plus
2293 2529 2648 2586 detractionis
2677 2529 2934 2599 perflant,
2960 2527 3089 2582 inde
3117 2525 3295 2596 magis
3315 2523 3469 2581 nihil
3498 2524 3766 2580 veritatis
3787 2525 3868 2578 vi-

2139 2618 2299 2674 deant
2320 2622 2345 2671 .9

2209 2709 2259 2761 8.
2296 2711 2568 2762 Attamen
2620 2707 2678 2763 in
2729 2713 2973 2777 utraque
3003 2704 3251 2776 epistola
3282 2705 3446 2760 docet
3484 2719 3596 2774 qua
3629 2700 3868 2759 ratione

2139 2797 2262 2853 tolli
2296 2799 2479 2869 possit
2500 2796 2865 2864 scandalum,
2892 2798 3039 2867 quod
3076 2794 3534 2866 negligere‘citra
3555 2797 3867 2865 peccatum

2139 2905 2252 2942 non
2303 2904 2640 2959 possumus.
2684 2887 3074 2958 Proponitque
3122 2887 3181 2942 S.
3228 2885 3404 2954 Petri,
3454 2882 3862 2955 apostolorum

2138 2979 2443 3050 principis,
2485 2977 2843 3050 exemplum,
2876 2977 2975 3049 qui
3010 2977 3266 3032 fidelium
3312 2975 3557 3047 querela
3587 2989 3864 3045 arguen-

281 3095 290 3109 ι
320 3063 645 3163 episcopos,
675 3073 728 3118 et
773 3062 1038 3163 hortatus
1091 3067 1176 3163 est
1230 3066 1292 3163 ut
1327 3062 1565 3163 litanias
1615 3064 1773 3163 omni
1808 3066 2020 3121 hebdo-
2053 3097 2094 3163 C
2137 3071 2288 3125 tium
2320 3066 2473 3140 quod
2503 3069 2782 3124 intrasset
2813 3068 2882 3122 ad
2905 3066 3149 3138 gentiles
3172 3070 3228 3122 et
3258 3066 3677 3122 manducasset
3708 3079 3857 3120 cum

321 3153 495 3208 made
526 3152 682 3208 feriis
713 3155 920 3222 quarta
960 3155 1016 3206 et
1047 3155 1208 3206 sexta
1244 3152 1585 3219 indicerent,
1627 3158 1682 3208 et
1722 3154 1803 3208 ita
1831 3165 2020 3210 contra

319 3242 624 3299 barbarica
670 3240 1022 3296 crudelitatis
1063 3242 1316 3296 incursus
1384 3257 1634 3311 supernae
1678 3246 2029 3314 protectionis

291 3333 594 3387 auxilium
639 3333 999 3402 implorarent
1034 3332 1175 3400 (Lib.
1225 3348 1304 3399 x1,
1345 3348 1426 3402 ep.
1460 3333 1574 3404 51).
1622 3335 1895 3389 Precibus
1924 3353 2026 3391 au-

285 3426 432 3477 tem
463 3423 674 3478 addere
706 3423 857 3478 bona
889 3437 1063 3492 Opera
1086 3422 1274 3491 jubet,
1309 3425 1459 3493 quia,
1503 3424 1715 3495 inquit,
1750 3427 1938 3480 inanis
1967 3428 2028 3496 ,‘it

313 3513 492 3568 oratio
523 3511 619 3567 ubi
658 3528 829 3583 prava
866 3515 942 3567 est
986 3511 1147 3567 actio.
1183 3513 1342 3566 Idem
1375 3512 1698 3584 periculum
1743 3515 2022 3570 Sardinia:

288 3624 296 3626 ν
326 3614 441 3652 non
463 3599 635 3669 longe
673 3598 888 3654 dissita:
912 3599 1136 3668 insulae,
1170 3601 1240 3655 ab
1267 3601 1534 3656 hostibus
1559 3602 1910 3674 impendisse
1938 3623 2031 3661 su-

322 3704 430 3758 pra
458 3689 733 3746 diximus.
780 3694 854 3746 At
876 3707 1077 3762 pacem
1112 3708 1176 3746 ac
1209 3692 1689 3763 tranquillitatem
1727 3694 1837 3765 ipsi
1870 3696 2034 3751 resti-

319 3781 506 3833 tutam
536 3794 666 3835 esse
696 3786 1079 3836 autumamus
1099 3795 1167 3835 ex
1195 3781 1340 3836 felici
1371 3781 1674 3852 religionis
1691 3784 2034 3840 Christiana:

319 3871 738 3939 prepagatione
771 3871 925 3942 apud
958 3870 1173 3926 Sardos
1222 3875 1320 3926 aut
1359 3872 1604 3927 advenas
1649 3880 1703 3927 et
1751 3875 2037 3929 Barbaros

322 3971 426 4011 seu
458 3960 862 4016 Barbaricinos
895 3967 996 4015 aut
1032 3960 1361 4031 indigenas.
1393 3961 1468 4015 Ea
1500 3963 1571 4017 de
1607 3979 1780 4017 causa
1814 3963 1872 4019 S.
1909 3964 2039 4018 Gre-

326 4048 527 4117 gorius
569 4053 792 4121 rogavit
822 4051 1023 4105 insulae
1067 4051 1388 4122 praesidem.
1417 4057 1480 4107 ut
1515 4053 1728 4107 Victori
1770 4054 2039 4124 episcopo

327 4137 387 4191 in
433 4141 738 4209 gentilium
771 4142 1149 4197 conversione
1189 4141 1476 4196 laboranti
1509 4158 1673 4212 opem
1708 4144 1898 4197 ferret.
1924 4143 2040 4196 Ad-

294 4251 301 4256 -
328 4234 448 4282 erat
480 4231 634 4285 enim
668 4232 942 4286 omnibus
973 4233 1070 4302 qui
1104 4233 1232 4302 ejus
1250 4249 1424 4303 opera
1455 4237 1511 4288 et
1541 4233 2042 4289 commendatione

332 4315 676 4387 indigebant
707 4319 888 4390 (lbid.,
921 4336 1001 4391 ep.
1035 4321 1149 4391 22).

412 4411 482 4462 7..
501 4407 1025 4465 Praisentissimum
1044 4426 1177 4466 eum
1195 4420 1424 4483 experta
1442 4416 1530 4468 est
1559 4413 1668 4469 hoc
1685 4429 1837 4468 anno
1856 4413 2043 4470 Theo-

2132 3160 2234 3227 eis,
2285 3174 2500 3229 eosque
2549 3157 2618 3212 ad
2652 3156 3010 3228 baptismum
3057 3155 3388 3226 recepisset,
3440 3169 3554 3209 non
3587 3168 3657 3208 ex
3692 3158 3866 3224 pote~

2135 3254 2303 3315 state,
2337 3249 2438 3303 sed
2470 3262 2538 3302 ex
2570 3247 2790 3302 ratione
2823 3245 3141 3318 respondit,
3175 3259 3532 3315 causamque
3564 3259 3667 3313 per
3697 3244 3866 3299 ordi-

2137 3355 2271 3394 nem
2305 3339 2606 3409 exposuit:
2640 3337 2702 3392 Si
2725 3336 2894 3405 enim,
2928 3337 3139 3407 inquit,
3171 3352 3296 3391 cum
3325 3352 3359 3390 a
3388 3333 3640 3405 ﬁdelibus
3661 3333 3867 3406 culpa-

2137 3436 2309 3497 retur,
2356 3430 2738 3484 auctoritatem
2767 3444 2933 3498 quam
2966 3428 3025 3481 in
3045 3434 3238 3482 sancta
3276 3426 3510 3480 Ecclesia
3540 3432 3866 3496 acceperat,

2139 3517 2480 3584 attendisset,
2505 3519 2829 3585 respondere
2856 3521 3070 3588 poterat
3093 3524 3151 3572 ut
3179 3518 3463 3586 pastorem
3482 3531 3647 3569 suum
3667 3529 3871 3570 oves...
3924 3545 3928 3548 -

2140 3607 2532 3679 reprehendere
2561 3623 2670 3663 non
2701 3606 2987 3662 auderent.
3021 3605 3126 3661 Sed
3158 3604 3208 3661 si
3237 3605 3299 3660 in
3336 3605 3557 3676 querela
3597 3603 3876 3672 ﬁdelium

2144 3697 2362 3770 aliquid
2410 3697 2475 3753 de
2504 3714 2604 3752 sua
2635 3701 2902 3768 potestate
2939 3696 3161 3764 diceret,
3209 3696 3448 3767 profecto
3487 3693 3680 3750 doctor
3715 3711 3883 3749 man-

2143 3788 2455 3843 suetudinis
2502 3803 2612 3842 non
2651 3788 2867 3856 fuisset.
2902 3786 3115 3840 Humili
3162 3800 3288 3854 ergo
3318 3801 3409 3840 eos
3441 3786 3654 3840 ratione
3679 3785 3885 3854 placa-

2145 3880 2293 3932 vit...
2345 3876 2404 3932 Si
2449 3893 2576 3948 ergo
2624 3883 2810 3946 pastor
2858 3876 3128 3943 Ecclesiae,
3172 3875 3540 3946 apostolorum
3583 3877 3876 3945 princeps,

2145 3971 2304 4038 signa
2335 3975 2387 4023 et
2427 3968 2700 4023 miracula
2738 3967 3101 4036 singulariter
3127 3965 3357 4035 faciens,
3388 3981 3494 4020 non
3526 3964 3881 4036 dedignatus

2148 4063 2224 4114 est
2264 4061 2321 4112 in
2350 4075 2515 4113 causa
2542 4057 2984 4130 reprehensionis
3007 4073 3123 4114 sum
3143 4059 3411 4113 rationem
3435 4056 3740 4111 humiliter
3762 4054 3884 4112 red-

2150 4148 2295 4215 dere,
2329 4153 2529 4218 qua-nlo
2586 4151 2764 4220 magis
2803 4164 2913 4203 non
2961 4152 3290 4219 peccatores,
3322 4163 3444 4202 cum
3482 4146 3548 4202 de
3583 4162 3646 4202 re
3675 4147 3880 4218 aliqua

2151 4239 2629 4308 reprehendimur,
2682 4240 3097 4311 reprehensores
3143 4243 3356 4296 nostros
3404 4236 3606 4294 humili
3644 4241 3883 4293 ratione

2130 4325 2377 4401 placare
2408 4329 2665 4385 debemus
2690 4333 2717 4384 ?

2225 4420 2277 4474 9.
2312 4419 2438 4474 Non
2482 4424 2707 4490 poterat
2736 4419 3042 4476 efﬁcaciori
3076 4419 3336 4492 exemplo
3375 4416 3786 4474 humilitatem
3819 4417 3887 4473 il-

334 4499 504 4557 ctista
537 4494 797 4550 Mauricii
846 4498 1095 4567 Augusti
1141 4505 1405 4568 cognata,
1443 4501 1536 4571 pia
1578 4502 1795 4556 femina
1832 4504 1900 4557 de
1932 4518 2049 4572 qua
2080 4467 2124 4531 D
2158 4507 2328 4564 lustri
2353 4467 2580 4564 temirnas
2604 4509 2956 4581 persuadere
2977 4467 3385 4564 sanctissimus
3406 4507 3634 4563 Doctor.
3661 4509 3891 4563 Postea

332 4592 460 4662 jam
481 4585 857 4644 alibiactum,
879 4602 911 4638 a
930 4587 1226 4642 nonnullis
1246 4591 1459 4644 temere
1486 4590 1724 4645 haeresis
1743 4591 2046 4647 infamata.
2160 4598 2399 4653 haeresis
2446 4598 2558 4669 ipsi
2593 4598 2859 4671 impacta
2885 4600 3074 4670 capita
3105 4598 3302 4654 omnia
3323 4605 3602 4664 recenset,
3637 4612 3714 4652 ac
3747 4612 3889 4653 con-

334 4679 464 4735 Jam
497 4673 754 4730 diximus
785 4671 928 4743 (Lib.
963 4688 1002 4740 ι,
1037 4691 1082 4727 c.
1114 4675 1167 4734 5,
1200 4692 1354 4730 num.
1387 4676 1465 4747 9),
1498 4677 1773 4750 Gregorio
1815 4679 1875 4734 in
1908 4681 2051 4735 urbe
2116 4690 2121 4695 '
2162 4685 2311 4741 futat
2342 4690 2398 4740 et
2427 4686 2692 4741 conterit.
2727 4685 2920 4740 Primo
2942 4684 3193 4741 ostendit
3218 4683 3518 4755 religionis
3541 4699 3732 4738 causa
3757 4698 3897 4739 con-

301 4808 307 4813 ς
339 4766 498 4841 regia
529 4767 945 4822 commorante.
973 4780 1265 4820 rumorem
1291 4783 1558 4837 sparsum
1589 4769 1658 4823 de
1691 4785 1838 4825 nova
1868 4771 2052 4825 haere-
2158 4775 2322 4846 jugia
2371 4791 2484 4829 non
2535 4773 2930 4831 dissolvenda.
2984 4774 3247 4830 Secundo
3297 4778 3529 4845 peccata
3577 4773 3791 4828 omnia
3832 4772 3888 4826 in

341 4859 415 4930 si,
448 4860 614 4927 cujus
648 4863 841 4911 notam
877 4853 1110 4910 inurere
1139 4855 1517 4912 nobilissimae
1567 4875 1632 4913 ac
1673 4859 2054 4914 sanctissimas
2165 4864 2516 4935 baptismate
2550 4865 2780 4935 penitus
2804 4863 2944 4918 dilui
2969 4863 3279 4918 etdimitti.
3312 4863 3507 4918 Tertio
3540 4866 3670 4934 post
3693 4867 3889 4917 actam

343 4955 628 5006 ωθῑτοοω
661 4963 776 5001 ηοη
795 4950 933 5002 sunt
963 4945 1128 5001 νενίίί
1163 4947 1566 5018 sycophantae;
1604 4950 1757 5004 unde
1796 4950 1852 5004 in
1875 4968 2058 5022 popu-
2169 4971 2268 5024 per
2298 4953 2615 5011 triennium
2649 4955 3071 5025 paenitentiam,
3124 4951 3419 5009 licentiam
3457 4952 3743 5022 peccandi
3778 4951 3892 5008 mi-

340 5037 422 5109 ιο,
467 5055 576 5094 sua
622 5037 852 5092 levitate
910 5036 978 5090 ad
1025 5039 1310 5092 atrociora
1356 5038 1609 5092 maxime
1660 5038 1717 5092 in
1771 5038 2062 5111 principes
2173 5045 2329 5099 nime
2379 5059 2736 5100 concessam.
2790 5046 2998 5110 Quarto
3047 5043 3219 5098 etiam
3275 5040 3444 5097 illum
3491 5041 3896 5096 anathematis

352 5128 642 5182 credenda
671 5128 814 5181 satis
844 5142 1311 5197 prono,magnus
1341 5128 1617 5182 subortus
1641 5132 1730 5182 est
1752 5131 2064 5189 tumultus.
2175 5133 2404 5191 vinculo
2437 5135 2644 5200 teneri,
2678 5134 2775 5204 qui
2809 5133 2910 5188 etsi
2943 5135 3287 5188 necessitate
3327 5130 3692 5200 compulsus,
3736 5130 3794 5184 id
3830 5130 3899 5186 de

353 5216 562 5270 Statim
595 5222 790 5268 autem
822 5222 994 5285 atque
1025 5217 1081 5270 id
1114 5234 1274 5288 papae
1309 5218 1417 5271 fuit
1446 5216 1791 5282 indicatum.
1835 5219 2070 5291 scripsit
2179 5225 2332 5297 quod
2381 5225 2830 5296 reprehenditur
2867 5222 3459 5278 anathematizaverit.
3497 5221 3579 5278 Ad
3614 5221 3899 5277 ultimum

354 5303 427 5358 ad
474 5302 870 5356 Theoetistam
915 5305 1063 5372 (Lib.
1103 5323 1182 5375 x1,
1213 5323 1279 5377 ep
1326 5306 1436 5378 45),
1485 5308 1579 5362 cui
1636 5309 1944 5378 multiplici
1979 5327 2068 5365 ra-
2183 5319 2430 5370 testatur
2475 5315 2782 5386 plerosque
2835 5315 2979 5371 falso
3035 5315 3103 5369 de
3151 5319 3408 5386 quatuor
3455 5314 3570 5370 illis
3622 5311 3904 5385 capitulis

355 5393 516 5448 tione
547 5391 807 5444 ostendit
837 5394 967 5461 ejus
998 5403 1251 5452 mentem
1297 5400 1819 5455 obtrectationibus
1852 5401 2073 5456 turbari
2184 5401 2455 5473 imperito
2495 5401 2615 5456 zelo
2663 5407 3002 5471 accusatos;
3052 5402 3367 5474 placandos
3417 5405 3612 5457 tamen
3665 5415 3801 5456 esse
3833 5397 3904 5453 il-

310 5509 314 5515 -
356 5482 602 5539 minime
646 5477 888 5536 debere:
931 5484 991 5537 Si
1035 5486 1194 5540 enim
1246 5490 1514 5545 laudibus
1549 5492 1829 5561 laetamur,
1867 5491 2076 5562 inquit,
2188 5490 2274 5548 los
2307 5498 2676 5548 accusatores
2708 5497 2834 5548 tum
2866 5491 3109 5559 ratione,
3143 5496 3265 5547 tum
3302 5490 3784 5547 mansuetudine.

358 5581 410 5634 et
451 5567 890 5630 detractionibus
925 5573 1259 5644 frangimur,
1301 5579 1541 5649 gloriam
1581 5591 1828 5639 nostram
1876 5596 1983 5638 non
2023 5585 2078 5638 in
2264 5582 2350 5639 10.
2384 5582 2501 5638 Etsi
2534 5598 2662 5639 vero
2696 5581 3020 5639 calumnias
3051 5581 3337 5653 patienter
3377 5579 3701 5637 tolerandas
3737 5579 3907 5636 doce-
