4086 6166
264 282 374 343 441

673 283 739 344 S.
785 280 1163 345 GREGORII
1207 279 1458 343 MAGNI
1503 279 1709 354 VITA,
1759 277 1857 339 EX
1904 278 2090 342 EJUS
2137 281 2483 343 SCltIPTiS
2528 281 2985 342 ADORNATA.
3035 279 3160 342 LIB
3231 280 3332 344 ιν.

3657 282 3775 340 442

268 425 346 472 ret
373 433 644 474 ummus
678 417 774 473 ille
805 433 1034 474 morum
1069 417 1362 488 magister,
1395 414 1848 472 calumniatores
1881 423 1962 471 ta-
1996 420 2048 486 Α
2150 421 2285 484 Quae
2315 418 2385 473 ad
2412 418 2790 474 obtinendum
2827 418 3148 475 defensoris
3187 417 3445 474 oflicium
3487 414 3776 473 conditio-

268 523 390 562 men
425 509 706 578 gravibus
738 509 918 580 pmnis
947 507 1193 563 coerceri
1218 506 1483 578 jubebat.
1521 506 1681 562 Unde
1713 524 1844 562 cum
1876 522 1968 561 ac-

267 598 508 665 cepisset
543 598 805 654 Hilarum
855 599 1275 655 subdiaconum
1310 598 1409 670 qui
1455 598 1666 654 Joanni
1716 598 1966 654 Diacono

263 687 474 742 crimen
509 688 854 759 ingesserat,
888 704 921 743 a
943 687 1242 757 judicibus
1274 688 1436 742 nulla
1467 687 1648 743 fuisse
1677 703 1847 758 poena
1877 703 1968 742 ca-

262 776 559 848 stigatum,
593 778 867 849 praecepit
901 782 963 832 ut
991 778 1170 849 virgis
1201 777 1433 848 publice
1451 778 1785 842 crederetur,
1817 781 1874 832 et
1905 777 1963 832 in

259 868 516 925 exsilium
570 869 972 940 deportaretur
1012 869 1149 938 (Lib.
1187 886 1259 938 ix,
1311 886 1398 940 ep.
1448 871 1560 937 62).
1609 869 1736 924 Jam
1789 885 1963 940 supra

261 960 696 1016 observavimus
726 960 878 1016 hanc
900 959 1053 1016 exilii
1087 975 1312 1029 pmuam
1329 959 1552 1030 judicio
1574 959 1960 1016 ecclesiastico

260 1050 544 1106 decretam
587 1051 647 1105 in
691 1051 1054 1106 defensorem
1103 1048 1372 1119 episcopo
1421 1065 1533 1104 non
1579 1049 1956 1105 obedientem.

324 1141 406 1193 ll.
442 1139 570 1194 Non
617 1139 808 1194 minus
849 1139 906 1194 iu
951 1137 1239 1204 falsarios,
1292 1137 1392 1210 qui
1439 1137 1959 1196 calumniatoribus

259 1229 458 1285 afﬁnes
488 1235 646 1294 sunt,
681 1228 1094 1299 indignabatur
1127 1229 1436 1298 Gregorius
1459 1228 1719 1283 veritatis
1741 1229 1959 1285 studio-

255 1317 525 1373 sissimus
575 1317 787 1372 cultor.
841 1317 987 1372 Hinc
1035 1318 1286 1389 graviter
1327 1317 1543 1374 exarsit
1571 1317 1631 1373 in
1664 1318 1956 1373 Andream

256 1407 606 1464 monachum
639 1407 779 1475 (Lib.
811 1425 890 1473 xi,
936 1423 1018 1478 ep.
1050 1409 1163 1477 ⁵74),
1197 1411 1262 1462 ut
1301 1407 1584 1477 conjicere
1613 1406 1768 1476 licet,
1801 1408 1953 1463 Grae-

254 1513 404 1567 cum,
440 1497 538 1568 qui
573 1513 689 1552 non
719 1496 908 1553 solum
941 1496 1248 1568 epistolam
1297 1497 1548 1564 Eusebii,
1580 1496 1955 1552 Thessaloni-

253 1588 437 1645 censis
469 1587 751 1659 episcopi,
786 1587 975 1660 ipsius
1007 1587 1143 1643 ﬁdei
1188 1588 1655 1643 commendatam
1690 1592 1753 1642 ut
1796 1589 1954 1643 Lati-

253 1694 381 1733 nam
415 1693 546 1732 eam
579 1677 815 1745 faceret,
849 1681 1204 1749 corruperat.
1240 1685 1293 1732 et
1319 1677 1632 1732 haeresibus
1657 1677 1949 1747 infecerat,

2077 525 2177 563 nes
2210 510 2641 579 requirerentur
2672 508 2870 578 qualia
2901 510 3086 565 forent
3108 523 3308 565 eorum
3343 505 3561 574 munia,
3594 521 3773 576 quave

2075 597 2326 653 formula
2371 597 2885 664 constituerentur,
2947 599 3231 654 habemus
3296 598 3355 652 in
3412 593 3656 666 epistola
3705 595 3772 648 ad

2071 687 2269 744 Vitum
2301 688 2437 756 (Lib.
2467 705 2544 753 xx,
2576 705 2660 758 ep.
2699 687 2809 759 38).

2145 779 2320 836 Gesta
2353 778 2438 835 vel
2471 779 2679 849 scripta
2701 779 2759 834 S.
2787 778 2986 835 lrenmi
3019 779 3117 834 diu
3142 796 3174 834 a
3204 796 3262 834 se
3294 777 3554 848 quaesita,
3579 775 3682 831 sed
3705 791 3773 830 ex

2071 869 2153 925 eis
2184 868 2403 939 aliquid
2437 869 2693 925 invenire
2734 885 2848 924 nou
2891 868 3142 924 valuisse
3192 872 3437 924 testatur
3482 867 3772 922 maximus

2070 959 2300 1015 Doctor.
2335 959 2498 1014 Nunc
2530 961 2597 1014 de
2637 957 2811 1014 rebus
2845 958 3180 1014 monasticis
3214 973 3398 1028 pauca
3432 954 3771 1025 attingenda

2068 1050 2208 1119 (Lib.
2243 1066 2319 1116 xi,
2350 1066 2437 1120 ep.
2470 1051 2582 1120 56).

2143 1140 2225 1194 13.
2259 1141 2401 1196 Cum
2433 1140 2727 1210 Agathosa
2757 1143 2964 1211 questa
2995 1143 3150 1195 esset
3172 1138 3446 1194 maritum
3471 1150 3671 1200 suum,
3706 1149 3766 1187 se

2067 1229 2246 1286 invita
2305 1229 2653 1285 monachum
2699 1230 2936 1296 factum,
2988 1230 3138 1300 quod
3200 1229 3271 1284 ad
3337 1226 3568 1298 culpam
3618 1224 3766 1278 invi-

2067 1318 2335 1388 diamque
2369 1319 2559 1374 Urbici
2589 1319 2835 1386 abbatis,
2868 1320 2926 1373 in
2959 1319 3128 1388 cujus
3160 1315 3509 1373 monasterio
3532 1330 3767 1370 conver-

2066 1425 2166 1464 sus
2202 1409 2410 1476 fuerat,
2445 1409 2787 1479 pertinebat,
2824 1409 2999 1464 edixit
3043 1425 3193 1480 papa
3224 1406 3578 1463 reddendum
3630 1419 3764 1457 eum

2067 1499 2305 1569 petenti,
2339 1497 2473 1553 licet
2493 1499 2617 1567 jam
2663 1503 3044 1564 tonsuratum,
3095 1498 3207 1554 nisi
3248 1500 3536 1554 constaret
3579 1495 3766 1565 ipsam

2065 1589 2232 1660 prius
2265 1588 2460 1644 mariti
2492 1590 2852 1645 conversioni
2887 1589 3272 1655 consensisse,
3317 1602 3603 1656 suamque
3633 1600 3766 1655 pro-

2066 1678 2320 1748 misisse,
2354 1683 2455 1735 aut
2488 1679 2674 1750 ipsam
2706 1679 2974 1735 adulterii
3014 1695 3140 1736 esse
3185 1694 3342 1734 ream
3391 1677 3537 1748 (Lib.
3573 1690 3651 1743 x1,
3679 1689 3766 1745 ep.

249 1768 337 1823 sed
371 1768 548 1823 etiam
583 1784 883 1825 sermones
916 1768 1144 1840 aliquos
1176 1768 1369 1858 Graece
1409 1768 1705 1840 evulgarat
1738 1768 1953 1840 quibus
1985 1792 2032 1858 Β
2062 1769 2176 1840 50).

249 1858 567 1929 praeﬁxerat
612 1874 770 1930 papae
813 1874 1048 1914 nomen.
1099 1859 1210 1914 Eos
1259 1857 1706 1930 diligentissime
1740 1859 1954 1932 requiri

243 1948 420 2018 jussit
449 1946 760 2019 Gregorius
798 1954 850 2003 et
896 1947 1135 2003 aboleri.
1172 1948 1450 2004 Praeterea
1493 1947 1807 2004 concilium
1849 1949 1953 2005 ha-

250 2038 373 2093 buit
401 2038 463 2093 in
496 2053 612 2109 quo
646 2037 716 2094 de
747 2054 916 2109 poena
946 2037 1174 2094 falsario
1216 2037 1451 2094 aliunde
1495 2038 1952 2110 ﬂagitiosissimo

247 2126 561 2198 iuﬁigeuda
591 2126 1042 2196 deliberaretur;
1077 2131 1136 2184 at
1165 2143 1300 2184 vero
1349 2145 1478 2200 quae
1509 2128 1738 2186 decreta
1783 2130 1954 2185 fuerit

251 2232 351 2271 nos
382 2215 546 2272 latet.
577 2217 836 2288 Epistola
865 2232 934 2273 ex
967 2234 1081 2289 qua
1104 2216 1225 2272 haec
1249 2217 1558 2283 habemus,
1607 2217 1954 2274 humilitatis

247 2309 300 2360 et
344 2305 644 2360 modestius
690 2304 949 2377 Gregorii
998 2311 1412 2377 argumentum
1445 2311 1556 2365 est.
1591 2307 1653 2363 In
1700 2323 1766 2364 ea
1796 2308 1952 2363 enim

249 2395 594 2466 simpliciter
639 2395 946 2467 proﬁtetur
995 2395 1324 2452 Graecarum
1371 2413 1434 2452 se
1466 2395 1787 2453 litterarum
1825 2415 1954 2452 nes-

252 2499 429 2540 ctum.

318 2575 401 2628 i2.
439 2572 512 2629 Ut
542 2587 635 2630 res
667 2574 738 2629 ad
775 2573 931 2629 hunc
962 2590 1182 2629 annum
1225 2580 1547 2646 spectantes
1580 2576 1956 2631 absolvamus

252 2662 507 2718 notanda
537 2667 678 2719 sunt
709 2663 1051 2718 summatim
1085 2679 1211 2735 quae
1245 2665 1315 2720 ad
1347 2665 1753 2720 illustrandum
1780 2663 1957 2720 eccle-

258 2751 556 2807 siasticam
581 2751 956 2822 disciplinam
981 2757 1081 2808 aut
1103 2753 1405 2810 historiam
1433 2757 1693 2811 conferre
1719 2761 1957 2826 possunt

262 2841 515 2896 nondum
537 2857 569 2896 a
591 2841 762 2897 nobis
783 2841 1056 2897 delibata.
1087 2843 1424 2915 imperatori
1448 2843 1732 2899 Joannem
1758 2844 1956 2913 prima;

253 2928 594 2986 Justiniauaa
618 2931 954 3003 episcopum
981 2949 1083 3003 pro
1105 2931 1450 3004 aegritudine
1482 2933 1691 3005 capitis
1714 2934 1786 2989 ab
1810 2935 1958 3004 epis-

254 3031 452 3092 COpatu
487 3036 755 3076 amovere
787 3021 1067 3093 cupienti,
1110 3024 1439 3079 consentire
1471 3024 1657 3080 noluit
1688 3023 1955 3096 aequissi-

254 3125 382 3166 mus
415 3118 599 3181 pater,
633 3110 744 3166 nisi
786 3117 1035 3182 aagrotus
1065 3113 1212 3184 ipse,
1262 3114 1393 3169 dato
1442 3114 1640 3171 libello
1684 3113 1956 3187 supplici,

2137 1859 2200 1913 In
2231 1859 2434 1915 eodem
2463 1859 2706 1916 concilio
2727 1877 2759 1915 a
2790 1876 2901 1931 quo
2934 1859 3242 1915 damnatus
3271 1860 3360 1914 est
3390 1855 3647 1911 Andreas
3673 1853 3770 1909 fal-

2064 1966 2264 2005 sorum
2298 1951 2646 2022 scriptorum
2679 1951 2906 2016 artifex,
2949 1965 3227 2006 concessa
3265 1952 3354 2004 est
3392 1945 3603 2011 Probo,
3642 1960 3764 2000 mo-

2063 2041 2250 2098 nacho
2286 2045 2343 2098 et
2372 2041 2592 2110 abbati,
2616 2042 2868 2098 testandi
2894 2042 3140 2098 facultas
3172 2041 3241 2096 de
3271 2038 3440 2095 bouis
3470 2042 3605 2094 ante
3635 2052 3765 2091 sus-

2063 2136 2293 2204 ceptum
2315 2132 2576 2188 habitum
2597 2133 2985 2188 monasticum
3001 2134 3072 2188 ad
3090 2133 3284 2204 ipsum
3311 2128 3763 2203 pertinentibus.

2063 2221 2226 2275 Tanti
2250 2221 2406 2277 enim
2434 2226 2558 2278 erat
2595 2221 2872 2277 momenti
2925 2220 3255 2276 facultatem
3306 2219 3450 2274 hanc
3497 2219 3651 2283 dare,
3704 2220 3767 2270 ut

2064 2310 2270 2381 synodi
2321 2309 2496 2366 totius
2544 2326 2897 2367 consensum
2952 2309 3368 2380 requirendum
3415 2303 3767 2377 iudicaverit

2063 2400 2537 2472 sapientissimus
2585 2401 2869 2456 Pontifex.
2933 2400 3132 2471 Neque
3173 2415 3303 2454 vero
3361 2398 3512 2452 facta
3561 2393 3767 2450 fuisset

2066 2488 2250 2544 Probo
2283 2489 2614 2544 testamenti
2637 2489 2919 2545 condendi
2953 2489 3207 2556 licentia,
3233 2488 3345 2543 nisi
3368 2486 3590 2556 liquido
3613 2483 3766 2539 296

2065 2577 2426 2635 constitisset
2455 2578 2649 2649 ipsum
2675 2580 2914 2649 jussum
2948 2579 3126 2634 fuisse
3155 2585 3209 2633 et
3241 2576 3407 2649 quasi
3438 2578 3702 2632 coactum
3735 2587 3769 2626 a

2067 2670 2124 2726 S.
2158 2669 2432 2739 Gregorio
2465 2669 2883 2724 monasterium
2908 2668 3100 2724 subito
3133 2666 3392 2734 introire,
3415 2680 3525 2720 non
3551 2661 3765 2716 indulto

2067 2758 2136 2813 ad
2165 2757 2230 2812 de
2261 2757 2610 2813 liberandum
2641 2757 2733 2812 vel
2750 2758 3102 2813 tractandum
3120 2754 3501 2827 spatio.Unde
3531 2768 3647 2808 non
3671 2751 3770 2804 in-

2067 2851 2297 2918 tegrum
2314 2846 2425 2916 ipsi
2447 2846 2630 2901 fuerat
2656 2845 2726 2901 de
2743 2846 2914 2900 rebus
2937 2845 3062 2899 suis
3084 2843 3412 2913 disponere.
3432 2837 3766 2895 Periculum

2067 2941 2261 2993 autem
2291 2939 2416 2990 erat
2439 2951 2508 2990 ne
2540 2935 2708 2991 bonis
2737 2934 2923 3005 ipsius
2949 2932 3296 2989 monasterio
3313 2929 3672 2996 cedentibus,
3706 2927 3772 2981 ﬁ-

2067 3024 2184 3080 lius
2214 3024 2341 3095 ejus
2371 3040 2602 3079 summa
2632 3027 2882 3095 egestate
2913 3021 3222 3078 laboraret.

2147 3113 2429 3170 Laudavit
2472 3113 2818 3170 Januarium
2869 3111 3264 3170 Caralitanum
3297 3108 3452 3180 quod
3485 3109 3772 3163 monaste-

366 3165 372 3166 κ
418 3165 434 3181 .
480 3165 483 3166 ν
794 3165 1030 3182 ρον-πί
1068 3165 1212 3184 τη,
1268 3165 1387 3169 πη
1443 3165 1634 3171 nn---
1685 3165 1956 3187 --η-ηη
2147 3165 2426 3170 ww".--
2476 3165 2818 3170 m———-———-
3314 3165 3334 3180 .

254 3198 356 3254 hoc
387 3203 630 3270 peteret.
681 3200 792 3256 Sed
843 3202 1022 3257 suasit
1085 3211 1145 3257 ut
1195 3209 1552 3275 quereretur
1598 3205 1958 3276 dispensator:
1991 3165 2034 3232 δ
2075 3205 2224 3261 rium
2265 3203 2512 3259 virorum
2552 3204 2609 3258 in
2652 3204 2824 3259 domo
2873 3199 3220 3258 ancillarum
3271 3199 3371 3254 Dei
3419 3194 3772 3252 monasterio

259 3290 352 3358 qui
386 3305 606 3346 munus
647 3289 976 3362 episcopale
1020 3290 1177 3347 obire
1209 3297 1409 3364 posset
1439 3295 1576 3363 (Lib.
1611 3311 1690 3362 χι,
1724 3311 1808 3366 ep.
1841 3296 1954 3366 47).

323 3379 594 3443 Quiricus
629 3383 684 3436 et
721 3379 817 3436 alii
855 3380 1056 3436 Iberia:
1096 3381 1354 3453 episcopi
1386 3400 1688 3439 summum
1722 3385 1958 3456 pontiﬁ-

251 3483 366 3523 cem
400 3468 824 3526 consulueraut
856 3470 926 3525 de
958 3471 1321 3528 diversorum
1363 3472 1768 3530 hereticorum
1811 3476 1957 3548 bap-

247 3560 419 3616 tismo
451 3565 509 3615 et
538 3560 1031 3619 ordinationibus.
1062 3563 1286 3628 Quibus
1310 3566 1605 3635 respondit
1639 3566 1959 3636 baptizatos

250 3646 306 3702 in
354 3648 563 3704 haeresi
617 3665 746 3705 cum
786 3648 1089 3704 Trinitatis
1139 3650 1527 3719 invocatione,
1579 3670 1692 3709 non
1744 3656 1958 3709 iterum

246 3737 637 3810 baptizandus
667 3739 897 3808 quando
929 3740 998 3794 ad
1042 3739 1362 3797 Ecclesiam
1414 3747 1805 3810 revertuntur,
1856 3743 1959 3798 sed

249 3833 349 3883 aut
383 3828 757 3898 impositione
798 3847 1098 3897 manuum,
1144 3839 1240 3887 aut
1281 3833 1617 3890 chrismatis
1663 3833 1959 3904 unctione,

244 3921 342 3972 aut
369 3917 734 3990 professione
767 3919 902 3976 ﬁdei
935 3920 1418 3979 reconciliandos.
1456 3923 1786 3980 Redeuntes
1826 3941 1959 3980 vero

240 4005 623 4065 Nestoriauos
655 4009 726 4064 de
756 4009 1156 4068 incarnatione
1187 4012 1542 4083 edocendos;
1578 4018 1634 4069 et
1665 4014 1713 4070 si
1752 4017 1958 4070 Nesto-

238 4095 398 4152 rium
461 4097 1102 4169 auathematizaveriut,
1155 4106 1531 4174 receptasque
1571 4105 1642 4160 ab
1711 4104 1961 4160 Ecclesia

245 4187 507 4256 synodos
540 4187 792 4260 recipere
822 4189 1228 4261 profiteantur,
1262 4191 1319 4247 in
1362 4193 1612 4264 propriis
1651 4193 1959 4249 ordinibus

241 4276 638 4334 admittendos
670 4279 812 4348 (Lib.
847 4297 927 4347 xi,
959 4297 1046 4353 ep.
1077 4281 1192 4353 67).

317 4366 465 4422 Cum
499 4368 764 4426 audisset
795 4370 1160 4427 Desiderium
1192 4371 1579 4431 Viennensem
1620 4375 1960 4447 episcopum

246 4457 700 4525 grammaticam
727 4465 782 4514 et
811 4457 1036 4516 litteras
1077 4460 1449 4519 humaniores
1481 4464 1835 4535 quibusdam
1868 4481 1959 4521 ex-

251 4559 487 4614 ponere,
521 4547 574 4602 id
609 4548 952 4620 gravissime
996 4550 1151 4617 tulit,
1187 4553 1336 4622 quia,
1391 4553 1603 4626 inquit,
1641 4555 1702 4609 in
1751 4571 1860 4611 uno
1902 4572 1961 4612 se

251 4649 338 4690 ore
355 4651 481 4692 cum
512 4638 659 4693 lovis
691 4638 946 4695 laudibus
981 4640 1189 4697 Christi
1209 4643 1398 4699 laudes
1417 4661 1528 4700 non
1560 4647 1787 4716 capiunt
1809 4646 1958 4717 (Lib.

245 4736 323 4790 It,
355 4739 439 4796 ep.
471 4727 588 4798 54).
621 4727 829 4784 Postea
858 4733 1053 4786 tamen
1080 4732 1375 4789 Candidus
1399 4735 1706 4807 presbyter
1725 4751 1792 4791 ex
1825 4736 1961 4792 Gal-

250 4809 349 4869 liis
381 4815 632 4884 rediens,
667 4818 1035 4876 Desiderium
1071 4823 1219 4891 apud
1257 4841 1471 4896 papam
1502 4826 1816 4895 excusavit,
1867 4843 1962 4882 ne-

256 4904 524 4977 gavitque
553 4906 752 4977 ipsum
783 4906 843 4963 in
876 4907 968 4964 his
997 4909 1167 4982 nugis
1199 4919 1430 4984 tempus
1474 4922 1673 4971 terere.

318 4992 669 5051 Deferendas
702 4995 776 5051 ad
816 4997 1118 5069 episcopos
1170 4999 1512 5058 clericorum
1560 5019 1765 5060 causas
1809 5020 1962 5076 sape

255 5078 434 5149 docet,
469 5097 542 5136 ne
572 5083 922 5154 episcopalis
957 5085 1289 5155 jurisdictio
1331 5093 1760 5161 pessumdetur,
1795 5091 1962 5148 cleri-

256 5181 347 5223 cos
406 5170 480 5225 ab
529 5173 821 5243 episcopo,
873 5175 1139 5246 exigente
1185 5177 1375 5248 culpa,
1439 5180 1497 5234 in
1556 5180 1960 5252 paenitentiam

258 5257 466 5315 miseos
512 5261 810 5318 Romanus
869 5264 1158 5332 defensor,
1209 5267 1476 5339 episcopo
1528 5270 1857 5327 inconsulto
1907 5276 1963 5328 et

260 5349 572 5416 nesciente,
620 5353 965 5410 auctoritate
996 5357 1229 5428 prepria
1266 5359 1502 5429 ejecerat
1533 5377 1563 5416 e
1604 5361 1726 5418 loco
1756 5363 1854 5417 ubi
1889 5364 1960 5418 ad

257 5439 647 5505 paenitentiam
697 5443 897 5498 traditi
946 5444 1192 5502 fuerant.
1228 5449 1498 5519 Atjussit
1529 5468 1679 5523 papa
1717 5451 1961 5509 clericos

253 5527 523 5600 episcopo
555 5529 685 5586 sine
717 5547 880 5589 mora
911 5535 1156 5603 restitui,
1182 5540 1238 5593 et
1273 5537 1534 5596 Romano
1572 5543 1737 5613 prius
1769 5542 1958 5598 incre-

246 5619 406 5688 pato,
441 5618 642 5690 gravia
673 5621 1068 5681 comminatus
1099 5629 1205 5698 est,
1240 5627 1288 5684 si
1317 5627 1456 5686 talia
1495 5631 1764 5704 deinceps
1802 5648 1960 5689 com-

246 5705 506 5764 mitteret
532 5707 678 5779 (Lib.
714 5725 788 5779 χι,
822 5727 942 5785 epp.
976 5713 1050 5766 77
1079 5717 1128 5771 et
1158 5715 1268 5787 37).

1993 4507 2040 4573 D

2069 3293 2391 3350 cohaerente
2452 3293 2712 3349 construi
2767 3291 3064 3358 uoluerit;
3114 3289 3296 3346 voluit
3350 3291 3547 3343 tamen
3589 3283 3770 3340 alium

2070 3383 2252 3454 quaeri
2281 3381 2497 3450 locum,
2533 3382 2630 3437 ubi
2663 3381 3111 3438 constitueretur
3140 3379 3281 3450 (Lib.
3311 3395 3388 3445 x1,
3420 3391 3502 3447 ep.
3535 3374 3648 3444 25).

2141 3473 2358 3529 Omitto
2391 3471 2672 3529 beneﬁcia
2702 3489 2827 3543 quae
2860 3472 2920 3527 in
2953 3470 3324 3535 monasteria,
3367 3467 3543 3523 etiam
3574 3479 3771 3519 remo-

2071 3564 2312 3630 tissima,
2341 3562 2590 3619 contulit
2616 3563 2724 3619 hoc
2751 3578 2904 3617 anno
2933 3561 3190 3632 optimus
3229 3565 3406 3630 pater,
3449 3555 3772 3627 praesertim

2070 3654 2127 3708 in
2163 3653 2490 3708 cmnobium
2523 3653 2739 3708 montis
2769 3652 2908 3708 Sina
2951 3651 3091 3722 (Lib.
3125 3666 3204 3716 xi,
3244 3665 3326 3719 ep.
3361 3648 3451 3717 i);
3496 3643 3597 3701 sed
3635 3642 3776 3714 qui-

2070 3741 2324 3797 buslibet
2365 3741 2706 3796 muneribus
2737 3745 2792 3796 et
2839 3739 3134 3796 beneﬁciis
3183 3735 3585 3809 praestantiora
3629 3730 3774 3787 mihi

2069 3831 2340 3888 videntur
2374 3831 2595 3886 monita
2625 3829 2866 3894 Cononi,
2903 3827 3189 3883 Lirinensi
3220 3825 3439 3891 abbati,
3471 3825 3624 3890 data,
3651 3819 3776 3892 qui-

2070 3923 2178 3979 bus
2202 3937 2334 3978 eum
2358 3923 2522 3977 docet
2545 3925 2761 3992 quanta
2775 3936 2932 3986 cura,
2958 3935 3077 3989 qua
3097 3916 3330 3974 solertia
3351 3911 3774 3970 monasterium

2072 4013 2181 4068 sibi
2216 4011 2599 4068 commissum
2635 4025 2831 4081 regere
2862 4009 3106 4076 debeat;
3143 4004 3394 4060 maxime
3425 4002 3496 4058 ob
3528 4002 3651 4071 ejus
3681 4001 3774 4054 de-

2073 4101 2320 4158 cessoris
2369 4102 2668 4157 incautam
2732 4098 3138 4155 remissionem
3186 4111 3201 4150 :
3258 4092 3577 4149 Dilectionis
3644 4093 3771 4158 tuae,

2071 4192 2282 4264 inquit,
2307 4190 2604 4261 vigilantia
2632 4190 2942 4246 ardentiori
2965 4205 3021 4244 se
3057 4200 3266 4257 semper
3294 4199 3426 4238 cura
3456 4178 3773 4241 succendat;

2070 4287 2120 4338 et
2151 4284 2232 4337 ita
2259 4291 2476 4352 cuncta,
2509 4282 2616 4337 Deo
2647 4280 2946 4352 adjuvante
2990 4274 3354 4350 praemuniat,
3397 4279 3456 4328 ut
3488 4271 3648 4342 lupus
3676 4285 3775 4326 s3-

2071 4372 2228 4428 viens
2262 4373 2368 4427 huc
2409 4371 2648 4443 illucque
2696 4372 3032 4435 discurrens,
3065 4370 3123 4423 in
3173 4383 3292 4423 oves
3322 4364 3637 4420 Dominicas
3682 4363 3774 4416 in-

2069 4461 2358 4533 grediendi
2391 4458 2571 4517 locum
2609 4475 2720 4516 non
2769 4459 2983 4516 habeat.
3037 4461 3109 4513 Et
3149 4463 3278 4528 post
3310 4455 3510 4526 aliqua
3543 4469 3554 4508 :
3590 4454 3775 4521 Itaque

2073 4551 2200 4608 boni
2249 4558 2303 4606 te
2348 4550 2583 4616 dulcem,
2629 4552 2793 4618 pravi
2831 4549 3072 4605 sentiant
3121 4550 3500 4603 correctorem.
3551 4544 3612 4598 lu
3669 4558 3776 4613 qua

2071 4640 2325 4699 videlicet
2353 4642 2686 4697 correctione
2717 4641 2862 4694 hunc
2890 4653 3001 4694 esse
3049 4636 3298 4694 ordinem
3328 4633 3540 4691 noveris
3587 4633 3776 4688 obser-

2073 4731 2333 4798 vandum,
2364 4735 2423 4786 ut
2455 4745 2715 4801 personas
2745 4729 2969 4800 diligas,
3014 4733 3064 4784 et
3106 4729 3242 4783 vitia
3287 4721 3630 4798 persequaris
3659 4739 3678 4776 :
3711 4735 3775 4774 ne

2071 4821 2122 4878 si
2152 4819 2322 4876 aliter
2357 4835 2519 4889 agere
2541 4823 2776 4892 fortasse
2810 4820 3067 4885 volueris,
3097 4821 3340 4871 transeat
3392 4813 3450 4867 in
3489 4809 3775 4866 crudelita-

2075 4917 2184 4967 tem
2213 4912 2499 4980 correctio,
2532 4918 2582 4966 et
2623 4909 2818 4982 perdas
2848 4925 2978 4981 quos
3025 4904 3321 4962 emendare
3363 4901 3659 4958 desideras.
3687 4896 3776 4950 Sic

2072 5003 2220 5060 enim
2269 5005 2468 5061 vulnus
2502 5003 2661 5060 debes
2701 5001 3035 5065 abscindere,
3079 5005 3140 5053 ut
3160 5011 3268 5052 non
3304 4993 3484 5064 possis
3529 4990 3776 5045 ulcerare

2074 5095 2216 5165 quod
2261 5112 2459 5151 sanum
2481 5101 2560 5152 est
2595 5113 2614 5150 :
2645 5109 2713 5149 ne
2741 5095 2789 5147 si
2835 5091 2956 5162 plus
2987 5103 3148 5159 quam
3195 5099 3279 5139 res
3324 5081 3514 5154 exigit
3561 5084 3774 5150 ferrum

2074 5185 2446 5256 impresseris,
2495 5199 2688 5241 noceas
2736 5183 2825 5237 cui
2861 5177 3111 5250 prodesse
3163 5175 3416 5244 festinas.
3466 5171 3588 5242 Ipsa
3626 5170 3776 5225 enim

2075 5276 2212 5331 inte
2257 5276 2479 5332 dulcedo
2521 5277 2682 5330 cauta
2725 5273 2816 5337 sit,
2860 5284 2967 5324 non
3015 5266 3288 5322 remissa:
3335 5261 3598 5320 correctio
3643 5275 3775 5316 vero

2074 5363 2318 5435 diligens
2356 5365 2452 5432 sit,
2482 5380 2590 5420 non
2631 5377 2840 5417 severa.
2878 5356 2980 5414 Sed
3009 5357 3092 5412 sic
3120 5355 3355 5411 alterum
3384 5355 3673 5409 condiatur
3701 5349 3775 5407 ab

2073 5451 2269 5520 altera,
2309 5457 2368 5507 ut
2415 5461 2466 5508 et
2507 5450 2635 5507 boni
2679 5449 2917 5504 habeant
2961 5443 3196 5501 amando
3241 5440 3386 5515 quod
3431 5445 3686 5508 caveant,
3727 5447 3778 5494 et

2067 5543 2232 5612 pravi
2257 5543 2549 5599 metuendo
2577 5539 2722 5614 quod
2750 5537 2991 5610 diligant
3011 5535 3202 5609 (lbid.,
3233 5549 3323 5605 ep.
3350 5533 3455 5604 l2).

2147 5632 2234 5688 14.
2268 5635 2385 5692 Ηοο
2426 5649 2578 5691 anno
2609 5648 2640 5688 e
2669 5629 2813 5688 vivis
2861 5629 3175 5684 excessisse
3225 5625 3388 5698 pium
3441 5637 3634 5695 regem
3669 5621 3778 5676 Re-

2075 5723 2397 5782 charedum
2423 5723 2557 5784 ﬁdei
2585 5719 2880 5782 catholicas
2911 5717 2972 5778 in
3009 5714 3294 5790 Hispania
3322 5717 3776 5773 restauratorem

3711 5915 3757 5969 μ’
