4086 6166
370 228 488 284 443

815 227 877 290 S.
923 227 1298 292 GREGORII
1345 230 1587 291 MAGNI
1630 228 1837 301 VlTA,
1885 227 1986 288 EX
2033 226 2213 291 EJUS
2259 227 2605 293 SCRIPTlS
2652 230 3097 293 ADORNATA.
3146 232 3290 292 LIB.
3337 233 3442 295 IV.

3772 233 3889 292 414

367 357 610 417 tradunt
633 360 1076 432 Hispanicarum
1106 377 1300 420 rerum
1341 362 1678 434 scriptores.
1720 361 1966 417 Arianos
1998 361 2070 417 ob
2104 366 2162 431 Α
2192 363 2562 435 conflagravit
2593 364 2652 419 in
2688 366 2872 435 Italia,
2905 364 3004 420 ubi
3036 379 3128 421 res
3158 364 3467 422 infeliciter
3505 381 3607 436 pro
3638 365 3887 436 impera-

369 451 635 508 studium
684 469 798 525 quo
851 452 1133 525 ﬂagrabat
1185 453 1246 509 in
1305 452 1648 524 religionem
1699 452 2076 507 orthodoxam

369 555 600 612 semper
627 551 898 615 expertus
929 548 1014 600 est
1045 543 1496 611 infensissimos,
1529 542 1772 598 maxime
1802 558 1932 598 vero
1964 541 2076 597 Go-

371 632 693 701 suintham,
724 633 1047 705 Leuvigildi
1079 635 1226 704 regis
1248 633 1506 702 viduam,
1536 633 1707 704 cujus
1736 633 2076 689 auctoritate

369 722 710 779 audaciores
743 724 896 790 facti,
931 739 1045 778 non
1083 723 1264 778 semel
1307 723 1365 777 in
1401 739 1593 795 regem
1638 722 2072 794 conspirarunt.

370 811 584 870 Horum
617 815 985 885 antesignani
1018 812 1255 869 fuerunt
1287 813 1525 885 quidam
1565 814 1823 886 episcopi
1872 812 2071 868 haeresi

368 903 581 959 Ariana
614 903 842 974 polluti.
876 905 958 958 Ex
995 902 1088 960 bis
1129 904 1244 958 duo
1286 904 1345 959 in
1385 903 1656 960 exsilium
1706 904 1877 974 ejecti
1916 906 2072 972 sunt,

370 993 478 1048 etsi
507 992 871 1063 gravioribus
903 992 1086 1064 poenis
1114 992 1276 1064 digni
1326 994 1532 1050 forent.
1576 993 1908 1048 Recharedo
1942 1006 2076 1047 suc-

369 1081 546 1137 cessit
579 1080 761 1137 Liuba
791 1082 860 1149 ΙΙ,
887 1081 987 1153 qui
1013 1082 1245 1138 duobus
1267 1086 1494 1138 tantum
1526 1084 1695 1138 annis
1720 1097 1896 1152 regno
1925 1079 2078 1153 poti-

372 1177 486 1226 tus.
522 1174 685 1226 Hunc
715 1173 940 1241 excepit
970 1171 1301 1228 Witericus.

1038 1261 1267 1316 CAPUT
1307 1261 1396 1316 VI.

374 1349 665 1412 Λιϐυκῇ-
695 1348 739 1396 1.
767 1348 824 1412 δ.
858 1350 1136 1412 Gregorius
1168 1351 1233 1400 de
1267 1350 1632 1399 instaurandis
1665 1350 1753 1399 SS.
1789 1351 2077 1412 Apostolo-

435 1424 554 1475 rum
576 1410 808 1459 basilicis
833 1410 1043 1473 cogitat.
1068 1412 1192 1475 Ejus
1215 1413 1580 1461 muniﬁcentia
1604 1414 1654 1460 in
1680 1413 1796 1461 illas
1818 1410 2076 1462 basilicas.

436 1497 496 1509 —
527 1472 576 1537 2.
616 1475 815 1522 Bellum
849 1472 1265 1537 redintegratum
1288 1475 1568 1524 infeliciter
1590 1474 2075 1537 ceditimperatori.

438 1562 498 1571 —
526 1536 573 1583 3.
607 1537 988 1586 Haereticornm
1019 1536 1560 1586 et’schismaticorum
1613 1536 1909 1586 conversio.
1943 1538 2079 1595 Quid

437 1598 726 1648 redeuntes
748 1614 774 1647 e
806 1599 1088 1648 schismate
1122 1601 1464 1662 sponderent.
1488 1628 1548 1635 —
1578 1602 1604 1647 4
1651 1601 1944 1648 Firminum
1967 1603 2079 1709 egi-

440 1673 653 1709 sconum
700 1675 995 1709 reversum.
1036 1667 1088 1709 et
1135 1664 1201 1709 ob
1251 1663 1353 1709 hoc
1382 1663 1448 1709 ab
1500 1663 1612 1709 aliis
1661 1668 1910 1709 vexatum
1944 1677 1998 1709 sc
2043 1665 2079 1709 i-

440 1673 653 1720 scopum
700 1675 995 1715 reversum,
1036 1667 1088 1710 et
1135 1664 1201 1710 ob
1251 1663 1353 1711 hoc
1382 1663 1448 1710 ab
1500 1663 1612 1710 aliis
1661 1668 1910 1711 vexatum
1944 1663 2080 1711 schi-

2184 456 2306 508 tore
2336 460 2509 524 gestae
2542 460 2697 511 sunt.
2742 455 2857 511 Nec
2902 455 3128 510 felicius
3161 455 3218 510 in
3268 455 3501 512 Oriente
3543 461 3888 522 cesserunt;

2187 543 2354 614 quasi
2394 545 2520 613 jam
2571 544 2766 600 omnia
2824 550 3127 617 vergerent
3183 546 3251 600 ad
3311 544 3575 600 Mauricii
3620 547 3690 600 de
3742 546 3890 600 solio

2186 630 2564 702 dejectionem
2604 639 2662 689 et
2692 635 2922 690 caedem.
2967 633 3323 706 Langobardi
3369 652 3500 690 cum
3548 634 3887 690 Sclavorum

2187 721 2419 778 auxiliis
2451 723 2520 777 ab
2553 726 2802 779 Avarum
2835 740 2967 796 rege
3014 725 3213 780 missis
3257 726 3598 780 Cremonam
3634 725 3890 796 primum

2186 811 2489 867 obsidione
2522 813 2832 868 cinxerunt
2861 818 2916 869 et
2956 818 3337 885 occuparunt,
3380 831 3557 886 quam
3597 815 3892 887 Agilulfus

2185 902 2394 971 aequari
2415 900 2752 974 solojussit.
2775 903 2990 959 Deinde
3007 903 3305 959 Mantuam
3327 903 3679 975 expugnavit
3695 903 3892 959 idibus

2185 993 2568 1062 Septembris,
2603 1011 2732 1065 quae
2763 994 2854 1049 vix
2886 993 3319 1050 clementiorem
3353 995 3629 1052 victorem
3671 999 3760 1050 est
3790 1011 3894 1049 ex-

2189 1087 2370 1154 perta.
2409 1083 2807 1139 Romanorum
2841 1084 3182 1155 praesidium
3216 1084 3529 1140 Brixellum
3552 1083 3813 1140 incendit
3841 1087 3899 1140 et

2187 1174 2460 1230 deseruit.
2502 1175 2821 1231 Hostilibus
2852 1177 3027 1232 armis
3061 1176 3460 1247 prementibus
3482 1176 3762 1231 exarchus
3796 1192 3896 1246 pa-

2188 1281 2312 1320 cem
2358 1264 2707 1336 impetravit,
2763 1283 2829 1322 ea
2883 1267 3008 1338 lege
3065 1271 3129 1321 ut
3179 1267 3445 1322 redderet
3489 1266 3894 1321 Godiscalcum

2187 1354 2396 1409 ducem
2429 1355 2673 1427 ejusque
2714 1373 2949 1411 uxorem
2993 1355 3171 1412 ﬁliam
3219 1357 3471 1428 Agilulfi,
3514 1357 3901 1428 ipsorumque

2186 1443 2398 1500 liberos
2438 1446 2496 1499 in
2538 1447 2966 1516 expugnatione
2997 1447 3211 1501 Parmae
3242 1452 3461 1518 captos.
3503 1445 3775 1508 Quamvis
3809 1449 3896 1500 tot

2190 1535 2360 1589 annis
2407 1535 2558 1590 inter
2603 1535 2844 1590 hostiles
2888 1535 3106 1607 gladios
3163 1536 3346 1591 vivere
3390 1536 3786 1591 consuevisset
3832 1536 3893 1590 S.

2188 1625 2522 1696 Gregorius,
2558 1625 2626 1679 de
2660 1624 2765 1680 hoc
2799 1633 2984 1680 tamen
3017 1624 3165 1680 bello
3199 1626 3349 1681 297
3401 1626 3777 1680 vehementer
3807 1624 3901 1679 in-

441 1708 673 1788 amaticis
704 1708 964 1788 tuetur-1S".
985 1708 1449 1788 clamauit—“5'.
1485 1708 2082 1774 ﬁcaleatiniae—Ecctesiz—e
2115 1708 2162 1773 B
2195 1715 2439 1788 gemuit,
2473 1720 2529 1770 et
2559 1732 2690 1770 cum
2725 1716 2928 1770 amicis
2969 1715 3376 1787 expostulavit,
3410 1732 3728 1786 eorumque
3767 1732 3903 1786 pre-

443 1785 701 1849 pacanda
717 1785 984 1849 providet.
1021 1787 1091 1849 De
1114 1785 1294 1849 Paulo,
1321 1788 1579 1849 ﬂagitiose
1601 1788 1848 1848 episcopo
1871 1791 1934 1849 et,
1953 1801 2081 1848 pra:-

446 1847 605 1903 done,
631 1847 910 1908 judicium.
941 1872 1003 1884 —
1031 1847 1077 1895 6.
1112 1848 1184 1896 De
1217 1850 1373 1898 rebus
1392 1847 1666 1897 VAlricanis
1705 1847 1874 1897 curat.
1909 1847 2081 1898 causa

443 1909 653 1957 Paulini
685 1910 942 1973 episcopi.
973 1911 1037 1958 Et
1065 1911 1285 1973 alterius
1316 1912 1530 1959 nomine
1561 1911 1810 1961 Victoris.
1833 1939 1893 1946 —
1912 1911 1960 1960 7.
1987 1915 2086 1961 Au-

445 1973 702 2041 ctoritatis
725 1972 882 2041 Rom.
901 1972 1164 2041 pontificis
1187 1975 1240 2022 in
1267 1973 1444 2041 _Afri_ca
1466 1979 1794 2041 argumenta.
1816 1973 2084 2041 7-8._Gre-

443 2034 582 2098 gorji
601 2047 809 2083 summa
831 2035 886 2082 in
903 2034 1168 2098 potestate
1187 2035 1355 2098 major
1373 2035 1644 2084 humilitas
1659 2041 1711 2084 et
1727 2037 2002 2086 modestia.
2024 2064 2086 2072 —

443 2095 496 2161 ἐξ.
523 2095 743 2161 ΒοηθᾸιιε
773 2096 1008 2161 bomiliis
1038 2099 1091 2145 in
1125 2095 1299 2147 varios
1334 2112 1495 2147 sacras
1531 2099 1815 2161 Scriptura:
1864 2098 2026 2147 libros
2056 2114 2085 2148 a

443 2157 667 2223 Claudio
698 2162 950 2223 exceptis.
984 2160 1056 2207 De
1085 2161 1304 2223 Claudio
1335 2157 1661 2223 inquiriturf
1688 2189 1731 2197 —
1765 2160 1840 2208 10.
1868 2163 1918 2210 S.
1959 2163 2087 2210 Gre-

448 2220 582 2330 gorii
614 2222 669 2293 in
700 2220 957 2294 eligendis
985 2223 1159 2284 dignis
1179 2220 1478 2277 abbatibus,
1501 2229 1550 2272 et
1573 2225 1770 2272 tuenda
1793 2225 2084 2272 monastica

489 2283 729 2330 tecmltna
760 2284 1082 2330 sollicitudo.
1113 2310 1173 2321 —
1205 2285 1279 2330 11.
1329 2286 1510 2330 Utrum
1544 2287 1921 2330 monachatum
1972 2287 2084 2330 loco

489 2281 729 2345 isciplina
760 2281 1082 2335 sollicitudo.
1113 2310 1173 2321 —
1205 2285 1279 2334 11.
1329 2286 1510 2334 Utrum
1544 2287 1921 2334 monachatum
1972 2287 2087 2336 loco

454 2347 873 2409 subdiaconatus
904 2361 1019 2396 esse
1043 2350 1321 2409 putaverit.
1359 2373 1420 2385 —
1451 2348 1525 2397 12.
1566 2348 1856 2397 Diaconum
1889 2349 2084 2397 factum

447 2407 772 2531 aguratum
804 2422 832 2457 e
865 2407 1186 2459 monasterio
1204 2409 1359 2459 avelli
1393 2424 1499 2460 non
1532 2413 1742 2471 patitur.
1767 2414 1885 2467 (An.
1921 2411 2009 2460 601
2036 2416 2091 2460 et

462 2552 512 2605 1.
545 2552 686 2606 Cum
729 2553 1037 2609 imminere
1075 2552 1182 2609 sibi
1229 2559 1474 2610 mortem
1529 2556 1817 2627 prescirct
1849 2558 1902 2612 S.
1950 2556 2090 2611 Gre-

387 2643 604 2712 gorius,
620 2643 738 2712 jam
759 2649 1105 2715 conceptum
1125 2644 1194 2699 de
1215 2646 1556 2716 reparandis
1573 2645 1671 2700 SS.
1693 2645 2089 2718 apostolorum

384 2731 534 2786 Petri
560 2737 616 2787 et
637 2732 800 2788 Pauli
838 2731 1096 2789 basilicis
1127 2733 1436 2789 consilium
1469 2751 1582 2789 non
1629 2736 1780 2791 ultra
1817 2737 2092 2792 differen-

389 2819 530 2874 dum
556 2821 857 2889 judicavit.
901 2822 1120 2877 Idcirco
1162 2822 1429 2894 precepit
1469 2823 1685 2879 Sabino
1731 2825 2092 2881 subdiacono

392 2925 484 2964 res
517 2909 784 2965 Ecclesiae
814 2910 872 2964 in
907 2910 1163 2966 Lucania
1193 2915 1249 2965 et
1282 2913 1489 2967 Brutiis
1521 2913 1768 2977 curanti,
1806 2919 1866 2969 ut
1898 2915 1989 2970 his
2033 2916 2091 2969 in

390 2997 703 3068 provinciis
742 2999 937 3054 trabes
983 2999 1053 3054 ad
1100 2999 1154 3053 id
1202 3001 1393 3070 operis
1438 3002 1796 3057 necessarias
1843 3011 2089 3074 pararet,

2193 1821 2326 1860 cum
2360 1820 2529 1874 opem
2583 1804 2694 1858 sibi
2726 1804 2926 1859 adesse
2967 1803 3184 1872 rogavit
3224 1801 3488 1874 supplex,
3543 1803 3788 1858 maxime
3836 1803 3901 1858 S.

2193 1891 2416 1964 Eulogii
2449 1893 2588 1963 (Lib.
2623 1909 2724 1958 xu,
2757 1909 2839 1964 ep.
2872 1893 2980 1964 50).
3012 1892 3123 1965 (Cf.
3157 1893 3325 1948 Paul.
3367 1893 3516 1948 Diae.
3556 1893 3593 1948 Ζ.
3630 1910 3706 1961 1v,
3738 1910 3900 1965 capp.

2193 1983 2262 2036 29
2293 1989 2343 2037 et
2381 1983 2495 2053 2t.)

2266 2091 2319 2143 3.
2383 2090 2441 2144 ln
2501 2089 2747 2160 epistola
2807 2089 2941 2145 huic
3009 2090 3287 2162 inscripta
3346 2090 3706 2162 patriarchae,
3766 2107 3902 2160 quae

2197 2180 2461 2234 omnium
2506 2179 2615 2235 hoc
2656 2196 2806 2234 anno
2847 2179 3194 2252 scriptarum
3234 2186 3325 2236 est
3363 2180 3586 2247 ultima,
3633 2181 3909 2236 meminit

2198 2286 2347 2341 papa
2379 2269 2916 2341 Monopbysitarum
2957 2287 3060 2326 seu
3108 2271 3511 2327 haereticorum
3549 2270 3783 2325 unicam
3836 2270 3908 2324 in

2198 2359 2426 2415 Christo
2479 2365 2749 2414 naturam
2811 2360 3232 2429 confitentium,
3281 2361 3380 2431 qui
3431 2376 3683 2416 errorem
3743 2359 3911 2415 hunc

2201 2466 2389 2520 nuper
2418 2451 2735 2520 ejurarant.
2768 2452 2838 2504 Hi
2872 2467 3003 2506 cum
3037 2451 3090 2506 in
3127 2451 3382 2508 Siciliam
3408 2452 3729 2518 venissent,
3752 2449 3920 2506 fama

2203 2540 2561 2595 sanctissimi
2608 2541 2860 2596 doctoris
2921 2540 3171 2609 invitati,
3219 2541 3461 2596 Romam
3516 2543 3914 2612 perrexerant,

2203 2630 2299 2684 ubi
2335 2630 2392 2685 in
2439 2628 2551 2684 ﬁde
2595 2628 2948 2698 confirmati,
2995 2629 3215 2685 litteras
3265 2647 3298 2684 a
3346 2644 3578 2684 summo
3628 2627 3910 2698 pontifice

2201 2718 2627 2774 testimoniales
2651 2721 2959 2788 petierunt.
2977 2719 3090 2774 Eos
3110 2720 3476 2775 commendat
3498 2718 3919 2775 sanctissimus

2203 2813 2365 2878 pater
2396 2809 2583 2863 amico
2614 2808 2878 2879 Eulogio,
2919 2808 3184 2880 ipsisque
3215 2808 3444 2865 restitui
3485 2805 3916 2862 monasterium

2204 2899 2275 2952 ab
2308 2896 2590 2952 haereticis
2639 2901 2990 2968 occupatum
3035 2899 3197 2968 petit,
3244 2897 3351 2952 nisi
3403 2896 3547 2952 forte
3597 2893 3923 2950 maluerint

2204 2987 2386 3058 ipsius
2424 2988 2718 3043 invasores
2766 2988 2837 3042 ad
2878 2987 3145 3044 Ecclesia:
3196 2988 3379 3043 redire
3427 2986 3643 3042 sinum.
3694 2985 3922 3040 Eodem

387 3089 564 3157 atque
602 3088 668 3140 ad
721 3102 880 3142 mare
920 3088 1287 3144 advehendas
1339 3095 1590 3156 curaret,
1638 3092 1791 3146 unde
1837 3092 2085 3148 navibus
2120 3081 2162 3148 C
2200 3084 2460 3149 tempore
2508 3076 2824 3144 Firminus:
2875 3078 3226 3149 Τενεθειίηδε
3267 3077 3428 3132 urbis
3476 3076 3812 3148 episcopus:
3849 3075 3918 3129 in

385 3174 674 3248 imposita
707 3176 950 3233 Romam
985 3177 1428 3248 deportarentur
1456 3181 1594 3250 (Lib.
1619 3197 1722 3249 xn,
1753 3197 1836 3252 ep.
1869 3182 1984 3253 20).
2012 3184 2092 3238 Ea

389 3267 461 3322 de
492 3281 667 3322 causa
687 3267 922 3337 scripsit
943 3268 1012 3323 ad
1037 3267 1119 3339 (a)
1141 3270 1405 3341 Arogem,
1427 3286 1600 3340 quem
1626 3275 2088 3329 Beneventanum

391 3358 600 3412 ducem
642 3357 852 3412 Zotone
891 3362 1117 3413 mortuo
1158 3358 1540 3415 constituerat
1578 3362 2090 3428 Langobardorum

395 3463 514 3508 rex,
547 3447 888 3520 rogavitque
919 3453 983 3505 ut
1011 3449 1227 3506 Sabino
1250 3450 1605 3508 subdiacono
1627 3453 1684 3506 in
1709 3453 1889 3525 hujus
1913 3460 2092 3510 mate-

395 3537 494 3592 riae
539 3540 773 3593 vectura
815 3554 982 3609 opem
1028 3540 1241 3608 ferret;
1284 3540 1632 3612 promittens
1680 3543 1811 3597 duci
1863 3544 2093 3613 dignum

391 3629 620 3684 mentum
655 3628 838 3699 (lbid.,
869 3646 954 3701 ep.
984 3630 1100 3703 21).
1137 3631 1291 3687 ldem
1321 3635 1409 3687 est
1439 3641 1849 3703 argumentum
1881 3636 2093 3707 episto-

396 3717 587 3774 larum
619 3735 766 3791 quas
809 3721 878 3776 ad
923 3721 1267 3793 Gregorium
1312 3725 1718 3794 exprmt‘ectum
1751 3729 1807 3781 et
1847 3727 1918 3781 ad
1963 3728 2100 3783 Ste-

399 3806 662 3878 phanum
717 3808 1055 3881 episcopum
1105 3811 1341 3882 scripsit
1388 3813 1572 3884 (Ibid.,
1610 3830 1728 3885 epp.
1770 3816 1840 3869 2'2
1887 3820 1938 3870 et
1981 3816 2097 3888 23).

397 3897 640 3955 Biennio
683 3903 815 3970 post
858 3899 1031 3973 paulo
1077 3906 1208 3957 ante
1263 3907 1511 3958 mortem
1565 3906 1881 3977 assignavit
1923 3907 2101 3962 multa

397 3990 615 4060 pradia
636 3990 892 4047 basilica:
913 3992 972 4047 S.
996 3990 1160 4047 Pauli
1181 4008 1282 4063 pro
1301 3993 1377 4064 (b)
1394 3992 1811 4061 luminaribus,
1835 4014 1901 4051 ne
1919 3998 2102 4052 minus

397 4080 519 4135 illic
560 4081 759 4136 habere
805 4079 1109 4136 luminaria
1144 4097 1323 4152 praeco
1353 4083 1482 4151 ﬁdei
1508 4089 1844 4154 cerneretur,
1877 4086 1974 4157 qui
2017 4095 2099 4142 lo-

402 4174 516 4225 tum
537 4171 805 4226 mundum
832 4170 1044 4228 lumine
1063 4187 1181 4229 sua:
1197 4172 1614 4244 pradicationis
1635 4176 1901 4248 implevit,
1926 4193 2101 4248 quam

397 4261 456 4317 S.
492 4262 712 4316 Petrus.
764 4261 844 4317 De
892 4261 1118 4317 olivetis
1157 4269 1209 4317 et
1238 4263 1370 4318 aliis
1403 4263 1599 4320 fundis
1639 4283 1671 4321 a
1721 4267 1774 4322 S.
1826 4266 2101 4338 Gregorio

396 4350 692 4404 concessis
724 4349 795 4404 ad
827 4350 1077 4406 basilica;
1119 4351 1178 4406 S.
1224 4352 1374 4409 Petri
1421 4353 1646 4410 lumina
1692 4356 2005 4413 nutrienda
2048 4366 2103 4414 et

2202 3169 2386 3236 lslria,
2421 3166 2580 3238 prius
2611 3166 2669 3220 in
2712 3167 3027 3223 schismate
3066 3168 3138 3222 ob
3183 3168 3294 3223 tria
3339 3168 3616 3222 damnata
3645 3163 3921 3236 capitula

2200 3258 2449 3315 conflato
2483 3257 2764 3329 pertinax,
2788 3274 3077 3315 venenum
3100 3257 3373 3324 evomuit,
3397 3261 3453 3312 et
3474 3255 3689 3312 relictis
3710 3254 3912 3310 schis-

2201 3347 2540 3404 maticorum
2571 3349 2853 3420 partibus,
2879 3348 2951 3403 ad
2967 3349 3245 3404 unitatem
3262 3346 3530 3403 Ecclesia:
3551 3362 3614 3401 se
3630 3345 3917 3402 contulit.

2201 3437 2281 3494 De
2312 3438 2499 3507 ipsius
2530 3439 2717 3494 reditu
2742 3438 3052 3507 Gregorius
3084 3439 3267 3503 laetus,
3301 3435 3736 3507 gratulatoriam
3759 3435 3914 3490 scri-

2202 3527 2452 3583 bendam
2486 3529 2795 3600 epistolam
2829 3528 3074 3592 censuit,
3108 3527 3164 3581 in
3199 3544 3312 3598 qua
3343 3529 3672 3582 revocatum
3694 3530 3751 3579 et
3773 3525 3929 3579 resi-

2205 3617 2516 3689 piscentem
2576 3618 2844 3673 hortatur
2899 3621 2964 3672 ut
3019 3617 3246 3672 Satanae
3289 3615 3504 3686 jaculis
3566 3613 3916 3671 constantiae

2205 3711 2435 3763 scutum
2476 3715 2746 3779 opponat,
2789 3706 2990 3762 aliisve
3032 3722 3233 3762 secum
3274 3705 3610 3761 revocandis
3648 3703 3915 3758 insudet.

2209 3797 2458 3868 Insuper
2513 3797 2645 3852 vitae
2704 3796 2965 3852 subsidia
3021 3795 3324 3867 pollicetur
3376 3811 3390 3850 :
3449 3795 3630 3861 Nobis,
3693 3791 3920 3863 inquit,

2205 3891 2426 3943 omnino
2456 3902 2604 3942 cura:
2624 3888 2736 3942 erit
2763 3886 2826 3941 de
2847 3886 3221 3955 fraternitatis
3244 3890 3352 3940 tua:
3371 3888 3569 3955 quiete,
3601 3891 3659 3937 ut
3679 3880 3922 3950 dignum

2204 3986 2303 4043 est,
2335 3978 2613 4047 cogitare;
2653 3978 2783 4046 quia
2820 3978 3098 4046 postquam
3146 3975 3446 4041 nobiscum,
3481 3974 3590 4038 iam
3641 3973 3744 4026 Deo
3774 3985 3920 4040 pro-

2208 4071 2433 4136 tegente,
2468 4082 2608 4121 unus
2630 4081 2702 4132 es,
2736 4082 2845 4122 non
2865 4065 3032 4120 aliter
3053 4063 3316 4119 utilitates
3339 4073 3479 4132 (tuis,
3503 4079 3662 4134 quam
3685 4067 3909 4116 nostras

2207 4157 2536 4213 attendimus
2571 4155 2710 4224 (Lib.
2742 4173 2840 4221 ιιι,
2873 4171 2957 4226 ep.
2981 4155 3093 4225 33).

2279 4266 2480 4320 Exstat
2526 4264 2832 4335 promissio
2891 4263 3196 4334 cujusdam
3230 4261 3485 4332 episcOpi
3526 4262 3596 4317 ad
3631 4262 3926 4319 unitatem

2213 4354 2484 4410 Ecclesia:
2513 4353 2872 4417 revertentis,
2905 4367 3083 4423 quam
3106 4368 3140 4407 a
3161 4351 3420 4407 Firmino
3443 4351 3634 4406 datam
3659 4366 3775 4405 non
3799 4351 3923 4407 im-

395 4437 677 4507 augenda,
725 4437 968 4507 legenda
1011 4441 1211 4496 tabula
1257 4443 1587 4500 donationis
1631 4461 1804 4515 quam
1863 4446 2006 4503 Vita:
2039 4450 2095 4507 S.
2132 4456 2176 4519 1)
2211 4445 2416 4500 merito
2449 4448 2655 4515 putant
2702 4442 2915 4500 eruditi
2965 4442 3133 4513 (Olim
3175 4442 3272 4498 tib.
3321 4458 3378 4510 x,
3427 4456 3510 4512 ep.
3543 4441 3633 4505 3t,
3667 4457 3817 4495 nunc
3861 4444 3927 4497 in

399 4525 660 4597 Gregorii
691 4525 1116 4596 subjiciendam
1149 4533 1443 4591 duximus.
1477 4533 1713 4604 Legitur
1733 4535 1872 4590 alibi
1895 4537 2101 4596 fecisse

398 4613 468 4670 ad
517 4616 734 4670 beatum
774 4617 997 4672 Petrum
1035 4621 1336 4690 apostolum
1396 4638 1559 4693 super
1613 4625 1788 4683 altare
1834 4629 2099 4684 cibarium

398 4719 525 4760 cum
571 4704 841 4760 columnis
879 4710 1116 4778 quatuor
1162 4726 1233 4765 ex
1268 4723 1497 4781 argento
1532 4730 1692 4786 puro.
1746 4715 1822 4773 De
1855 4717 2100 4790 fastigiis

398 4809 466 4851 ex
487 4799 727 4865 argento
751 4796 1068 4867 purissimo
1092 4799 1383 4857 fabricatis
1406 4802 1462 4856 in
1483 4803 1743 4862 basilicis
1761 4813 2097 4864 sanctorum

399 4883 794 4956 apostolorum
827 4887 979 4942 Petri
1011 4893 1069 4943 et
1099 4890 1259 4945 Pauli
1291 4890 1570 4964 legendus
1607 4894 1861 4954 Joannes
1895 4899 2103 4956 Diaco-

397 4991 510 5031 nus
546 4976 688 5045 (Lib.
723 4994 801 5045 ιν,
832 4993 878 5032 c.
911 4977 1026 5048 68).

461 5069 514 5120 2.
550 5066 629 5121 Ex
659 5066 907 5139 epistola
941 5069 1010 5124 ad
1051 5071 1296 5142 Arogem
1329 5072 1550 5145 scripta
1579 5075 1753 5131 datur
1783 5077 2098 5149 conjicien-

398 5155 534 5210 dum
568 5172 768 5227 pacem
803 5163 904 5215 aut
935 5159 1198 5217 inducias
1229 5165 1370 5218 tunc
1410 5162 1587 5219 fuisse
1629 5165 1922 5223 Romanos
1956 5168 2105 5225 inter

401 5246 457 5299 et
506 5243 932 5317 Langobardos.
980 5253 1243 5310 Attamen
1289 5252 1397 5309 hoc
1437 5270 1587 5312 anno
1633 5273 1837 5314 rursus
1885 5258 2102 5318 bellum

480 5411 564 5496 (a)
589 5414 752 5496 Apud
786 5417 1221 5496 PaulumDiac.
1255 5424 1355 5479 lib.
1388 5440 1462 5492 ιν,
1496 5441 1546 5480 c.
1585 5426 1670 5493 19,
1703 5430 1759 5482 et
1789 5427 1924 5482 alibi
1958 5427 2105 5483 dici-

407 5486 835 5571 turxhjgisﬁaut
853 5491 1095 5571 Arecltis.
1119 5495 1312 5571 {tr-gis
1334 5486 1624 5571 significat
1651 5486 1859 5555 honore
1877 5498 2102 5571 fortem.

416 5628 427 5640 _
474 5556 551 5628 (b)
583 5562 662 5612 De
702 5558 969 5640 Ecclesia;
1007 5556 1712 5640 lumina‘ribusvlegendus
1752 5556 2104 5627 Athanasius

414 5629 1359 5721 tace-.iszssliceassema”
1385 5629 1521 5721 terra”:
1544 5643 1668 5721 np-
1709 5643 1826 5721 114,
1862 5645 2102 5721 μυεηλλ-ν

414 5657 596 5710 ιυοσμ.
632 5657 921 5710 curacum:
954 5657 1024 5686 au
1057 5657 1359 5706 eptBCOpOS
1385 5657 1518 5693 tom.
1544 5657 1585 5706 1,
1656 5685 1668 5696 .
1709 5657 1826 5709 114,
1862 5661 2023 5698 num.
2050 5657 2102 5711 4,

408 5698 508 5756 ubi
541 5701 874 5758 describens
903 5702 1231 5773 ingressum
1262 5707 1519 5778 Gregorii
1569 5657 1969 5769 Afexandrinae
2001 5715 2106 5770 Ec-

2214 4533 2550 4608 appendice).
2600 4533 2732 4590 Sine
2780 4533 3175 4590 observatione
3233 4531 3512 4602 praeteriri
3571 4547 3682 4586 non
3744 4531 3930 4586 debet

2215 4626 2552 4697 episcopum
2575 4623 2730 4680 hunc
2751 4621 3010 4679 schisma
3026 4621 3385 4678 deserentem
3403 4620 3639 4678 omnino
3658 4620 3829 4675 silere
3851 4621 3930 4676 de

2211 4715 2454 4773 concilio
2486 4732 2540 4782 v,
2574 4718 2631 4770 et
2661 4715 2730 4769 de
2770 4713 2948 4769 trium
2978 4710 3364 4783 capitulorum
3404 4710 3925 4777 condemnatione,

2213 4809 2310 4866 sed
2344 4807 2630 4879 spondere
2660 4811 2889 4862 tantum
2922 4810 2979 4861 ct
3000 4805 3199 4875 jurare
3231 4819 3291 4860 se
3323 4820 3504 4874 prona
3524 4806 3581 4858 et
3600 4807 3930 4874 spontanea

2211 4899 2506 4955 voluntate
2537 4898 2608 4952 ad
2654 4896 2936 4952 unitatem
2985 4895 3140 4952 sedis
3188 4893 3516 4966 apostolica:
3550 4893 3927 4959 redeuntem,

2213 4990 2283 5045 ad
2336 4988 2592 5044 schisma
2639 5002 2942 5056 nunquam
2991 5000 3387 5051 reversurum,
3438 4983 3536 5039 sed
3590 4997 3824 5047 semper
3858 4981 3928 5034 in

2212 5080 2435 5136 unitate
2489 5084 2703 5135 sancta)
2747 5076 3012 5134 Ecclesiae
3045 5075 3351 5132 Catholicae
3400 5079 3457 5129 et
3502 5071 3929 5129 communione

2213 5170 2458 5226 Romani
2499 5169 2791 5241 pontificis
2840 5182 3312 5238 permansurum.
3346 5165 3506 5230 Quod
3559 5178 3700 5218 sane
3751 5177 3934 5232 argu-

2214 5263 2408 5316 mento
2448 5267 2554 5330 est,
2586 5263 2648 5314 ut
2681 5260 2801 5330 jam
2842 5275 2958 5314 non
3001 5257 3176 5314 semel
3211 5273 3244 5312 a
3274 5256 3444 5311 nobis
3496 5252 3742 5320 dictum,
3775 5250 3929 5306 illud

2215 5425 2406 5483 clesiae
2437 5425 2720 5499 invaseris
2751 5441 2883 5499 cum
2917 5424 3390 5499 militari_manu,
3424 5420 3504 5499 ait
3533 5423 3674 5499 tunc
3695 5417 3748 5499 vi
3770 5415 3938 5471 abla-

2215 5503 2339 5552 tum
2389 5516 2422 5554 a
2461 5498 2750 5554 militibus
2795 5496 2984 5553 oleum
3025 5495 3095 5551 ad
3145 5493 3414 5551 Ecclesia:
3460 5491 3779 5548 luminaria
3826 5503 3939 5543 re-

2216 5569 2470 5643 positum
2501 5588 2513 5637 ;
2545 5570 2817 5641 'adeoquc
2849 5567 3157 5643 insaniissc
3205 5566 3316 5643 qui
3357 5560 3935 5643 pseudoepiscopum

2217 5637 2670 5710 comitabantur,
2722 5637 2798 5696 _ut
2854 5637 3321 5695 candelabra—ad
3364 5637 3656 5709 parietem
3707 5637 3930 5710 statim

2220 5718 2584 5786 reponerent,
2625 5705 2682 5771 et
2721 5712 2996 5770 Ecclesia,
3051 5726 3246 5767 cereos
3292 5705 3464 5766 idolis
3509 5705 3930 5769 accenderent,
