4086 6166
201 229 325 288 445

641 225 704 286 S.
749 222 1124 286 GREGORII
1170 222 1415 286 MAGNI
1466 224 1677 296 VITA,
1733 222 1828 282 EX
1876 222 2060 285 EJUS
2104 223 2456 285 SCRIPTIS
2501 222 2944 284 ADORNATA.
2998 227 3145 285 LIB.
3194 226 3291 288 IV.

3605 227 3726 287 446

203 363 535 419 Istricorum
583 360 844 416 schisma
891 376 1007 416 non
1056 360 1115 414 in
1147 375 1212 415 eo
1260 358 1516 431 positum
1566 374 1713 424 esse,
1748 359 1900 430 quod
1936 361 1988 428 Α
2016 362 2166 430 ferre
2212 359 2528 429 tentaverit,
2561 375 2836 432 quousque
2877 377 3041 418 omne
3072 361 3212 434 quod
3249 360 3593 433 dilapidauit,
3635 362 3729 417 vel

199 454 317 510 tria
364 452 626 524 capitula
680 469 793 508 non
843 452 1276 520 damnarentur,
1310 451 1410 506 sed
1458 451 1608 521 quod
1659 467 1726 505 ea
1774 467 1913 505 con-

198 545 552 599 demnantes
593 559 628 597 a
673 541 1086 598 communione
1136 540 1573 612 repellerentur,
1625 539 1903 612 fieretque

203 634 284 689 sic
319 635 388 688 ab
420 632 680 689 Ecclesia
711 631 996 688 catholica
1019 630 1292 688 secessio.

270 723 322 777 4.
365 722 526 786 Quod
580 721 834 776 Firmino
880 720 1298 792 praenuntiarat
1344 720 1434 775 vir
1482 719 1911 784 sanctissimus,

203 813 329 882 ejus
349 811 632 868 videlicet
650 810 1040 867 constantiam
1063 810 1386 867 terroribus
1418 814 1473 866 et
1494 809 1914 865 blandimentis

205 906 485 957 tentatum
516 900 586 956 iri
621 900 691 956 ab
723 900 912 966 hoste,
943 905 1008 956 ut
1048 905 1200 956 retro
1231 900 1418 956 redire
1449 899 1910 970 compelleretur,

207 991 377 1064 paulo
407 995 543 1063 post
593 991 825 1046 accidit.
857 990 999 1045 Nam
1040 994 1305 1056 Severus,
1330 990 1644 1046 Gradensis
1682 990 1910 1061 episco-

203 1099 332 1154 pus,
364 1081 582 1151 ejurati
615 1097 649 1134 a
678 1079 932 1135 Firmino
956 1080 1295 1136 schismatis
1327 1084 1523 1152 caput,
1559 1080 1754 1136 audita
1782 1080 1910 1148 ejus

201 1171 551 1236 reversione,
574 1187 699 1225 eum
716 1169 944 1225 diversis
965 1171 1329 1241 praemiorum
1358 1172 1708 1226 suasionibus
1730 1171 1907 1240 carpit,

195 1264 240 1316 si
262 1265 465 1332 posset,
496 1277 528 1316 a
563 1262 697 1317 bono
743 1275 1007 1316 revocare
1030 1263 1331 1332 praposito.
1364 1259 1532 1328 Quod,
1563 1260 1692 1315 dum
1739 1260 1910 1331 perfi-

197 1369 313 1408 cere
361 1356 482 1408 Deo
529 1355 748 1406 auctore
810 1349 1044 1406 minime
1115 1351 1394 1420 voluisset,
1443 1350 1760 1406 seditionem
1817 1349 1910 1405 illi

197 1457 427 1497 suorum
455 1441 662 1495 civium
694 1438 936 1495 excitare
967 1455 1076 1495 non
1117 1442 1304 1496 timuit
1330 1440 1476 1512 (Lib.
1519 1456 1642 1505 xui,
1677 1455 1759 1510 ep.
1794 1440 1904 1509 33).

199 1529 555 1587 Periclitanti
587 1530 856 1602 episcopo
903 1546 1144 1586 manum
1177 1531 1466 1602 porrigere
1510 1534 1565 1586 et
1597 1528 1906 1584 subvenire

199 1621 505 1677 constituit
553 1619 885 1690 Gregorius.
918 1618 1280 1692 Quapropter
1318 1619 1701 1691 Smaragdum
1741 1635 1905 1675 exar-

201 1711 372 1766 chum
408 1709 656 1783 rogavit,
689 1708 943 1765 utnulla
993 1726 1153 1766 mora
1195 1710 1516 1766 Firminum
1563 1709 1903 1782 episcOpum

203 1802 267 1856 ab
298 1799 481 1855 illatis
536 1797 821 1856 molestiis
861 1798 1037 1854 tutari
1086 1797 1347 1856 studeret
1376 1817 1440 1856 ac
1489 1802 1724 1872 quietem
1754 1799 1908 1854 illius

201 1890 388 1946 multis
417 1888 490 1944 ad
520 1888 854 1944 imitandum
871 1889 1224 1961 profuturam
1253 1889 1422 1945 modis
1441 1889 1696 1945 omnibus
1712 1905 1908 1961 procu-

203 1985 341 2036 raret
363 1996 382 2035 :
435 1978 850 2046 Excellentiam,
883 1978 1100 2050 inquit,
1123 1987 1357 2036 vestram
1383 1986 1614 2051 paterno
1653 1980 1910 2036 salutan-

203 2082 272 2125 tes
318 2069 548 2143 nfecta,
586 2069 822 2142 petimus
871 2076 930 2125 ut
959 2070 1068 2124 zeli
1111 2072 1271 2125 vestri
1307 2071 1366 2125 in
1413 2070 1516 2128 hac
1562 2087 1730 2127 causa
1778 2069 1912 2127 olim

205 2162 454 2229 exhibiti,
491 2177 641 2216 nunc
670 2161 1044 2217 vehementius
1072 2167 1256 2232 [error
1286 2163 1622 2227 incendent;
1653 2167 1914 2234 tantoque

205 2269 290 2307 vos
321 2258 518 2308 contra
548 2251 720 2307 hostes
743 2253 847 2306 Dei
875 2252 1126 2307 vindices
1155 2251 1569 2324 defensoresque
1616 2256 1912 2326 reperiant,

209 2351 410 2413 quanto
439 2343 596 2413 apud
633 2343 798 2397 Deum
825 2340 1117 2413 pretiosior
1144 2348 1220 2398 est
1252 2344 1450 2398 animae
1482 2360 1644 2415 quam
1666 2343 1914 2414 defensio

205 2435 467 2503 corporis.
502 2433 688 2487 Armet
737 2447 828 2488 vos
878 2439 1070 2488 contra
1118 2432 1298 2488 devios
1346 2436 1462 2505 ipsa
1502 2450 1619 2506 quae
1667 2433 1727 2488 in
1767 2433 1916 2489 vobis

205 2521 332 2590 ﬁdei
377 2521 524 2592 viget
573 2522 857 2588 rectitudo,
908 2522 1314 2593 redintegretur
1359 2527 1546 2578 vestris
1580 2523 1916 2593 temporibus

206 2611 344 2682 quod
395 2610 456 2664 in
503 2610 619 2665 illis
667 2618 744 2666 est
805 2611 1053 2681 partibus
1099 2613 1332 2667 scissum
1379 2627 1575 2683 corpus
1634 2613 1914 2669 Ecclesiae.

213 2700 427 2755 Habetis
459 2700 526 2754 in
558 2699 660 2755 hac
690 2715 859 2756 causa
889 2701 1273 2757 retributorem
1317 2704 1486 2758 vestri
1513 2703 1712 2774 operis,
1746 2703 1914 2758 recti-

208 2789 420 2844 tudinis
449 2804 514 2844 ac
539 2787 874 2859 integritatis
902 2798 1199 2847 auctorem.

280 2879 331 2933 5.
362 2878 510 2934 Cum
543 2894 660 2933 non
692 2877 886 2935 minus
935 2883 1156 2952 pateret
1186 2881 1548 2938 sanctissimi
1600 2883 1764 2954 Papae
1798 2881 1918 2938 sol-

211 2968 473 3034 licitudo,
509 2984 686 3039 quam
738 2969 1053 3026 auctoritas
1086 2975 1142 3028 et
1184 2975 1466 3043 potestas,
1498 2972 1919 3044 providendum

215 3058 440 3115 censuit
468 3057 581 3114 hoc
614 3073 767 3114 anno
799 3058 1066 3115 Ecclesiae
1099 3060 1450 3117 Docleatinas
1479 3062 1655 3118 rebus
1688 3067 1920 3133 pertur-

214 3146 553 3204 batissimis.
589 3147 825 3216 Paulus,
867 3148 1045 3220 hujus
1076 3150 1236 3205 urbis
1267 3151 1593 3224 episcopus,
1625 3152 1778 3208 inter
1807 3151 1922 3208 alia

215 3238 369 3293 mala
397 3237 460 3292 in
493 3237 795 3309 corporale
824 3239 1047 3295 crimen
1081 3241 1305 3311 lapsus,
1339 3259 1371 3297 a
1413 3241 1537 3298 suis
1568 3242 1794 3298 clericis
1825 3258 1922 3297 ac-

218 3334 446 3385 cusatus
497 3329 706 3396 fuerat,
740 3332 795 3384 et
843 3331 1186 3399 convictus;
1219 3334 1300 3388 ita
1330 3336 1388 3388 ut
1436 3335 1552 3405 ipse
1584 3333 1830 3390 libellum
1861 3335 1922 3389 in

221 3435 320 3490 quo
348 3435 413 3474 ea
443 3418 510 3476 de
537 3418 734 3492 quibus
754 3428 1042 3476 accusatus
1070 3423 1254 3490 fuerat
1274 3438 1398 3479 vera
1430 3438 1542 3479 esse
1560 3424 1924 3493 conﬁtebatur

220 3508 504 3564 obtulisset
533 3508 672 3577 (Lib.
703 3525 806 3579 xit,
838 3524 922 3580 ep.
953 3509 1064 3581 31).
1101 3511 1224 3574 Qua
1253 3512 1324 3568 de
1353 3529 1414 3568 re
1444 3514 1724 3568 sententis
1778 3512 1925 3583 epis-

223 3597 402 3668 ecpali
434 3597 738 3670 depositus
770 3602 879 3664 est,
911 3603 966 3655 et
997 3599 1057 3655 in
1090 3600 1283 3656 locum
1317 3603 1444 3673 ejus
1475 3603 1781 3658 ordinatus
1813 3602 1925 3657 fuit

216 3688 545 3755 Nemesion,
597 3689 994 3746 consentiente
1039 3693 1286 3760 Joanne,
1337 3691 1537 3763 primas
1579 3691 1922 3748 Justinianse

218 3778 510 3850 episcopo,
546 3777 619 3832 ad
650 3793 825 3848 quem
862 3785 1141 3850 tanquam
1175 3782 1483 3852 primatem
1508 3790 1644 3838 tunc
1675 3782 1924 3854 pertine-

215 3865 311 3921 bat
332 3865 572 3932 Doclea,
596 3881 728 3922 cum
755 3874 947 3923 tamen
969 3867 1237 3925 Ecclesiae
1260 3870 1611 3926 Scodritante
1635 3872 1922 3940 subesset,

210 3954 345 4024 jure
376 3954 828 4028 metropolitico.
859 3958 932 4012 At
962 3957 1175 4014 Paulus
1210 3959 1345 4016 facti
1393 3964 1590 4031 postea
1620 3960 1773 4016 male
1803 3977 1924 4032 pce-

215 4045 426 4111 nitens,
443 4043 665 4102 auxilio
683 4045 1052 4104 secularium
1067 4048 1331 4118 judicum
1348 4049 1547 4118 fretus,
1563 4051 1925 4123 episcopium

219 4150 380 4192 more
426 4137 719 4208 praedonis
748 4138 1070 4210 ingressus,
1103 4139 1434 4213 ablatisque
1484 4141 1770 4198 violenter
1815 4141 1929 4198 Ec-

221 4224 409 4282 clesia
444 4226 645 4295 rebus,
681 4244 883 4284 recens
929 4228 1264 4286 ordinatum
1316 4231 1652 4304 episcopum
1683 4232 1930 4303 ejecerat

224 4331 454 4372 summa
477 4332 615 4374 cum
646 4317 883 4390 injuria,
905 4335 1236 4391 magnoque
1264 4321 1392 4376 vitae
1424 4321 1703 4393 periculo.
1726 4323 1930 4379 Neme-

218 4405 338 4462 sion
389 4406 635 4463 Romam
680 4407 920 4465 veniens
968 4410 1037 4466 de
1083 4410 1138 4464 vi
1189 4410 1303 4466 sibi
1336 4410 1496 4468 illata
1544 4416 1791 4484 questus
1840 4414 1930 4469 est

2023 450 2088 505 de
2124 452 2432 505 substantia
2479 451 2606 505 tulit
2641 452 2895 509 Ecclesiae
2939 454 3209 520 restituat,
3241 454 3303 507 in
3341 453 3730 507 monasterium

2021 539 2318 596 mittendus
2362 544 2461 605 est,
2513 549 2572 594 ut
2634 541 2830 596 saltem
2875 547 3090 598 coactus
3137 541 3329 597 reddat
3382 543 3528 614 quod
3581 541 3730 596 male

2021 633 2245 701 auferre
2272 647 2378 686 non
2419 631 2626 699 timuit,
2659 631 2851 703 inquit
2896 632 2954 688 S.
2989 631 3318 702 Gregorius.
3347 631 3460 701 Qui
3485 633 3535 688 si
3561 633 3722 702 forte,

2021 720 2162 794 quod
2207 736 2317 776 non
2363 719 2657 787 credimus,
2690 725 2810 790 post
2863 721 3254 791 depositionem
3298 738 3456 776 suam
3502 723 3718 776 invere-

2020 811 2197 866 cunde
2242 826 2306 865 ac
2351 813 2530 866 mente
2573 827 2828 882 perversa
2856 811 3069 883 aliquid
3106 812 3172 867 de
3211 813 3525 883 episcOpatu
3572 811 3729 882 loqui

2021 907 2182 971 atque
2230 917 2420 955 rursus
2451 899 2520 955 ad
2571 901 2668 956 hoc
2713 900 2955 972 qualibet
3005 900 3254 972 aspirare
3299 904 3730 972 praesumptione

2021 989 2330 1058 tentavcrit,
2364 989 2739 1060 fraternitatis
2769 999 2964 1047 vestrae
3010 1007 3066 1046 se
3096 998 3284 1046 contra
3316 990 3729 1062 improbitatem

2020 1082 2191 1150 ipsius
2224 1081 2445 1135 omnino
2474 1078 2632 1148 vigor
2669 1080 2948 1148 accendat,
2973 1090 3136 1152 atque
3165 1080 3443 1136 Dominici
3483 1080 3727 1150 corporis

2020 1187 2083 1227 ac
2127 1171 2417 1242 sanguinis
2462 1171 2843 1228 communione
2882 1174 3181 1242 privatum,
3225 1173 3287 1226 in
3329 1170 3723 1226 monasterium

2017 1277 2141 1317 eum
2170 1277 2342 1332 usque
2369 1262 2438 1317 ad
2467 1261 2611 1317 diem
2656 1262 2838 1318 obitus
2882 1262 2970 1318 sui
3001 1264 3072 1317 ad
3116 1260 3387 1332 agendam
3416 1265 3570 1316 curet
3607 1276 3724 1331 pa:-

2022 1353 2328 1407 nitentiam
2366 1352 2802 1408 retrudendum:
2833 1359 3107 1424 quatenus
3151 1353 3459 1423 perpetrati
3499 1349 3728 1406 sceleris

2016 1441 2258 1496 maculas
2301 1440 2484 1510 dignis
2533 1441 2708 1496 discat
2758 1441 2979 1512 ﬂetibus
3027 1441 3343 1508 emundare,
3371 1455 3505 1510 quas
3549 1441 3729 1509 magis

2018 1532 2076 1587 in
2107 1533 2336 1586 interitu
2375 1534 2579 1587 animm
2617 1547 2738 1590 suae
2769 1535 3018 1604 nequiter
3060 1547 3267 1602 augere
3314 1529 3606 1586 desiderat.
3640 1527 3721 1584 De

2015 1622 2281 1678 Nemesio
2307 1637 2438 1678 vero
2469 1623 2722 1680 decrevit
2751 1628 2817 1680 ut
2849 1623 2898 1680 ei
2931 1623 3096 1679 locus
3127 1623 3255 1693 ejus
3276 1626 3332 1678 et
3356 1620 3721 1691 episcOpatus

2021 1715 2439 1772 restitueretur.

2089 1805 2144 1863 6.
2187 1805 2402 1861 Eodem
2453 1809 2716 1878 tempore
2759 1805 3036 1877 Gregorio
3083 1803 3458 1874 cogitandum
3497 1799 3607 1856 fuit
3653 1799 3724 1854 de

2025 1895 2199 1950 rebus
2231 1895 2508 1952 Africana
2547 1896 2830 1964 Ecclesiae,
2864 1895 2964 1951 ubi
2985 1912 3054 1951 ex
3083 1892 3375 1966 episcopis
3414 1895 3472 1947 et
3501 1907 3569 1946 ex
3598 1888 3730 1946 aliis

2022 1983 2429 2041 ecclesiasticis
2472 1986 2606 2041 viris
2639 1985 2904 2042 nonnulli
2954 1987 3025 2042 ad
3057 1985 3316 2041 officium
3364 1986 3531 2039 erant
3561 1997 3728 2038 revo-

2023 2076 2214 2130 candi.
2251 2074 2446 2131 Multae
2496 2077 2814 2148 praesertim
2864 2081 3030 2132 erant
3079 2073 3320 2147 querela
3365 2074 3436 2128 de
3483 2071 3726 2128 Paulino

2024 2165 2290 2236 Tegessis
2339 2165 2591 2221 civitatis
2623 2166 2680 2220 in
2712 2165 2990 2221 Numidia
3027 2164 3315 2234 episcopo,
3361 2177 3519 2233 quem
3549 2161 3731 2215 clerus

2032 2261 2083 2309 et
2123 2257 2217 2325 qui
2267 2257 2435 2311 etiam
2472 2259 2530 2310 in
2577 2272 2732 2311 sacro
2780 2256 2972 2312 ordine
3017 2264 3178 2310 erant
3227 2251 3536 2319 constituti,
3565 2251 3625 2303 in
3671 2262 3730 2303 se

2023 2345 2392 2415 corporaliter
2437 2347 2723 2402 excessisse
2767 2344 3124 2417 perhibebant
3155 2344 3294 2412 (Lib.
3347 2357 3449 2410 xu,
3480 2355 3564 2410 ep.
3614 2336 3732 2407 23).

2028 2434 2280 2490 Causam
2312 2434 2463 2489 hanc
2497 2434 2640 2490 inter
2670 2437 3011 2507 episcopum
3043 2434 3288 2505 ejusque
3316 2431 3554 2487 clericos
3578 2424 3734 2497 judi-

2032 2526 2271 2580 candam
2306 2524 2365 2581 S.
2399 2524 2713 2597 Gregorius
2764 2525 2969 2580 detulit
2998 2526 3069 2581 ad
3113 2523 3404 2579 Victorem
3447 2515 3734 2577 Numidia

2026 2614 2364 2686 primatem,
2398 2619 2454 2669 et
2501 2614 2572 2668 ad
2614 2614 2966 2670 Columbum
3015 2614 3375 2686 episcopum,
3407 2608 3620 2680 quibus
3670 2605 3728 2659 in

2027 2703 2320 2760 mandatis
2369 2704 2545 2773 dedit,
2577 2708 2639 2761 ut
2686 2721 2833 2775 quos
2877 2703 3092 2760 vellent
3123 2719 3154 2758 e
3200 2701 3326 2758 suis
3371 2694 3724 2769 coepiscopis

2029 2797 2396 2851 assumerent
2424 2794 2495 2849 ad
2528 2794 2877 2849 sententiam
2909 2794 2979 2848 de
3025 2807 3118 2849 reo
3147 2789 3237 2846 vel
3270 2789 3342 2845 de
3371 2786 3736 2845 accusatori-

2031 2884 2142 2940 bus
2166 2883 2486 2939 ferendam.
2512 2883 2668 2939 Idem
2689 2882 2975 2938 Paulinus
2995 2882 3296 2938 dicebatur
3315 2875 3736 2934 ecclesiasticos

2030 2973 2267 3030 ordines
2311 2973 2633 3030 simoniace
2680 2974 2839 3040 dare,
2890 2974 2978 3027 vel
3028 2970 3224 3043 potius
3268 2966 3538 3033 vendere,
3581 2963 3734 3035 quod

2033 3061 2196 3120 omni
2218 3061 2413 3118 studio
2431 3061 2850 3134 explorandum
2872 3060 3015 3117 dicit
3030 3058 3441 3115 sanctissimus
3456 3052 3735 3119 Pontifex,

2032 3161 2093 3209 ut
2123 3157 2245 3209 tam
2273 3153 2420 3208 dans
2452 3169 2627 3222 quam
2667 3151 2958 3223 accipiens
2989 3149 3320 3222 praemium,
3353 3151 3595 3216 uterque
3642 3159 3737 3198 ca-

2033 3244 2256 3300 nonicze
2285 3242 2528 3298 ultionis
2552 3243 2840 3298 sententia
2864 3241 3120 3296 feriatur.
3143 3242 3360 3295 Verum
3383 3251 3456 3293 ne
3477 3233 3739 3290 simonim

2031 3333 2198 3389 radix
2230 3332 2527 3389 mortifera
2586 3332 2953 3397 coalesceret,
2998 3346 3061 3385 ac
3113 3328 3308 3401 plures
3357 3324 3734 3391 interimeret,

2031 3423 2184 3480 298
2216 3424 2376 3494 cupit
2417 3422 2715 3478 communi
2749 3422 2930 3477 totius
2961 3418 3190 3476 concilii
3221 3417 3559 3473 definitione
3595 3429 3740 3486 pro-

2033 3513 2240 3578 hiberi,
2275 3529 2346 3568 ne
2384 3511 2544 3568 ullus
2597 3527 2855 3581 unquam
2889 3527 2989 3582 pro
3027 3508 3222 3581 quovis
3255 3506 3457 3563 ordine
3487 3504 3736 3576 accipiat

2033 3607 2134 3658 aut
2163 3604 2283 3670 det,
2318 3618 2458 3658 neve
2505 3602 2818 3673 quisquam
2851 3616 2919 3656 ex
2948 3600 3134 3670 gratia
3183 3600 3608 3670 promoventur,
3641 3594 3743 3649 sed

2038 3709 2108 3748 ex
2137 3692 2364 3747 merito.

2106 3779 2286 3836 Paulo
2317 3782 2489 3835 antea
2532 3778 2796 3835 oblatum
2830 3795 2862 3834 a
2896 3776 3161 3833 Donadeo
3193 3776 3436 3832 diacono
3471 3771 3733 3829 libellum

2037 3871 2382 3943 supplicem,
2408 3885 2523 3940 quo
2547 3885 2609 3925 se
2641 3869 3042 3939 querebatura
3074 3884 3180 3923 suo
3203 3865 3475 3937 episcopo
3504 3863 3738 3919 Victore

2034 3961 2252 4031 injuste
2301 3960 2660 4031 depositum,
2691 3959 2760 4013 ad
2807 3957 3078 4013 eumdem
3109 3953 3458 4010 Columbam
3501 3952 3743 4007 miserat

2041 4050 2185 4123 (Lib.
2217 4066 2319 4117 xu,
2340 4064 2428 4120 ep.
2449 4049 2528 4120 8),
2552 4051 2617 4104 ut
2647 4063 2765 4103 una
2793 4062 2927 4104 cum
2961 4045 3209 4118 primate
3237 4040 3466 4099 concilii
3498 4040 3750 4110 aliisque

2041 4138 2403 4211 coepiscopis
2426 4137 2496 4193 de
2526 4136 2636 4194 hac
2660 4135 2896 4210 querela
2921 4134 3232 4207 judicaret.
3256 4130 3580 4204 Episcopus
3609 4145 3751 4184 con-

2038 4232 2316 4288 tendebat
2337 4231 2680 4287 Donadeum
2704 4230 2776 4286 ob
2799 4225 3098 4300 corporale
3124 4227 3426 4297 peccatum
3444 4223 3515 4277 de
3546 4220 3748 4278 ordine

2036 4339 2145 4380 suo
2180 4323 2494 4393 dejectum.
2517 4320 2680 4387 Quod
2714 4321 2762 4375 si
2794 4317 3030 4390 probari
3061 4314 3263 4387 possit,
3283 4311 3593 4384 Gregorius
3624 4309 3747 4366 vult

2035 4412 2343 4469 diaconum
2364 4412 2424 4467 in
2448 4410 2851 4482 paenitentiam
2871 4406 3120 4475 detrudi,
3137 4409 3200 4461 ut
3221 4401 3518 4460 commissi
3536 4397 3745 4473 ﬂagitii

221 4496 371 4566 apud
407 4512 711 4553 summum
744 4497 1103 4570 pontificem,
1139 4499 1233 4571 qui
1266 4500 1502 4571 scripsit
1531 4505 1655 4557 tum
1687 4503 1758 4557 ad
1788 4505 1927 4558 Con-
1956 4487 2002 4553 D
2038 4503 2340 4560 vinculum
2364 4500 2638 4574 lacrymis
2660 4500 2844 4557 valeat
2867 4497 3187 4555 absolvere.
3207 4498 3281 4551 At
3301 4511 3434 4551 vero
3457 4493 3503 4550 si
3523 4494 3748 4551 constet

221 4587 992 4656 stantinum,Scodritanum
1024 4590 1574 4665 episcopum,quem
1605 4592 1681 4666 (a)
1711 4597 1930 4650 metro-

223 4676 455 4746 politam
488 4676 666 4734 fuisse
698 4679 842 4736 satis
871 4678 1135 4736 indicant
1173 4681 1232 4738 S.
1265 4681 1524 4755 Gregorii
1573 4683 1766 4753 verba,
1800 4686 1926 4740 tum

223 4766 284 4821 ad
302 4771 608 4835 Joannem,
626 4770 825 4840 primae
847 4768 1189 4826 Justinianze
1212 4771 1542 4844 primatem,
1569 4773 1922 4846 insuperque

162 4859 165 4862 ’
223 4862 428 4912 sanctae
464 4856 624 4913 sedis
654 4857 956 4927 vicarium,
991 4867 1052 4915 ut
1083 4860 1132 4915 si
1160 4877 1252 4916 res
1283 4862 1364 4917 ita
1393 4877 1522 4918 sese
1551 4861 1918 4932 habuissent,

224 4953 490 5018 cogerent
511 4947 754 5003 Paulum
778 4949 848 5004 ad
883 4948 1180 5006 reddenda
1202 4951 1508 5009 confestim
1542 4955 1739 5009 omnia
1761 4970 1922 5025 qua-

227 5048 468 5108 cumque
516 5037 860 5094 abstulerat.
892 5037 1028 5102 Quae
1060 5039 1104 5095 si
1157 5041 1430 5112 probaret
1477 5059 1591 5098 non
1640 5059 1765 5100 esse
1815 5043 1920 5100 Ec-

222 5123 420 5196 clesiae,
453 5128 556 5182 sed
591 5127 778 5199 ipsius
811 5130 1078 5200 pr0pria;
1108 5134 1298 5187 tamen
1326 5148 1394 5187 ex
1428 5132 1519 5188 his
1549 5132 1918 5190 retinendum

223 5216 352 5271 satis
381 5216 452 5272 ad
487 5217 855 5274 resarcienda
885 5221 1053 5274 bonis
1096 5219 1513 5278 Ecclesiasticis
1545 5221 1708 5278 illata
1738 5224 1918 5280 detri-

226 5311 448 5377 menta;
482 5323 618 5364 nam
661 5324 729 5364 ea
758 5308 1116 5381 dilapidasse
1155 5311 1466 5368 ferebatur.
1500 5313 1563 5370 Si
1589 5323 1771 5370 autem
1805 5314 1918 5386 dif-

289 5503 515 5581 (a)_Haac
538 5504 745 5581 scribit
766 5505 824 5562 S.
848 5505 1015 5578 Greg.
1041 5507 1111 5562 ad
1133 5506 1416 5566 Joannem
1442 5525 1455 5564 :
1490 5513 1738 5581 quamvis
1758 5526 1920 5581 grave

225 5580 271 5655 et
299 5577 549 5655 iniquum
576 5578 753 5646 fuerit
801 5577 998 5655 utnon
1029 5596 1084 5655 a_
1107 5581 1255 5655 vobis
1301 5582 1388 5655 vel
1413 5598 1450 5636 a
1496 5577 1921 5655 metropolitano

226 5649 336 5725 eius
380 5649 478 5725 ltoc
511 5658 750 5725 peteret,
781 5649 1002 5725 scilicet
1050 5649 1282 5725 Paulus.
1315 5653 1464 5725 Ergo
1507 5649 1763 5711 Joannes
1802 5670 1917 5709 non

229 5721 345 5777 erat
391 5719 552 5778 Pauli
583 5722 1092 5794 metropolitanus,
1143 5724 1243 5780 sed
1296 5719 1712 5783 Constantinus
1758 5741 1916 5783 com-

2038 4591 2376 4664 episcopum
2409 4590 2469 4647 in
2499 4591 2788 4662 insontem
2843 4587 3121 4651 saeviisse,
3154 4585 3415 4642 decernit
3440 4583 3501 4638 in
3547 4583 3743 4654 ipsum

2051 4683 2314 4741 canonici
2346 4682 2554 4754 rigoris
2587 4680 3010 4738 districtionem
3057 4677 3460 4736 exercendam.
3497 4678 3573 4728 De
3615 4673 3753 4727 Cre-

2044 4773 2264 4830 mentio
2303 4771 2609 4845 provinciis
2640 4771 2947 4842 Byzacense
2995 4769 3239 4840 primate
3280 4765 3537 4838 graviter
3565 4778 3745 4818 accu-

2036 4871 2180 4931 sato,
2210 4878 2383 4934 quem
2413 4881 2445 4918 a
2486 4863 2666 4919 totius
2702 4860 3015 4933 provinciae
3068 4855 3314 4914 concilio
3356 4851 3745 4925 judicaudum

2035 4956 2261 5012 censuit
2326 4956 2434 5012 hoc
2483 4972 2635 5011 anno
2704 4950 3185 5025 vigilantissimus
3246 4943 3510 5000 Pontifex
3553 4938 3742 5013 (lbid.,

2031 5062 2120 5117 ep.
2150 5046 2415 5118 32),jam
2462 5043 2640 5117 paulo
2687 5059 2863 5113 supra
2906 5040 3163 5103 dictum;
3197 5036 3551 5105 quapropter
3597 5026 3743 5084 nihil

2031 5135 2138 5193 hoc
2162 5135 2287 5193 loco
2311 5136 2645 5192 addendum
2669 5133 2917 5188 videtur.

2097 5227 2151 5281 7.
2189 5229 2250 5282 In
2275 5226 2365 5282 bis
2390 5241 2456 5282 eo
2488 5223 2676 5295 magis
2707 5221 2898 5277 elucet
2931 5215 3182 5275 Romani
3224 5212 3519 5288 pontificis
3548 5213 3749 5270 aucto-

2029 5317 2197 5387 ritas,
2228 5318 2379 5387 quod
2409 5316 2461 5371 ei
2482 5314 2710 5370 diversa
2742 5309 3019 5367 statuenti
3065 5323 3266 5364 omnes
3297 5305 3742 5377 obtemperave-

2030 5513 2263 5588 petebat
2312 5513 2504 5566 tamen
2538 5505 2747 5588 δορῃηὶ
2773 5503 3138 5588 jus'aliquod
3174 5494 3737 5588 inIPaulut‘niunge

2029 5566 2380 5654 conﬁcimus
2411 5596 2543 5637 eum
2596 5566 2794 5634 fuisse"
2823 5566 3131 5649 primatem
3172 5574 3258 5629 vel
3289 5571 3626 5654 exarchum.
3661 5566 3742 5622 Ex

2031 5655 2123 5711 his
2152 5654 2524 5712 emendanda
2538 5650 2810 5707 videntur
2839 5665 2964 5716 quae
3034 5648 3106 5705 ad
3140 5646 3292 5702 hanc
3313 5641 3622 5716 epistolam
3667 5653 3740 5709 po

2031 5651 2964 5731 his'emendandavidentuquute
3034 5665 3066 5705 a

2032 5725 2521 5803 Gussanvillasum
2554 5727 2992 5782 annotavnmus.
