4086 6166
374 268 489 331 M7

801 264 868 325 S.
915 255 1278 324 GREGORII
1326 252 1570 317 MAGNI
1616 251 1824 321 VlTA,
1874 248 1976 309 EX
2023 247 2210 310 EJUS
2260 247 2604 308 SClllPTIS
2649 249 3094 314 ADORNATA.
3143 257 3291 318 LIB.
3340 261 3443 323 IV.

367 403 507 470 rint,
538 401 669 473 ipsa
716 395 980 466 concilia,
1034 396 1328 469 primates,
1376 389 1550 447 etiam
1596 382 2073 458 Carthaginensis
2104 384 2156 450 Α
2188 383 2556 439 homiliarum
2601 384 2668 441 de
2708 384 3052 455 Proverbiis,
3077 390 3146 449 de
3194 393 3450 452 Canticis
3493 401 3887 467 canticorum.

363 492 694 564 episcopus,
716 505 894 561 penes
917 503 1092 558 quem
1120 485 1177 540 in
1198 487 1379 538 totam
1401 478 1736 535 Africanam
1761 475 2080 532 Ecclesiam

361 597 595 638 summa
615 585 740 637 erat
763 583 1040 651 potestas.
1065 575 1228 630 Certe
1252 569 1595 628 Dominicus
1624 568 1718 640 qui
1746 568 2082 624 cathedram

359 671 881 743 Carthaginensem
917 665 1194 738 Gregorio
1241 663 1438 718 Romae
1471 661 1709 716 sedente
1760 658 2083 714 obtinebat,

363 777 671 835 nunquam
709 767 952 832 questus
998 761 1088 812 est
1130 755 1458 810 Romanum
1497 750 1822 807 antistitem
1878 749 2083 804 falcem

364 853 596 908 misisse
643 853 699 906 in
762 863 1013 905 messem
1067 845 1338 910 alienam,
1373 857 1669 912 nunquam
1723 856 1824 911 pro
1872 839 2088 894 tuenda

362 958 473 999 sua
503 940 846 997 auctoritate
869 952 1004 993 cum
1038 952 1103 992 eo
1136 931 1456 1000 contendit,
1482 932 1582 987 sed
1613 932 1735 1000 ejus
1766 928 2086 984 amicitiam

363 1046 601 1102 semper
649 1029 848 1086 coluit.
902 1025 1195 1082 Noverant
1260 1021 1532 1078 videlicet
1578 1019 1836 1075 Africani
1886 1021 2088 1075 Patres

362 1119 710 1190 Gregorium
742 1134 846 1174 suo
877 1121 1110 1172 tantum
1136 1115 1216 1170 uti
1243 1115 1400 1185 jure,
1427 1125 1794 1181 suorumque
1826 1109 2088 1165 decesSO'

368 1224 501 1264 rum
532 1207 802 1264 insistere
823 1206 1098 1278 vestigiis.
1116 1202 1387 1259 Nondum
1411 1201 1720 1257 obliterata
1736 1203 1859 1254 erat
1877 1196 2087 1253 Leoni8

374 1297 569 1368 Magni
603 1295 879 1352 memoria
904 1295 1003 1366 qui
1046 1294 1378 1349 Potentium
1412 1289 1744 1346 commissis
1790 1289 1900 1359 ipsi
1935 1287 2089 1342 sedis

369 1386 706 1457 apostolicae
737 1385 960 1441 vicibus
1005 1385 1237 1440 miserat
1287 1383 1349 1437 in
1381 1381 1651 1447 Africam,
1681 1385 1745 1433 ut
1777 1378 2084 1433 labefacta-

375 1480 497 1532 tam
535 1476 896 1532 Wandalicis
919 1474 1086 1531 bellis
1119 1473 1570 1530 ecclesiasticam
1603 1469 1972 1540 disciplinam
1999 1484 2088 1524 re-

373 1566 647 1633 sarciret,
707 1563 1135 1636 nonnullosque
1203 1564 1504 1633 episcopos
1571 1563 1768 1614 contra
1833 1573 2088 1613 canones

377 1655 677 1711 ordinatos
706 1659 1132 1711 exauctoraret.
1166 1655 1452 1724 Tempore
1492 1666 1725 1721 quoque
1757 1647 2085 1719 Augustini,

2195 473 2264 528 de
2285 473 2605 542 Prophetis,
2639 474 2708 530 de
2740 476 2903 533 libris
2951 496 3184 551 quoque
3215 485 3435 557 Regum
3486 493 3542 544 et
3571 491 3642 545 de
3686 491 3894 562 Hepta-

2195 570 2379 631 teuco,
2412 579 2556 633 quas
2605 572 2908 637 exceperat
2944 569 3224 627 Claudius
3271 575 3465 631 abbas.
3497 578 3618 641 Quo
3670 590 3892 638 mortuo

2190 652 2360 722 jubet
2395 669 2544 724 papa
2569 656 2788 726 requiri
2819 674 3019 714 omnes
3050 663 3218 716 etiam
3253 663 3553 722 chartulas
3586 669 3656 724 de
3685 670 3779 726 his
3810 690 3899 728 su-

2199 742 2491 813 perstites,
2523 748 2579 798 et
2610 745 2677 798 ad
2708 762 2770 800 se
2805 747 2974 819 mitti,
3009 750 3161 822 igne,
3195 757 3258 808 ut
3289 769 3357 810 ex
3403 759 3528 826 ejus
3562 757 3896 817 humilitate

2197 831 2481 902 suspicari
2530 832 2683 900 licet,
2713 837 2948 892 fortasse
2980 840 3316 898 abolendae.
3349 844 3429 900 De
3461 846 3549 901 his
3578 855 3777 903 autem
3819 850 3898 905 le-

2197 922 2396 991 gendae
2429 928 2565 977 sunt
2597 925 2965 994 praefationes
2986 937 3084 984 aut
3113 932 3544 991 admonitiones
3568 939 3794 1007 praevias
3827 941 3898 994 ad

2197 1010 2699 1068 Commentarium
2734 1016 2788 1069 in
2817 1015 3027 1074 librum
3054 1037 3069 1073 ι
3103 1020 3346 1091 Regum,
3371 1025 3442 1078 ad
3465 1025 3901 1097 Expositionem

2199 1101 2257 1155 in
2291 1101 2541 1172 Cantica,
2577 1110 2631 1159 et
2661 1105 2730 1159 ad
2757 1105 2930 1162 aliam
2965 1114 3188 1180 septem
3224 1112 3584 1183 psalmorum
3620 1118 3903 1188 paeniten-

2200 1193 2425 1250 tialium
2480 1194 3063 1268 Expositionem.Sed
3109 1201 3247 1272 quia
3279 1204 3470 1259 forsan
3519 1208 3752 1277 parcius
3785 1208 3907 1263 illic

2198 1286 2452 1344 diximus
2483 1291 2552 1344 de
2572 1289 2812 1344 Claudio
2844 1290 3072 1356 abbate,
3111 1309 3263 1346 nunc
3286 1293 3686 1365 colligendum
3720 1298 3899 1368 quid-

2198 1375 2338 1444 quid
2363 1376 2422 1430 in
2448 1376 2719 1447 Epistolis
2741 1377 3113 1448 Gregorianis
3132 1380 3204 1434 de
3227 1381 3354 1452 ipso
3373 1399 3643 1453 sparsum
3664 1387 3907 1457 legitur.

2272 1464 2617 1521 Monachum
2643 1467 2822 1522 fuisse
2844 1467 2900 1522 in
2925 1467 3278 1540 Gregoriano
3303 1471 3496 1528 Romae
3522 1477 3905 1545 monasterio,

2199 1559 2252 1608 et
2283 1555 2514 1622 quidem
2550 1557 2653 1610 sub
2678 1557 2806 1626 ejus
2839 1557 3172 1628 disciplina,
3199 1561 3406 1629 probat
3437 1562 3542 1618 ﬁlii
3565 1563 3770 1620 titulus
3794 1566 3911 1638 ipsi

2201 1658 2233 1696 a
2254 1641 2527 1714 Gregorio
2551 1645 2746 1701 datus.
2767 1645 2896 1701 Jam
2920 1653 3261 1716 assumptus
3285 1649 3471 1705 fuerat
3492 1652 3560 1705 ad
3590 1654 3912 1723 regendum

368 1741 510 1800 lcet
542 1745 611 1799 de
656 1744 1154 1815 appellationibus
1189 1743 1259 1798 ad
1305 1745 1568 1798 sanctam
1601 1741 1801 1795 sedem
1843 1737 2084 1808 quastio
2117 1741 2163 1806 Β
2194 1731 2503 1788 Classense
2565 1734 2661 1789 SS.
2713 1735 2950 1791 Joannis
2999 1741 3054 1792 et
3124 1736 3399 1809 Stephani
3453 1743 3915 1805 monasterium.

374 1838 533 1889 esset
582 1839 709 1888 orta
747 1850 880 1888 cum
930 1833 1158 1889 Zosimo
1215 1841 1433 1904 quanta
1481 1834 1636 1886 esset
1682 1829 2086 1883 Africanorum

377 1937 514 1993 erga
563 1926 892 1978 Romanum
929 1922 1258 1994 pontiﬁcem
1300 1921 1620 1976 reverentia
1650 1920 1898 1990 probant
1946 1934 2086 1973 con-

348 2013 648 2069 'ciliorum
687 2021 834 2079 acta,
884 2013 1147 2085 epistolae
1199 2015 1268 2070 ad
1318 2012 1510 2085 ipsum
1563 2011 1809 2082 scriptas,
1861 2009 2089 2078 aliaque

383 2107 786 2160 monumenta.
841 2104 970 2174 Ipse
1019 2104 1346 2174 Cyprianus
1414 2102 1738 2174 apostolica
1801 2100 2088 2156 cathedrae

385 2193 735 2249 sententiam
769 2193 840 2247 de
869 2192 1163 2262 lapsorum
1205 2192 1572 2248 restitutione
1603 2191 1931 2246 sciscitatus
1961 2194 2051 2244 est
2079 2207 2093 2256 ;

381 2298 557 2353 quem
609 2281 863 2337 Africani
927 2282 1128 2337 Patres
1186 2282 1428 2337 diversis
1489 2280 1850 2351 temporibus
1911 2278 2091 2335 secuti

338 2401 346 2410 -
381 2374 541 2438 sunt,
576 2386 838 2425 summos
861 2370 1162 2439 pontifices
1195 2373 1267 2425 de
1288 2372 1465 2426 variis
1497 2369 1898 2426 ecclesiasticae
1922 2369 2089 2423 disci-

385 2461 564 2534 plinas
577 2459 958 2532 capitibus(a)
973 2459 1347 2516 consulendo.
1363 2461 1430 2515 Et
1444 2461 1708 2531 quamvis
1725 2476 1973 2530 magnus
1987 2461 2091 2527 Cy-

394 2551 637 2623 prianus
658 2549 814 2605 aliud
833 2551 1082 2606 senserit
1098 2551 1167 2606 de
1189 2550 1480 2621 baptismo
1499 2551 1901 2606 haereticorum
1921 2565 2090 2620 quam

390 2639 720 2710 Stephanus
770 2655 936 2710 papa,
981 2639 1241 2710 aliosque
1304 2641 1611 2695 Africanos
1670 2639 1973 2710 episcopos
2023 2641 2092 2694 ad

387 2744 528 2784 suas
555 2736 745 2800 partes
775 2729 1029 2796 traxerit,
1062 2729 1197 2784 vicit
1243 2732 1438 2784 tamen
1468 2729 1756 2784 sententia
1796 2727 2096 2797 Stephani,

395 2820 573 2876 etiam
605 2820 662 2873 in
694 2819 911 2886 Africa,
946 2819 1207 2875 rescissis
1237 2820 1618 2876 conciliorum
1651 2820 1760 2875 sub
1810 2820 2094 2890 Cypriane

397 2909 727 2964 habitorum
778 2909 1048 2965 decretis.
1082 2909 1210 2964 Haec
1259 2909 1426 2979 paulo
1473 2913 1636 2965 extra
1683 2914 1869 2965 metas
1898 2911 2096 2965 obser-

392 2999 661 3052 vavimus
694 3003 896 3053 contra
926 2997 1236 3053 nonnullos
1267 3001 1366 3068 qui
1396 2999 1730 3054 Africanam
1779 2999 2094 3056 Ecclesiam

377 3083 470 3138 vel
511 3083 830 3153 acephalam
884 3085 1103 3140 audent
1150 3084 1360 3154 dicere,
1391 3088 1478 3142 vel
1528 3087 1904 3159 autophalam,
1938 3089 2088 3158 quod

382 3171 601 3242 pr0prii
648 3172 933 3244 primatis,
979 3174 1085 3230 hoc
1115 3179 1204 3228 est
1233 3173 1708 3246 Carthaginensis
1749 3180 2092 3231 auctoritate

387 3261 534 3332 sola,
584 3268 914 3333 regeretur:
947 3265 1118 3332 Quasi
1163 3280 1282 3320 vero
1331 3264 1407 3321 ad
1450 3268 1752 3321 Romanam
1800 3267 2095 3321 Ecclesiam

384 3361 610 3425 prapter
652 3354 1017 3425 potentiorem
1070 3354 1563 3427 principalitatem,
1613 3372 1825 3412 necesse
1866 3373 1977 3413 non
2022 3359 2095 3414 sit

392 3459 609 3500 omnem
646 3448 934 3501 convenire
982 3445 1297 3512 Ecclesiam,
1330 3447 1428 3502 hoc
1455 3453 1534 3502 est
1575 3464 1667 3503 eos
1713 3449 1810 3519 qui
1856 3449 2096 3519 undique

389 3539 520 3588 sunt
567 3533 768 3602 ﬁdeles,
805 3539 868 3590 ut
914 3535 996 3592 ait
1024 3540 1276 3592 Irenaaus
1324 3537 1464 3608 (Lib.
1499 3554 1584 3608 ιιι,
1613 3537 1828 3594 advers.
1887 3541 2094 3595 Valent.

390 3641 440 3682 c.
471 3624 548 3695 3).

461 3714 514 3767 8.
546 3716 788 3770 Summa
821 3713 937 3770 haec
969 3715 1243 3786 Gregorio
1273 3717 1630 3774 demandata
1671 3723 1947 3789 potestas,
1967 3721 2094 3790 ejus

395 3801 687 3857 modestiae
719 3818 783 3857 ac
823 3802 1144 3859 humilitati
1197 3805 1437 3861 minime
1486 3806 1812 3874 officiebat;
1846 3825 2096 3878 quarum

391 3891 676 3947 virtutum
697 3899 1105 3958 argumentum
1125 3911 1265 3951 sane
1286 3895 1606 3952 maximum
1624 3902 1712 3953 est
1729 3899 1974 3970 epistola
1991 3899 2098 3954 hoc

393 3997 549 4037 anno
581 3982 652 4038 ad
691 3982 978 4040 Joannem
1027 3984 1466 4053 subdiaconum,
1504 3986 1784 4043 Ravennae
1839 4003 2096 4044 commo-

390 4075 645 4139 rautem,
679 4073 916 4144 scripta.
952 4073 1176 4130 Etenim
1227 4076 1285 4130 in
1317 4091 1383 4131 ea
1432 4092 1577 4147 pene
1619 4077 2098 4149 indignabundus

393 4162 664 4233 queritur
679 4163 750 4217 de
768 4162 1094 4220 Mariniano
1114 4164 1552 4236 archiepiscopo
1571 4171 1921 4235 Ravennate,
1943 4169 2097 4238 quod

395 4252 507 4322 legi
541 4251 773 4321 publice
817 4252 1031 4309 faceret
1068 4255 1140 4309 ad
1175 4254 1399 4326 vigilias
1447 4264 1752 4311 commenta
1797 4257 1936 4312 beati
1973 4259 2096 4325 Job,

396 4341 552 4410 quia,
585 4340 792 4412 inquit,
817 4342 961 4398 illud
992 4361 1136 4414 opus
1170 4362 1284 4402 non
1317 4349 1404 4401 est
1435 4346 1733 4417 populare,
1764 4351 1820 4402 et
1849 4349 2128 4403 rudibus.

397 4429 766 4485 auditoribus
805 4431 1294 4502 impedimentum
1327 4435 1507 4504 magis
1538 4452 1713 4507 quam
1763 4444 2095 4509 provectum

397 4522 652 4590 generat.
701 4520 905 4575 Addit:
940 4523 1122 4594 Neque
1169 4525 1318 4580 enim
1362 4526 1480 4581 volo
1523 4527 1652 4580 dum
1700 4526 1759 4581 in
1805 4527 1905 4582 hac
1933 4544 2099 4585 carne

397 4623 540 4672 sum,
570 4607 621 4662 si
667 4625 774 4679 qua
803 4609 1012 4666 dixisse
1060 4629 1146 4668 me
1191 4616 1439 4682 contigit,
1469 4630 1533 4670 ea
1577 4616 1744 4684 facile
1790 4617 2100 4673 hominibus

397 4699 687 4754 innotesci.
719 4698 858 4753 Nam
907 4699 1038 4769 quia
1079 4701 1450 4760 dilectissimae
1484 4707 1764 4762 memoria
1804 4709 2100 4763 Anatolius

397 4786 657 4842 diaconus
695 4792 963 4859 quaerenti
1008 4806 1072 4844 ac
1122 4791 1345 4861 jubenti
1390 4792 1584 4849 domno
1632 4796 1963 4866 imperatori
2018 4796 2098 4852 li-

398 4879 556 4932 brum
615 4877 831 4947 Regula
883 4880 1192 4936 Pastoralis
1239 4881 1407 4951 dedit,
1457 4899 1601 4953 egre
1659 4888 1901 4957 suscepi:
1942 4903 2100 4958 quem

303 5007 307 5010 -
393 4968 778 5025 sanctissimus
841 4972 1015 5039 frater
1057 4977 1111 5025 et
1171 4974 1510 5042 coepiscopus
1557 4989 1710 5028 meus
1775 4977 2101 5032 Anastasius

391 5059 760 5116 Antiochenus
806 5061 863 5115 in
895 5062 1145 5118 Grecam
1183 5062 1436 5130 linguam
1481 5065 1785 5120 transtulit.
1820 5067 1902 5133 Et,
1950 5069 2095 5123 sicut

396 5149 541 5204 mihi
582 5153 848 5221 scriptum
893 5159 987 5219 est,
1039 5152 1092 5206 ei
1127 5152 1294 5212 .valde
1342 5154 1572 5223 placuit,
1621 5155 1714 5209 sed
1760 5157 1903 5210 mihi
1948 5157 2101 5213 valde

398 5237 709 5307 displicuit,
740 5247 800 5297 ut
829 5244 929 5312 qui
955 5243 1185 5300 meliora
1215 5243 1436 5312 habent,
1468 5245 1530 5300 in
1561 5245 1813 5301 minimis
1841 5262 2100 5318 occupen-

397 5331 494 5380 tur
523 5327 665 5397 (Lib.
697 5345 802 5398 xu,
829 5346 913 5402 ep.
945 5332 1063 5404 24).

464 5413 518 5469 9.
544 5414 756 5472 Eadem
788 5419 846 5475 in
877 5421 1120 5492 epistola
1141 5425 1197 5479 S.
1223 5426 1533 5497 Gregorius
1566 5427 1835 5484 meminit
1857 5445 2096 5485 suarum

2197 1837 2352 1878 anno
2401 1824 2657 1878 secundo
2708 1825 3082 1896 pontificatus
3139 1828 3326 1882 sancti
3375 1829 3519 1898 viri;
3570 1832 3696 1901 ejus
3745 1834 3912 1889 enim

2198 1914 2498 1982 tamquam
2532 1913 2761 1969 abbatis
2795 1915 3057 1970 meminit
3089 1917 3195 1971 hoc
3227 1921 3488 1989 tempore
3518 1920 3590 1975 ad
3619 1921 3917 1978 Joannem

2198 2001 2587 2058 Ravennatem
2623 2005 2926 2061 scribens:
2967 2007 3187 2062 Videtur
3214 2008 3357 2064 mihi
3386 2019 3444 2064 ut
3484 2011 3770 2068 Claudium
3805 2015 3918 2069 ab-

2200 2091 2376 2146 batem
2397 2109 2523 2147 cum
2552 2095 2840 2164 aliquanta
2860 2096 3095 2168 pecunia
3114 2098 3250 2153 illuc
3268 2102 3641 2157 transmittere
3660 2102 3920 2160 debeatis

2199 2182 2341 2249 (Lib.
2376 2200 2441 2250 ιι,
2471 2199 2556 2254 ep.
2586 2185 2698 2256 46).

2273 2274 2508 2329 Romam
2541 2277 2719 2342 venit,
2745 2283 2866 2330 tum
2901 2277 3113 2348 utjura
3146 2280 3478 2336 monasterii
3500 2282 3588 2337 sui
3617 2283 3924 2339 adversus

2203 2364 2586 2420 Marinianum
2624 2367 3014 2423 Ravennatem
3063 2370 3304 2441 eiusque
3352 2369 3589 2427 clericos
3618 2377 3922 2441 tueretur,

2203 2472 2307 2525 pro
2336 2473 2450 2526 quo
2483 2457 2812 2528 impetravit
2860 2458 3223 2529 privilegium
3252 2478 3265 2526 ;
3298 2465 3426 2516 tum
3461 2467 3524 2517 ut
3571 2462 3923 2519 studiorum

2205 2545 2263 2599 S.
2289 2545 2549 2616 Gregorii
2575 2547 2808 2614 adjutor
2831 2547 2975 2602 foret
2999 2565 3063 2602 ac
3089 2549 3377 2621 particeps
3399 2550 3542 2621 (Lib.
3566 2567 3664 2618 vn,
3689 2567 3780 2623 ep.
3808 2552 3926 2619 45;

2207 2634 2302 2688 lib.
2336 2651 2462 2700 vm,
2494 2650 2578 2706 ep.
2609 2637 2716 2707 15).
2752 2637 2810 2691 In
2849 2636 2997 2693 Urbe
3030 2638 3126 2693 diu
3163 2654 3384 2694 moram
3421 2640 3573 2707 fecit,
3606 2641 3660 2695 S.
3698 2640 3928 2712 Grego-

2206 2723 2290 2778 rio
2321 2741 2454 2780 eum
2507 2727 2810 2794 retinente,
2841 2729 2980 2797 quia
3034 2743 3296 2796 magnum
3327 2729 3441 2800 ipsi
3489 2729 3700 2785 eratin
3752 2731 3929 2785 verba

2207 2813 2304 2868 Dei
2331 2816 2590 2870 solatium
2623 2817 2762 2885 (Lib.
2795 2834 2918 2884 νιιι,
2950 2833 3034 2888 ep.
3071 2820 3181 2890 16).
3214 2821 3286 2873 At
3317 2818 3458 2889 quia
3489 2819 3928 2875 monasterium

2205 2920 2376 2958 suum
2445 2910 2702 2975 repetere
2751 2912 2807 2961 et
2855 2911 3097 2963 revisere
3163 2908 3508 2976 festinabat;
3559 2907 3931 2980 aliundeque

2205 3009 2318 3048 non
2343 2994 2557 3050 latebat
2578 2995 3096 3066 vigilantissimum
3121 2998 3442 3065 Pastorem,
3465 2998 3930 3068 congregationi

2121 3114 2169 3179 Ο
2203 3083 2446 3140 fratrum
2488 3087 2860 3157 praesentiam
2893 3087 3080 3142 sancti
3120 3087 3351 3142 abbatis
3381 3102 3509 3142 esse
3549 3102 3781 3142 summe
3820 3105 3930 3144 ne-

2201 3175 2536 3240 cessariam,
2569 3177 2619 3231 ei
2654 3177 2840 3232 redire
2872 3177 3157 3247 permisit,
3189 3193 3440 3247 eumque
3478 3177 3929 3232 commendavit

2203 3267 2562 3334 Mariniano;
2598 3284 2772 3339 quem
2807 3268 3029 3339 rogavit
3059 3277 3122 3322 ut
3152 3272 3455 3339 paternam
3487 3266 3570 3321 illi
3603 3274 3931 3325 monaste-

2203 3357 2406 3427 rioque
2454 3356 2638 3427 ipsius
2687 3357 3053 3425 charitatem,
3087 3357 3169 3412 uti
3221 3357 3478 3423 decebat,
3513 3355 3930 3428 impenderet.

2205 3446 2494 3500 Mortuum
2519 3462 2653 3501 eum
2689 3446 2865 3501 fuisse
2887 3445 3259 3517 suspicamur
3281 3445 3453 3516 paulo
3475 3451 3609 3500 ante
3631 3445 3930 3514 scriptam

2205 3535 2276 3590 ad
2300 3535 2584 3590 Joannem
2607 3537 3029 3591 subdiaconum
3055 3534 3364 3606 epistolam
3395 3535 3538 3603 (Lib.
3561 3551 3661 3604 ιιι,
3685 3550 3774 3606 ep.
3803 3537 3932 3607 24),

2205 3625 2374 3695 cujus
2401 3626 2523 3694 jam
2558 3626 2956 3694 meminimus,
2984 3625 3093 3680 hoc
3123 3629 3212 3680 est
3234 3641 3386 3679 anno
3415 3625 3515 3678 601
3549 3624 3933 3683 desinentes.

2280 3715 2367 3770 10.
2401 3716 2539 3771 Post
2586 3717 2712 3786 ejus
2743 3715 2970 3770 obitum
3001 3715 3259 3771 monachi
3307 3715 3422 3785 ejus
3452 3713 3791 3769 monasterii.
3833 3731 3936 3770 ve-

2205 3807 2416 3861 nientes
2449 3807 2671 3860 Romam
2733 3805 3009 3876 petierunt
3036 3804 3146 3860 sibi
3177 3804 3553 3859 Constantium
3583 3805 3936 3859 monachum

2207 3895 2456 3951 abbatem
2504 3895 2784 3950 constitui.
2817 3897 2888 3950 At
2917 3911 3050 3951 eum
3086 3894 3329 3948 minime
3362 3893 3625 3964 probavit
3657 3896 3936 3949 sanctis—

2207 3985 2396 4040 simus
2431 3989 2611 4055 pater,
2638 3985 2789 4056 quod
2835 3982 3236 4060 peculiaritati.
3261 3982 3497 4038 studere
3528 3981 3857 4050 diceretur,
3879 3988 3942 4039 et

2206 4075 2266 4129 in
2299 4075 2491 4130 Piceni
2524 4075 2881 4145 provinciam
2915 4074 3260 4146 perrexisset
3290 4075 3410 4127 sine
3449 4073 3640 4143 aliquo
3673 4073 3937 4141 fratrum

2208 4180 2452 4220 suorum.
2480 4169 2554 4220 Eo
2587 4165 2786 4237 itaque
2809 4165 3019 4234 rejecto
3045 4164 3339 4219 consensit
3361 4161 3613 4216 ordinari
3639 4160 3937 4218 Maurum

2206 4253 2586 4322 cellerarium,
2630 4256 2798 4310 modo
2858 4271 2984 4324 quae
3027 4256 3096 4308 de
3133 4251 3318 4322 ipsius
3370 4251 3487 4306 vita
3526 4255 3583 4304 et
3621 4248 3943 4307 industria

2205 4343 2568 4413 testabantur
2598 4345 2697 4415 qui
2730 4343 3022 4415 elegerant
3066 4357 3197 4396 vero
3231 4356 3359 4396 esse
3389 4340 3810 4411 probarentur.
3857 4342 3941 4397 De

2214 4433 2306 4488 his
2355 4432 2588 4504 scripsit
2619 4433 2689 4487 ad
2737 4434 3013 4488 Joannem
3066 4430 3511 4497 subdiaconum,
3552 4427 3944 4501 insuperque

2216 4524 2485 4596 pracepit
2518 4529 2578 4579 ut
2614 4523 3001 4578 Marinianum
3035 4521 3365 4592 episcopum
3412 4518 3783 4585 admoneret,
3826 4535 3941 4590 pe-

2210 4613 2593 4668 culiaritatem
2625 4630 2658 4668 a
2689 4616 2943 4683 quatuor
2973 4614 3073 4665 aut
3104 4627 3135 4664 a
3165 4609 3421 4680 quinque
3456 4605 3764 4662 monachis
3811 4623 3947 4662 mo-

2209 4703 2446 4759 nasterii
2480 4718 2760 4759 resecare.

2281 4794 2431 4849 299
2468 4794 2554 4850 ii.
2587 4792 2714 4847 Haec
2763 4808 2899 4846 sane
2930 4795 3069 4846 sunt
3116 4794 3459 4858 argumenta
3498 4783 3946 4841 sollicitudinis

2209 4889 2265 4942 et
2286 4901 2438 4940 curae
2471 4884 2791 4956 singularis
2815 4899 2989 4954 quam
3019 4882 3256 4953 gerebat
3280 4879 3348 4932 de
3379 4882 3529 4933 statu
3563 4879 3946 4936 monastico.

2209 4973 2416 5042 Quanti
2450 4978 2639 5028 autem
2675 4972 2840 5027 illum
2877 4973 3089 5027 faceret
3122 4968 3446 5040 praesertim
3482 4966 3583 5021 hoc
3628 4981 3788 5019 anno
3831 4966 3947 5022 de-

2211 5063 2556 5122 monstravit
2595 5062 2824 5118 duabus
2857 5063 2912 5116 in
2945 5059 3223 5130 epistolis.
3257 5059 3337 5112 Ex
3369 5057 3542 5128 priori
3593 5057 3820 5126 scripta
3858 5059 3942 5112 ad

2210 5157 2535 5223 Passivum,
2586 5153 2923 5224 episcopum
2971 5151 3312 5206 Firmanum
3361 5147 3503 5215 (Lib.
3535 5163 3634 5212 xu,
3677 5162 3765 5215 ep.
3811 5147 3946 5217 12),

2208 5248 2428 5319 colligit
2454 5245 2883 5301 Thomassinus
2915 5245 3093 5314 (Part.
3123 5259 3182 5311 ιι,
3212 5241 3310 5296 lib.
3338 5258 3375 5305 ι,
3399 5257 3444 5294 c.
3478 5240 3567 5309 34)
3601 5241 3946 5295 monacha-

2208 5344 2336 5394 tum
2387 5341 2523 5391 tunc
2567 5335 2690 5390 loco
2745 5332 3199 5388 subdiaconatus
3249 5328 3449 5383 fuisse.
3499 5326 3728 5396 Quippe
3779 5344 3942 5383 cum

2209 5425 2516 5499 Aprutium
2566 5426 2832 5481 Castrum
2876 5420 3191 5478 Firmensis
3221 5415 3500 5474 territorii
3551 5415 3791 5473 Pastore
3827 5433 3938 5473 ca-

462 5597 542 5675 (a)
577 5597 714 5654 Vide
735 5614 821 5668 ep.
858 5598 1063 5675 Felicis
1093 5617 1254 5675 papae
1285 5603 1568 5675 Dynamio
1599 5609 1654 5661 et
1685 5603 1906 5662 Sutidio
1937 5602 2274 5661 consulibus
2307 5604 2503 5659 datam
2557 5619 2649 5658 an.
2685 5600 2810 5670 488,
2839 5602 2894 5656 et
2926 5595 3161 5656 consule
3193 5593 3398 5650 histor.
3434 5588 3682 5646 Vandal.
3712 5606 3940 5664 ρει-εδ-

392 5674 507 5727 cut.
547 5675 691 5740 part.
729 5686 788 5740 ιι,
822 5687 871 5725 c.
907 5671 994 5735 12,
1027 5687 1084 5724 n.
1116 5673 1169 5726 9.

3777 271 3893 329 448
3993 297 3995 302 ·
