4086 6166
188 249 280 309 149

588 243 664 304 -S.
712 240 1084 304 GREGORII
1132 241 1368 302 MAGNI
1419 243 1628 314 VITA,
1677 244 1778 302 EX
1828 243 2010 305 EJUS
2057 245 2411 306 SCRIPTIS
2455 249 2906 312 ADORNATA.
2953 254 3098 314 LIB.
3145 257 3250 318 IV.

3562 262 3681 323 450

173 385 322 446 reret,
358 377 638 435 indicavit
669 381 727 431 S.
761 375 1078 446 Gregorius
1110 375 1512 446 Opportunum
1544 376 1856 446 quemdam
1893 383 1940 447 Α
1975 377 2120 431 facta
2152 379 2303 433 Deus
2353 379 2592 446 audivit,
2648 384 2709 435 ut
2758 383 3058 439 Theodoro
3096 387 3333 446 Siceotm
3369 396 3671 453 ostensum

171 474 227 528 ob
259 487 485 526 morum
517 467 943 532 innocentiam,
997 464 1334 536 psalmodiis
1378 464 1658 531 studium,
1695 481 1859 520 amo—

173 577 392 632 remque
421 558 702 615 orationis
746 574 778 610 a
811 555 1012 610 multis
1059 556 1385 624 laudatum,
1419 571 1590 625 quem
1625 556 1859 609 hortan-

170 654 288 708 dum
320 653 460 707 dicit
505 655 569 704 ut
611 647 700 703 vel
749 647 1047 702 monachus
1093 647 1192 716 ﬁat
1236 647 1316 701 vel
1362 648 1767 707 subdiaconus;
1808 650 1864 701 et

175 747 285 814 post
327 738 754 812 aliquantulum
807 738 1090 809 temporis
1145 738 1215 791 ad
1257 738 1610 808 pastoralem
1661 752 1859 793 curam

175 849 289 888 eum
311 832 519 887 suadet
541 829 1023 902 promovendum.
1045 829 1159 884 Cur
1180 827 1275 882 hic
1298 827 1677 883 monachalus
1701 830 1863 882 fieret

176 924 371 978 mentio
403 920 580 975 sicuti
604 919 1089 982 subdiaconatus,
1115 917 1350 988 quando
1375 919 1442 972 de
1473 919 1862 987 promovendo

175 1014 232 1068 ad
253 1009 642 1067 sacerdotium
665 1009 1002 1079 Opportuno
1023 1007 1233 1079 agitur,
1249 1007 1361 1062 nisi
1386 1023 1550 1078 usque
1567 1009 1638 1062 ad
1665 1025 1862 1064 sacros

176 1102 386 1157 ordines
419 1096 800 1169 disponeret?
849 1097 912 1151 Et
943 1098 1070 1152 ideo
1115 1097 1358 1152 fortasse
1407 1097 1464 1151 S.
1513 1097 1862 1153 Benedictus

178 1192 261 1264 qui
292 1192 360 1246 de
409 1190 714 1246 monachis
763 1190 833 1243 ad
885 1189 1352 1260 presbyteratum
1403 1192 1459 1242 et
1489 1189 1861 1245 diaconatum

178 1280 526 1336 assumendis
570 1278 849 1350 loquitur,
903 1281 972 1332 de
1024 1277 1446 1333 subdiaconatu
1495 1279 1638 1349 ipsis
1670 1280 1863 1333 confe-

172 1372 328 1426 rendo
365 1385 600 1442 prorsus
650 1369 796 1422 silet.
851 1368 960 1422 Sed
1017 1368 1291 1436 legendus
1340 1384 1408 1422 ea
1455 1369 1524 1422 de
1569 1384 1628 1422 re
1668 1373 1864 1424 noster

172 1459 552 1524 Mabillonius,
581 1457 829 1512 maxime
849 1455 1056 1512 Annal.
1087 1456 1377 1512 Benedict.
1408 1456 1510 1512 lib.
1538 1475 1592 1523 x,
1618 1474 1711 1513 an.
1735 1459 1862 1526 602,

174 1568 315 1605 num.
348 1552 439 1614 20,
473 1550 584 1604 col.
624 1552 753 1604 277.

242 1643 314 1695 l2.
387 1640 450 1694 In
521 1638 703 1694 altera
761 1637 1007 1709 epistola
1079 1639 1294 1709 scripta
1345 1639 1415 1692 ad
1477 1639 1861 1706 Desiderium,

178 1732 544 1785 Viennensem
588 1729 942 1801 episcopum,
989 1745 1090 1800 pro
1136 1729 1439 1786 Pancratio
1469 1730 1732 1798 diacono,
1765 1732 1860 1800 qui
1901 1757 1944 1822 Β

183 1819 482 1875 monachus
517 1820 704 1874 factus
739 1819 942 1883 fuerat,
977 1819 1384 1874 sanctissimus
1418 1825 1577 1889 pater
1607 1820 1870 1876 hortatur

182 1911 548 1976 Desiderium,
569 1919 628 1965 ut
649 1919 764 1965 tam
785 1917 1056 1981 promptae
1074 1910 1293 1965 diaconi
1311 1911 1603 1980 devotioni,
1620 1928 1782 1981 quam
1807 1914 1862 1966 in

182 2008 344 2055 sancto
375 2000 628 2055 studebat
674 1999 870 2054 habere
909 2003 1193 2071 proposito
1224 2002 1450 2056 minime
1477 2002 1866 2071 impedimento

183 2090 257 2144 sit.
285 2089 446 2160 Magis
477 2096 681 2153 autem,
708 2089 916 2160 inquit,
950 2091 1150 2160 quibus
1173 2090 1364 2145 valetis
1393 2089 1868 2146 adhortationibus

183 2177 433 2244 pastorali
452 2177 836 2231 admonitione
859 2179 1038 2248 (eum)
1058 2178 1394 2245 succendite,
1422 2185 1484 2232 ut
1500 2181 1682 2246 fervor
1702 2181 1867 2250 hujus

185 2267 414 2322 desiderii
441 2271 502 2321 in
538 2283 598 2322 eo
629 2284 736 2323 non
772 2275 1044 2338 tepescat:
1076 2277 1134 2322 ut
1165 2268 1261 2339 qui
1291 2286 1325 2324 a
1357 2269 1672 2324 turbulento
1703 2286 1862 2325 cura-

187 2372 288 2408 rum
315 2356 660 2410 saeuiat-ium
683 2358 926 2411 tumultu
951 2373 1005 2412 se
1034 2373 1354 2431 segregans,
1381 2360 1583 2429 quietis
1603 2360 1867 2416 desiderio

185 2455 383 2514 portum
411 2451 734 2502 monasterii
762 2449 1015 2519 appetiit,
1039 2465 1262 2504 rursum
1294 2451 1351 2502 in
1382 2451 1868 2506 ecclesiasticarum

187 2552 427 2590 curarum
457 2553 566 2592 non
598 2538 783 2592 debeat
811 2540 1324 2610 perturbationibus
1357 2541 1650 2609 implicari.

824 2645 1049 2701 CAPUT
1089 2645 1212 2702 VII.

179 2735 457 2800 Aacuu._+
494 2735 539 2800 l_.
572 2734 813 2784 Mauricii
848 2737 1031 2799 imper.
1065 2738 1292 2800 dejectio
1323 2741 1374 2786 et
1407 2737 1594 2786 caedes.
1629 2763 1690 2772 —
1718 2735 1764 2785 2.
1795 2737 1867 2786 De

229 2811 329 2860 qua
357 2798 618 2846 divinitus
649 2798 1028 2860 prmmonetur.
1050 2827 1112 2835 —
1132 2798 1187 2849 ’3.
1229 2801 1430 2849 Phocas
1456 2801 1674 2861 eligitur
1705 2802 1870 2862 impe-

228 2862 463 2926 rator‘ab
495 2862 749 2926 exercitu.
779 2863 876 2921 Qui
903 2862 1418 2926 Constantinopolim
1451 2863 1682 2912 advolat.
1720 2865 1871 2926 Mau-

229 2924 332 2970 ricii
365 2923 501 2971 ﬁlios
524 2923 810 2988 ipsumque
839 2925 1006 2972 occidi
1029 2925 1200 2988 jubet.
1223 2923 1440 2974 Necnon
1463 2925 1867 2974 Constantinam

232 2989 522 3050 Augustam
543 2986 767 3050 ejusque
793 2992 899 3035 tres
924 2986 1072 3036 tilias.
1096 2990 1216 3035 -4.
1253 2989 1304 3038 S.
1329 2988 1619 3050 Gregorius
1652 2989 1717 3037 ad
1744 2988 1872 3036 Pho-

229 3062 334 3096 cam
367 3048 571 3097 scribit.
594 3049 720 3111 Ejus
750 3051 974 3111 epistola
1006 3050 1342 3111 expenditur.
1378 3048 1448 3099 De
1480 3052 1580 3099 alia
1612 3052 1675 3098 ad
1715 3064 1869 3099 eum-

232 3112 341 3158 dem
375 3112 706 3175 epistolar—
722 3111 767 3159 5.
803 3111 905 3160 Cur
928 3113 977 3160 S.
1009 3113 1291 3175 Gregorius
1322 3114 1507 3162 durius
1529 3114 1592 3162 de
1616 3113 1868 3162 Mauricio

235 3175 599 3238 scripserit.A—:
617 3174 664 3238 6.
693 3174 1304 3238 Apocrisiarium’mittit
1325 3178 1388 3225 ad
1416 3190 1614 3225 novum
1640 3177 1874 3238 impera-

236 3242 415 3285 torem.
439 3263 498 3272 —
520 3236 944 3300 7.7Miserabilem
971 3239 1132 3288 Italim
1155 3243 1350 3287 statum
1380 3238 1614 3300 exponit.
1638 3265 1699 3276 —
1718 3239 1764 3286 8.
1788 3239 1878 3286 Le—

240 3301 374 3360 gatio
405 3299 736 3363 Theoderici,
776 3301 1099 3363 Francorum
1137 3303 1292 3363 regis,
1331 3306 1380 3350 et
1412 3299 1774 3350 B’runichildis
1810 3300 1876 3350 ad

245 3375 447 3423 papam.
472 3362 623 3426 Illum
649 3362 938 3410 consulunt
969 3364 1033 3412 de
1057 3362 1307 3426 episcopo
1342 3370 1570 3413 umente.
1597 3367 1750 3426 Papm
1775 3378 1880 3426 res-

249 3437 481 3483 ponsum.
514 3424 796 3485 Bigamum
835 3430 982 3474 arcet
1007 3440 1038 3474 a
1069 3424 1565 3475 sacris'ordinibus.
1592 3452 1648 3462 -—
1669 3424 1714 3474 9.
1742 3425 1880 3474 Petit

251 3489 424 3547 regina
456 3489 590 3535 mitti
616 3490 850 3559 legatum
879 3490 934 3560 in
961 3489 1169 3544 Gallias,
1201 3490 1264 3537 ad
1298 3490 1580 3561 concilium
1609 3490 1876 3561 celebran-

253 3547 454 3596 dum.—
470 3547 544 3595 10.
565 3550 718 3609 Papa:
733 3550 1040 3599 solltc1tudo
1054 3552 1117 3598 de
1137 3552 1330 3600 Eccles.
1349 3553 1695 3609 dlSClpllDaln
1712 3551 1876 3601 Italia.

270 3566 454 3596 tum.—
470 3566 544 3595 1U.
565 3566 718 3612 rapa:
733 3566 1117 3599 soutcttuuoue
1137 3566 1330 3600 metes.
1349 3566 1695 3609 utsetpttnatn
1712 3566 1879 3601 naua.

270 3636 321 3646 -
355 3612 427 3659 11.
459 3612 858 3676 Conductiorum
889 3613 1136 3662 Ecclesiae
1170 3614 1449 3662 fraudibus
1479 3615 1674 3676 injuste
1705 3615 1881 3662 ablata

254 3676 486 3738 restituit.
510 3702 570 3710 —
599 3675 673 3723 12.
699 3675 824 3736 Ejus
843 3676 893 3723 in
917 3676 1162 3724 facienda
1183 3678 1519 3738 eleemosyna
1536 3675 1795 3724 studium.
1819 3702 1880 3711 —

254 3735 321 3801 i3.
351 3738 567 3786 Urbicus
610 3735 776 3785 abbas
812 3739 1023 3800 eligitur
1055 3738 1107 3786 in
1148 3741 1391 3787 Panorm.
1415 3735 1754 3801 episcopum.
1778 3739 1880 3786 Cur

252 3797 378 3848 hanc
409 3801 720 3848 electionem
762 3797 1028 3862 respuerit
1056 3801 1106 3849 S.
1139 3803 1441 3863 Gregorius.
1459 3797 1538 3836 ⁷-
1571 3797 1647 3850 lli.
1688 3801 1881 3863 Scribit

251 3867 421 3910 contra
451 3876 623 3926 nuper
661 3867 874 3911 exortes
915 3863 1093 3912 Romae
1129 3862 1354 3914 errores.
1393 3865 1512 3925 (An.
1543 3863 1636 3910 602
1666 3869 1717 3912 et
1745 3862 1878 3924 603.)

262 3960 304 4014 1.
332 3964 528 4016 Annus
563 3961 656 4016 hic
688 3962 1064 4031 pontificatus
1094 3967 1148 4017 S.
1181 3963 1440 4035 Gregorii
1475 3965 1734 4018 decimus
1768 3967 1880 4018 ter-

194 4048 298 4104 tius
317 4051 560 4124 insignis
582 4059 670 4106 est
697 4053 767 4106 ob
793 4051 1056 4106 Mauricii
1083 4055 1327 4122 Augusti
1354 4070 1552 4109 casum
1578 4054 1879 4124 ipsiusque

191 4154 248 4192 ac
279 4140 519 4196 filiorum
553 4142 795 4206 eadem,
839 4158 1064 4198 necnon
1107 4142 1311 4198 Phocae
1355 4143 1713 4200 centurionis
1746 4160 1878 4214 pro-

188 4231 485 4285 vectionem
517 4233 587 4284 ad
631 4231 962 4300 imperium.
1009 4234 1146 4288 Iram
1174 4233 1488 4305 odiumque
1531 4233 1783 4289 militum
1818 4234 1877 4288 in

189 4331 244 4370 se
281 4321 657 4374 concitaverat
694 4321 1024 4390 imperator,
1070 4320 1274 4376 nolens
1316 4321 1540 4378 modico
1584 4323 1762 4392 pretio
1795 4338 1882 4378 re-

190 4405 389 4464 dimere
429 4414 628 4478 captos
678 4409 748 4464 ab
780 4411 1081 4480 Avaribus,
1107 4428 1254 4482 quos
1303 4413 1527 4466 barbari
1574 4412 1876 4468 interfece-

1971 473 2058 522 est
2117 485 2182 522 ac
2232 469 2466 538 ipsimet
2515 474 2804 542 Augusto,
2859 476 2959 545 qui
3005 477 3190 535 fuerat
3237 481 3568 542 admonitus
3616 493 3682 543 ut

1970 562 2194 613 caveret
2226 559 2296 612 ab
2331 559 2570 614 homine
2615 561 2784 630 cujus
2829 580 3040 620 nomen
3075 586 3106 622 a
3137 570 3366 626 duabus
3398 573 3490 629 his
3522 574 3684 631 litte-

1973 648 2052 702 ris
2081 649 2152 717 ph
2183 649 2482 720 inciperet,
2515 654 2571 704 et
2602 651 2672 705 ab
2703 668 2767 707 eo
2793 669 2854 708 se
2885 657 3269 716 occidendum
3302 662 3499 719 sciret.

2041 741 2095 792 2.
2144 739 2351 792 Statim
2403 741 2736 809 suspicatus
2781 749 2868 798 est
2915 745 3231 805 Mauricius
3285 768 3318 806 a
3358 753 3677 827 Philippico

1972 829 2191 883 sororis
2223 846 2338 883 suae
2373 831 2580 885 marito
2614 832 2724 886 sibi
2757 832 3000 891 insidias
3035 843 3089 892 et
3122 855 3321 897 necem
3355 847 3571 914 parari.
3606 848 3680 903 At

1974 917 2032 971 in
2066 918 2286 972 somnis
2333 918 2477 974 vidit
2509 935 2566 975 se
2593 921 2772 989 judici
2803 923 3032 980 Christo
3072 929 3297 984 adstare
3341 947 3470 987 cum
3508 936 3681 992 turba

1976 1007 2228 1062 militum
2260 1010 2617 1078 captivorum
2653 1011 2845 1080 ipsum
2872 1017 3300 1085 accusantium,
3326 1021 3408 1074 uti
3443 1032 3681 1079 narrant

1974 1097 2288 1167 scriptores
2339 1098 2544 1165 Graeci,
2597 1116 2699 1157 nec
2743 1119 2901 1158 mora
2941 1107 3136 1164 statim
3162 1109 3396 1179 jussum
3431 1126 3578 1182 esse,
3613 1119 3679 1169 ut

1971 1201 2104 1242 cum
2139 1203 2313 1242 uxore
2345 1205 2449 1243 sua
2483 1195 2540 1243 et
2574 1188 2771 1246 liberis
2804 1198 3038 1266 totaque
3081 1197 3302 1253 familia
3333 1199 3535 1258 Phocus
3567 1203 3675 1258 mi-

1973 1275 2058 1328 liti
2082 1276 2467 1332 trucidandus
2494 1280 2836 1337 traderetur.
2861 1283 3310 1357 Expergefactus
3339 1288 3675 1361 imperator,

1973 1367 2172 1421 statim
2209 1367 2369 1422 misit
2397 1369 2492 1438 qui
2528 1369 2918 1442 Pbilippicum
2954 1375 3022 1429 ad
3058 1393 3119 1431 se
3153 1380 3555 1448 perducerent.
3579 1383 3678 1439 llle

1972 1457 2163 1510 vocari
2215 1472 2276 1511 se
2328 1462 2490 1512 nocte
2523 1459 2750 1527 videns,
2799 1469 3044 1522 mortem
3085 1467 3195 1520 sibi
3228 1467 3532 1526 imminere
3563 1489 3677 1528 non

1974 1544 2263 1599 dubitavit
2289 1564 2303 1612 ;
2329 1553 2566 1601 noverat
2584 1549 2740 1604 enim
2767 1567 2828 1606 se
2858 1554 3010 1623 apud
3039 1554 3449 1627 imperatorem
3469 1561 3529 1616 in
3553 1577 3682 1616 sus-

1973 1635 2262 1706 picionem
2287 1637 2603 1692 adductum
2629 1654 2773 1696 esse.
2799 1643 2866 1696 At
2889 1643 3193 1700 Mauricius
3215 1649 3410 1703 statim
3433 1651 3683 1708 acilium

1976 1725 2140 1793 vidit,
2191 1725 2260 1778 ad
2295 1726 2424 1795 ejus
2474 1729 2647 1796 pedes
2693 1730 3030 1798 provolutus
3079 1733 3208 1788 ait:
3260 1738 3476 1806 Ignosce
3521 1742 3679 1807 mihi,

1975 1815 2174 1886 frater,
2207 1831 2341 1885 quas
2371 1817 2468 1871 tibi
2513 1818 2790 1873 innocenti
2835 1823 3144 1877 calumnias
3183 1829 3234 1878 et
3271 1827 3683 1886 criminationes

1978 1906 2233 1976 imposui.
2270 1906 2407 1975 Rogo
2447 1911 2628 1962 autem
2667 1913 2724 1962 ut
2772 1912 2820 1964 si
2858 1926 3014 1979 quem
3063 1914 3122 1966 in
3167 1920 3412 1971 exercitu
3450 1920 3684 1976 militem

1976 1993 2211 2049 Phocum
2261 1995 2484 2050 nomine
2531 2001 2764 2065 noveris,
2819 1998 3025 2056 indices
3083 2003 3242 2059 mihi.
3286 2006 3440 2075 Novi,
3491 2008 3685 2081 inquit

1976 2082 2098 2151 Ille,
2131 2083 2442 2154 quemdam,
2487 2087 2582 2156 qui
2621 2088 2844 2156 pridem
2897 2091 2964 2144 ab
3013 2095 3262 2148 exercitu
3299 2099 3514 2166 missus,
3558 2116 3685 2154 cum

1973 2174 2255 2240 maiestate
2276 2179 2373 2227 tua
2394 2173 2662 2244 jurgavit.
2688 2174 2812 2230 Non
2835 2175 3122 2234 dubitavit
3144 2179 3461 2240 Mauricius
3492 2185 3681 2256 ipsum

1965 2277 2107 2316 .esse
2139 2278 2311 2332 quem
2347 2263 2405 2316 in
2437 2263 2662 2318 somnis
2690 2263 2932 2321 viderat.

2046 2353 2100 2404 3.
2137 2351 2256 2406 Sub
2288 2350 2349 2406 id
2394 2356 2622 2423 tempus
2656 2353 2882 2424 Petrus,
2922 2356 3284 2426 imperatoris
3328 2361 3524 2430 frater,
3555 2366 3682 2435 ejus

1969 2441 2147 2510 jussu
2179 2440 2344 2496 misit
2373 2440 2595 2496 litteras
2627 2443 2698 2497 ad
2742 2445 3084 2512 exercitum,
3123 2449 3335 2516 quibus
3362 2452 3683 2521 jubebatur

1979 2528 2196 2584 Istrum
2218 2529 2480 2598 trajicere
2499 2545 2564 2584 ac
2588 2530 2799 2586 ibidem
2829 2531 3128 2603 hyemare;
3147 2539 3299 2607 quod
3316 2555 3447 2595 cum
3469 2541 3686 2600 milites

1981 2618 2222 2673 moleste
2257 2618 2489 2684 ferrent,
2535 2619 2669 2690 quia
2718 2621 2786 2676 iis
2835 2621 2894 2676 in
2943 2622 3222 2694 hybernis
3266 2629 3504 2686 assidue
3547 2649 3681 2690 cum

1981 2707 2239 2763 barbaris
2269 2714 2389 2762 erat
2438 2707 2839 2778 praeliandum,
2891 2721 3187 2782 coeperunt
3231 2716 3300 2772 de
3330 2734 3474 2774 novo
3503 2719 3684 2793 impe—

1980 2802 2169 2852 ratore
2200 2797 2444 2852 creando
2476 2813 2665 2868 agere,
2702 2816 2949 2870 moxque
2979 2801 3231 2860 Phocum
3258 2810 3679 2882 centurionem,

1981 2901 2155 2956 quem
2207 2887 2488 2941 audacem
2547 2893 2844 2955 noverant,
2897 2906 3071 2961 super
3123 2898 3354 2950 scutum
3408 2897 3477 2951 de
3521 2916 3681 2958 more

1979 2975 2287 3042 elevantes,
2322 2974 2727 3044 imperatorem
2777 2978 3175 3035 acclamarunt
3215 2983 3681 3059 salutaruutque.

1984 3061 2086 3116 llis
2117 3062 2353 3129 auditis,
2385 3066 2614 3134 Petrus,
2656 3064 2961 3120 confestim
2994 3065 3558 3142 Constantinopolim
3593 3093 3686 3132 ve-

1906 3132 1947 3198 C
1989 3152 2179 3217 niens,
2201 3168 2401 3206 eorum
2426 3152 2725 3208 certiorem
2753 3153 2904 3221 fecit,
2930 3155 3363 3226 imperatorem.
3385 3132 3488 3232 qui
3513 3166 3686 3234 paqu

1987 3249 2118 3312 post
2162 3257 2364 3296 navem
2415 3242 2753 3298 conscendit
2797 3261 2929 3298 cum
2983 3261 3160 3302 uxore
3209 3264 3275 3303 ac
3323 3249 3556 3320 liberis;
3591 3255 3691 3311 sed

1986 3332 2329 3401 tempestate
2360 3331 2649 3402 repulsus,
2691 3332 2920 3390 delatus
2960 3343 3044 3390 est
3075 3337 3146 3391 ad
3181 3337 3238 3394 S.
3271 3339 3688 3411 Autonomum,

1986 3421 2309 3493 eademque
2342 3427 2507 3478 nocte
2555 3425 2818 3495 podagras
2870 3424 3168 3481 doloribus
3208 3436 3528 3504 correptus,
3559 3451 3688 3506 quin

1989 3510 2096 3565 fuit
2131 3528 2304 3580 grave
2337 3512 2482 3583 fuga:
2524 3512 3017 3582 impedimentum.

2060 3600 2297 3656 Interim
2331 3603 2670 3673 Byzantium
2699 3603 2925 3659 advolat
2948 3622 3128 3662 novus
3159 3608 3494 3680 imperator,
3530 3629 3689 3670 cum-

1989 3705 2098 3761 que
2142 3691 2259 3760 iam
2312 3691 2669 3761 pervenisset
2716 3692 2785 3746 ad
2837 3693 3222 3768 Hebdomum,
3274 3698 3408 3754 facti
3455 3707 3593 3758 sunt
3640 3703 3691 3761 ei

1987 3781 2213 3835 obviam
2262 3781 2586 3852 patriarcha
2629 3786 3016 3854 senatusque;
3071 3802 3203 3841 mox
3240 3789 3442 3845 urbem
3475 3794 3689 3865 regiam

1985 3871 2285 3940 ingressus
2317 3870 2572 3940 insignia
2619 3872 2874 3941 sumpsit
2919 3874 3308 3944 imperatoria.
3347 3879 3526 3937 Biduo
3564 3892 3692 3953 post

1987 3976 2160 4014 curru
2196 3960 2473 4016 advectus
2505 3960 2896 4031 imperatorio,
2919 3963 3076 4018 venit
3104 3965 3162 4020 iu
3194 3967 3411 4036 regiam
3440 3993 3454 4037 ;
3484 3972 3690 4041 quinta

1986 4066 2119 4106 vero
2160 4050 2253 4106 die
2304 4050 2597 4106 Leontiam
2651 4067 2889 4106 uxorem
2931 4068 3141 4108 corona
3187 4054 3478 4126 imposita,
3534 4062 3688 4118 800

1988 4144 2307 4212 Augustam
2361 4140 2776 4210 pronuntiavit.
2825 4143 2904 4197 Ad
2952 4142 3149 4199 Phocea
3191 4145 3500 4203 adventum
3536 4151 3687 4207 cele-

1987 4231 2275 4287 brandum
2309 4230 2466 4286 edita
2496 4237 2627 4285 sunt
2659 4229 2910 4300 plurima
2946 4234 3296 4304 spectacula.
3329 4235 3590 4309 Cumque
3620 4242 3689 4297 de

1987 4337 2199 4392 pompa
2221 4325 2276 4375 et
2297 4318 2541 4375 solemni
2565 4324 2844 4391 apparatu
2869 4321 2938 4376 ad
2963 4322 3361 4398 excipiendam
3388 4327 3685 4386 Leontiam

1985 4409 2417 4477 deliberaretur,
2452 4409 2672 4464 deloco
2704 4410 2972 4466 stationis
3001 4412 3152 4468 inter
3183 4413 3430 4472 Venetos
3459 4424 3515 4474 et
3547 4421 3687 4477 Pra-

187 4504 348 4563 runt;
382 4500 499 4554 sive
528 4499 582 4553 id
632 4500 884 4554 avaritias
917 4516 1094 4557 causa
1126 4502 1366 4569 factum,
1401 4506 1464 4556 ut
1495 4503 1664 4573 vulgo
1697 4504 1882 4557 crcdi-
1915 4502 1960 4568 D
1991 4502 2151 4557 sinos
2181 4501 2330 4570 (dua:
2363 4505 2528 4554 erant
2569 4499 2866 4570 factiones)
2897 4506 3022 4556 orta
3061 4505 3450 4574 contentione,
3483 4508 3686 4567 Veneti

191 4590 297 4654 tur,
360 4590 475 4643 sive
533 4588 774 4644 voluerit
826 4606 923 4646 eos
987 4590 1183 4645 hostili
1241 4591 1436 4662 gladio
1487 4593 1690 4662 perire,
1743 4594 1878 4663 quia

191 4677 514 4734 seditionem
537 4681 813 4735 fecerant.
836 4681 961 4749 Ipse
983 4697 1115 4736 vero
1134 4683 1277 4736 tanti
1301 4682 1565 4738 criminis
1583 4686 1879 4740 conscien-

189 4765 316 4821 tiam
355 4773 691 4840 pondusque
727 4769 950 4825 diutius
993 4771 1133 4827 ferre
1163 4789 1278 4827 non
1313 4772 1529 4838 valens,
1567 4773 1875 4829 Dominum

193 4863 440 4923 precatus
471 4864 559 4914 est
608 4864 672 4913 ut
702 4859 805 4913 hac
849 4861 906 4913 in
939 4860 1054 4915 vita
1093 4862 1318 4917 debitas
1350 4862 1457 4915 sibi
1499 4879 1696 4932 pmnas
1723 4864 1879 4918 infli-

193 4953 352 5016 geret,
373 4950 722 5020 internisque
744 4950 1051 5021 suppliciis
1083 4968 1143 5006 se
1167 4968 1280 5008 non
1307 4958 1642 5009 reservaret.
1669 4953 1875 5010 Postu-

197 5032 317 5091 lavit
363 5048 552 5096 autem
605 5040 676 5094 ab
727 5039 998 5096 omnibus
1045 5042 1386 5111 patriarchis
1434 5043 1874 5114 monachisque,

193 5127 420 5184 maxime
483 5128 1014 5200 Jerosolymilanis,
1070 5138 1130 5185 ut
1179 5132 1379 5186 eadem
1437 5132 1875 5202 quoqueaDeo

196 5216 303 5272 suis
358 5219 621 5289 precibus
679 5233 914 5274 exorare
971 5224 1320 5290 satagerent.
1377 5221 1519 5276 Vota
1569 5238 1636 5276 ex
1684 5223 1875 5278 animo

259 5380 444 5454 (a)Alii_
460 5379 1068 5454 dicguntquinque,a1ii
1087 5384 1316 5436 tantum
1336 5383 1542 5437 tres.In
1564 5383 1873 5454 fragment,

197 5461 225 5498 a
252 5451 403 5504 nobis
435 5452 669 5507 laudato
700 5451 1088 5508 inter’occisos
1121 5461 1458 5508 numeratur
1481 5451 1875 5512 Tbeodiosiuso

198 5519 280 5595 qui
306 5523 418 5589 jam
453 5525 640 5578 Caesar
667 5525 872 5595 fuerat
916 5541 947 5578 a
980 5529 1140 5595 patre
1187 5526 1574 5580 renuntiatus.
1608 5527 1877 5584 Abfuisse

199 5594 371 5668 tamen
404 5596 632 5668 quando
663 5594 783 5649 haec
807 5601 964 5666 gesta
983 5594 1142 5664 sunt,
1175 5597 1426 5667 vulgaris
1457 5603 1541 5652 est
1561 5599 1870 5668 sententia,

199 5665 316 5742 quia
349 5665 558 5722 missus
598 5667 788 5742 fuerat
816 5665 850 5722 a
881 5668 1154 5723 Mauricio
1203 5665 1633 5742 ad‘Persarumg
1659 5665 1871 5742 regem,

201 5735 308 5802 ejus
329 5754 490 5809 opem
516 5739 957 5809 postulaturus:
992 5741 1380 5812 eamdemque
1402 5743 1566 5799 aiunt
1589 5735 1792 5802 Nicasvte
1813 5735 1871 5798 in

1986 4591 2058 4645 ab
2088 4590 2316 4645 aemulis
2349 4589 2499 4646 male
2525 4589 2711 4646 habiti
2738 4590 3069 4647 clamarunt
3101 4611 3114 4649 :
3149 4593 3337 4651 Adhuc
3361 4597 3504 4665 [vivit
3533 4601 3686 4657 Μααο

1979 4679 2184 4748 ricius,
2205 4695 2377 4750 quem
2403 4679 2654 4734 Prasinis
2677 4680 2967 4735 infensum
2991 4681 3271 4738 sciebant.
3295 4684 3393 4740 His
3417 4691 3684 4758 cognitis,

1985 4769 2206 4824 Phocas
2241 4769 2440 4824 missis
2469 4769 2753 4824 militibus
2777 4771 2960 4840 jussit
2989 4773 3197 4828 adduci
3233 4774 3578 4833 Mauricium
3613 4782 3682 4834 ad

1985 4858 2242 4929 EutrOpii
2277 4863 2529 4928 portum,
2555 4859 2652 4915 ubi
2688 4867 2818 4915 ante
2851 4862 3051 4916 oculos
3081 4863 3208 4931 ejus
3233 4865 3482 4934 primum
3508 4867 3684 4923 inter-

1983 4949 2114 5003 fecti
2156 4953 2292 5003 sunt
2324 4948 2452 5018 ejus
2493 4949 2571 5019 (a)
2614 4947 2740 5014 lilii,
2785 4953 2946 5019 patre
2985 4950 3216 5005 interim
3258 4951 3376 5008 hanc
3416 4954 3683 5012 Davidica

1985 5042 2304 5109 usurpante
2331 5055 2343 5092 :
2368 5042 2560 5094 Justus
2583 5054 2657 5106 es,
2679 5039 2923 5108 Domine,
2942 5045 2996 5093 et
3017 5043 3222 5095 rectum
3236 5040 3505 5110 judicium
3530 5048 3685 5102 tuum

1984 5129 2133 5200 (Psa.
2169 5145 2356 5196 cxvttt,
2380 5129 2522 5198 13⁸7).
2546 5131 2695 5192 Quin
2727 5129 2900 5183 etiam
2942 5145 3072 5184 cum
3117 5128 3240 5184 loco
3271 5135 3406 5186 natu
3443 5132 3683 5194 minoris

1985 5217 2174 5275 adhuc
2223 5218 2489 5273 lactentis
2541 5217 2736 5273 nutrix
2786 5217 3086 5288 pr0prium
3138 5216 3319 5273 ﬁlium
3354 5221 3683 5297 obtulisset,

1985 5383 2257 5455 Bythinia
2312 5386 2510 5455 postea
2547 5381 3048 5455 comprehensum
3109 5383 3295 5453 capite
3347 5388 3680 5443 truncatum

1983 5452 2129 5510 esse.
2183 5452 2811 5524 Sed’Theophylactus
2874 5452 3193 5528 Simocatta
3245 5455 3492 5526 scriptor
3541 5475 3685 5528 pene

1985 5541 2231 5606 coaevus,
2250 5540 2420 5606 quem
2436 5525 3001 5606 _prop't_erea_ca3_teris
3031 5526 3305 5606 duximus
3327 5525 3681 5606 anteponen-

1983 5599 2147 5662 dum,
2177 5596 2385 5651 diserte
2416 5596 2551 5651 dicit
2582 5596 2974 5669 Theodosium
3009 5614 3042 5652 a
3072 5613 3175 5653 sua
3206 5596 3488 5669 legatione
3517 5617 3681 5657 revo-

1983 5674 2175 5726 catum
2209 5685 2241 5723 a
2275 5672 2435 5738 patre
2465 5668 2737 5724 Mauricio
2771 5669 2839 5723 ad
2871 5668 3543 5739 mactationemad/uisse.
