  <div class='ocr_page' id='page_1' title='image "/cluster/home/n/w/nwhite01/storage/ocr_20150623/75/hvd.32044054758800/231.png"; bbox 0 0 4086 6166; ppageno 0'>
   <div class='ocr_carea' id='block_1_1' title="bbox 429 217 542 276">
    <p class='ocr_par' dir='ltr' id='par_1_1' title="bbox 429 217 542 276">
     <span class='ocr_line' id='line_1_1' title="bbox 429 217 542 276; baseline 0.018 -2"><span class='ocrx_word' id='word_1_1' title='bbox 429 217 542 276; x_wconf 76' lang='grc'><strong>451</strong></span> 
     </span>
    </p>
   </div>
   <div class='ocr_carea' id='block_1_2' title="bbox 865 211 3504 281">
    <p class='ocr_par' dir='ltr' id='par_1_2' title="bbox 865 211 3504 281">
     <span class='ocr_line' id='line_1_2' title="bbox 865 211 3504 281; baseline 0.002 -5"><span class='ocrx_word' id='word_1_2' title='bbox 865 216 929 277; x_wconf 90' lang='lat' dir='ltr'><strong>S.</strong></span> <span class='ocrx_word' id='word_1_3' title='bbox 977 211 1354 275; x_wconf 77' lang='lat' dir='ltr'><strong>GREGOBII</strong></span> <span class='ocrx_word' id='word_1_4' title='bbox 1399 211 1657 274; x_wconf 83' lang='lat' dir='ltr'><strong>MAGNI</strong></span> <span class='ocrx_word' id='word_1_5' title='bbox 1698 213 1907 279; x_wconf 81' lang='lat' dir='ltr'><strong>VITA.</strong></span> <span class='ocrx_word' id='word_1_6' title='bbox 1959 213 2056 272; x_wconf 85' lang='lat' dir='ltr'><strong>EX</strong></span> <span class='ocrx_word' id='word_1_7' title='bbox 2103 212 2287 274; x_wconf 82' lang='lat' dir='ltr'><strong>EJUS</strong></span> <span class='ocrx_word' id='word_1_8' title='bbox 2331 211 2678 275; x_wconf 71' lang='lat' dir='ltr'><strong>SCRIPTIS</strong></span> <span class='ocrx_word' id='word_1_9' title='bbox 2726 213 3177 273; x_wconf 78' lang='lat' dir='ltr'><strong>ADOBNATA.</strong></span> <span class='ocrx_word' id='word_1_10' title='bbox 3225 213 3371 276; x_wconf 86' lang='lat' dir='ltr'><strong>LIB.</strong></span> <span class='ocrx_word' id='word_1_11' title='bbox 3412 219 3504 281; x_wconf 86' lang='lat' dir='ltr'><strong>IV.</strong></span> 
     </span>
    </p>
   </div>
   <div class='ocr_carea' id='block_1_3' title="bbox 3764 227 3859 287">
    <p class='ocr_par' dir='ltr' id='par_1_3' title="bbox 3764 227 3859 287">
     <span class='ocr_line' id='line_1_3' title="bbox 3764 227 3859 287; baseline 0.021 -2"><span class='ocrx_word' id='word_1_12' title='bbox 3764 227 3859 287; x_wconf 61' lang='lat'><strong>453</strong></span> 
     </span>
    </p>
   </div>
   <div class='ocr_carea' id='block_1_4' title="bbox 429 344 3862 421">
    <p class='ocr_par' dir='ltr' id='par_1_4' title="bbox 429 344 3862 421">
     <span class='ocr_line' id='line_1_4' title="bbox 429 344 3862 421; baseline 0.003 -15"><span class='ocrx_word' id='word_1_13' title='bbox 429 348 743 406; x_wconf 71' lang='lat' dir='ltr'><strong>Mauricius</strong></span> <span class='ocrx_word' id='word_1_14' title='bbox 770 347 1054 404; x_wconf 79' lang='lat' dir='ltr'><strong>infantem</strong></span> <span class='ocrx_word' id='word_1_15' title='bbox 1088 346 1359 418; x_wconf 89' lang='lat' dir='ltr'><strong>prodidit.</strong></span> <span class='ocrx_word' id='word_1_16' title='bbox 1383 345 1598 402; x_wconf 89' lang='lat' dir='ltr'><strong>Eadem</strong></span> <span class='ocrx_word' id='word_1_17' title='bbox 1625 344 1955 401; x_wconf 74' lang='lat' dir='ltr'><strong>constantia</strong></span> <span class='ocrx_word' id='word_1_18' title='bbox 1977 361 2129 401; x_wconf 90' lang='lat' dir='ltr'><strong>mor-</strong></span> <span class='ocrx_word' id='word_1_19' title='bbox 2157 348 2213 416; x_wconf 75' lang='grc' dir='ltr'><strong>Α</strong></span> <span class='ocrx_word' id='word_1_20' title='bbox 2239 349 2436 402; x_wconf 89' lang='lat' dir='ltr'><strong>tamen</strong></span> <span class='ocrx_word' id='word_1_21' title='bbox 2493 346 2622 418; x_wconf 87' lang='lat' dir='ltr'><strong>ejus</strong></span> <span class='ocrx_word' id='word_1_22' title='bbox 2672 345 2935 421; x_wconf 86' lang='lat' dir='ltr'><strong>nomine)</strong></span> <span class='ocrx_word' id='word_1_23' title='bbox 2983 345 3247 403; x_wconf 88' lang='lat' dir='ltr'><strong>scribens</strong></span> <span class='ocrx_word' id='word_1_24' title='bbox 3293 348 3363 405; x_wconf 92' lang='lat' dir='ltr'><strong>ad</strong></span> <span class='ocrx_word' id='word_1_25' title='bbox 3405 349 3624 411; x_wconf 83' lang='lat' dir='ltr'><strong>Phocarn</strong></span> <span class='ocrx_word' id='word_1_26' title='bbox 3675 363 3764 414; x_wconf 86' lang='lat' dir='ltr'><strong>aut</strong></span> <span class='ocrx_word' id='word_1_27' title='bbox 3802 359 3862 414; x_wconf 87' lang='lat' dir='ltr'><strong>ad</strong></span> 
     </span>
    </p>
   </div>
   <div class='ocr_carea' id='block_1_5' title="bbox 431 434 2130 510">
    <p class='ocr_par' dir='ltr' id='par_1_5' title="bbox 431 434 2130 510">
     <span class='ocr_line' id='line_1_5' title="bbox 431 434 2130 510; baseline -0.002 -15"><span class='ocrx_word' id='word_1_28' title='bbox 431 442 547 496; x_wconf 86' lang='lat' dir='ltr'><strong>tem</strong></span> <span class='ocrx_word' id='word_1_29' title='bbox 598 438 856 510; x_wconf 86' lang='lat' dir='ltr'><strong>excepit;</strong></span> <span class='ocrx_word' id='word_1_30' title='bbox 900 437 1103 508; x_wconf 91' lang='lat' dir='ltr'><strong>sicque</strong></span> <span class='ocrx_word' id='word_1_31' title='bbox 1159 436 1398 493; x_wconf 86' lang='lat' dir='ltr'><strong>calicem</strong></span> <span class='ocrx_word' id='word_1_32' title='bbox 1434 435 1535 491; x_wconf 71' lang='lat' dir='ltr'><strong>ira:</strong></span> <span class='ocrx_word' id='word_1_33' title='bbox 1581 434 1683 491; x_wconf 88' lang='lat' dir='ltr'><strong>Dei</strong></span> <span class='ocrx_word' id='word_1_34' title='bbox 1733 434 2017 491; x_wconf 83' lang='lat' dir='ltr'><strong>convertit</strong></span> <span class='ocrx_word' id='word_1_35' title='bbox 2074 435 2130 491; x_wconf 92' lang='lat' dir='ltr'><strong>in</strong></span> 
     </span>
    </p>
   </div>
   <div class='ocr_carea' id='block_1_6' title="bbox 430 524 2134 599">
    <p class='ocr_par' dir='ltr' id='par_1_6' title="bbox 430 524 2134 599">
     <span class='ocr_line' id='line_1_6' title="bbox 430 524 2134 599; baseline -0.002 -15"><span class='ocrx_word' id='word_1_36' title='bbox 430 529 728 585; x_wconf 66' lang='lat' dir='ltr'><strong>medicinae</strong></span> <span class='ocrx_word' id='word_1_37' title='bbox 758 527 1057 599; x_wconf 86' lang='lat' dir='ltr'><strong>poculum,</strong></span> <span class='ocrx_word' id='word_1_38' title='bbox 1093 525 1247 597; x_wconf 93' lang='lat' dir='ltr'><strong>quod</strong></span> <span class='ocrx_word' id='word_1_39' title='bbox 1279 524 1389 596; x_wconf 86' lang='lat' dir='ltr'><strong>ipsi</strong></span> <span class='ocrx_word' id='word_1_40' title='bbox 1421 524 1492 580; x_wconf 92' lang='lat' dir='ltr'><strong>ad</strong></span> <span class='ocrx_word' id='word_1_41' title='bbox 1526 527 1892 596; x_wconf 80' lang='lat' dir='ltr'><strong>peccatorum</strong></span> <span class='ocrx_word' id='word_1_42' title='bbox 1924 540 2134 596; x_wconf 83' lang='lat' dir='ltr'><strong>purga-</strong></span> 
     </span>
    </p>
   </div>
   <div class='ocr_carea' id='block_1_7' title="bbox 429 615 2134 689">
    <p class='ocr_par' dir='ltr' id='par_1_7' title="bbox 429 615 2134 689">
     <span class='ocr_line' id='line_1_7' title="bbox 429 615 2134 689; baseline -0.002 -15"><span class='ocrx_word' id='word_1_43' title='bbox 429 621 668 689; x_wconf 84' lang='lat' dir='ltr'><strong>tionem,</strong></span> <span class='ocrx_word' id='word_1_44' title='bbox 702 622 759 674; x_wconf 90' lang='lat' dir='ltr'><strong>et</strong></span> <span class='ocrx_word' id='word_1_45' title='bbox 786 619 858 673; x_wconf 90' lang='lat' dir='ltr'><strong>ad</strong></span> <span class='ocrx_word' id='word_1_46' title='bbox 892 617 1208 689; x_wconf 77' lang='lat' dir='ltr'><strong>perfectam</strong></span> <span class='ocrx_word' id='word_1_47' title='bbox 1251 615 1464 670; x_wconf 69' lang='lat' dir='ltr'><strong>animm</strong></span> <span class='ocrx_word' id='word_1_48' title='bbox 1493 615 1742 671; x_wconf 89' lang='lat' dir='ltr'><strong>salutem</strong></span> <span class='ocrx_word' id='word_1_49' title='bbox 1779 630 2134 686; x_wconf 85' lang='lat' dir='ltr'><strong>consequen-</strong></span> 
     </span>
    </p>
   </div>
   <div class='ocr_carea' id='block_1_8' title="bbox 430 704 2132 781">
    <p class='ocr_par' dir='ltr' id='par_1_8' title="bbox 430 704 2132 781">
     <span class='ocr_line' id='line_1_8' title="bbox 430 704 2132 781; baseline -0.003 -16"><span class='ocrx_word' id='word_1_50' title='bbox 430 710 562 766; x_wconf 90' lang='lat' dir='ltr'><strong>dam</strong></span> <span class='ocrx_word' id='word_1_51' title='bbox 610 708 847 781; x_wconf 81' lang='lat' dir='ltr'><strong>profuit.</strong></span> <span class='ocrx_word' id='word_1_52' title='bbox 897 704 1340 762; x_wconf 90' lang='lat' dir='ltr'><strong>Constantinam</strong></span> <span class='ocrx_word' id='word_1_53' title='bbox 1391 707 1715 776; x_wconf 79' lang='lat' dir='ltr'><strong>Augustam</strong></span> <span class='ocrx_word' id='word_1_54' title='bbox 1760 721 1894 760; x_wconf 91' lang='lat' dir='ltr'><strong>cum</strong></span> <span class='ocrx_word' id='word_1_55' title='bbox 1941 705 2132 760; x_wconf 91' lang='lat' dir='ltr'><strong>tribus</strong></span> 
     </span>
    </p>
   </div>
   <div class='ocr_carea' id='block_1_9' title="bbox 429 795 2132 868">
    <p class='ocr_par' dir='ltr' id='par_1_9' title="bbox 429 795 2132 868">
     <span class='ocr_line' id='line_1_9' title="bbox 429 795 2132 868; baseline -0.002 -12"><span class='ocrx_word' id='word_1_56' title='bbox 429 800 686 866; x_wconf 87' lang='lat' dir='ltr'><strong>ﬁliabus,</strong></span> <span class='ocrx_word' id='word_1_57' title='bbox 727 799 785 854; x_wconf 93' lang='lat' dir='ltr'><strong>in</strong></span> <span class='ocrx_word' id='word_1_58' title='bbox 818 798 1100 868; x_wconf 87' lang='lat' dir='ltr'><strong>privatam</strong></span> <span class='ocrx_word' id='word_1_59' title='bbox 1133 797 1374 851; x_wconf 89' lang='lat' dir='ltr'><strong>domum</strong></span> <span class='ocrx_word' id='word_1_60' title='bbox 1413 795 1615 851; x_wconf 89' lang='lat' dir='ltr'><strong>Leonis</strong></span> <span class='ocrx_word' id='word_1_61' title='bbox 1647 795 1865 852; x_wconf 87' lang='lat' dir='ltr'><strong>dictam</strong></span> <span class='ocrx_word' id='word_1_62' title='bbox 1897 796 2132 853; x_wconf 88' lang='lat' dir='ltr'><strong>inclusit</strong></span> 
     </span>
    </p>
   </div>
   <div class='ocr_carea' id='block_1_10' title="bbox 427 886 2130 964">
    <p class='ocr_par' dir='ltr' id='par_1_10' title="bbox 427 886 2130 964">
     <span class='ocr_line' id='line_1_10' title="bbox 427 886 2130 964; baseline -0.002 -18"><span class='ocrx_word' id='word_1_63' title='bbox 427 895 728 964; x_wconf 82' lang='lat' dir='ltr'><strong>tyrannus,</strong></span> <span class='ocrx_word' id='word_1_64' title='bbox 773 889 854 942; x_wconf 86' lang='lat' dir='ltr'><strong>uti</strong></span> <span class='ocrx_word' id='word_1_65' title='bbox 887 891 1087 943; x_wconf 90' lang='lat' dir='ltr'><strong>narrat</strong></span> <span class='ocrx_word' id='word_1_66' title='bbox 1122 886 1438 942; x_wconf 85' lang='lat' dir='ltr'><strong>Simocatta</strong></span> <span class='ocrx_word' id='word_1_67' title='bbox 1476 886 1576 941; x_wconf 92' lang='lat' dir='ltr'><strong>lib.</strong></span> <span class='ocrx_word' id='word_1_68' title='bbox 1619 903 1738 955; x_wconf 88' lang='lat' dir='ltr'><strong>vm,</strong></span> <span class='ocrx_word' id='word_1_69' title='bbox 1772 903 1821 942; x_wconf 90' lang='lat' dir='ltr'><strong>c.</strong></span> <span class='ocrx_word' id='word_1_70' title='bbox 1866 888 1952 953; x_wconf 91' lang='grc'><strong>15,</strong></span> <span class='ocrx_word' id='word_1_71' title='bbox 1985 903 2130 958; x_wconf 87' lang='lat' dir='ltr'><strong>quas</strong></span> 
     </span>
    </p>
   </div>
   <div class='ocr_carea' id='block_1_11' title="bbox 427 976 2130 1049">
    <p class='ocr_par' dir='ltr' id='par_1_11' title="bbox 427 976 2130 1049">
     <span class='ocr_line' id='line_1_11' title="bbox 427 976 2130 1049; baseline -0.002 -14"><span class='ocrx_word' id='word_1_72' title='bbox 427 984 621 1035; x_wconf 89' lang='lat' dir='ltr'><strong>tamen</strong></span> <span class='ocrx_word' id='word_1_73' title='bbox 655 977 872 1049; x_wconf 88' lang='lat' dir='ltr'><strong>elapsis</strong></span> <span class='ocrx_word' id='word_1_74' title='bbox 920 978 1124 1049; x_wconf 88' lang='lat' dir='ltr'><strong>paucis</strong></span> <span class='ocrx_word' id='word_1_75' title='bbox 1174 977 1480 1032; x_wconf 87' lang='lat' dir='ltr'><strong>mensibus</strong></span> <span class='ocrx_word' id='word_1_76' title='bbox 1531 977 1778 1033; x_wconf 87' lang='lat' dir='ltr'><strong>interﬁci</strong></span> <span class='ocrx_word' id='word_1_77' title='bbox 1802 979 2002 1048; x_wconf 87' lang='lat' dir='ltr'><strong>jussas</strong></span> <span class='ocrx_word' id='word_1_78' title='bbox 2033 976 2130 1032; x_wconf 88' lang='lat' dir='ltr'><strong>alii</strong></span> 
     </span>
    </p>
   </div>
   <div class='ocr_carea' id='block_1_12' title="bbox 425 1066 2128 1139">
    <p class='ocr_par' dir='ltr' id='par_1_12' title="bbox 425 1066 2128 1139">
     <span class='ocr_line' id='line_1_12' title="bbox 425 1066 2128 1139; baseline -0.002 -14"><span class='ocrx_word' id='word_1_79' title='bbox 425 1069 684 1127; x_wconf 89' lang='lat' dir='ltr'><strong>referunt</strong></span> <span class='ocrx_word' id='word_1_80' title='bbox 713 1068 1046 1139; x_wconf 89' lang='lat' dir='ltr'><strong>scriptores.</strong></span> <span class='ocrx_word' id='word_1_81' title='bbox 1081 1067 1333 1134; x_wconf 88' lang='lat' dir='ltr'><strong>Petrum,</strong></span> <span class='ocrx_word' id='word_1_82' title='bbox 1363 1066 1623 1123; x_wconf 86' lang='lat' dir='ltr'><strong>Mauricii</strong></span> <span class='ocrx_word' id='word_1_83' title='bbox 1653 1066 1910 1132; x_wconf 84' lang='lat' dir='ltr'><strong>fratrem,</strong></span> <span class='ocrx_word' id='word_1_84' title='bbox 1943 1072 2000 1123; x_wconf 90' lang='lat' dir='ltr'><strong>et</strong></span> <span class='ocrx_word' id='word_1_85' title='bbox 2019 1067 2128 1122; x_wconf 89' lang='lat' dir='ltr'><strong>ali-</strong></span> 
     </span>
    </p>
   </div>
   <div class='ocr_carea' id='block_1_13' title="bbox 427 1157 2131 1234">
    <p class='ocr_par' dir='ltr' id='par_1_13' title="bbox 427 1157 2131 1234">
     <span class='ocr_line' id='line_1_13' title="bbox 427 1157 2131 1234; baseline -0.003 -17"><span class='ocrx_word' id='word_1_86' title='bbox 427 1177 574 1234; x_wconf 90' lang='lat' dir='ltr'><strong>quos</strong></span> <span class='ocrx_word' id='word_1_87' title='bbox 595 1174 902 1232; x_wconf 86' lang='lat' dir='ltr'><strong>procerum</strong></span> <span class='ocrx_word' id='word_1_88' title='bbox 926 1157 1098 1215; x_wconf 81' lang='lat' dir='ltr'><strong>simul</strong></span> <span class='ocrx_word' id='word_1_89' title='bbox 1130 1159 1468 1214; x_wconf 82' lang='lat' dir='ltr'><strong>interfectos</strong></span> <span class='ocrx_word' id='word_1_90' title='bbox 1500 1173 1629 1214; x_wconf 91' lang='lat' dir='ltr'><strong>esse</strong></span> <span class='ocrx_word' id='word_1_91' title='bbox 1658 1159 1828 1214; x_wconf 87' lang='lat' dir='ltr'><strong>docet</strong></span> <span class='ocrx_word' id='word_1_92' title='bbox 1849 1158 2131 1228; x_wconf 81' lang='lat' dir='ltr'><strong>fragmen-</strong></span> 
     </span>
    </p>
   </div>
   <div class='ocr_carea' id='block_1_14' title="bbox 426 1248 2133 1316">
    <p class='ocr_par' dir='ltr' id='par_1_14' title="bbox 426 1248 2133 1316">
     <span class='ocr_line' id='line_1_14' title="bbox 426 1248 2133 1316; baseline -0.002 -8"><span class='ocrx_word' id='word_1_93' title='bbox 426 1256 554 1308; x_wconf 92' lang='lat' dir='ltr'><strong>tum</strong></span> <span class='ocrx_word' id='word_1_94' title='bbox 577 1252 647 1308; x_wconf 89' lang='lat' dir='ltr'><strong>de</strong></span> <span class='ocrx_word' id='word_1_95' title='bbox 671 1253 862 1308; x_wconf 90' lang='lat' dir='ltr'><strong>Pboca</strong></span> <span class='ocrx_word' id='word_1_96' title='bbox 878 1254 1185 1316; x_wconf 90' lang='lat' dir='ltr'><strong>coronato;</strong></span> <span class='ocrx_word' id='word_1_97' title='bbox 1215 1251 1366 1305; x_wconf 90' lang='lat' dir='ltr'><strong>unde</strong></span> <span class='ocrx_word' id='word_1_98' title='bbox 1387 1249 1559 1305; x_wconf 85' lang='lat' dir='ltr'><strong>etiam</strong></span> <span class='ocrx_word' id='word_1_99' title='bbox 1586 1248 1869 1305; x_wconf 84' lang='lat' dir='ltr'><strong>habemus</strong></span> <span class='ocrx_word' id='word_1_100' title='bbox 1893 1248 2133 1305; x_wconf 89' lang='lat' dir='ltr'><strong>nomina</strong></span> 
     </span>
    </p>
   </div>
   <div class='ocr_carea' id='block_1_15' title="bbox 426 1338 2131 1414">
    <p class='ocr_par' dir='ltr' id='par_1_15' title="bbox 426 1338 2131 1414">
     <span class='ocr_line' id='line_1_15' title="bbox 426 1338 2131 1414; baseline -0.002 -17"><span class='ocrx_word' id='word_1_101' title='bbox 426 1341 683 1414; x_wconf 91' lang='lat' dir='ltr'><strong>quinque</strong></span> <span class='ocrx_word' id='word_1_102' title='bbox 733 1340 988 1397; x_wconf 88' lang='lat' dir='ltr'><strong>ﬁliorum</strong></span> <span class='ocrx_word' id='word_1_103' title='bbox 1039 1338 1432 1411; x_wconf 85' lang='lat' dir='ltr'><strong>imperatoris,</strong></span> <span class='ocrx_word' id='word_1_104' title='bbox 1482 1341 1538 1392; x_wconf 90' lang='lat' dir='ltr'><strong>et</strong></span> <span class='ocrx_word' id='word_1_105' title='bbox 1586 1346 1818 1410; x_wconf 89' lang='lat' dir='ltr'><strong>tempus</strong></span> <span class='ocrx_word' id='word_1_106' title='bbox 1866 1354 1978 1409; x_wconf 93' lang='lat' dir='ltr'><strong>quo</strong></span> <span class='ocrx_word' id='word_1_107' title='bbox 2017 1339 2131 1394; x_wconf 89' lang='lat' dir='ltr'><strong>ista</strong></span> 
     </span>
    </p>
   </div>
   <div class='ocr_carea' id='block_1_16' title="bbox 424 1427 2017 1504">
    <p class='ocr_par' dir='ltr' id='par_1_16' title="bbox 424 1427 2017 1504">
     <span class='ocr_line' id='line_1_16' title="bbox 424 1427 2017 1504; baseline -0.003 -17"><span class='ocrx_word' id='word_1_108' title='bbox 424 1431 814 1504; x_wconf 85' lang='lat' dir='ltr'><strong>contigerunt,</strong></span> <span class='ocrx_word' id='word_1_109' title='bbox 844 1429 1064 1485; x_wconf 89' lang='lat' dir='ltr'><strong>scilicet</strong></span> <span class='ocrx_word' id='word_1_110' title='bbox 1095 1428 1300 1484; x_wconf 89' lang='lat' dir='ltr'><strong>indict.</strong></span> <span class='ocrx_word' id='word_1_111' title='bbox 1333 1443 1410 1494; x_wconf 83' lang='grc' dir='ltr'><strong>νι,</strong></span> <span class='ocrx_word' id='word_1_112' title='bbox 1443 1427 1534 1484; x_wconf 91' lang='lat' dir='ltr'><strong>die</strong></span> <span class='ocrx_word' id='word_1_113' title='bbox 1562 1428 1634 1482; x_wconf 89' lang='lat'><strong>23</strong></span> <span class='ocrx_word' id='word_1_114' title='bbox 1657 1427 2017 1485; x_wconf 85' lang='lat' dir='ltr'><strong>Novembris.</strong></span> 
     </span>
    </p>
   </div>
   <div class='ocr_carea' id='block_1_17' title="bbox 494 1517 2130 1591">
    <p class='ocr_par' dir='ltr' id='par_1_17' title="bbox 494 1517 2130 1591">
     <span class='ocr_line' id='line_1_17' title="bbox 494 1517 2130 1591; baseline -0.002 -14"><span class='ocrx_word' id='word_1_115' title='bbox 494 1522 574 1577; x_wconf 85' lang='lat' dir='ltr'><strong>Ex</strong></span> <span class='ocrx_word' id='word_1_116' title='bbox 603 1521 804 1577; x_wconf 90' lang='lat' dir='ltr'><strong>eodem</strong></span> <span class='ocrx_word' id='word_1_117' title='bbox 837 1519 1051 1591; x_wconf 84' lang='lat' dir='ltr'><strong>scripto</strong></span> <span class='ocrx_word' id='word_1_118' title='bbox 1098 1518 1376 1574; x_wconf 89' lang='lat' dir='ltr'><strong>docemur</strong></span> <span class='ocrx_word' id='word_1_119' title='bbox 1406 1517 1634 1575; x_wconf 83' lang='lat' dir='ltr'><strong>venisse</strong></span> <span class='ocrx_word' id='word_1_120' title='bbox 1665 1517 1902 1574; x_wconf 84' lang='lat' dir='ltr'><strong>Romam</strong></span> <span class='ocrx_word' id='word_1_121' title='bbox 1935 1518 2130 1573; x_wconf 84' lang='lat' dir='ltr'><strong>icones</strong></span> 
     </span>
    </p>
   </div>
   <div class='ocr_carea' id='block_1_18' title="bbox 424 1607 2130 1680">
    <p class='ocr_par' dir='ltr' id='par_1_18' title="bbox 424 1607 2130 1680">
     <span class='ocr_line' id='line_1_18' title="bbox 424 1607 2130 1680; baseline -0.001 -13"><span class='ocrx_word' id='word_1_122' title='bbox 424 1612 624 1668; x_wconf 70' lang='lat' dir='ltr'><strong>Phocea</strong></span> <span class='ocrx_word' id='word_1_123' title='bbox 656 1618 711 1666; x_wconf 90' lang='lat' dir='ltr'><strong>et</strong></span> <span class='ocrx_word' id='word_1_124' title='bbox 743 1609 991 1665; x_wconf 72' lang='lat' dir='ltr'><strong>Leontise</strong></span> <span class='ocrx_word' id='word_1_125' title='bbox 1033 1613 1427 1680; x_wconf 84' lang='lat' dir='ltr'><strong>Augustorum</strong></span> <span class='ocrx_word' id='word_1_126' title='bbox 1462 1607 1727 1664; x_wconf 86' lang='lat' dir='ltr'><strong>Kalendis</strong></span> <span class='ocrx_word' id='word_1_127' title='bbox 1759 1607 1916 1674; x_wconf 82' lang='lat' dir='ltr'><strong>Maii,</strong></span> <span class='ocrx_word' id='word_1_128' title='bbox 1947 1615 2000 1664; x_wconf 90' lang='lat' dir='ltr'><strong>et</strong></span> <span class='ocrx_word' id='word_1_129' title='bbox 2031 1625 2130 1665; x_wconf 85' lang='lat' dir='ltr'><strong>ac-</strong></span> 
     </span>
    </p>
   </div>
   <div class='ocr_carea' id='block_1_19' title="bbox 2242 435 3864 516">
    <p class='ocr_par' dir='ltr' id='par_1_19' title="bbox 2242 435 3864 516">
     <span class='ocr_line' id='line_1_19' title="bbox 2242 435 3864 516; baseline 0.008 -24"><span class='ocrx_word' id='word_1_130' title='bbox 2242 436 2556 506; x_wconf 90' lang='lat' dir='ltr'><strong>Leontiam,</strong></span> <span class='ocrx_word' id='word_1_131' title='bbox 2589 451 2706 492; x_wconf 90' lang='lat' dir='ltr'><strong>non</strong></span> <span class='ocrx_word' id='word_1_132' title='bbox 2753 435 2991 506; x_wconf 86' lang='lat' dir='ltr'><strong>injustis</strong></span> <span class='ocrx_word' id='word_1_133' title='bbox 3036 436 3294 508; x_wconf 87' lang='lat' dir='ltr'><strong>querelis</strong></span> <span class='ocrx_word' id='word_1_134' title='bbox 3332 442 3525 512; x_wconf 62' lang='lat' dir='ltr'><strong>quarit</strong></span> <span class='ocrx_word' id='word_1_135' title='bbox 3552 443 3864 516; x_wconf 84' lang='lat' dir='ltr'><strong>imperatoris</strong></span> 
     </span>
    </p>
   </div>
   <div class='ocr_carea' id='block_1_20' title="bbox 2242 525 3863 601">
    <p class='ocr_par' dir='ltr' id='par_1_20' title="bbox 2242 525 3863 601">
     <span class='ocr_line' id='line_1_20' title="bbox 2242 525 3863 601; baseline 0.007 -21"><span class='ocrx_word' id='word_1_136' title='bbox 2242 526 2533 581; x_wconf 89' lang='lat' dir='ltr'><strong>demortui</strong></span> <span class='ocrx_word' id='word_1_137' title='bbox 2565 526 2780 580; x_wconf 89' lang='lat' dir='ltr'><strong>famam</strong></span> <span class='ocrx_word' id='word_1_138' title='bbox 2823 525 3154 582; x_wconf 88' lang='lat' dir='ltr'><strong>obscurare.</strong></span> <span class='ocrx_word' id='word_1_139' title='bbox 3189 527 3328 584; x_wconf 84' lang='lat' dir='ltr'><strong>Vero</strong></span> <span class='ocrx_word' id='word_1_140' title='bbox 3353 529 3571 601; x_wconf 90' lang='lat' dir='ltr'><strong>propius</strong></span> <span class='ocrx_word' id='word_1_141' title='bbox 3605 538 3770 591; x_wconf 84' lang='lat' dir='ltr'><strong>autem</strong></span> <span class='ocrx_word' id='word_1_142' title='bbox 3794 539 3863 591; x_wconf 86' lang='lat' dir='ltr'><strong>vi-</strong></span> 
     </span>
    </p>
   </div>
   <div class='ocr_carea' id='block_1_21' title="bbox 2241 614 3866 694">
    <p class='ocr_par' dir='ltr' id='par_1_21' title="bbox 2241 614 3866 694">
     <span class='ocr_line' id='line_1_21' title="bbox 2241 614 3866 694; baseline 0.008 -25"><span class='ocrx_word' id='word_1_143' title='bbox 2241 615 2411 670; x_wconf 91' lang='lat' dir='ltr'><strong>detur</strong></span> <span class='ocrx_word' id='word_1_144' title='bbox 2440 615 2625 671; x_wconf 90' lang='lat' dir='ltr'><strong>sancti</strong></span> <span class='ocrx_word' id='word_1_145' title='bbox 2656 615 2763 670; x_wconf 92' lang='lat' dir='ltr'><strong>viri</strong></span> <span class='ocrx_word' id='word_1_146' title='bbox 2812 614 3164 686; x_wconf 89' lang='lat' dir='ltr'><strong>propositum</strong></span> <span class='ocrx_word' id='word_1_147' title='bbox 3214 632 3342 673; x_wconf 91' lang='lat' dir='ltr'><strong>esse</strong></span> <span class='ocrx_word' id='word_1_148' title='bbox 3385 619 3510 676; x_wconf 88' lang='lat' dir='ltr'><strong>novi</strong></span> <span class='ocrx_word' id='word_1_149' title='bbox 3555 621 3866 694; x_wconf 85' lang='lat' dir='ltr'><strong>imperatoris</strong></span> 
     </span>
    </p>
   </div>
   <div class='ocr_carea' id='block_1_22' title="bbox 2239 705 3869 786">
    <p class='ocr_par' dir='ltr' id='par_1_22' title="bbox 2239 705 3869 786">
     <span class='ocr_line' id='line_1_22' title="bbox 2239 705 3869 786; baseline 0.007 -25"><span class='ocrx_word' id='word_1_150' title='bbox 2239 707 2504 763; x_wconf 89' lang='lat' dir='ltr'><strong>animum</strong></span> <span class='ocrx_word' id='word_1_151' title='bbox 2537 707 2607 761; x_wconf 91' lang='lat' dir='ltr'><strong>ad</strong></span> <span class='ocrx_word' id='word_1_152' title='bbox 2641 705 3103 762; x_wconf 89' lang='lat' dir='ltr'><strong>misericordiam</strong></span> <span class='ocrx_word' id='word_1_153' title='bbox 3148 711 3205 762; x_wconf 92' lang='lat' dir='ltr'><strong>et</strong></span> <span class='ocrx_word' id='word_1_154' title='bbox 3233 707 3582 767; x_wconf 88' lang='lat' dir='ltr'><strong>clementiam</strong></span> <span class='ocrx_word' id='word_1_155' title='bbox 3620 728 3738 786; x_wconf 82' lang='lat' dir='ltr'><strong>erga</strong></span> <span class='ocrx_word' id='word_1_156' title='bbox 3762 717 3869 772; x_wconf 85' lang='lat' dir='ltr'><strong>sub-</strong></span> 
     </span>
    </p>
   </div>
   <div class='ocr_carea' id='block_1_23' title="bbox 2240 796 3869 874">
    <p class='ocr_par' dir='ltr' id='par_1_23' title="bbox 2240 796 3869 874">
     <span class='ocr_line' id='line_1_23' title="bbox 2240 796 3869 874; baseline 0.006 -22"><span class='ocrx_word' id='word_1_157' title='bbox 2240 797 2394 853; x_wconf 89' lang='lat' dir='ltr'><strong>ditos</strong></span> <span class='ocrx_word' id='word_1_158' title='bbox 2439 797 2750 854; x_wconf 83' lang='lat' dir='ltr'><strong>inﬂectere.</strong></span> <span class='ocrx_word' id='word_1_159' title='bbox 2809 796 3068 852; x_wconf 84' lang='lat' dir='ltr'><strong>Mauricii</strong></span> <span class='ocrx_word' id='word_1_160' title='bbox 3119 797 3415 855; x_wconf 85' lang='lat' dir='ltr'><strong>avaritiam</strong></span> <span class='ocrx_word' id='word_1_161' title='bbox 3461 802 3632 872; x_wconf 91' lang='lat' dir='ltr'><strong>carpit</strong></span> <span class='ocrx_word' id='word_1_162' title='bbox 3673 803 3869 874; x_wconf 86' lang='lat' dir='ltr'><strong>quidem</strong></span> 
     </span>
    </p>
   </div>
   <div class='ocr_carea' id='block_1_24' title="bbox 2240 887 3871 959">
    <p class='ocr_par' dir='ltr' id='par_1_24' title="bbox 2240 887 3871 959">
     <span class='ocr_line' id='line_1_24' title="bbox 2240 887 3871 959; baseline 0.005 -17"><span class='ocrx_word' id='word_1_163' title='bbox 2240 887 2507 955; x_wconf 88' lang='lat' dir='ltr'><strong>latenter,</strong></span> <span class='ocrx_word' id='word_1_164' title='bbox 2564 891 2621 944; x_wconf 90' lang='lat' dir='ltr'><strong>et</strong></span> <span class='ocrx_word' id='word_1_165' title='bbox 2672 892 2881 944; x_wconf 67' lang='lat' dir='ltr'><strong>caetera</strong></span> <span class='ocrx_word' id='word_1_166' title='bbox 2924 887 3080 944; x_wconf 90' lang='lat' dir='ltr'><strong>mala</strong></span> <span class='ocrx_word' id='word_1_167' title='bbox 3123 905 3246 959; x_wconf 71' lang='lat' dir='ltr'><strong>qua:</strong></span> <span class='ocrx_word' id='word_1_168' title='bbox 3293 905 3360 945; x_wconf 86' lang='lat' dir='ltr'><strong>ex</strong></span> <span class='ocrx_word' id='word_1_169' title='bbox 3404 889 3507 948; x_wconf 88' lang='lat' dir='ltr'><strong>hoc</strong></span> <span class='ocrx_word' id='word_1_170' title='bbox 3555 892 3680 949; x_wconf 89' lang='lat' dir='ltr'><strong>vitia</strong></span> <span class='ocrx_word' id='word_1_171' title='bbox 3721 894 3871 950; x_wconf 84' lang='lat' dir='ltr'><strong>solent</strong></span> 
     </span>
    </p>
   </div>
   <div class='ocr_carea' id='block_1_25' title="bbox 2239 977 3871 1056">
    <p class='ocr_par' dir='ltr' id='par_1_25' title="bbox 2239 977 3871 1056">
     <span class='ocr_line' id='line_1_25' title="bbox 2239 977 3871 1056; baseline 0.004 -22"><span class='ocrx_word' id='word_1_172' title='bbox 2239 978 2398 1034; x_wconf 88' lang='lat' dir='ltr'><strong>oriri.</strong></span> <span class='ocrx_word' id='word_1_173' title='bbox 2430 979 2499 1033; x_wconf 87' lang='lat' dir='ltr'><strong>At</strong></span> <span class='ocrx_word' id='word_1_174' title='bbox 2529 978 2654 1048; x_wconf 90' lang='lat' dir='ltr'><strong>ipse</strong></span> <span class='ocrx_word' id='word_1_175' title='bbox 2680 977 2994 1033; x_wconf 82' lang='lat' dir='ltr'><strong>Simocatta</strong></span> <span class='ocrx_word' id='word_1_176' title='bbox 3033 977 3170 1046; x_wconf 85' lang='lat' dir='ltr'><strong>(Lib.</strong></span> <span class='ocrx_word' id='word_1_177' title='bbox 3219 995 3339 1047; x_wconf 81' lang='lat' dir='ltr'><strong>vni,</strong></span> <span class='ocrx_word' id='word_1_178' title='bbox 3388 996 3498 1051; x_wconf 91' lang='lat' dir='ltr'><strong>cap.</strong></span> <span class='ocrx_word' id='word_1_179' title='bbox 3530 981 3602 1052; x_wconf 91' lang='lat'><strong>6),</strong></span> <span class='ocrx_word' id='word_1_180' title='bbox 3641 982 3736 1038; x_wconf 88' lang='lat' dir='ltr'><strong>etsi</strong></span> <span class='ocrx_word' id='word_1_181' title='bbox 3760 1000 3871 1056; x_wconf 80' lang='lat' dir='ltr'><strong>erga</strong></span> 
     </span>
    </p>
   </div>
   <div class='ocr_carea' id='block_1_26' title="bbox 2240 1066 3870 1142">
    <p class='ocr_par' dir='ltr' id='par_1_26' title="bbox 2240 1066 3870 1142">
     <span class='ocr_line' id='line_1_26' title="bbox 2240 1066 3870 1142; baseline 0.004 -20"><span class='ocrx_word' id='word_1_182' title='bbox 2240 1067 2395 1123; x_wconf 90' lang='lat' dir='ltr'><strong>hunc</strong></span> <span class='ocrx_word' id='word_1_183' title='bbox 2416 1068 2827 1138; x_wconf 81' lang='lat' dir='ltr'><strong>imperatorem</strong></span> <span class='ocrx_word' id='word_1_184' title='bbox 2849 1066 3268 1139; x_wconf 83' lang='lat' dir='ltr'><strong>indulgentior,</strong></span> <span class='ocrx_word' id='word_1_185' title='bbox 3288 1084 3398 1123; x_wconf 93' lang='lat' dir='ltr'><strong>non</strong></span> <span class='ocrx_word' id='word_1_186' title='bbox 3421 1069 3693 1126; x_wconf 87' lang='lat' dir='ltr'><strong>inﬁciatur</strong></span> <span class='ocrx_word' id='word_1_187' title='bbox 3711 1071 3870 1142; x_wconf 89' lang='lat' dir='ltr'><strong>ipsum</strong></span> 
     </span>
    </p>
   </div>
   <div class='ocr_carea' id='block_1_27' title="bbox 2239 1156 3871 1224">
    <p class='ocr_par' dir='ltr' id='par_1_27' title="bbox 2239 1156 3871 1224">
     <span class='ocr_line' id='line_1_27' title="bbox 2239 1156 3871 1224; baseline 0.001 -10"><span class='ocrx_word' id='word_1_188' title='bbox 2239 1157 2474 1214; x_wconf 86' lang='lat' dir='ltr'><strong>avaritia</strong></span> <span class='ocrx_word' id='word_1_189' title='bbox 2520 1156 2841 1224; x_wconf 86' lang='lat' dir='ltr'><strong>laborasse,</strong></span> <span class='ocrx_word' id='word_1_190' title='bbox 2892 1157 3033 1211; x_wconf 91' lang='lat' dir='ltr'><strong>dum</strong></span> <span class='ocrx_word' id='word_1_191' title='bbox 3086 1156 3166 1211; x_wconf 88' lang='lat' dir='ltr'><strong>ait</strong></span> <span class='ocrx_word' id='word_1_192' title='bbox 3215 1173 3279 1213; x_wconf 90' lang='lat' dir='ltr'><strong>ea</strong></span> <span class='ocrx_word' id='word_1_193' title='bbox 3328 1159 3543 1214; x_wconf 89' lang='lat' dir='ltr'><strong>ratione</strong></span> <span class='ocrx_word' id='word_1_194' title='bbox 3579 1159 3871 1216; x_wconf 87' lang='lat' dir='ltr'><strong>Mauricium</strong></span> 
     </span>
    </p>
   </div>
   <div class='ocr_carea' id='block_1_28' title="bbox 2237 1245 3871 1319">
    <p class='ocr_par' dir='ltr' id='par_1_28' title="bbox 2237 1245 3871 1319">
     <span class='ocr_line' id='line_1_28' title="bbox 2237 1245 3871 1319; baseline 0.002 -18"><span class='ocrx_word' id='word_1_195' title='bbox 2237 1245 2492 1302; x_wconf 90' lang='lat' dir='ltr'><strong>voluisse</strong></span> <span class='ocrx_word' id='word_1_196' title='bbox 2521 1246 2834 1302; x_wconf 88' lang='lat' dir='ltr'><strong>exercitum</strong></span> <span class='ocrx_word' id='word_1_197' title='bbox 2860 1246 3103 1316; x_wconf 86' lang='lat' dir='ltr'><strong>trajecta</strong></span> <span class='ocrx_word' id='word_1_198' title='bbox 3137 1247 3280 1302; x_wconf 89' lang='lat' dir='ltr'><strong>Istro</strong></span> <span class='ocrx_word' id='word_1_199' title='bbox 3310 1246 3590 1319; x_wconf 84' lang='lat' dir='ltr'><strong>byemare,</strong></span> <span class='ocrx_word' id='word_1_200' title='bbox 3620 1253 3678 1303; x_wconf 90' lang='lat' dir='ltr'><strong>ut</strong></span> <span class='ocrx_word' id='word_1_201' title='bbox 3704 1248 3871 1304; x_wconf 87' lang='lat' dir='ltr'><strong>barba-</strong></span> 
     </span>
    </p>
   </div>
   <div class='ocr_carea' id='block_1_29' title="bbox 2237 1336 3871 1408">
    <p class='ocr_par' dir='ltr' id='par_1_29' title="bbox 2237 1336 3871 1408">
     <span class='ocr_line' id='line_1_29' title="bbox 2237 1336 3871 1408; baseline -0.001 -16"><span class='ocrx_word' id='word_1_202' title='bbox 2237 1353 2437 1392; x_wconf 89' lang='lat' dir='ltr'><strong>rorum</strong></span> <span class='ocrx_word' id='word_1_203' title='bbox 2468 1337 2763 1408; x_wconf 85' lang='lat' dir='ltr'><strong>regionem</strong></span> <span class='ocrx_word' id='word_1_204' title='bbox 2806 1336 3153 1406; x_wconf 89' lang='lat' dir='ltr'><strong>incursaret,</strong></span> <span class='ocrx_word' id='word_1_205' title='bbox 3187 1353 3252 1392; x_wconf 86' lang='lat' dir='ltr'><strong>ac</strong></span> <span class='ocrx_word' id='word_1_206' title='bbox 3285 1336 3417 1392; x_wconf 92' lang='lat' dir='ltr'><strong>inde</strong></span> <span class='ocrx_word' id='word_1_207' title='bbox 3451 1339 3766 1408; x_wconf 87' lang='lat' dir='ltr'><strong>comparatis</strong></span> <span class='ocrx_word' id='word_1_208' title='bbox 3788 1337 3871 1393; x_wconf 87' lang='lat' dir='ltr'><strong>ali-</strong></span> 
     </span>
    </p>
   </div>
   <div class='ocr_carea' id='block_1_30' title="bbox 2237 1425 3872 1498">
    <p class='ocr_par' dir='ltr' id='par_1_30' title="bbox 2237 1425 3872 1498">
     <span class='ocr_line' id='line_1_30' title="bbox 2237 1425 3872 1498; baseline 0.001 -17"><span class='ocrx_word' id='word_1_209' title='bbox 2237 1427 2454 1482; x_wconf 89' lang='lat' dir='ltr'><strong>mentis</strong></span> <span class='ocrx_word' id='word_1_210' title='bbox 2482 1426 2791 1492; x_wconf 89' lang='lat' dir='ltr'><strong>victitaret,</strong></span> <span class='ocrx_word' id='word_1_211' title='bbox 2835 1441 2907 1481; x_wconf 91' lang='lat' dir='ltr'><strong>ne</strong></span> <span class='ocrx_word' id='word_1_212' title='bbox 2946 1441 3240 1481; x_wconf 89' lang='lat' dir='ltr'><strong>annonam</strong></span> <span class='ocrx_word' id='word_1_213' title='bbox 3284 1425 3452 1481; x_wconf 92' lang='lat' dir='ltr'><strong>militi</strong></span> <span class='ocrx_word' id='word_1_214' title='bbox 3485 1426 3720 1498; x_wconf 66' lang='lat' dir='ltr'><strong>praebere</strong></span> <span class='ocrx_word' id='word_1_215' title='bbox 3740 1441 3872 1498; x_wconf 84' lang='lat' dir='ltr'><strong>coge-</strong></span> 
     </span>
    </p>
   </div>
   <div class='ocr_carea' id='block_1_31' title="bbox 2237 1515 3874 1584">
    <p class='ocr_par' dir='ltr' id='par_1_31' title="bbox 2237 1515 3874 1584">
     <span class='ocr_line' id='line_1_31' title="bbox 2237 1515 3874 1584; baseline -0.001 -12"><span class='ocrx_word' id='word_1_216' title='bbox 2237 1522 2431 1584; x_wconf 91' lang='lat' dir='ltr'><strong>retur;</strong></span> <span class='ocrx_word' id='word_1_217' title='bbox 2459 1518 2613 1572; x_wconf 91' lang='lat' dir='ltr'><strong>unde</strong></span> <span class='ocrx_word' id='word_1_218' title='bbox 2647 1516 2871 1573; x_wconf 85' lang='lat' dir='ltr'><strong>occasio</strong></span> <span class='ocrx_word' id='word_1_219' title='bbox 2911 1515 3228 1572; x_wconf 89' lang='lat' dir='ltr'><strong>rebellandi</strong></span> <span class='ocrx_word' id='word_1_220' title='bbox 3265 1517 3421 1582; x_wconf 87' lang='lat' dir='ltr'><strong>data,</strong></span> <span class='ocrx_word' id='word_1_221' title='bbox 3465 1519 3520 1573; x_wconf 89' lang='lat' dir='ltr'><strong>et</strong></span> <span class='ocrx_word' id='word_1_222' title='bbox 3555 1516 3766 1573; x_wconf 88' lang='lat' dir='ltr'><strong>alterius</strong></span> <span class='ocrx_word' id='word_1_223' title='bbox 3791 1516 3874 1571; x_wconf 90' lang='lat' dir='ltr'><strong>im-</strong></span> 
     </span>
    </p>
   </div>
   <div class='ocr_carea' id='block_1_32' title="bbox 2236 1605 2822 1680">
    <p class='ocr_par' dir='ltr' id='par_1_32' title="bbox 2236 1605 2822 1680">
     <span class='ocr_line' id='line_1_32' title="bbox 2236 1605 2822 1680; baseline 0 -18"><span class='ocrx_word' id='word_1_224' title='bbox 2236 1607 2517 1680; x_wconf 89' lang='lat' dir='ltr'><strong>peratoris</strong></span> <span class='ocrx_word' id='word_1_225' title='bbox 2548 1605 2822 1677; x_wconf 85' lang='lat' dir='ltr'><strong>eligendi.</strong></span> 
     </span>
    </p>
   </div>
   <div class='ocr_carea' id='block_1_33' title="bbox 423 1692 3876 1792">
    <p class='ocr_par' dir='ltr' id='par_1_33' title="bbox 423 1692 3876 1792">
     <span class='ocr_line' id='line_1_33' title="bbox 423 1692 3876 1792; baseline -0.003 -37"><span class='ocrx_word' id='word_1_226' title='bbox 423 1699 743 1756; x_wconf 87' lang='lat' dir='ltr'><strong>clamatum</strong></span> <span class='ocrx_word' id='word_1_227' title='bbox 775 1713 903 1754; x_wconf 89' lang='lat' dir='ltr'><strong>esse</strong></span> <span class='ocrx_word' id='word_1_228' title='bbox 949 1697 1032 1753; x_wconf 91' lang='lat' dir='ltr'><strong>eis</strong></span> <span class='ocrx_word' id='word_1_229' title='bbox 1079 1698 1140 1752; x_wconf 91' lang='lat' dir='ltr'><strong>in</strong></span> <span class='ocrx_word' id='word_1_230' title='bbox 1185 1696 1482 1752; x_wconf 87' lang='lat' dir='ltr'><strong>Lateranis</strong></span> <span class='ocrx_word' id='word_1_231' title='bbox 1522 1695 1583 1750; x_wconf 91' lang='lat' dir='ltr'><strong>in</strong></span> <span class='ocrx_word' id='word_1_232' title='bbox 1616 1695 1853 1752; x_wconf 89' lang='lat' dir='ltr'><strong>basilica</strong></span> <span class='ocrx_word' id='word_1_233' title='bbox 1879 1696 2024 1752; x_wconf 86' lang='lat' dir='ltr'><strong>Julii</strong></span> <span class='ocrx_word' id='word_1_234' title='bbox 2055 1696 2127 1752; x_wconf 88' lang='lat' dir='ltr'><strong>ab</strong></span> <span class='ocrx_word' id='word_1_235' title='bbox 2159 1725 2205 1792; x_wconf 77' lang='grc' dir='ltr'><strong>Β</strong></span> <span class='ocrx_word' id='word_1_236' title='bbox 2306 1694 2522 1752; x_wconf 86' lang='lat' dir='ltr'><strong>Bellica</strong></span> <span class='ocrx_word' id='word_1_237' title='bbox 2551 1692 2812 1749; x_wconf 83' lang='lat' dir='ltr'><strong>Mauricii</strong></span> <span class='ocrx_word' id='word_1_238' title='bbox 2851 1693 3036 1750; x_wconf 90' lang='lat' dir='ltr'><strong>virtus</strong></span> <span class='ocrx_word' id='word_1_239' title='bbox 3086 1694 3194 1750; x_wconf 89' lang='lat' dir='ltr'><strong>etsi</strong></span> <span class='ocrx_word' id='word_1_240' title='bbox 3223 1694 3514 1760; x_wconf 87' lang='lat' dir='ltr'><strong>laudetur,</strong></span> <span class='ocrx_word' id='word_1_241' title='bbox 3552 1698 3779 1750; x_wconf 88' lang='lat' dir='ltr'><strong>attamen</strong></span> <span class='ocrx_word' id='word_1_242' title='bbox 3803 1694 3876 1747; x_wconf 83' lang='lat' dir='ltr'><strong>vix</strong></span> 
     </span>
    </p>
   </div>
   <div class='ocr_carea' id='block_1_34' title="bbox 423 1785 3878 1861">
    <p class='ocr_par' dir='ltr' id='par_1_34' title="bbox 423 1785 3878 1861">
     <span class='ocr_line' id='line_1_34' title="bbox 423 1785 3878 1861; baseline -0.002 -16"><span class='ocrx_word' id='word_1_243' title='bbox 423 1791 583 1845; x_wconf 89' lang='lat' dir='ltr'><strong>omni</strong></span> <span class='ocrx_word' id='word_1_244' title='bbox 614 1787 768 1845; x_wconf 91' lang='lat' dir='ltr'><strong>clero</strong></span> <span class='ocrx_word' id='word_1_245' title='bbox 818 1795 871 1843; x_wconf 90' lang='lat' dir='ltr'><strong>et</strong></span> <span class='ocrx_word' id='word_1_246' title='bbox 901 1790 1142 1853; x_wconf 87' lang='lat' dir='ltr'><strong>senatu;</strong></span> <span class='ocrx_word' id='word_1_247' title='bbox 1177 1789 1379 1858; x_wconf 88' lang='lat' dir='ltr'><strong>postea</strong></span> <span class='ocrx_word' id='word_1_248' title='bbox 1406 1785 1651 1857; x_wconf 87' lang='lat' dir='ltr'><strong>jussisse</strong></span> <span class='ocrx_word' id='word_1_249' title='bbox 1689 1785 1750 1843; x_wconf 88' lang='lat' dir='ltr'><strong>S.</strong></span> <span class='ocrx_word' id='word_1_250' title='bbox 1783 1786 2124 1858; x_wconf 86' lang='lat' dir='ltr'><strong>Gregorium</strong></span> <span class='ocrx_word' id='word_1_251' title='bbox 2159 1785 2199 1792; x_wconf 61' lang='grc'>⁷</span> <span class='ocrx_word' id='word_1_252' title='bbox 2237 1787 2426 1845; x_wconf 90' lang='lat' dir='ltr'><strong>ullum</strong></span> <span class='ocrx_word' id='word_1_253' title='bbox 2459 1788 2672 1844; x_wconf 88' lang='lat' dir='ltr'><strong>bellum</strong></span> <span class='ocrx_word' id='word_1_254' title='bbox 2706 1792 2839 1861; x_wconf 90' lang='lat' dir='ltr'><strong>post</strong></span> <span class='ocrx_word' id='word_1_255' title='bbox 2859 1791 3223 1860; x_wconf 85' lang='lat' dir='ltr'><strong>assumptum</strong></span> <span class='ocrx_word' id='word_1_256' title='bbox 3249 1787 3558 1860; x_wconf 90' lang='lat' dir='ltr'><strong>imperium</strong></span> <span class='ocrx_word' id='word_1_257' title='bbox 3586 1787 3766 1859; x_wconf 81' lang='lat' dir='ltr'><strong>gessit,</strong></span> <span class='ocrx_word' id='word_1_258' title='bbox 3786 1787 3878 1841; x_wconf 86' lang='lat' dir='ltr'><strong>nisi</strong></span> 
     </span>
    </p>
   </div>
   <div class='ocr_carea' id='block_1_35' title="bbox 421 1875 2125 1951">
    <p class='ocr_par' dir='ltr' id='par_1_35' title="bbox 421 1875 2125 1951">
     <span class='ocr_line' id='line_1_35' title="bbox 421 1875 2125 1951; baseline -0.002 -16"><span class='ocrx_word' id='word_1_259' title='bbox 421 1879 710 1951; x_wconf 85' lang='lat' dir='ltr'><strong>imagines</strong></span> <span class='ocrx_word' id='word_1_260' title='bbox 741 1877 868 1932; x_wconf 92' lang='lat' dir='ltr'><strong>illas</strong></span> <span class='ocrx_word' id='word_1_261' title='bbox 900 1875 1101 1948; x_wconf 87' lang='lat' dir='ltr'><strong>reponi</strong></span> <span class='ocrx_word' id='word_1_262' title='bbox 1133 1875 1190 1930; x_wconf 92' lang='lat' dir='ltr'><strong>in</strong></span> <span class='ocrx_word' id='word_1_263' title='bbox 1225 1875 1475 1932; x_wconf 88' lang='lat' dir='ltr'><strong>oratorio</strong></span> <span class='ocrx_word' id='word_1_264' title='bbox 1504 1875 1563 1930; x_wconf 88' lang='lat' dir='ltr'><strong>S.</strong></span> <span class='ocrx_word' id='word_1_265' title='bbox 1587 1875 1820 1932; x_wconf 69' lang='lat' dir='ltr'><strong>Csesarii</strong></span> <span class='ocrx_word' id='word_1_266' title='bbox 1852 1877 2125 1950; x_wconf 84' lang='lat' dir='ltr'><strong>martyris</strong></span> 
     </span>
    </p>
   </div>
   <div class='ocr_carea' id='block_1_36' title="bbox 422 1967 908 2038">
    <p class='ocr_par' dir='ltr' id='par_1_36' title="bbox 422 1967 908 2038">
     <span class='ocr_line' id='line_1_36' title="bbox 422 1967 908 2038; baseline 0 -15"><span class='ocrx_word' id='word_1_267' title='bbox 422 1969 576 2025; x_wconf 88' lang='lat' dir='ltr'><strong>intra</strong></span> <span class='ocrx_word' id='word_1_268' title='bbox 606 1967 908 2038; x_wconf 89' lang='lat' dir='ltr'><strong>palatium.</strong></span> 
     </span>
    </p>
   </div>
   <div class='ocr_carea' id='block_1_37' title="bbox 493 2054 2123 2128">
    <p class='ocr_par' dir='ltr' id='par_1_37' title="bbox 493 2054 2123 2128">
     <span class='ocr_line' id='line_1_37' title="bbox 493 2054 2123 2128; baseline -0.001 -15"><span class='ocrx_word' id='word_1_269' title='bbox 493 2060 543 2114; x_wconf 79' lang='grc'><strong>4.</strong></span> <span class='ocrx_word' id='word_1_270' title='bbox 577 2057 701 2113; x_wconf 87' lang='lat' dir='ltr'><strong>Non</strong></span> <span class='ocrx_word' id='word_1_271' title='bbox 735 2060 858 2112; x_wconf 88' lang='lat' dir='ltr'><strong>erat</strong></span> <span class='ocrx_word' id='word_1_272' title='bbox 887 2056 1179 2128; x_wconf 88' lang='lat' dir='ltr'><strong>integrum</strong></span> <span class='ocrx_word' id='word_1_273' title='bbox 1212 2071 1372 2126; x_wconf 65' lang='lat' dir='ltr'><strong>papae</strong></span> <span class='ocrx_word' id='word_1_274' title='bbox 1413 2054 1704 2112; x_wconf 90' lang='lat' dir='ltr'><strong>abstinere</strong></span> <span class='ocrx_word' id='word_1_275' title='bbox 1733 2072 1767 2111; x_wconf 89' lang='lat' dir='ltr'><strong>a</strong></span> <span class='ocrx_word' id='word_1_276' title='bbox 1795 2055 2123 2113; x_wconf 86' lang='lat' dir='ltr'><strong>scribendis</strong></span> 
     </span>
    </p>
   </div>
   <div class='ocr_carea' id='block_1_38' title="bbox 417 2143 2120 2217">
    <p class='ocr_par' dir='ltr' id='par_1_38' title="bbox 417 2143 2120 2217">
     <span class='ocr_line' id='line_1_38' title="bbox 417 2143 2120 2217; baseline -0.001 -13"><span class='ocrx_word' id='word_1_277' title='bbox 417 2149 487 2204; x_wconf 91' lang='lat' dir='ltr'><strong>ad</strong></span> <span class='ocrx_word' id='word_1_278' title='bbox 518 2148 768 2202; x_wconf 86' lang='lat' dir='ltr'><strong>Pbocam</strong></span> <span class='ocrx_word' id='word_1_279' title='bbox 797 2145 1029 2213; x_wconf 88' lang='lat' dir='ltr'><strong>litteris,</strong></span> <span class='ocrx_word' id='word_1_280' title='bbox 1055 2145 1271 2216; x_wconf 87' lang='lat' dir='ltr'><strong>quibus</strong></span> <span class='ocrx_word' id='word_1_281' title='bbox 1292 2143 1403 2215; x_wconf 91' lang='lat' dir='ltr'><strong>ipsi</strong></span> <span class='ocrx_word' id='word_1_282' title='bbox 1426 2144 1822 2216; x_wconf 88' lang='lat' dir='ltr'><strong>gratularetur</strong></span> <span class='ocrx_word' id='word_1_283' title='bbox 1842 2146 2120 2217; x_wconf 88' lang='lat' dir='ltr'><strong>adeptum</strong></span> 
     </span>
    </p>
   </div>
   <div class='ocr_carea' id='block_1_39' title="bbox 417 2233 2123 2307">
    <p class='ocr_par' dir='ltr' id='par_1_39' title="bbox 417 2233 2123 2307">
     <span class='ocr_line' id='line_1_39' title="bbox 417 2233 2123 2307; baseline 0.001 -17"><span class='ocrx_word' id='word_1_284' title='bbox 417 2237 748 2307; x_wconf 88' lang='lat' dir='ltr'><strong>imperium.</strong></span> <span class='ocrx_word' id='word_1_285' title='bbox 785 2235 862 2290; x_wconf 91' lang='lat' dir='ltr'><strong>Iis</strong></span> <span class='ocrx_word' id='word_1_286' title='bbox 893 2235 992 2306; x_wconf 91' lang='lat' dir='ltr'><strong>qui</strong></span> <span class='ocrx_word' id='word_1_287' title='bbox 1034 2233 1373 2305; x_wconf 88' lang='lat' dir='ltr'><strong>Gregorium</strong></span> <span class='ocrx_word' id='word_1_288' title='bbox 1405 2238 1653 2306; x_wconf 85' lang='lat' dir='ltr'><strong>arguunt</strong></span> <span class='ocrx_word' id='word_1_289' title='bbox 1683 2234 1841 2306; x_wconf 93' lang='lat' dir='ltr'><strong>quod</strong></span> <span class='ocrx_word' id='word_1_290' title='bbox 1870 2235 1941 2290; x_wconf 91' lang='lat' dir='ltr'><strong>de</strong></span> <span class='ocrx_word' id='word_1_291' title='bbox 1964 2238 2123 2292; x_wconf 81' lang='lat' dir='ltr'><strong>Mau-</strong></span> 
     </span>
    </p>
   </div>
   <div class='ocr_carea' id='block_1_40' title="bbox 418 2323 2121 2397">
    <p class='ocr_par' dir='ltr' id='par_1_40' title="bbox 418 2323 2121 2397">
     <span class='ocr_line' id='line_1_40' title="bbox 418 2323 2121 2397; baseline 0.001 -16"><span class='ocrx_word' id='word_1_292' title='bbox 418 2326 562 2382; x_wconf 89' lang='lat' dir='ltr'><strong>ricio</strong></span> <span class='ocrx_word' id='word_1_293' title='bbox 593 2325 877 2397; x_wconf 88' lang='lat' dir='ltr'><strong>iniquius,</strong></span> <span class='ocrx_word' id='word_1_294' title='bbox 921 2326 992 2380; x_wconf 88' lang='lat' dir='ltr'><strong>de</strong></span> <span class='ocrx_word' id='word_1_295' title='bbox 1034 2324 1223 2380; x_wconf 89' lang='lat' dir='ltr'><strong>Pboca</strong></span> <span class='ocrx_word' id='word_1_296' title='bbox 1263 2341 1396 2380; x_wconf 92' lang='lat' dir='ltr'><strong>vero</strong></span> <span class='ocrx_word' id='word_1_297' title='bbox 1436 2323 1761 2380; x_wconf 87' lang='lat' dir='ltr'><strong>adulatorie</strong></span> <span class='ocrx_word' id='word_1_298' title='bbox 1788 2324 2019 2382; x_wconf 90' lang='lat' dir='ltr'><strong>locutus</strong></span> <span class='ocrx_word' id='word_1_299' title='bbox 2044 2326 2121 2382; x_wconf 87' lang='lat' dir='ltr'><strong>sit</strong></span> 
     </span>
    </p>
   </div>
   <div class='ocr_carea' id='block_1_41' title="bbox 406 2413 2117 2487">
    <p class='ocr_par' dir='ltr' id='par_1_41' title="bbox 406 2413 2117 2487">
     <span class='ocr_line' id='line_1_41' title="bbox 406 2413 2117 2487; baseline 0.001 -17"><span class='ocrx_word' id='word_1_300' title='bbox 406 2417 534 2487; x_wconf 84' lang='lat' dir='ltr'><strong>jam</strong></span> <span class='ocrx_word' id='word_1_301' title='bbox 567 2416 644 2486; x_wconf 92' lang='lat' dir='ltr'><strong>(a)</strong></span> <span class='ocrx_word' id='word_1_302' title='bbox 672 2414 1096 2486; x_wconf 84' lang='lat' dir='ltr'><strong>respondimus.</strong></span> <span class='ocrx_word' id='word_1_303' title='bbox 1123 2414 1271 2469; x_wconf 89' lang='lat' dir='ltr'><strong>Sane</strong></span> <span class='ocrx_word' id='word_1_304' title='bbox 1295 2430 1421 2486; x_wconf 67' lang='lat' dir='ltr'><strong>qua:</strong></span> <span class='ocrx_word' id='word_1_305' title='bbox 1443 2415 1724 2470; x_wconf 89' lang='lat' dir='ltr'><strong>dicuntur</strong></span> <span class='ocrx_word' id='word_1_306' title='bbox 1752 2413 2117 2472; x_wconf 90' lang='lat' dir='ltr'><strong>adulationes</strong></span> 
     </span>
    </p>
   </div>
   <div class='ocr_carea' id='block_1_42' title="bbox 413 2503 2118 2578">
    <p class='ocr_par' dir='ltr' id='par_1_42' title="bbox 413 2503 2118 2578">
     <span class='ocr_line' id='line_1_42' title="bbox 413 2503 2118 2578; baseline 0.001 -17"><span class='ocrx_word' id='word_1_307' title='bbox 413 2510 471 2561; x_wconf 90' lang='lat' dir='ltr'><strong>et</strong></span> <span class='ocrx_word' id='word_1_308' title='bbox 501 2505 924 2561; x_wconf 87' lang='lat' dir='ltr'><strong>assentationes</strong></span> <span class='ocrx_word' id='word_1_309' title='bbox 955 2503 1149 2575; x_wconf 86' lang='lat' dir='ltr'><strong>potius</strong></span> <span class='ocrx_word' id='word_1_310' title='bbox 1189 2511 1323 2560; x_wconf 91' lang='lat' dir='ltr'><strong>vota</strong></span> <span class='ocrx_word' id='word_1_311' title='bbox 1366 2509 1502 2560; x_wconf 88' lang='lat' dir='ltr'><strong>sunt</strong></span> <span class='ocrx_word' id='word_1_312' title='bbox 1541 2521 1641 2574; x_wconf 90' lang='lat' dir='ltr'><strong>pro</strong></span> <span class='ocrx_word' id='word_1_313' title='bbox 1672 2505 2051 2578; x_wconf 86' lang='lat' dir='ltr'><strong>imperatore,</strong></span> <span class='ocrx_word' id='word_1_314' title='bbox 2083 2525 2118 2563; x_wconf 89' lang='lat' dir='ltr'><strong>a</strong></span> 
     </span>
    </p>
   </div>
   <div class='ocr_carea' id='block_1_43' title="bbox 411 2594 2113 2668">
    <p class='ocr_par' dir='ltr' id='par_1_43' title="bbox 411 2594 2113 2668">
     <span class='ocr_line' id='line_1_43' title="bbox 411 2594 2113 2668; baseline 0 -17"><span class='ocrx_word' id='word_1_315' title='bbox 411 2612 524 2668; x_wconf 92' lang='lat' dir='ltr'><strong>quo</strong></span> <span class='ocrx_word' id='word_1_316' title='bbox 553 2611 824 2652; x_wconf 87' lang='lat' dir='ltr'><strong>summus</strong></span> <span class='ocrx_word' id='word_1_317' title='bbox 873 2594 1129 2666; x_wconf 79' lang='lat' dir='ltr'><strong>pontifex</strong></span> <span class='ocrx_word' id='word_1_318' title='bbox 1176 2594 1394 2664; x_wconf 89' lang='lat' dir='ltr'><strong>nptime</strong></span> <span class='ocrx_word' id='word_1_319' title='bbox 1439 2595 1753 2665; x_wconf 88' lang='lat' dir='ltr'><strong>gubernari</strong></span> <span class='ocrx_word' id='word_1_320' title='bbox 1802 2595 2113 2667; x_wconf 91' lang='lat' dir='ltr'><strong>rempubli-</strong></span> 
     </span>
    </p>
   </div>
   <div class='ocr_carea' id='block_1_44' title="bbox 410 2683 2111 2757">
    <p class='ocr_par' dir='ltr' id='par_1_44' title="bbox 410 2683 2111 2757">
     <span class='ocr_line' id='line_1_44' title="bbox 410 2683 2111 2757; baseline -0.001 -14"><span class='ocrx_word' id='word_1_321' title='bbox 410 2702 536 2743; x_wconf 89' lang='lat' dir='ltr'><strong>cam</strong></span> <span class='ocrx_word' id='word_1_322' title='bbox 571 2689 754 2756; x_wconf 88' lang='lat' dir='ltr'><strong>optat,</strong></span> <span class='ocrx_word' id='word_1_323' title='bbox 789 2689 851 2740; x_wconf 90' lang='lat' dir='ltr'><strong>ut</strong></span> <span class='ocrx_word' id='word_1_324' title='bbox 882 2683 1098 2757; x_wconf 89' lang='lat' dir='ltr'><strong>legenti</strong></span> <span class='ocrx_word' id='word_1_325' title='bbox 1141 2683 1332 2756; x_wconf 89' lang='lat' dir='ltr'><strong>palam</strong></span> <span class='ocrx_word' id='word_1_326' title='bbox 1385 2684 1482 2740; x_wconf 86' lang='lat' dir='ltr'><strong>fiet</strong></span> <span class='ocrx_word' id='word_1_327' title='bbox 1513 2700 1526 2738; x_wconf 88' lang='lat'><strong>:</strong></span> <span class='ocrx_word' id='word_1_328' title='bbox 1572 2685 1871 2754; x_wconf 66' lang='lat' dir='ltr'><strong>Leetentur,</strong></span> <span class='ocrx_word' id='word_1_329' title='bbox 1901 2686 2111 2757; x_wconf 90' lang='lat' dir='ltr'><strong>inquit,</strong></span> 
     </span>
    </p>
   </div>
   <div class='ocr_carea' id='block_1_45' title="bbox 406 2773 2114 2844">
    <p class='ocr_par' dir='ltr' id='par_1_45' title="bbox 406 2773 2114 2844">
     <span class='ocr_line' id='line_1_45' title="bbox 406 2773 2114 2844; baseline -0.002 -10"><span class='ocrx_word' id='word_1_330' title='bbox 406 2777 527 2834; x_wconf 68' lang='lat' dir='ltr'><strong>cali</strong></span> <span class='ocrx_word' id='word_1_331' title='bbox 553 2781 603 2833; x_wconf 90' lang='lat' dir='ltr'><strong>et</strong></span> <span class='ocrx_word' id='word_1_332' title='bbox 632 2776 869 2831; x_wconf 78' lang='lat' dir='ltr'><strong>exsultet</strong></span> <span class='ocrx_word' id='word_1_333' title='bbox 897 2778 1067 2840; x_wconf 90' lang='lat' dir='ltr'><strong>terra,</strong></span> <span class='ocrx_word' id='word_1_334' title='bbox 1091 2779 1142 2829; x_wconf 89' lang='lat' dir='ltr'><strong>et</strong></span> <span class='ocrx_word' id='word_1_335' title='bbox 1172 2773 1236 2830; x_wconf 87' lang='lat' dir='ltr'><strong>de</strong></span> <span class='ocrx_word' id='word_1_336' title='bbox 1258 2777 1449 2830; x_wconf 86' lang='lat' dir='ltr'><strong>vestris</strong></span> <span class='ocrx_word' id='word_1_337' title='bbox 1481 2775 1729 2844; x_wconf 77' lang='lat' dir='ltr'><strong>benignis</strong></span> <span class='ocrx_word' id='word_1_338' title='bbox 1757 2775 1971 2831; x_wconf 87' lang='lat' dir='ltr'><strong>actibus</strong></span> <span class='ocrx_word' id='word_1_339' title='bbox 1990 2778 2114 2832; x_wconf 86' lang='lat' dir='ltr'><strong>uni-</strong></span> 
     </span>
    </p>
   </div>
   <div class='ocr_carea' id='block_1_46' title="bbox 408 2864 2110 2936">
    <p class='ocr_par' dir='ltr' id='par_1_46' title="bbox 408 2864 2110 2936">
     <span class='ocr_line' id='line_1_46' title="bbox 408 2864 2110 2936; baseline 0 -15"><span class='ocrx_word' id='word_1_340' title='bbox 408 2881 588 2921; x_wconf 88' lang='lat' dir='ltr'><strong>versus</strong></span> <span class='ocrx_word' id='word_1_341' title='bbox 620 2864 932 2936; x_wconf 74' lang='lat' dir='ltr'><strong>reipublicae</strong></span> <span class='ocrx_word' id='word_1_342' title='bbox 959 2864 1194 2934; x_wconf 85' lang='lat' dir='ltr'><strong>papulus</strong></span> <span class='ocrx_word' id='word_1_343' title='bbox 1214 2879 1362 2918; x_wconf 84' lang='lat' dir='ltr'><strong>nunc</strong></span> <span class='ocrx_word' id='word_1_344' title='bbox 1392 2879 1561 2935; x_wconf 90' lang='lat' dir='ltr'><strong>usque</strong></span> <span class='ocrx_word' id='word_1_345' title='bbox 1589 2864 1934 2921; x_wconf 79' lang='lat' dir='ltr'><strong>vehementer</strong></span> <span class='ocrx_word' id='word_1_346' title='bbox 1962 2866 2110 2936; x_wconf 80' lang='lat' dir='ltr'><strong>afﬂi-</strong></span> 
     </span>
    </p>
   </div>
   <div class='ocr_carea' id='block_1_47' title="bbox 405 2953 2112 3026">
    <p class='ocr_par' dir='ltr' id='par_1_47' title="bbox 405 2953 2112 3026">
     <span class='ocr_line' id='line_1_47' title="bbox 405 2953 2112 3026; baseline 0.001 -15"><span class='ocrx_word' id='word_1_347' title='bbox 405 2965 516 3011; x_wconf 88' lang='lat' dir='ltr'><strong>ctus</strong></span> <span class='ocrx_word' id='word_1_348' title='bbox 559 2954 872 3010; x_wconf 85' lang='lat' dir='ltr'><strong>hilarescat.</strong></span> <span class='ocrx_word' id='word_1_349' title='bbox 925 2953 1373 3026; x_wconf 82' lang='lat' dir='ltr'><strong>Comprimantur</strong></span> <span class='ocrx_word' id='word_1_350' title='bbox 1409 2955 1548 3025; x_wconf 89' lang='lat' dir='ltr'><strong>jugo</strong></span> <span class='ocrx_word' id='word_1_351' title='bbox 1595 2954 1989 3012; x_wconf 82' lang='lat' dir='ltr'><strong>dominationis</strong></span> <span class='ocrx_word' id='word_1_352' title='bbox 2020 2971 2112 3012; x_wconf 87' lang='lat' dir='ltr'><strong>oe-</strong></span> 
     </span>
    </p>
   </div>
   <div class='ocr_carea' id='block_1_48' title="bbox 401 3041 2106 3113">
    <p class='ocr_par' dir='ltr' id='par_1_48' title="bbox 401 3041 2106 3113">
     <span class='ocr_line' id='line_1_48' title="bbox 401 3041 2106 3113; baseline 0.001 -16"><span class='ocrx_word' id='word_1_353' title='bbox 401 3048 556 3109; x_wconf 58' lang='lat' dir='ltr'><strong>strm,</strong></span> <span class='ocrx_word' id='word_1_354' title='bbox 590 3043 844 3113; x_wconf 68' lang='lat' dir='ltr'><strong>superba:</strong></span> <span class='ocrx_word' id='word_1_355' title='bbox 873 3045 1078 3097; x_wconf 87' lang='lat' dir='ltr'><strong>mentes</strong></span> <span class='ocrx_word' id='word_1_356' title='bbox 1127 3041 1386 3097; x_wconf 85' lang='lat' dir='ltr'><strong>hostium.</strong></span> <span class='ocrx_word' id='word_1_357' title='bbox 1430 3042 1750 3098; x_wconf 85' lang='lat' dir='ltr'><strong>Releventur</strong></span> <span class='ocrx_word' id='word_1_358' title='bbox 1786 3047 1968 3098; x_wconf 84' lang='lat' dir='ltr'><strong>uestra</strong></span> <span class='ocrx_word' id='word_1_359' title='bbox 1997 3045 2106 3099; x_wconf 89' lang='lat' dir='ltr'><strong>mi-</strong></span> 
     </span>
    </p>
   </div>
   <div class='ocr_carea' id='block_1_49' title="bbox 2235 1875 3877 1952">
    <p class='ocr_par' dir='ltr' id='par_1_49' title="bbox 2235 1875 3877 1952">
     <span class='ocr_line' id='line_1_49' title="bbox 2235 1875 3877 1952; baseline -0.004 -16"><span class='ocrx_word' id='word_1_360' title='bbox 2235 1895 2335 1952; x_wconf 91' lang='lat' dir='ltr'><strong>per</strong></span> <span class='ocrx_word' id='word_1_361' title='bbox 2368 1880 2566 1936; x_wconf 89' lang='lat' dir='ltr'><strong>duces.</strong></span> <span class='ocrx_word' id='word_1_362' title='bbox 2601 1878 2878 1946; x_wconf 89' lang='lat' dir='ltr'><strong>Quamvis</strong></span> <span class='ocrx_word' id='word_1_363' title='bbox 2909 1881 3102 1934; x_wconf 89' lang='lat' dir='ltr'><strong>autem</strong></span> <span class='ocrx_word' id='word_1_364' title='bbox 3153 1877 3435 1950; x_wconf 90' lang='lat' dir='ltr'><strong>quamdiu</strong></span> <span class='ocrx_word' id='word_1_365' title='bbox 3467 1876 3758 1949; x_wconf 85' lang='lat' dir='ltr'><strong>imperavit,</strong></span> <span class='ocrx_word' id='word_1_366' title='bbox 3780 1875 3877 1931; x_wconf 87' lang='lat' dir='ltr'><strong>bel-</strong></span> 
     </span>
    </p>
   </div>
   <div class='ocr_carea' id='block_1_50' title="bbox 2232 1966 3881 2038">
    <p class='ocr_par' dir='ltr' id='par_1_50' title="bbox 2232 1966 3881 2038">
     <span class='ocr_line' id='line_1_50' title="bbox 2232 1966 3881 2038; baseline -0.004 -13"><span class='ocrx_word' id='word_1_367' title='bbox 2232 1969 2479 2026; x_wconf 89' lang='lat' dir='ltr'><strong>landum</strong></span> <span class='ocrx_word' id='word_1_368' title='bbox 2511 1969 2565 2025; x_wconf 89' lang='lat' dir='ltr'><strong>ei</strong></span> <span class='ocrx_word' id='word_1_369' title='bbox 2595 1968 2710 2024; x_wconf 82' lang='lat' dir='ltr'><strong>fere</strong></span> <span class='ocrx_word' id='word_1_370' title='bbox 2732 1983 2963 2038; x_wconf 89' lang='lat' dir='ltr'><strong>semper</strong></span> <span class='ocrx_word' id='word_1_371' title='bbox 2996 1966 3189 2036; x_wconf 86' lang='lat' dir='ltr'><strong>fuerit,</strong></span> <span class='ocrx_word' id='word_1_372' title='bbox 3220 1967 3474 2024; x_wconf 78' lang='lat' dir='ltr'><strong>maxime</strong></span> <span class='ocrx_word' id='word_1_373' title='bbox 3495 1969 3680 2024; x_wconf 88' lang='lat' dir='ltr'><strong>contra</strong></span> <span class='ocrx_word' id='word_1_374' title='bbox 3706 1967 3881 2021; x_wconf 81' lang='lat' dir='ltr'><strong>Avares</strong></span> 
     </span>
    </p>
   </div>
   <div class='ocr_carea' id='block_1_51' title="bbox 2230 2054 3882 2128">
    <p class='ocr_par' dir='ltr' id='par_1_51' title="bbox 2230 2054 3882 2128">
     <span class='ocr_line' id='line_1_51' title="bbox 2230 2054 3882 2128; baseline -0.006 -11"><span class='ocrx_word' id='word_1_375' title='bbox 2230 2060 2319 2117; x_wconf 89' lang='lat' dir='ltr'><strong>vel</strong></span> <span class='ocrx_word' id='word_1_376' title='bbox 2350 2060 2589 2127; x_wconf 87' lang='lat' dir='ltr'><strong>Abaros,</strong></span> <span class='ocrx_word' id='word_1_377' title='bbox 2621 2059 2780 2114; x_wconf 88' lang='lat' dir='ltr'><strong>vario</strong></span> <span class='ocrx_word' id='word_1_378' title='bbox 2821 2061 3016 2113; x_wconf 87' lang='lat' dir='ltr'><strong>tamen</strong></span> <span class='ocrx_word' id='word_1_379' title='bbox 3055 2062 3265 2115; x_wconf 88' lang='lat' dir='ltr'><strong>eventu</strong></span> <span class='ocrx_word' id='word_1_380' title='bbox 3305 2062 3371 2113; x_wconf 84' lang='lat' dir='ltr'><strong>et</strong></span> <span class='ocrx_word' id='word_1_381' title='bbox 3401 2071 3541 2128; x_wconf 66' lang='lat' dir='ltr'><strong>saepe</strong></span> <span class='ocrx_word' id='word_1_382' title='bbox 3570 2054 3761 2111; x_wconf 84' lang='lat' dir='ltr'><strong>infelici</strong></span> <span class='ocrx_word' id='word_1_383' title='bbox 3795 2070 3882 2125; x_wconf 91' lang='lat' dir='ltr'><strong>pu-</strong></span> 
     </span>
    </p>
   </div>
   <div class='ocr_carea' id='block_1_52' title="bbox 2230 2145 3884 2223">
    <p class='ocr_par' dir='ltr' id='par_1_52' title="bbox 2230 2145 3884 2223">
     <span class='ocr_line' id='line_1_52' title="bbox 2230 2145 3884 2223; baseline -0.005 -16"><span class='ocrx_word' id='word_1_384' title='bbox 2230 2154 2474 2223; x_wconf 85' lang='lat' dir='ltr'><strong>gnatum</strong></span> <span class='ocrx_word' id='word_1_385' title='bbox 2505 2165 2632 2205; x_wconf 89' lang='lat' dir='ltr'><strong>esse</strong></span> <span class='ocrx_word' id='word_1_386' title='bbox 2662 2152 2889 2205; x_wconf 89' lang='lat' dir='ltr'><strong>constat</strong></span> <span class='ocrx_word' id='word_1_387' title='bbox 2918 2164 2986 2204; x_wconf 89' lang='lat' dir='ltr'><strong>ex</strong></span> <span class='ocrx_word' id='word_1_388' title='bbox 3033 2149 3235 2204; x_wconf 89' lang='lat' dir='ltr'><strong>eodem</strong></span> <span class='ocrx_word' id='word_1_389' title='bbox 3285 2146 3695 2218; x_wconf 81' lang='lat' dir='ltr'><strong>TbeOphylacto</strong></span> <span class='ocrx_word' id='word_1_390' title='bbox 3738 2145 3884 2200; x_wconf 86' lang='lat' dir='ltr'><strong>Simo-</strong></span> 
     </span>
    </p>
   </div>
   <div class='ocr_carea' id='block_1_53' title="bbox 2229 2234 3886 2305">
    <p class='ocr_par' dir='ltr' id='par_1_53' title="bbox 2229 2234 3886 2305">
     <span class='ocr_line' id='line_1_53' title="bbox 2229 2234 3886 2305; baseline -0.005 -8"><span class='ocrx_word' id='word_1_391' title='bbox 2229 2245 2403 2298; x_wconf 90' lang='lat' dir='ltr'><strong>catta.</strong></span> <span class='ocrx_word' id='word_1_392' title='bbox 2446 2241 2673 2296; x_wconf 90' lang='lat' dir='ltr'><strong>Interea</strong></span> <span class='ocrx_word' id='word_1_393' title='bbox 2717 2239 2955 2305; x_wconf 88' lang='lat' dir='ltr'><strong>Italiam,</strong></span> <span class='ocrx_word' id='word_1_394' title='bbox 2986 2238 3267 2304; x_wconf 88' lang='lat' dir='ltr'><strong>Siciliam,</strong></span> <span class='ocrx_word' id='word_1_395' title='bbox 3310 2236 3643 2302; x_wconf 89' lang='lat' dir='ltr'><strong>Sardiniam,</strong></span> <span class='ocrx_word' id='word_1_396' title='bbox 3687 2234 3886 2289; x_wconf 87' lang='lat' dir='ltr'><strong>Dalma-</strong></span> 
     </span>
    </p>
   </div>
   <div class='ocr_carea' id='block_1_54' title="bbox 2227 2323 3882 2402">
    <p class='ocr_par' dir='ltr' id='par_1_54' title="bbox 2227 2323 3882 2402">
     <span class='ocr_line' id='line_1_54' title="bbox 2227 2323 3882 2402; baseline -0.006 -15"><span class='ocrx_word' id='word_1_397' title='bbox 2227 2332 2366 2388; x_wconf 89' lang='lat' dir='ltr'><strong>tiam</strong></span> <span class='ocrx_word' id='word_1_398' title='bbox 2428 2329 2793 2402; x_wconf 87' lang='lat' dir='ltr'><strong>Langobardi</strong></span> <span class='ocrx_word' id='word_1_399' title='bbox 2847 2328 3062 2400; x_wconf 88' lang='lat' dir='ltr'><strong>aliique</strong></span> <span class='ocrx_word' id='word_1_400' title='bbox 3115 2327 3358 2384; x_wconf 80' lang='lat' dir='ltr'><strong>barbari</strong></span> <span class='ocrx_word' id='word_1_401' title='bbox 3410 2323 3882 2398; x_wconf 85' lang='lat' dir='ltr'><strong>depopulabantur,</strong></span> 
     </span>
    </p>
   </div>
   <div class='ocr_carea' id='block_1_55' title="bbox 2224 2413 3883 2494">
    <p class='ocr_par' dir='ltr' id='par_1_55' title="bbox 2224 2413 3883 2494">
     <span class='ocr_line' id='line_1_55' title="bbox 2224 2413 3883 2494; baseline -0.006 -17"><span class='ocrx_word' id='word_1_402' title='bbox 2224 2421 2567 2494; x_wconf 87' lang='lat' dir='ltr'><strong>imperatore</strong></span> <span class='ocrx_word' id='word_1_403' title='bbox 2597 2419 2688 2475; x_wconf 89' lang='lat' dir='ltr'><strong>vix</strong></span> <span class='ocrx_word' id='word_1_404' title='bbox 2717 2423 2972 2475; x_wconf 89' lang='lat' dir='ltr'><strong>curante.</strong></span> <span class='ocrx_word' id='word_1_405' title='bbox 3018 2423 3138 2474; x_wconf 84' lang='lat' dir='ltr'><strong>Hoc</strong></span> <span class='ocrx_word' id='word_1_406' title='bbox 3170 2416 3425 2474; x_wconf 83' lang='lat' dir='ltr'><strong>moleste</strong></span> <span class='ocrx_word' id='word_1_407' title='bbox 3455 2416 3658 2473; x_wconf 87' lang='lat' dir='ltr'><strong>ferebat</strong></span> <span class='ocrx_word' id='word_1_408' title='bbox 3682 2415 3736 2470; x_wconf 88' lang='lat' dir='ltr'><strong>S.</strong></span> <span class='ocrx_word' id='word_1_409' title='bbox 3765 2413 3883 2468; x_wconf 86' lang='lat' dir='ltr'><strong>Gre-</strong></span> 
     </span>
    </p>
   </div>
   <div class='ocr_carea' id='block_1_56' title="bbox 2225 2498 3884 2583">
    <p class='ocr_par' dir='ltr' id='par_1_56' title="bbox 2225 2498 3884 2583">
     <span class='ocr_line' id='line_1_56' title="bbox 2225 2498 3884 2583; baseline -0.009 -16"><span class='ocrx_word' id='word_1_410' title='bbox 2225 2511 2444 2583; x_wconf 89' lang='lat' dir='ltr'><strong>gorius,</strong></span> <span class='ocrx_word' id='word_1_411' title='bbox 2480 2510 2628 2565; x_wconf 92' lang='lat' dir='ltr'><strong>unde</strong></span> <span class='ocrx_word' id='word_1_412' title='bbox 2665 2506 3072 2580; x_wconf 84' lang='lat' dir='ltr'><strong>expostulandi</strong></span> <span class='ocrx_word' id='word_1_413' title='bbox 3117 2515 3326 2562; x_wconf 83' lang='lat' dir='ltr'><strong>contra</strong></span> <span class='ocrx_word' id='word_1_414' title='bbox 3359 2504 3681 2560; x_wconf 80' lang='lat' dir='ltr'><strong>Mauricium</strong></span> <span class='ocrx_word' id='word_1_415' title='bbox 3706 2502 3762 2556; x_wconf 90' lang='lat' dir='ltr'><strong>in</strong></span> <span class='ocrx_word' id='word_1_416' title='bbox 3789 2498 3884 2570; x_wconf 87' lang='lat' dir='ltr'><strong>epi-</strong></span> 
     </span>
    </p>
   </div>
   <div class='ocr_carea' id='block_1_57' title="bbox 2224 2595 3634 2659">
    <p class='ocr_par' dir='ltr' id='par_1_57' title="bbox 2224 2595 3634 2659">
     <span class='ocr_line' id='line_1_57' title="bbox 2224 2595 3634 2659; baseline -0.007 -1"><span class='ocrx_word' id='word_1_417' title='bbox 2224 2602 2391 2659; x_wconf 89' lang='lat' dir='ltr'><strong>stolis</strong></span> <span class='ocrx_word' id='word_1_418' title='bbox 2422 2602 2492 2656; x_wconf 88' lang='lat' dir='ltr'><strong>ad</strong></span> <span class='ocrx_word' id='word_1_419' title='bbox 2521 2601 2773 2655; x_wconf 88' lang='lat' dir='ltr'><strong>Pbocam</strong></span> <span class='ocrx_word' id='word_1_420' title='bbox 2806 2603 2863 2654; x_wconf 88' lang='lat' dir='ltr'><strong>et</strong></span> <span class='ocrx_word' id='word_1_421' title='bbox 2896 2598 3193 2653; x_wconf 89' lang='lat' dir='ltr'><strong>Leontiam</strong></span> <span class='ocrx_word' id='word_1_422' title='bbox 3225 2597 3370 2652; x_wconf 87' lang='lat' dir='ltr'><strong>data</strong></span> <span class='ocrx_word' id='word_1_423' title='bbox 3399 2595 3634 2651; x_wconf 89' lang='lat' dir='ltr'><strong>occasio.</strong></span> 
     </span>
    </p>
   </div>
   <div class='ocr_carea' id='block_1_58' title="bbox 2293 2681 3881 2757">
    <p class='ocr_par' dir='ltr' id='par_1_58' title="bbox 2293 2681 3881 2757">
     <span class='ocr_line' id='line_1_58' title="bbox 2293 2681 3881 2757; baseline -0.008 -11"><span class='ocrx_word' id='word_1_424' title='bbox 2293 2693 2346 2746; x_wconf 91' lang='lat'><strong>6.</strong></span> <span class='ocrx_word' id='word_1_425' title='bbox 2380 2690 2452 2746; x_wconf 88' lang='lat' dir='ltr'><strong>Ut</strong></span> <span class='ocrx_word' id='word_1_426' title='bbox 2482 2689 2554 2745; x_wconf 90' lang='lat' dir='ltr'><strong>ad</strong></span> <span class='ocrx_word' id='word_1_427' title='bbox 2604 2703 2817 2744; x_wconf 88' lang='lat' dir='ltr'><strong>novum</strong></span> <span class='ocrx_word' id='word_1_428' title='bbox 2858 2687 3266 2757; x_wconf 88' lang='lat' dir='ltr'><strong>imperatorem</strong></span> <span class='ocrx_word' id='word_1_429' title='bbox 3315 2686 3512 2741; x_wconf 86' lang='lat' dir='ltr'><strong>redeat</strong></span> <span class='ocrx_word' id='word_1_430' title='bbox 3548 2681 3738 2750; x_wconf 89' lang='lat' dir='ltr'><strong>oratio,</strong></span> <span class='ocrx_word' id='word_1_431' title='bbox 3773 2693 3881 2736; x_wconf 88' lang='lat' dir='ltr'><strong>cum</strong></span> 
     </span>
    </p>
   </div>
   <div class='ocr_carea' id='block_1_59' title="bbox 2223 2773 3882 2850">
    <p class='ocr_par' dir='ltr' id='par_1_59' title="bbox 2223 2773 3882 2850">
     <span class='ocr_line' id='line_1_59' title="bbox 2223 2773 3882 2850; baseline -0.008 -15"><span class='ocrx_word' id='word_1_432' title='bbox 2223 2780 2453 2836; x_wconf 89' lang='lat' dir='ltr'><strong>nullum</strong></span> <span class='ocrx_word' id='word_1_433' title='bbox 2485 2779 2546 2834; x_wconf 88' lang='lat' dir='ltr'><strong>in</strong></span> <span class='ocrx_word' id='word_1_434' title='bbox 2586 2777 2801 2850; x_wconf 90' lang='lat' dir='ltr'><strong>palatio</strong></span> <span class='ocrx_word' id='word_1_435' title='bbox 2839 2775 3148 2831; x_wconf 88' lang='lat' dir='ltr'><strong>invenisset</strong></span> <span class='ocrx_word' id='word_1_436' title='bbox 3178 2773 3452 2831; x_wconf 67' lang='lat' dir='ltr'><strong>Ecclesiae</strong></span> <span class='ocrx_word' id='word_1_437' title='bbox 3486 2773 3735 2828; x_wconf 63' lang='lat' dir='ltr'><strong>Romana:</strong></span> <span class='ocrx_word' id='word_1_438' title='bbox 3764 2785 3882 2839; x_wconf 90' lang='lat' dir='ltr'><strong>apo-</strong></span> 
     </span>
    </p>
   </div>
   <div class='ocr_carea' id='block_1_60' title="bbox 2221 2858 3880 2937">
    <p class='ocr_par' dir='ltr' id='par_1_60' title="bbox 2221 2858 3880 2937">
     <span class='ocr_line' id='line_1_60' title="bbox 2221 2858 3880 2937; baseline -0.008 -12"><span class='ocrx_word' id='word_1_439' title='bbox 2221 2869 2569 2935; x_wconf 86' lang='lat' dir='ltr'><strong>crisiarium,</strong></span> <span class='ocrx_word' id='word_1_440' title='bbox 2599 2867 2658 2922; x_wconf 90' lang='lat' dir='ltr'><strong>id</strong></span> <span class='ocrx_word' id='word_1_441' title='bbox 2692 2865 2934 2921; x_wconf 90' lang='lat' dir='ltr'><strong>minime</strong></span> <span class='ocrx_word' id='word_1_442' title='bbox 2962 2870 3192 2937; x_wconf 83' lang='lat' dir='ltr'><strong>gratum</strong></span> <span class='ocrx_word' id='word_1_443' title='bbox 3224 2863 3459 2920; x_wconf 86' lang='lat' dir='ltr'><strong>habuit.</strong></span> <span class='ocrx_word' id='word_1_444' title='bbox 3489 2860 3767 2917; x_wconf 87' lang='lat' dir='ltr'><strong>Anatolius</strong></span> <span class='ocrx_word' id='word_1_445' title='bbox 3795 2858 3880 2913; x_wconf 86' lang='lat' dir='ltr'><strong>hoc</strong></span> 
     </span>
    </p>
   </div>
   <div class='ocr_carea' id='block_1_61' title="bbox 2221 2948 3882 3026">
    <p class='ocr_par' dir='ltr' id='par_1_61' title="bbox 2221 2948 3882 3026">
     <span class='ocr_line' id='line_1_61' title="bbox 2221 2948 3882 3026; baseline -0.007 -16"><span class='ocrx_word' id='word_1_446' title='bbox 2221 2971 2463 3011; x_wconf 89' lang='lat' dir='ltr'><strong>munere</strong></span> <span class='ocrx_word' id='word_1_447' title='bbox 2511 2954 2860 3026; x_wconf 84' lang='lat' dir='ltr'><strong>fungebatur</strong></span> <span class='ocrx_word' id='word_1_448' title='bbox 2919 2951 3112 3008; x_wconf 87' lang='lat' dir='ltr'><strong>adhuc</strong></span> <span class='ocrx_word' id='word_1_449' title='bbox 3159 2950 3370 3007; x_wconf 91' lang='lat' dir='ltr'><strong>indict.</strong></span> <span class='ocrx_word' id='word_1_450' title='bbox 3420 2967 3493 3015; x_wconf 85' lang='lat' dir='ltr'><strong>IV,</strong></span> <span class='ocrx_word' id='word_1_451' title='bbox 3543 2966 3631 3004; x_wconf 90' lang='lat' dir='ltr'><strong>an.</strong></span> <span class='ocrx_word' id='word_1_452' title='bbox 3675 2948 3786 3012; x_wconf 80' lang='lat'><strong>601,</strong></span> <span class='ocrx_word' id='word_1_453' title='bbox 3831 2949 3882 2999; x_wconf 90' lang='lat' dir='ltr'><strong>ut</strong></span> 
     </span>
    </p>
   </div>
   <div class='ocr_carea' id='block_1_62' title="bbox 2220 3035 3876 3118">
    <p class='ocr_par' dir='ltr' id='par_1_62' title="bbox 2220 3035 3876 3118">
     <span class='ocr_line' id='line_1_62' title="bbox 2220 3035 3876 3118; baseline -0.011 -16"><span class='ocrx_word' id='word_1_454' title='bbox 2220 3049 2375 3118; x_wconf 87' lang='lat' dir='ltr'><strong>patet</strong></span> <span class='ocrx_word' id='word_1_455' title='bbox 2401 3061 2469 3100; x_wconf 90' lang='lat' dir='ltr'><strong>ex</strong></span> <span class='ocrx_word' id='word_1_456' title='bbox 2509 3042 2752 3115; x_wconf 87' lang='lat' dir='ltr'><strong>epistola</strong></span> <span class='ocrx_word' id='word_1_457' title='bbox 2797 3042 2868 3096; x_wconf 88' lang='lat' dir='ltr'><strong>ad</strong></span> <span class='ocrx_word' id='word_1_458' title='bbox 2910 3057 3043 3098; x_wconf 89' lang='lat' dir='ltr'><strong>eum</strong></span> <span class='ocrx_word' id='word_1_459' title='bbox 3076 3041 3294 3112; x_wconf 87' lang='lat' dir='ltr'><strong>scripta</strong></span> <span class='ocrx_word' id='word_1_460' title='bbox 3351 3041 3492 3112; x_wconf 86' lang='lat' dir='ltr'><strong>(Lib.</strong></span> <span class='ocrx_word' id='word_1_461' title='bbox 3543 3055 3615 3104; x_wconf 72' lang='lat' dir='ltr'><strong>xx,</strong></span> <span class='ocrx_word' id='word_1_462' title='bbox 3643 3052 3718 3107; x_wconf 87' lang='lat' dir='ltr'><strong>ep.</strong></span> <span class='ocrx_word' id='word_1_463' title='bbox 3763 3035 3876 3101; x_wconf 70' lang='lat'><strong>47):</strong></span> 
     </span>
    </p>
   </div>
   <div class='ocr_carea' id='block_1_63' title="bbox 397 3095 3883 3207">
    <p class='ocr_par' dir='ltr' id='par_1_63' title="bbox 397 3095 3883 3207">
     <span class='ocr_line' id='line_1_63' title="bbox 397 3095 3883 3207; baseline -0.003 -19"><span class='ocrx_word' id='word_1_464' title='bbox 397 3131 701 3188; x_wconf 84' lang='lat' dir='ltr'><strong>sericordia</strong></span> <span class='ocrx_word' id='word_1_465' title='bbox 743 3133 971 3187; x_wconf 81' lang='lat' dir='ltr'><strong>contriti</strong></span> <span class='ocrx_word' id='word_1_466' title='bbox 1008 3147 1074 3186; x_wconf 91' lang='lat' dir='ltr'><strong>ac</strong></span> <span class='ocrx_word' id='word_1_467' title='bbox 1101 3131 1340 3202; x_wconf 77' lang='lat' dir='ltr'><strong>depressi</strong></span> <span class='ocrx_word' id='word_1_468' title='bbox 1367 3133 1542 3185; x_wconf 88' lang='lat' dir='ltr'><strong>animi</strong></span> <span class='ocrx_word' id='word_1_469' title='bbox 1568 3131 1956 3201; x_wconf 85' lang='lat' dir='ltr'><strong>subjectorum.</strong></span> <span class='ocrx_word' id='word_1_470' title='bbox 1995 3133 2106 3188; x_wconf 87' lang='lat' dir='ltr'><strong>Vir-</strong></span> <span class='ocrx_word' id='word_1_471' title='bbox 2136 3095 2178 3163; x_wconf 79' lang='lat' dir='ltr'>C</span> <span class='ocrx_word' id='word_1_472' title='bbox 2217 3095 2332 3207; x_wconf 65' lang='lat' dir='ltr'><strong>quo</strong></span> <span class='ocrx_word' id='word_1_473' title='bbox 2362 3149 2495 3190; x_wconf 90' lang='lat' dir='ltr'><strong>vero</strong></span> <span class='ocrx_word' id='word_1_474' title='bbox 2526 3139 2788 3205; x_wconf 89' lang='lat' dir='ltr'><strong>tempore</strong></span> <span class='ocrx_word' id='word_1_475' title='bbox 2815 3131 2958 3187; x_wconf 88' lang='lat' dir='ltr'><strong>urbe</strong></span> <span class='ocrx_word' id='word_1_476' title='bbox 2988 3130 3143 3202; x_wconf 89' lang='lat' dir='ltr'><strong>regia</strong></span> <span class='ocrx_word' id='word_1_477' title='bbox 3172 3131 3513 3199; x_wconf 86' lang='lat' dir='ltr'><strong>excesserit,</strong></span> <span class='ocrx_word' id='word_1_478' title='bbox 3544 3142 3715 3200; x_wconf 91' lang='lat' dir='ltr'><strong>quave</strong></span> <span class='ocrx_word' id='word_1_479' title='bbox 3741 3139 3883 3180; x_wconf 84' lang='lat' dir='ltr'><strong>occa-</strong></span> 
     </span>
    </p>
   </div>
   <div class='ocr_carea' id='block_1_64' title="bbox 397 3220 2104 3294">
    <p class='ocr_par' dir='ltr' id='par_1_64' title="bbox 397 3220 2104 3294">
     <span class='ocr_line' id='line_1_64' title="bbox 397 3220 2104 3294; baseline 0.002 -17"><span class='ocrx_word' id='word_1_480' title='bbox 397 3229 483 3278; x_wconf 88' lang='lat' dir='ltr'><strong>tus</strong></span> <span class='ocrx_word' id='word_1_481' title='bbox 513 3223 740 3277; x_wconf 71' lang='lat' dir='ltr'><strong>caelestis</strong></span> <span class='ocrx_word' id='word_1_482' title='bbox 769 3222 966 3293; x_wconf 62' lang='lat' dir='ltr'><strong>gratim</strong></span> <span class='ocrx_word' id='word_1_483' title='bbox 996 3221 1240 3276; x_wconf 88' lang='lat' dir='ltr'><strong>inimicis</strong></span> <span class='ocrx_word' id='word_1_484' title='bbox 1277 3220 1554 3278; x_wconf 80' lang='lat' dir='ltr'><strong>terribiles</strong></span> <span class='ocrx_word' id='word_1_485' title='bbox 1590 3238 1677 3278; x_wconf 89' lang='lat' dir='ltr'><strong>vos</strong></span> <span class='ocrx_word' id='word_1_486' title='bbox 1705 3222 1899 3292; x_wconf 81' lang='lat' dir='ltr'><strong>faciat,</strong></span> <span class='ocrx_word' id='word_1_487' title='bbox 1929 3224 2104 3294; x_wconf 86' lang='lat' dir='ltr'><strong>pietas</strong></span> 
     </span>
    </p>
   </div>
   <div class='ocr_carea' id='block_1_65' title="bbox 395 3311 2099 3383">
    <p class='ocr_par' dir='ltr' id='par_1_65' title="bbox 395 3311 2099 3383">
     <span class='ocr_line' id='line_1_65' title="bbox 395 3311 2099 3383; baseline 0.001 -16"><span class='ocrx_word' id='word_1_488' title='bbox 395 3311 631 3367; x_wconf 87' lang='lat' dir='ltr'><strong>subditis</strong></span> <span class='ocrx_word' id='word_1_489' title='bbox 665 3311 956 3383; x_wconf 87' lang='lat' dir='ltr'><strong>benignos.</strong></span> <span class='ocrx_word' id='word_1_490' title='bbox 992 3312 1249 3378; x_wconf 84' lang='lat' dir='ltr'><strong>Quiescat</strong></span> <span class='ocrx_word' id='word_1_491' title='bbox 1276 3312 1618 3383; x_wconf 83' lang='lat' dir='ltr'><strong>felicissimis</strong></span> <span class='ocrx_word' id='word_1_492' title='bbox 1648 3313 1980 3382; x_wconf 82' lang='lat' dir='ltr'><strong>temporibus</strong></span> <span class='ocrx_word' id='word_1_493' title='bbox 2008 3329 2099 3368; x_wconf 86' lang='lat' dir='ltr'><strong>ve-</strong></span> 
     </span>
    </p>
   </div>
   <div class='ocr_carea' id='block_1_66' title="bbox 392 3401 2102 3472">
    <p class='ocr_par' dir='ltr' id='par_1_66' title="bbox 392 3401 2102 3472">
     <span class='ocr_line' id='line_1_66' title="bbox 392 3401 2102 3472; baseline 0.002 -16"><span class='ocrx_word' id='word_1_494' title='bbox 392 3403 524 3458; x_wconf 84' lang='lat' dir='ltr'><strong>stris</strong></span> <span class='ocrx_word' id='word_1_495' title='bbox 543 3401 806 3457; x_wconf 87' lang='lat' dir='ltr'><strong>universa</strong></span> <span class='ocrx_word' id='word_1_496' title='bbox 829 3401 1158 3472; x_wconf 85' lang='lat' dir='ltr'><strong>respublica,</strong></span> <span class='ocrx_word' id='word_1_497' title='bbox 1181 3402 1394 3472; x_wconf 87' lang='lat' dir='ltr'><strong>prolata</strong></span> <span class='ocrx_word' id='word_1_498' title='bbox 1417 3403 1513 3456; x_wconf 87' lang='lat' dir='ltr'><strong>sub</strong></span> <span class='ocrx_word' id='word_1_499' title='bbox 1535 3418 1837 3458; x_wconf 88' lang='lat' dir='ltr'><strong>causarum</strong></span> <span class='ocrx_word' id='word_1_500' title='bbox 1858 3405 2102 3472; x_wconf 86' lang='lat' dir='ltr'><strong>imagine</strong></span> 
     </span>
    </p>
   </div>
   <div class='ocr_carea' id='block_1_67' title="bbox 385 3493 2099 3565">
    <p class='ocr_par' dir='ltr' id='par_1_67' title="bbox 385 3493 2099 3565">
     <span class='ocr_line' id='line_1_67' title="bbox 385 3493 2099 3565; baseline 0.003 -19"><span class='ocrx_word' id='word_1_501' title='bbox 385 3493 588 3565; x_wconf 67' lang='lat' dir='ltr'><strong>praeda</strong></span> <span class='ocrx_word' id='word_1_502' title='bbox 618 3494 788 3564; x_wconf 81' lang='lat' dir='ltr'><strong>pacis.</strong></span> <span class='ocrx_word' id='word_1_503' title='bbox 824 3493 1044 3548; x_wconf 85' lang='lat' dir='ltr'><strong>Cessent</strong></span> <span class='ocrx_word' id='word_1_504' title='bbox 1091 3500 1538 3548; x_wconf 81' lang='lat' dir='ltr'><strong>testamentorum</strong></span> <span class='ocrx_word' id='word_1_505' title='bbox 1583 3494 1821 3561; x_wconf 73' lang='lat' dir='ltr'><strong>insidiae,</strong></span> <span class='ocrx_word' id='word_1_506' title='bbox 1853 3495 2099 3552; x_wconf 86' lang='lat' dir='ltr'><strong>donatio-</strong></span> 
     </span>
    </p>
   </div>
   <div class='ocr_carea' id='block_1_68' title="bbox 388 3583 2100 3652">
    <p class='ocr_par' dir='ltr' id='par_1_68' title="bbox 388 3583 2100 3652">
     <span class='ocr_line' id='line_1_68' title="bbox 388 3583 2100 3652; baseline 0.002 -14"><span class='ocrx_word' id='word_1_507' title='bbox 388 3599 525 3638; x_wconf 86' lang='lat' dir='ltr'><strong>num</strong></span> <span class='ocrx_word' id='word_1_508' title='bbox 551 3584 755 3652; x_wconf 58' lang='lat' dir='ltr'><strong>gratim</strong></span> <span class='ocrx_word' id='word_1_509' title='bbox 792 3583 1064 3637; x_wconf 85' lang='lat' dir='ltr'><strong>violenter</strong></span> <span class='ocrx_word' id='word_1_510' title='bbox 1101 3586 1329 3640; x_wconf 51' lang='lat' dir='ltr'><strong>exacta.</strong></span> <span class='ocrx_word' id='word_1_511' title='bbox 1370 3584 1576 3638; x_wconf 80' lang='lat' dir='ltr'><strong>Redeat</strong></span> <span class='ocrx_word' id='word_1_512' title='bbox 1607 3585 1821 3639; x_wconf 87' lang='lat' dir='ltr'><strong>cunctis</strong></span> <span class='ocrx_word' id='word_1_513' title='bbox 1851 3585 1911 3638; x_wconf 88' lang='lat' dir='ltr'><strong>in</strong></span> <span class='ocrx_word' id='word_1_514' title='bbox 1941 3585 2100 3641; x_wconf 86' lang='lat' dir='ltr'><strong>rebus</strong></span> 
     </span>
    </p>
   </div>
   <div class='ocr_carea' id='block_1_69' title="bbox 388 3671 2100 3744">
    <p class='ocr_par' dir='ltr' id='par_1_69' title="bbox 388 3671 2100 3744">
     <span class='ocr_line' id='line_1_69' title="bbox 388 3671 2100 3744; baseline 0.004 -19"><span class='ocrx_word' id='word_1_515' title='bbox 388 3673 634 3744; x_wconf 83' lang='lat' dir='ltr'><strong>propriis</strong></span> <span class='ocrx_word' id='word_1_516' title='bbox 689 3688 886 3727; x_wconf 86' lang='lat' dir='ltr'><strong>secura</strong></span> <span class='ocrx_word' id='word_1_517' title='bbox 941 3674 1223 3743; x_wconf 81' lang='lat' dir='ltr'><strong>possessio,</strong></span> <span class='ocrx_word' id='word_1_518' title='bbox 1286 3680 1346 3728; x_wconf 90' lang='lat' dir='ltr'><strong>ut</strong></span> <span class='ocrx_word' id='word_1_519' title='bbox 1399 3671 1522 3727; x_wconf 87' lang='lat' dir='ltr'><strong>sine</strong></span> <span class='ocrx_word' id='word_1_520' title='bbox 1572 3673 1767 3729; x_wconf 87' lang='lat' dir='ltr'><strong>timore</strong></span> <span class='ocrx_word' id='word_1_521' title='bbox 1821 3675 2020 3731; x_wconf 86' lang='lat' dir='ltr'><strong>habere</strong></span> <span class='ocrx_word' id='word_1_522' title='bbox 2044 3692 2100 3731; x_wconf 90' lang='lat' dir='ltr'><strong>se</strong></span> 
     </span>
    </p>
   </div>
   <div class='ocr_carea' id='block_1_70' title="bbox 386 3761 2094 3834">
    <p class='ocr_par' dir='ltr' id='par_1_70' title="bbox 386 3761 2094 3834">
     <span class='ocr_line' id='line_1_70' title="bbox 386 3761 2094 3834; baseline 0.003 -19"><span class='ocrx_word' id='word_1_523' title='bbox 386 3762 684 3833; x_wconf 86' lang='lat' dir='ltr'><strong>gaudeant,</strong></span> <span class='ocrx_word' id='word_1_524' title='bbox 715 3776 840 3832; x_wconf 71' lang='lat' dir='ltr'><strong>quae</strong></span> <span class='ocrx_word' id='word_1_525' title='bbox 886 3777 999 3817; x_wconf 87' lang='lat' dir='ltr'><strong>non</strong></span> <span class='ocrx_word' id='word_1_526' title='bbox 1047 3772 1177 3816; x_wconf 85' lang='lat' dir='ltr'><strong>sunt</strong></span> <span class='ocrx_word' id='word_1_527' title='bbox 1219 3764 1298 3817; x_wconf 86' lang='lat' dir='ltr'><strong>eis</strong></span> <span class='ocrx_word' id='word_1_528' title='bbox 1333 3761 1626 3834; x_wconf 80' lang='lat' dir='ltr'><strong>fraudibus</strong></span> <span class='ocrx_word' id='word_1_529' title='bbox 1672 3763 1964 3834; x_wconf 84' lang='lat' dir='ltr'><strong>acquisita.</strong></span> <span class='ocrx_word' id='word_1_530' title='bbox 1999 3765 2094 3820; x_wconf 82' lang='lat' dir='ltr'><strong>Rc-</strong></span> 
     </span>
    </p>
   </div>
   <div class='ocr_carea' id='block_1_71' title="bbox 385 3852 2093 3925">
    <p class='ocr_par' dir='ltr' id='par_1_71' title="bbox 385 3852 2093 3925">
     <span class='ocr_line' id='line_1_71' title="bbox 385 3852 2093 3925; baseline 0.001 -17"><span class='ocrx_word' id='word_1_531' title='bbox 385 3854 662 3922; x_wconf 79' lang='lat' dir='ltr'><strong>formetur</strong></span> <span class='ocrx_word' id='word_1_532' title='bbox 681 3852 805 3922; x_wconf 87' lang='lat' dir='ltr'><strong>jam</strong></span> <span class='ocrx_word' id='word_1_533' title='bbox 827 3853 1062 3923; x_wconf 86' lang='lat' dir='ltr'><strong>singulis</strong></span> <span class='ocrx_word' id='word_1_534' title='bbox 1083 3852 1182 3907; x_wconf 88' lang='lat' dir='ltr'><strong>sub</strong></span> <span class='ocrx_word' id='word_1_535' title='bbox 1200 3853 1336 3924; x_wconf 77' lang='lat' dir='ltr'><strong>iugo</strong></span> <span class='ocrx_word' id='word_1_536' title='bbox 1361 3853 1592 3925; x_wconf 82' lang='lat' dir='ltr'><strong>imperii</strong></span> <span class='ocrx_word' id='word_1_537' title='bbox 1620 3854 1702 3924; x_wconf 87' lang='lat' dir='ltr'><strong>pii</strong></span> <span class='ocrx_word' id='word_1_538' title='bbox 1729 3853 1953 3909; x_wconf 87' lang='lat' dir='ltr'><strong>libertas</strong></span> <span class='ocrx_word' id='word_1_539' title='bbox 1973 3869 2093 3910; x_wconf 87' lang='lat' dir='ltr'><strong>sua.</strong></span> 
     </span>
    </p>
   </div>
   <div class='ocr_carea' id='block_1_72' title="bbox 384 3940 2096 4014">
    <p class='ocr_par' dir='ltr' id='par_1_72' title="bbox 384 3940 2096 4014">
     <span class='ocr_line' id='line_1_72' title="bbox 384 3940 2096 4014; baseline 0 -16"><span class='ocrx_word' id='word_1_540' title='bbox 384 3943 493 3998; x_wconf 82' lang='lat' dir='ltr'><strong>Hoc</strong></span> <span class='ocrx_word' id='word_1_541' title='bbox 512 3957 748 4014; x_wconf 85' lang='lat' dir='ltr'><strong>namque</strong></span> <span class='ocrx_word' id='word_1_542' title='bbox 773 3940 919 3997; x_wconf 84' lang='lat' dir='ltr'><strong>inter</strong></span> <span class='ocrx_word' id='word_1_543' title='bbox 948 3957 1099 4010; x_wconf 88' lang='lat' dir='ltr'><strong>reges</strong></span> <span class='ocrx_word' id='word_1_544' title='bbox 1120 3943 1399 4014; x_wconf 87' lang='lat' dir='ltr'><strong>gentium,</strong></span> <span class='ocrx_word' id='word_1_545' title='bbox 1430 3947 1485 3997; x_wconf 87' lang='lat' dir='ltr'><strong>et</strong></span> <span class='ocrx_word' id='word_1_546' title='bbox 1514 3941 1828 4014; x_wconf 63' lang='lat' dir='ltr'><strong>reipublicw</strong></span> <span class='ocrx_word' id='word_1_547' title='bbox 1858 3945 2096 4014; x_wconf 91' lang='lat' dir='ltr'><strong>impera-</strong></span> 
     </span>
    </p>
   </div>
   <div class='ocr_carea' id='block_1_73' title="bbox 382 4031 2095 4103">
    <p class='ocr_par' dir='ltr' id='par_1_73' title="bbox 382 4031 2095 4103">
     <span class='ocr_line' id='line_1_73' title="bbox 382 4031 2095 4103; baseline 0.001 -16"><span class='ocrx_word' id='word_1_548' title='bbox 382 4037 526 4088; x_wconf 81' lang='lat' dir='ltr'><strong>tores</strong></span> <span class='ocrx_word' id='word_1_549' title='bbox 585 4032 770 4098; x_wconf 87' lang='lat' dir='ltr'><strong>distat,</strong></span> <span class='ocrx_word' id='word_1_550' title='bbox 842 4031 983 4103; x_wconf 85' lang='lat' dir='ltr'><strong>quod</strong></span> <span class='ocrx_word' id='word_1_551' title='bbox 1046 4048 1195 4102; x_wconf 87' lang='lat' dir='ltr'><strong>reges</strong></span> <span class='ocrx_word' id='word_1_552' title='bbox 1247 4035 1492 4102; x_wconf 85' lang='lat' dir='ltr'><strong>gentium</strong></span> <span class='ocrx_word' id='word_1_553' title='bbox 1550 4031 1762 4087; x_wconf 88' lang='lat' dir='ltr'><strong>domini</strong></span> <span class='ocrx_word' id='word_1_554' title='bbox 1815 4049 2095 4089; x_wconf 87' lang='lat' dir='ltr'><strong>servorum</strong></span> 
     </span>
    </p>
   </div>
   <div class='ocr_carea' id='block_1_74' title="bbox 381 4121 2091 4193">
    <p class='ocr_par' dir='ltr' id='par_1_74' title="bbox 381 4121 2091 4193">
     <span class='ocr_line' id='line_1_74' title="bbox 381 4121 2091 4193; baseline 0.001 -18"><span class='ocrx_word' id='word_1_555' title='bbox 381 4127 535 4188; x_wconf 85' lang='lat' dir='ltr'><strong>sunt,</strong></span> <span class='ocrx_word' id='word_1_556' title='bbox 567 4123 926 4193; x_wconf 78' lang='lat' dir='ltr'><strong>imperatores</strong></span> <span class='ocrx_word' id='word_1_557' title='bbox 956 4137 1079 4177; x_wconf 82' lang='lat' dir='ltr'><strong>vero</strong></span> <span class='ocrx_word' id='word_1_558' title='bbox 1128 4122 1466 4192; x_wconf 76' lang='lat' dir='ltr'><strong>reipublicae,</strong></span> <span class='ocrx_word' id='word_1_559' title='bbox 1515 4121 1726 4176; x_wconf 85' lang='lat' dir='ltr'><strong>domini</strong></span> <span class='ocrx_word' id='word_1_560' title='bbox 1770 4121 2091 4177; x_wconf 88' lang='lat' dir='ltr'><strong>liberorum.</strong></span> 
     </span>
    </p>
   </div>
   <div class='ocr_carea' id='block_1_75' title="bbox 384 4210 2089 4283">
    <p class='ocr_par' dir='ltr' id='par_1_75' title="bbox 384 4210 2089 4283">
     <span class='ocr_line' id='line_1_75' title="bbox 384 4210 2089 4283; baseline 0.001 -18"><span class='ocrx_word' id='word_1_561' title='bbox 384 4211 486 4265; x_wconf 84' lang='lat' dir='ltr'><strong>Sed</strong></span> <span class='ocrx_word' id='word_1_562' title='bbox 516 4210 718 4264; x_wconf 84' lang='lat' dir='ltr'><strong>melius</strong></span> <span class='ocrx_word' id='word_1_563' title='bbox 749 4210 867 4267; x_wconf 54' lang='lat' dir='ltr'><strong>haec</strong></span> <span class='ocrx_word' id='word_1_564' title='bbox 896 4210 1108 4267; x_wconf 86' lang='lat' dir='ltr'><strong>orando</strong></span> <span class='ocrx_word' id='word_1_565' title='bbox 1129 4227 1293 4282; x_wconf 88' lang='lat' dir='ltr'><strong>quam</strong></span> <span class='ocrx_word' id='word_1_566' title='bbox 1323 4210 1656 4282; x_wconf 84' lang='lat' dir='ltr'><strong>suggerendo</strong></span> <span class='ocrx_word' id='word_1_567' title='bbox 1686 4210 1917 4265; x_wconf 82' lang='lat' dir='ltr'><strong>dicimus</strong></span> <span class='ocrx_word' id='word_1_568' title='bbox 1950 4211 2089 4283; x_wconf 86' lang='lat' dir='ltr'><strong>(Lib.</strong></span> 
     </span>
    </p>
   </div>
   <div class='ocr_carea' id='block_1_76' title="bbox 381 4299 2092 4372">
    <p class='ocr_par' dir='ltr' id='par_1_76' title="bbox 381 4299 2092 4372">
     <span class='ocr_line' id='line_1_76' title="bbox 381 4299 2092 4372; baseline 0.004 -21"><span class='ocrx_word' id='word_1_569' title='bbox 381 4313 507 4366; x_wconf 85' lang='lat' dir='ltr'><strong>xm,</strong></span> <span class='ocrx_word' id='word_1_570' title='bbox 539 4310 622 4368; x_wconf 78' lang='lat' dir='ltr'><strong>ep.</strong></span> <span class='ocrx_word' id='word_1_571' title='bbox 654 4299 766 4369; x_wconf 82' lang='lat' dir='ltr'><strong>3t).</strong></span> <span class='ocrx_word' id='word_1_572' title='bbox 793 4303 926 4364; x_wconf 65' lang='lat' dir='ltr'><strong>Quae</strong></span> <span class='ocrx_word' id='word_1_573' title='bbox 957 4308 1284 4371; x_wconf 89' lang='lat' dir='ltr'><strong>sequuntur</strong></span> <span class='ocrx_word' id='word_1_574' title='bbox 1313 4315 1500 4372; x_wconf 91' lang='lat' dir='ltr'><strong>usque</strong></span> <span class='ocrx_word' id='word_1_575' title='bbox 1529 4299 1602 4354; x_wconf 91' lang='lat' dir='ltr'><strong>ad</strong></span> <span class='ocrx_word' id='word_1_576' title='bbox 1628 4299 1803 4355; x_wconf 83' lang='lat' dir='ltr'><strong>ﬁnem</strong></span> <span class='ocrx_word' id='word_1_577' title='bbox 1839 4300 2092 4370; x_wconf 71' lang='lat' dir='ltr'><strong>epistola:</strong></span> 
     </span>
    </p>
   </div>
   <div class='ocr_carea' id='block_1_77' title="bbox 385 4389 2089 4462">
    <p class='ocr_par' dir='ltr' id='par_1_77' title="bbox 385 4389 2089 4462">
     <span class='ocr_line' id='line_1_77' title="bbox 385 4389 2089 4462; baseline 0.003 -22"><span class='ocrx_word' id='word_1_578' title='bbox 385 4391 524 4441; x_wconf 91' lang='lat' dir='ltr'><strong>sunt</strong></span> <span class='ocrx_word' id='word_1_579' title='bbox 552 4402 750 4458; x_wconf 88' lang='lat' dir='ltr'><strong>preces</strong></span> <span class='ocrx_word' id='word_1_580' title='bbox 781 4389 997 4460; x_wconf 88' lang='lat' dir='ltr'><strong>quibus</strong></span> <span class='ocrx_word' id='word_1_581' title='bbox 1040 4389 1127 4446; x_wconf 89' lang='lat' dir='ltr'><strong>vir</strong></span> <span class='ocrx_word' id='word_1_582' title='bbox 1159 4395 1397 4446; x_wconf 89' lang='lat' dir='ltr'><strong>sanctus</strong></span> <span class='ocrx_word' id='word_1_583' title='bbox 1427 4407 1460 4445; x_wconf 91' lang='lat' dir='ltr'><strong>a</strong></span> <span class='ocrx_word' id='word_1_584' title='bbox 1495 4390 1603 4446; x_wconf 93' lang='lat' dir='ltr'><strong>Deo</strong></span> <span class='ocrx_word' id='word_1_585' title='bbox 1635 4389 1892 4462; x_wconf 89' lang='lat' dir='ltr'><strong>postulat</strong></span> <span class='ocrx_word' id='word_1_586' title='bbox 1923 4391 2089 4447; x_wconf 86' lang='lat' dir='ltr'><strong>auxi-</strong></span> 
     </span>
    </p>
   </div>
   <div class='ocr_carea' id='block_1_78' title="bbox 383 4474 1516 4549">
    <p class='ocr_par' dir='ltr' id='par_1_78' title="bbox 383 4474 1516 4549">
     <span class='ocr_line' id='line_1_78' title="bbox 383 4474 1516 4549; baseline 0.005 -21"><span class='ocrx_word' id='word_1_587' title='bbox 383 4474 527 4530; x_wconf 89' lang='lat' dir='ltr'><strong>lium</strong></span> <span class='ocrx_word' id='word_1_588' title='bbox 558 4477 756 4548; x_wconf 71' lang='lat' dir='ltr'><strong>gratiaa</strong></span> <span class='ocrx_word' id='word_1_589' title='bbox 792 4481 1054 4549; x_wconf 82' lang='lat' dir='ltr'><strong>Augusto</strong></span> <span class='ocrx_word' id='word_1_590' title='bbox 1100 4479 1516 4534; x_wconf 89' lang='lat' dir='ltr'><strong>necessarium.</strong></span> 
     </span>
    </p>
   </div>
   <div class='ocr_carea' id='block_1_79' title="bbox 452 4564 2083 4640">
    <p class='ocr_par' dir='ltr' id='par_1_79' title="bbox 452 4564 2083 4640">
     <span class='ocr_line' id='line_1_79' title="bbox 452 4564 2083 4640; baseline 0.004 -20"><span class='ocrx_word' id='word_1_591' title='bbox 452 4565 518 4620; x_wconf 90' lang='lat' dir='ltr'><strong>In</strong></span> <span class='ocrx_word' id='word_1_592' title='bbox 551 4564 666 4621; x_wconf 90' lang='lat' dir='ltr'><strong>alia</strong></span> <span class='ocrx_word' id='word_1_593' title='bbox 694 4567 761 4620; x_wconf 90' lang='lat' dir='ltr'><strong>ad</strong></span> <span class='ocrx_word' id='word_1_594' title='bbox 799 4567 1069 4622; x_wconf 89' lang='lat' dir='ltr'><strong>eumdem</strong></span> <span class='ocrx_word' id='word_1_595' title='bbox 1111 4568 1358 4624; x_wconf 86' lang='lat' dir='ltr'><strong>Pbocam</strong></span> <span class='ocrx_word' id='word_1_596' title='bbox 1399 4568 1644 4640; x_wconf 91' lang='lat' dir='ltr'><strong>epistola</strong></span> <span class='ocrx_word' id='word_1_597' title='bbox 1673 4569 1847 4625; x_wconf 73' lang='lat' dir='ltr'><strong>nulla:</strong></span> <span class='ocrx_word' id='word_1_598' title='bbox 1879 4569 2083 4626; x_wconf 91' lang='lat' dir='ltr'><strong>laudes</strong></span> 
     </span>
    </p>
   </div>
   <div class='ocr_carea' id='block_1_80' title="bbox 379 4657 2080 4731">
    <p class='ocr_par' dir='ltr' id='par_1_80' title="bbox 379 4657 2080 4731">
     <span class='ocr_line' id='line_1_80' title="bbox 379 4657 2080 4731; baseline 0.002 -20"><span class='ocrx_word' id='word_1_599' title='bbox 379 4663 684 4711; x_wconf 87' lang='lat' dir='ltr'><strong>occurrent</strong></span> <span class='ocrx_word' id='word_1_600' title='bbox 704 4672 834 4726; x_wconf 70' lang='lat' dir='ltr'><strong>quae</strong></span> <span class='ocrx_word' id='word_1_601' title='bbox 860 4671 1184 4712; x_wconf 87' lang='lat' dir='ltr'><strong>sermonem</strong></span> <span class='ocrx_word' id='word_1_602' title='bbox 1211 4657 1594 4714; x_wconf 87' lang='lat' dir='ltr'><strong>adulatorium</strong></span> <span class='ocrx_word' id='word_1_603' title='bbox 1624 4659 1916 4716; x_wconf 90' lang='lat' dir='ltr'><strong>redoleant</strong></span> <span class='ocrx_word' id='word_1_604' title='bbox 1939 4660 2080 4731; x_wconf 89' lang='lat' dir='ltr'><strong>(Lib.</strong></span> 
     </span>
    </p>
   </div>
   <div class='ocr_carea' id='block_1_81' title="bbox 375 4744 2078 4819">
    <p class='ocr_par' dir='ltr' id='par_1_81' title="bbox 375 4744 2078 4819">
     <span class='ocr_line' id='line_1_81' title="bbox 375 4744 2078 4819; baseline 0.002 -18"><span class='ocrx_word' id='word_1_605' title='bbox 375 4762 500 4813; x_wconf 75' lang='lat' dir='ltr'><strong>xui,</strong></span> <span class='ocrx_word' id='word_1_606' title='bbox 532 4760 615 4816; x_wconf 92' lang='lat' dir='ltr'><strong>ep.</strong></span> <span class='ocrx_word' id='word_1_607' title='bbox 648 4744 760 4817; x_wconf 93' lang='lat'><strong>38).</strong></span> <span class='ocrx_word' id='word_1_608' title='bbox 795 4746 856 4801; x_wconf 93' lang='lat' dir='ltr'><strong>In</strong></span> <span class='ocrx_word' id='word_1_609' title='bbox 890 4760 958 4800; x_wconf 89' lang='lat' dir='ltr'><strong>ea</strong></span> <span class='ocrx_word' id='word_1_610' title='bbox 987 4761 1098 4816; x_wconf 90' lang='lat' dir='ltr'><strong>qua</strong></span> <span class='ocrx_word' id='word_1_611' title='bbox 1131 4746 1425 4802; x_wconf 80' lang='lat' dir='ltr'><strong>Leontium</strong></span> <span class='ocrx_word' id='word_1_612' title='bbox 1460 4747 1751 4817; x_wconf 86' lang='lat' dir='ltr'><strong>salutavit,</strong></span> <span class='ocrx_word' id='word_1_613' title='bbox 1784 4752 1918 4805; x_wconf 91' lang='lat' dir='ltr'><strong>vota</strong></span> <span class='ocrx_word' id='word_1_614' title='bbox 1939 4765 2078 4819; x_wconf 87' lang='lat' dir='ltr'><strong>quo-</strong></span> 
     </span>
    </p>
   </div>
   <div class='ocr_carea' id='block_1_82' title="bbox 377 4833 2080 4908">
    <p class='ocr_par' dir='ltr' id='par_1_82' title="bbox 377 4833 2080 4908">
     <span class='ocr_line' id='line_1_82' title="bbox 377 4833 2080 4908; baseline 0.001 -18"><span class='ocrx_word' id='word_1_615' title='bbox 377 4849 488 4908; x_wconf 91' lang='lat' dir='ltr'><strong>que</strong></span> <span class='ocrx_word' id='word_1_616' title='bbox 518 4838 840 4905; x_wconf 89' lang='lat' dir='ltr'><strong>nuncupat,</strong></span> <span class='ocrx_word' id='word_1_617' title='bbox 883 4849 998 4890; x_wconf 92' lang='lat' dir='ltr'><strong>non</strong></span> <span class='ocrx_word' id='word_1_618' title='bbox 1047 4833 1242 4889; x_wconf 91' lang='lat' dir='ltr'><strong>verbis</strong></span> <span class='ocrx_word' id='word_1_619' title='bbox 1297 4835 1679 4906; x_wconf 90' lang='lat' dir='ltr'><strong>lenocinatur,</strong></span> <span class='ocrx_word' id='word_1_620' title='bbox 1731 4841 1795 4892; x_wconf 93' lang='lat' dir='ltr'><strong>ut</strong></span> <span class='ocrx_word' id='word_1_621' title='bbox 1836 4837 2080 4908; x_wconf 89' lang='lat' dir='ltr'><strong>legendo</strong></span> 
     </span>
    </p>
   </div>
   <div class='ocr_carea' id='block_1_83' title="bbox 376 4923 1615 4997">
    <p class='ocr_par' dir='ltr' id='par_1_83' title="bbox 376 4923 1615 4997">
     <span class='ocr_line' id='line_1_83' title="bbox 376 4923 1615 4997; baseline -0.001 -16"><span class='ocrx_word' id='word_1_622' title='bbox 376 4925 624 4997; x_wconf 89' lang='lat' dir='ltr'><strong>quisque</strong></span> <span class='ocrx_word' id='word_1_623' title='bbox 650 4924 957 4980; x_wconf 87' lang='lat' dir='ltr'><strong>observare</strong></span> <span class='ocrx_word' id='word_1_624' title='bbox 989 4926 1176 4994; x_wconf 91' lang='lat' dir='ltr'><strong>potest</strong></span> <span class='ocrx_word' id='word_1_625' title='bbox 1205 4923 1396 4995; x_wconf 71' lang='lat' dir='ltr'><strong>(Ibid,</strong></span> <span class='ocrx_word' id='word_1_626' title='bbox 1428 4943 1509 4996; x_wconf 89' lang='lat' dir='ltr'><strong>ep.</strong></span> <span class='ocrx_word' id='word_1_627' title='bbox 1538 4926 1615 4996; x_wconf 92' lang='lat'><strong>3).</strong></span> 
     </span>
    </p>
   </div>
   <div class='ocr_carea' id='block_1_84' title="bbox 446 5011 2081 5084">
    <p class='ocr_par' dir='ltr' id='par_1_84' title="bbox 446 5011 2081 5084">
     <span class='ocr_line' id='line_1_84' title="bbox 446 5011 2081 5084; baseline 0.002 -16"><span class='ocrx_word' id='word_1_628' title='bbox 446 5014 499 5068; x_wconf 90' lang='lat'><strong>5.</strong></span> <span class='ocrx_word' id='word_1_629' title='bbox 532 5013 694 5078; x_wconf 85' lang='lat' dir='ltr'><strong>Quod</strong></span> <span class='ocrx_word' id='word_1_630' title='bbox 728 5015 950 5084; x_wconf 88' lang='lat' dir='ltr'><strong>spectat</strong></span> <span class='ocrx_word' id='word_1_631' title='bbox 989 5011 1062 5067; x_wconf 90' lang='lat' dir='ltr'><strong>ad</strong></span> <span class='ocrx_word' id='word_1_632' title='bbox 1107 5013 1374 5084; x_wconf 73' lang='lat' dir='ltr'><strong>quaedam</strong></span> <span class='ocrx_word' id='word_1_633' title='bbox 1408 5012 1466 5066; x_wconf 93' lang='lat' dir='ltr'><strong>in</strong></span> <span class='ocrx_word' id='word_1_634' title='bbox 1499 5012 1848 5070; x_wconf 86' lang='lat' dir='ltr'><strong>Mauricium</strong></span> <span class='ocrx_word' id='word_1_635' title='bbox 1879 5017 2081 5084; x_wconf 81' lang='lat' dir='ltr'><strong>Augu—</strong></span> 
     </span>
    </p>
   </div>
   <div class='ocr_carea' id='block_1_85' title="bbox 375 5102 2080 5176">
    <p class='ocr_par' dir='ltr' id='par_1_85' title="bbox 375 5102 2080 5176">
     <span class='ocr_line' id='line_1_85' title="bbox 375 5102 2080 5176; baseline 0.002 -18"><span class='ocrx_word' id='word_1_636' title='bbox 375 5108 530 5159; x_wconf 84' lang='lat' dir='ltr'><strong>stum</strong></span> <span class='ocrx_word' id='word_1_637' title='bbox 564 5104 770 5160; x_wconf 89' lang='lat' dir='ltr'><strong>durius</strong></span> <span class='ocrx_word' id='word_1_638' title='bbox 800 5120 833 5159; x_wconf 92' lang='lat' dir='ltr'><strong>a</strong></span> <span class='ocrx_word' id='word_1_639' title='bbox 881 5103 940 5160; x_wconf 91' lang='lat' dir='ltr'><strong>S.</strong></span> <span class='ocrx_word' id='word_1_640' title='bbox 991 5102 1263 5176; x_wconf 89' lang='lat' dir='ltr'><strong>Gregorio</strong></span> <span class='ocrx_word' id='word_1_641' title='bbox 1317 5102 1533 5176; x_wconf 89' lang='lat' dir='ltr'><strong>scripta</strong></span> <span class='ocrx_word' id='word_1_642' title='bbox 1581 5103 1654 5159; x_wconf 90' lang='lat' dir='ltr'><strong>iis</strong></span> <span class='ocrx_word' id='word_1_643' title='bbox 1692 5103 1754 5160; x_wconf 92' lang='lat' dir='ltr'><strong>in</strong></span> <span class='ocrx_word' id='word_1_644' title='bbox 1793 5105 2080 5176; x_wconf 89' lang='lat' dir='ltr'><strong>epistolis,</strong></span> 
     </span>
    </p>
   </div>
   <div class='ocr_carea' id='block_1_86' title="bbox 375 5192 2079 5266">
    <p class='ocr_par' dir='ltr' id='par_1_86' title="bbox 375 5192 2079 5266">
     <span class='ocr_line' id='line_1_86' title="bbox 375 5192 2079 5266; baseline 0.003 -20"><span class='ocrx_word' id='word_1_645' title='bbox 375 5196 602 5248; x_wconf 87' lang='lat' dir='ltr'><strong>constat</strong></span> <span class='ocrx_word' id='word_1_646' title='bbox 632 5193 788 5249; x_wconf 90' lang='lat' dir='ltr'><strong>hunc</strong></span> <span class='ocrx_word' id='word_1_647' title='bbox 810 5193 1223 5265; x_wconf 87' lang='lat' dir='ltr'><strong>imperatorem</strong></span> <span class='ocrx_word' id='word_1_648' title='bbox 1257 5192 1607 5266; x_wconf 89' lang='lat' dir='ltr'><strong>iniquiorem</strong></span> <span class='ocrx_word' id='word_1_649' title='bbox 1632 5208 1758 5249; x_wconf 88' lang='lat' dir='ltr'><strong>sese</strong></span> <span class='ocrx_word' id='word_1_650' title='bbox 1783 5193 1895 5250; x_wconf 88' lang='lat' dir='ltr'><strong>fere</strong></span> <span class='ocrx_word' id='word_1_651' title='bbox 1925 5211 2079 5251; x_wconf 87' lang='lat' dir='ltr'><strong>sem-</strong></span> 
     </span>
    </p>
   </div>
   <div class='ocr_carea' id='block_1_87' title="bbox 372 5281 2076 5356">
    <p class='ocr_par' dir='ltr' id='par_1_87' title="bbox 372 5281 2076 5356">
     <span class='ocr_line' id='line_1_87' title="bbox 372 5281 2076 5356; baseline 0.005 -22"><span class='ocrx_word' id='word_1_652' title='bbox 372 5296 474 5351; x_wconf 91' lang='lat' dir='ltr'><strong>per</strong></span> <span class='ocrx_word' id='word_1_653' title='bbox 503 5281 826 5339; x_wconf 88' lang='lat' dir='ltr'><strong>ostendisse</strong></span> <span class='ocrx_word' id='word_1_654' title='bbox 873 5284 1242 5341; x_wconf 88' lang='lat' dir='ltr'><strong>sanctissimo</strong></span> <span class='ocrx_word' id='word_1_655' title='bbox 1293 5283 1578 5353; x_wconf 77' lang='lat' dir='ltr'><strong>pontifici,</strong></span> <span class='ocrx_word' id='word_1_656' title='bbox 1631 5283 1826 5340; x_wconf 58' lang='lat' dir='ltr'><strong>Romae</strong></span> <span class='ocrx_word' id='word_1_657' title='bbox 1857 5286 2076 5356; x_wconf 89' lang='lat' dir='ltr'><strong>totique</strong></span> 
     </span>
    </p>
   </div>
   <div class='ocr_carea' id='block_1_88' title="bbox 376 5367 2077 5448">
    <p class='ocr_par' dir='ltr' id='par_1_88' title="bbox 376 5367 2077 5448">
     <span class='ocr_line' id='line_1_88' title="bbox 376 5367 2077 5448; baseline 0.005 -25"><span class='ocrx_word' id='word_1_658' title='bbox 376 5367 559 5423; x_wconf 70' lang='lat' dir='ltr'><strong>Italiae</strong></span> <span class='ocrx_word' id='word_1_659' title='bbox 589 5374 650 5425; x_wconf 93' lang='lat' dir='ltr'><strong>ut</strong></span> <span class='ocrx_word' id='word_1_660' title='bbox 677 5387 746 5426; x_wconf 87' lang='lat' dir='ltr'><strong>ex</strong></span> <span class='ocrx_word' id='word_1_661' title='bbox 777 5376 861 5427; x_wconf 90' lang='lat' dir='ltr'><strong>tot</strong></span> <span class='ocrx_word' id='word_1_662' title='bbox 893 5373 1260 5445; x_wconf 86' lang='lat' dir='ltr'><strong>Gregorianis</strong></span> <span class='ocrx_word' id='word_1_663' title='bbox 1289 5374 1554 5448; x_wconf 89' lang='lat' dir='ltr'><strong>epistolis</strong></span> <span class='ocrx_word' id='word_1_664' title='bbox 1585 5373 1785 5446; x_wconf 91' lang='lat' dir='ltr'><strong>liquet.</strong></span> <span class='ocrx_word' id='word_1_665' title='bbox 1821 5373 1901 5431; x_wconf 90' lang='lat' dir='ltr'><strong>De</strong></span> <span class='ocrx_word' id='word_1_666' title='bbox 1930 5377 2077 5432; x_wconf 91' lang='lat' dir='ltr'><strong>duro</strong></span> 
     </span>
    </p>
   </div>
   <div class='ocr_carea' id='block_1_89' title="bbox 375 5459 2078 5537">
    <p class='ocr_par' dir='ltr' id='par_1_89' title="bbox 375 5459 2078 5537">
     <span class='ocr_line' id='line_1_89' title="bbox 375 5459 2078 5537; baseline 0.005 -23"><span class='ocrx_word' id='word_1_667' title='bbox 375 5459 573 5528; x_wconf 86' lang='lat' dir='ltr'><strong>itaque</strong></span> <span class='ocrx_word' id='word_1_668' title='bbox 604 5460 787 5531; x_wconf 86' lang='lat' dir='ltr'><strong>ipsius</strong></span> <span class='ocrx_word' id='word_1_669' title='bbox 811 5463 953 5534; x_wconf 83' lang='lat' dir='ltr'><strong>jugo</strong></span> <span class='ocrx_word' id='word_1_670' title='bbox 992 5467 1226 5534; x_wconf 90' lang='lat' dir='ltr'><strong>quando</strong></span> <span class='ocrx_word' id='word_1_671' title='bbox 1267 5465 1647 5537; x_wconf 90' lang='lat' dir='ltr'><strong>conqueritur</strong></span> <span class='ocrx_word' id='word_1_672' title='bbox 1683 5466 2078 5537; x_wconf 89' lang='lat' dir='ltr'><strong>(dissimulato</strong></span> 
     </span>
    </p>
   </div>
   <div class='ocr_carea' id='block_1_90' title="bbox 449 5700 1439 5772">
    <p class='ocr_par' dir='ltr' id='par_1_90' title="bbox 449 5700 1439 5772">
     <span class='ocr_line' id='line_1_90' title="bbox 449 5700 1439 5772; baseline 0.006 -18"><span class='ocrx_word' id='word_1_673' title='bbox 449 5700 527 5772; x_wconf 89' lang='lat' dir='ltr'><strong>(a)</strong></span> <span class='ocrx_word' id='word_1_674' title='bbox 559 5703 620 5758; x_wconf 85' lang='lat' dir='ltr'><strong>In</strong></span> <span class='ocrx_word' id='word_1_675' title='bbox 653 5700 807 5757; x_wconf 80' lang='lat' dir='ltr'><strong>notis</strong></span> <span class='ocrx_word' id='word_1_676' title='bbox 840 5701 910 5755; x_wconf 86' lang='lat' dir='ltr'><strong>ad</strong></span> <span class='ocrx_word' id='word_1_677' title='bbox 943 5715 1034 5771; x_wconf 89' lang='lat' dir='ltr'><strong>ep.</strong></span> <span class='ocrx_word' id='word_1_678' title='bbox 1074 5701 1138 5758; x_wconf 84' lang='grc'><strong>31</strong></span> <span class='ocrx_word' id='word_1_679' title='bbox 1174 5703 1276 5760; x_wconf 84' lang='lat' dir='ltr'><strong>lib.</strong></span> <span class='ocrx_word' id='word_1_680' title='bbox 1313 5719 1439 5761; x_wconf 83' lang='lat' dir='ltr'><strong>xm.</strong></span> 
     </span>
    </p>
   </div>
   <div class='ocr_carea' id='block_1_91' title="bbox 2209 3221 3880 3295">
    <p class='ocr_par' dir='ltr' id='par_1_91' title="bbox 2209 3221 3880 3295">
     <span class='ocr_line' id='line_1_91' title="bbox 2209 3221 3880 3295; baseline -0.01 -12"><span class='ocrx_word' id='word_1_681' title='bbox 2209 3227 2392 3295; x_wconf 89' lang='lat' dir='ltr'><strong>sione,</strong></span> <span class='ocrx_word' id='word_1_682' title='bbox 2416 3224 2680 3280; x_wconf 88' lang='lat' dir='ltr'><strong>divinare</strong></span> <span class='ocrx_word' id='word_1_683' title='bbox 2703 3240 2818 3278; x_wconf 90' lang='lat' dir='ltr'><strong>non</strong></span> <span class='ocrx_word' id='word_1_684' title='bbox 2842 3237 3175 3295; x_wconf 88' lang='lat' dir='ltr'><strong>possumus.</strong></span> <span class='ocrx_word' id='word_1_685' title='bbox 3202 3221 3526 3294; x_wconf 85' lang='lat' dir='ltr'><strong>Gregorius</strong></span> <span class='ocrx_word' id='word_1_686' title='bbox 3544 3226 3880 3274; x_wconf 86' lang='lat' dir='ltr'><strong>excusaturus</strong></span> 
     </span>
    </p>
   </div>
   <div class='ocr_carea' id='block_1_92' title="bbox 2210 3305 3884 3388">
    <p class='ocr_par' dir='ltr' id='par_1_92' title="bbox 2210 3305 3884 3388">
     <span class='ocr_line' id='line_1_92' title="bbox 2210 3305 3884 3388; baseline -0.01 -15"><span class='ocrx_word' id='word_1_687' title='bbox 2210 3333 2272 3373; x_wconf 90' lang='lat' dir='ltr'><strong>se</strong></span> <span class='ocrx_word' id='word_1_688' title='bbox 2293 3318 2446 3388; x_wconf 90' lang='lat' dir='ltr'><strong>apud</strong></span> <span class='ocrx_word' id='word_1_689' title='bbox 2473 3316 2744 3384; x_wconf 90' lang='lat' dir='ltr'><strong>Pbocam,</strong></span> <span class='ocrx_word' id='word_1_690' title='bbox 2768 3313 3040 3385; x_wconf 87' lang='lat' dir='ltr'><strong>scripsit:</strong></span> <span class='ocrx_word' id='word_1_691' title='bbox 3069 3312 3226 3380; x_wconf 84' lang='lat' dir='ltr'><strong>Quod</strong></span> <span class='ocrx_word' id='word_1_692' title='bbox 3253 3326 3583 3384; x_wconf 83' lang='lat' dir='ltr'><strong>permane-re</strong></span> <span class='ocrx_word' id='word_1_693' title='bbox 3612 3312 3663 3364; x_wconf 88' lang='lat' dir='ltr'><strong>in</strong></span> <span class='ocrx_word' id='word_1_694' title='bbox 3683 3305 3884 3375; x_wconf 85' lang='lat' dir='ltr'><strong>palatio,</strong></span> 
     </span>
    </p>
   </div>
   <div class='ocr_carea' id='block_1_93' title="bbox 2208 3395 3878 3478">
    <p class='ocr_par' dir='ltr' id='par_1_93' title="bbox 2208 3395 3878 3478">
     <span class='ocr_line' id='line_1_93' title="bbox 2208 3395 3878 3478; baseline -0.009 -16"><span class='ocrx_word' id='word_1_695' title='bbox 2208 3407 2366 3476; x_wconf 72' lang='lat' dir='ltr'><strong>iuxta</strong></span> <span class='ocrx_word' id='word_1_696' title='bbox 2393 3408 2679 3478; x_wconf 88' lang='lat' dir='ltr'><strong>antiquam</strong></span> <span class='ocrx_word' id='word_1_697' title='bbox 2709 3402 3178 3469; x_wconf 86' lang='lat' dir='ltr'><strong>consuetudinem,</strong></span> <span class='ocrx_word' id='word_1_698' title='bbox 3209 3401 3529 3472; x_wconf 59' lang='lat' dir='ltr'><strong>apostolica</strong></span> <span class='ocrx_word' id='word_1_699' title='bbox 3564 3397 3696 3454; x_wconf 84' lang='lat' dir='ltr'><strong>sedis</strong></span> <span class='ocrx_word' id='word_1_700' title='bbox 3729 3395 3878 3450; x_wconf 83' lang='lat' dir='ltr'><strong>diaco-</strong></span> 
     </span>
    </p>
   </div>
   <div class='ocr_carea' id='block_1_94' title="bbox 2206 3481 3882 3558">
    <p class='ocr_par' dir='ltr' id='par_1_94' title="bbox 2206 3481 3882 3558">
     <span class='ocr_line' id='line_1_94' title="bbox 2206 3481 3882 3558; baseline -0.01 -6"><span class='ocrx_word' id='word_1_701' title='bbox 2206 3513 2342 3552; x_wconf 82' lang='lat' dir='ltr'><strong>num</strong></span> <span class='ocrx_word' id='word_1_702' title='bbox 2372 3505 2550 3552; x_wconf 84' lang='lat' dir='ltr'><strong>vestra</strong></span> <span class='ocrx_word' id='word_1_703' title='bbox 2579 3494 2852 3550; x_wconf 86' lang='lat' dir='ltr'><strong>Serenitas</strong></span> <span class='ocrx_word' id='word_1_704' title='bbox 2893 3507 3002 3547; x_wconf 86' lang='lat' dir='ltr'><strong>non</strong></span> <span class='ocrx_word' id='word_1_705' title='bbox 3033 3491 3263 3558; x_wconf 86' lang='lat' dir='ltr'><strong>invenit,</strong></span> <span class='ocrx_word' id='word_1_706' title='bbox 3313 3508 3424 3547; x_wconf 88' lang='lat' dir='ltr'><strong>non</strong></span> <span class='ocrx_word' id='word_1_707' title='bbox 3458 3490 3556 3546; x_wconf 85' lang='lat' dir='ltr'><strong>hoc</strong></span> <span class='ocrx_word' id='word_1_708' title='bbox 3589 3501 3719 3544; x_wconf 76' lang='lat' dir='ltr'><strong>meae</strong></span> <span class='ocrx_word' id='word_1_709' title='bbox 3742 3481 3882 3553; x_wconf 82' lang='lat' dir='ltr'><strong>negli-</strong></span> 
     </span>
    </p>
   </div>
   <div class='ocr_carea' id='block_1_95' title="bbox 2205 3573 3881 3658">
    <p class='ocr_par' dir='ltr' id='par_1_95' title="bbox 2205 3573 3881 3658">
     <span class='ocr_line' id='line_1_95' title="bbox 2205 3573 3881 3658; baseline -0.01 -17"><span class='ocrx_word' id='word_1_710' title='bbox 2205 3589 2420 3658; x_wconf 72' lang='lat' dir='ltr'><strong>gentiae,</strong></span> <span class='ocrx_word' id='word_1_711' title='bbox 2451 3587 2545 3640; x_wconf 85' lang='lat' dir='ltr'><strong>sed</strong></span> <span class='ocrx_word' id='word_1_712' title='bbox 2573 3582 2918 3656; x_wconf 69' lang='lat' dir='ltr'><strong>gravissima:</strong></span> <span class='ocrx_word' id='word_1_713' title='bbox 2939 3579 3276 3637; x_wconf 85' lang='lat' dir='ltr'><strong>necessitatis</strong></span> <span class='ocrx_word' id='word_1_714' title='bbox 3309 3583 3421 3646; x_wconf 78' lang='lat' dir='ltr'><strong>fuit</strong></span> <span class='ocrx_word' id='word_1_715' title='bbox 3451 3598 3472 3634; x_wconf 93' lang='grc'><strong>.·</strong></span> <span class='ocrx_word' id='word_1_716' title='bbox 3502 3581 3629 3650; x_wconf 88' lang='lat' dir='ltr'><strong>quia</strong></span> <span class='ocrx_word' id='word_1_717' title='bbox 3655 3577 3771 3630; x_wconf 88' lang='lat' dir='ltr'><strong>dum</strong></span> <span class='ocrx_word' id='word_1_718' title='bbox 3798 3573 3881 3626; x_wconf 85' lang='lat' dir='ltr'><strong>mi-</strong></span> 
     </span>
    </p>
   </div>
   <div class='ocr_carea' id='block_1_96' title="bbox 2205 3667 3882 3746">
    <p class='ocr_par' dir='ltr' id='par_1_96' title="bbox 2205 3667 3882 3746">
     <span class='ocr_line' id='line_1_96' title="bbox 2205 3667 3882 3746; baseline -0.011 -14"><span class='ocrx_word' id='word_1_719' title='bbox 2205 3678 2375 3732; x_wconf 86' lang='lat' dir='ltr'><strong>nistri</strong></span> <span class='ocrx_word' id='word_1_720' title='bbox 2402 3691 2588 3732; x_wconf 90' lang='lat' dir='ltr'><strong>omnes</strong></span> <span class='ocrx_word' id='word_1_721' title='bbox 2617 3674 2780 3746; x_wconf 83' lang='lat' dir='ltr'><strong>hujus</strong></span> <span class='ocrx_word' id='word_1_722' title='bbox 2821 3681 3026 3729; x_wconf 66' lang='lat' dir='ltr'><strong>nostra:</strong></span> <span class='ocrx_word' id='word_1_723' title='bbox 3060 3671 3320 3727; x_wconf 70' lang='lat' dir='ltr'><strong>Ecclesiae</strong></span> <span class='ocrx_word' id='word_1_724' title='bbox 3350 3679 3470 3726; x_wconf 88' lang='lat' dir='ltr'><strong>tum</strong></span> <span class='ocrx_word' id='word_1_725' title='bbox 3500 3667 3725 3726; x_wconf 85' lang='lat' dir='ltr'><strong>contrita</strong></span> <span class='ocrx_word' id='word_1_726' title='bbox 3752 3679 3882 3734; x_wconf 83' lang='lat' dir='ltr'><strong>aspe-</strong></span> 
     </span>
    </p>
   </div>
   <div class='ocr_carea' id='block_1_97' title="bbox 2204 3755 3882 3840">
    <p class='ocr_par' dir='ltr' id='par_1_97' title="bbox 2204 3755 3882 3840">
     <span class='ocr_line' id='line_1_97' title="bbox 2204 3755 3882 3840; baseline -0.011 -17"><span class='ocrx_word' id='word_1_727' title='bbox 2204 3783 2376 3840; x_wconf 88' lang='lat' dir='ltr'><strong>raque</strong></span> <span class='ocrx_word' id='word_1_728' title='bbox 2407 3775 2649 3838; x_wconf 86' lang='lat' dir='ltr'><strong>tempora</strong></span> <span class='ocrx_word' id='word_1_729' title='bbox 2679 3781 2803 3821; x_wconf 89' lang='lat' dir='ltr'><strong>cum</strong></span> <span class='ocrx_word' id='word_1_730' title='bbox 2841 3762 3140 3834; x_wconf 80' lang='lat' dir='ltr'><strong>[ormidine</strong></span> <span class='ocrx_word' id='word_1_731' title='bbox 3169 3761 3545 3828; x_wconf 83' lang='lat' dir='ltr'><strong>declinarent,</strong></span> <span class='ocrx_word' id='word_1_732' title='bbox 3573 3766 3726 3831; x_wconf 85' lang='lat' dir='ltr'><strong>atque</strong></span> <span class='ocrx_word' id='word_1_733' title='bbox 3753 3755 3882 3821; x_wconf 80' lang='lat' dir='ltr'><strong>refu-</strong></span> 
     </span>
    </p>
   </div>
   <div class='ocr_carea' id='block_1_98' title="bbox 2203 3843 3887 3931">
    <p class='ocr_par' dir='ltr' id='par_1_98' title="bbox 2203 3843 3887 3931">
     <span class='ocr_line' id='line_1_98' title="bbox 2203 3843 3887 3931; baseline -0.011 -18"><span class='ocrx_word' id='word_1_734' title='bbox 2203 3861 2425 3931; x_wconf 86' lang='lat' dir='ltr'><strong>gerent,</strong></span> <span class='ocrx_word' id='word_1_735' title='bbox 2447 3855 2608 3912; x_wconf 86' lang='lat' dir='ltr'><strong>nulli</strong></span> <span class='ocrx_word' id='word_1_736' title='bbox 2625 3871 2808 3911; x_wconf 89' lang='lat' dir='ltr'><strong>eorum</strong></span> <span class='ocrx_word' id='word_1_737' title='bbox 2832 3857 3040 3924; x_wconf 87' lang='lat' dir='ltr'><strong>poterat</strong></span> <span class='ocrx_word' id='word_1_738' title='bbox 3065 3852 3293 3922; x_wconf 88' lang='lat' dir='ltr'><strong>imponi,</strong></span> <span class='ocrx_word' id='word_1_739' title='bbox 3323 3860 3388 3908; x_wconf 89' lang='lat' dir='ltr'><strong>ut</strong></span> <span class='ocrx_word' id='word_1_740' title='bbox 3413 3851 3483 3906; x_wconf 89' lang='lat' dir='ltr'><strong>ad</strong></span> <span class='ocrx_word' id='word_1_741' title='bbox 3505 3850 3688 3906; x_wconf 86' lang='lat' dir='ltr'><strong>urbem</strong></span> <span class='ocrx_word' id='word_1_742' title='bbox 3707 3843 3887 3914; x_wconf 83' lang='lat' dir='ltr'><strong>regiam</strong></span> 
     </span>
    </p>
   </div>
   <div class='ocr_carea' id='block_1_99' title="bbox 2204 3941 3890 4018">
    <p class='ocr_par' dir='ltr' id='par_1_99' title="bbox 2204 3941 3890 4018">
     <span class='ocr_line' id='line_1_99' title="bbox 2204 3941 3890 4018; baseline -0.008 -16"><span class='ocrx_word' id='word_1_743' title='bbox 2204 3950 2265 4002; x_wconf 88' lang='lat' dir='ltr'><strong>in</strong></span> <span class='ocrx_word' id='word_1_744' title='bbox 2300 3947 2513 4018; x_wconf 88' lang='lat' dir='ltr'><strong>palatio</strong></span> <span class='ocrx_word' id='word_1_745' title='bbox 2555 3958 2954 4017; x_wconf 87' lang='lat' dir='ltr'><strong>permansurus</strong></span> <span class='ocrx_word' id='word_1_746' title='bbox 3003 3944 3309 3998; x_wconf 81' lang='lat' dir='ltr'><strong>accederet.</strong></span> <span class='ocrx_word' id='word_1_747' title='bbox 3359 3941 3466 3997; x_wconf 87' lang='lat' dir='ltr'><strong>Sed</strong></span> <span class='ocrx_word' id='word_1_748' title='bbox 3506 3943 3776 4011; x_wconf 82' lang='lat' dir='ltr'><strong>postquam</strong></span> <span class='ocrx_word' id='word_1_749' title='bbox 3819 3947 3890 3986; x_wconf 79' lang='lat' dir='ltr'><strong>ve-</strong></span> 
     </span>
    </p>
   </div>
   <div class='ocr_carea' id='block_1_100' title="bbox 2202 4026 3887 4104">
    <p class='ocr_par' dir='ltr' id='par_1_100' title="bbox 2202 4026 3887 4104">
     <span class='ocr_line' id='line_1_100' title="bbox 2202 4026 3887 4104; baseline -0.008 -11"><span class='ocrx_word' id='word_1_750' title='bbox 2202 4043 2386 4093; x_wconf 90' lang='lat' dir='ltr'><strong>stram</strong></span> <span class='ocrx_word' id='word_1_751' title='bbox 2406 4037 2789 4100; x_wconf 79' lang='lat' dir='ltr'><strong>Clementiam,</strong></span> <span class='ocrx_word' id='word_1_752' title='bbox 2826 4033 3221 4104; x_wconf 84' lang='lat' dir='ltr'><strong>omnipotentis</strong></span> <span class='ocrx_word' id='word_1_753' title='bbox 3253 4032 3356 4088; x_wconf 89' lang='lat' dir='ltr'><strong>Dei</strong></span> <span class='ocrx_word' id='word_1_754' title='bbox 3386 4033 3580 4101; x_wconf 86' lang='lat' dir='ltr'><strong>gratia</strong></span> <span class='ocrx_word' id='word_1_755' title='bbox 3607 4026 3887 4100; x_wconf 68' lang='lat' dir='ltr'><strong>disponente</strong></span> 
     </span>
    </p>
   </div>
   <div class='ocr_carea' id='block_1_101' title="bbox 2203 4120 3890 4197">
    <p class='ocr_par' dir='ltr' id='par_1_101' title="bbox 2203 4120 3890 4197">
     <span class='ocr_line' id='line_1_101' title="bbox 2203 4120 3890 4197; baseline -0.008 -15"><span class='ocrx_word' id='word_1_756' title='bbox 2203 4127 2272 4182; x_wconf 89' lang='lat' dir='ltr'><strong>ad</strong></span> <span class='ocrx_word' id='word_1_757' title='bbox 2299 4127 2520 4182; x_wconf 82' lang='lat' dir='ltr'><strong>culmen</strong></span> <span class='ocrx_word' id='word_1_758' title='bbox 2555 4125 2776 4197; x_wconf 83' lang='lat' dir='ltr'><strong>imperii</strong></span> <span class='ocrx_word' id='word_1_759' title='bbox 2803 4125 3118 4196; x_wconf 81' lang='lat' dir='ltr'><strong>pervenisse</strong></span> <span class='ocrx_word' id='word_1_760' title='bbox 3140 4128 3550 4192; x_wconf 85' lang='lat' dir='ltr'><strong>cognoverunt,</strong></span> <span class='ocrx_word' id='word_1_761' title='bbox 3587 4120 3691 4191; x_wconf 86' lang='lat' dir='ltr'><strong>ipsi</strong></span> <span class='ocrx_word' id='word_1_762' title='bbox 3710 4125 3890 4187; x_wconf 74' lang='lat' dir='ltr'><strong>quoque</strong></span> 
     </span>
    </p>
   </div>
   <div class='ocr_carea' id='block_1_102' title="bbox 2201 4199 3888 4282">
    <p class='ocr_par' dir='ltr' id='par_1_102' title="bbox 2201 4199 3888 4282">
     <span class='ocr_line' id='line_1_102' title="bbox 2201 4199 3888 4282; baseline -0.007 -12"><span class='ocrx_word' id='word_1_763' title='bbox 2201 4216 2466 4271; x_wconf 87' lang='lat' dir='ltr'><strong>suadente</strong></span> <span class='ocrx_word' id='word_1_764' title='bbox 2498 4214 2691 4270; x_wconf 72' lang='lat' dir='ltr'><strong>laetitia</strong></span> <span class='ocrx_word' id='word_1_765' title='bbox 2716 4215 2785 4270; x_wconf 82' lang='lat' dir='ltr'><strong>ad</strong></span> <span class='ocrx_word' id='word_1_766' title='bbox 2816 4218 2992 4270; x_wconf 86' lang='lat' dir='ltr'><strong>vestra</strong></span> <span class='ocrx_word' id='word_1_767' title='bbox 3020 4212 3251 4282; x_wconf 84' lang='lat' dir='ltr'><strong>vestigia</strong></span> <span class='ocrx_word' id='word_1_768' title='bbox 3280 4214 3480 4268; x_wconf 85' lang='lat' dir='ltr'><strong>venire</strong></span> <span class='ocrx_word' id='word_1_769' title='bbox 3508 4210 3789 4282; x_wconf 78' lang='lat' dir='ltr'><strong>festinant,</strong></span> <span class='ocrx_word' id='word_1_770' title='bbox 3809 4199 3888 4273; x_wconf 76' lang='lat' dir='ltr'><strong>qui</strong></span> 
     </span>
    </p>
   </div>
   <div class='ocr_carea' id='block_1_103' title="bbox 2200 4293 3885 4378">
    <p class='ocr_par' dir='ltr' id='par_1_103' title="bbox 2200 4293 3885 4378">
     <span class='ocr_line' id='line_1_103' title="bbox 2200 4293 3885 4378; baseline -0.005 -18"><span class='ocrx_word' id='word_1_771' title='bbox 2200 4307 2358 4378; x_wconf 88' lang='lat' dir='ltr'><strong>prius</strong></span> <span class='ocrx_word' id='word_1_772' title='bbox 2388 4305 2523 4360; x_wconf 89' lang='lat' dir='ltr'><strong>illuc</strong></span> <span class='ocrx_word' id='word_1_773' title='bbox 2551 4304 2801 4360; x_wconf 83' lang='lat' dir='ltr'><strong>accedere</strong></span> <span class='ocrx_word' id='word_1_774' title='bbox 2833 4303 2986 4359; x_wconf 87' lang='lat' dir='ltr'><strong>valde</strong></span> <span class='ocrx_word' id='word_1_775' title='bbox 3017 4303 3325 4357; x_wconf 85' lang='lat' dir='ltr'><strong>timuerant</strong></span> <span class='ocrx_word' id='word_1_776' title='bbox 3359 4302 3505 4374; x_wconf 89' lang='lat' dir='ltr'><strong>(Lib.</strong></span> <span class='ocrx_word' id='word_1_777' title='bbox 3539 4316 3660 4366; x_wconf 87' lang='lat' dir='ltr'><strong>xm,</strong></span> <span class='ocrx_word' id='word_1_778' title='bbox 3691 4314 3768 4368; x_wconf 88' lang='lat' dir='ltr'><strong>ep.</strong></span> <span class='ocrx_word' id='word_1_779' title='bbox 3794 4293 3885 4360; x_wconf 76' lang='lat'><strong>33)-</strong></span> 
     </span>
    </p>
   </div>
   <div class='ocr_carea' id='block_1_104' title="bbox 2201 4381 3888 4466">
    <p class='ocr_par' dir='ltr' id='par_1_104' title="bbox 2201 4381 3888 4466">
     <span class='ocr_line' id='line_1_104' title="bbox 2201 4381 3888 4466; baseline -0.009 -16"><span class='ocrx_word' id='word_1_780' title='bbox 2201 4398 2410 4450; x_wconf 88' lang='lat' dir='ltr'><strong>Postea</strong></span> <span class='ocrx_word' id='word_1_781' title='bbox 2432 4394 2723 4466; x_wconf 85' lang='lat' dir='ltr'><strong>signiﬁcat</strong></span> <span class='ocrx_word' id='word_1_782' title='bbox 2757 4394 2827 4448; x_wconf 89' lang='lat' dir='ltr'><strong>ad</strong></span> <span class='ocrx_word' id='word_1_783' title='bbox 2851 4393 2908 4447; x_wconf 89' lang='lat' dir='ltr'><strong>id</strong></span> <span class='ocrx_word' id='word_1_784' title='bbox 2935 4391 3194 4447; x_wconf 86' lang='lat' dir='ltr'><strong>muneris</strong></span> <span class='ocrx_word' id='word_1_785' title='bbox 3216 4389 3518 4446; x_wconf 85' lang='lat' dir='ltr'><strong>delectum</strong></span> <span class='ocrx_word' id='word_1_786' title='bbox 3553 4389 3725 4444; x_wconf 81' lang='lat' dir='ltr'><strong>fuisse</strong></span> <span class='ocrx_word' id='word_1_787' title='bbox 3745 4381 3888 4438; x_wconf 91' lang='lat' dir='ltr'><strong>Boni-</strong></span> 
     </span>
    </p>
   </div>
   <div class='ocr_carea' id='block_1_105' title="bbox 2119 4473 3890 4556">
    <p class='ocr_par' dir='ltr' id='par_1_105' title="bbox 2119 4473 3890 4556">
     <span class='ocr_line' id='line_1_105' title="bbox 2119 4473 3890 4556; baseline -0.007 -17"><span class='ocrx_word' id='word_1_788' title='bbox 2119 4473 2167 4539; x_wconf 85' lang='lat' dir='ltr'><strong>D</strong></span> <span class='ocrx_word' id='word_1_789' title='bbox 2201 4485 2413 4541; x_wconf 83' lang='lat' dir='ltr'><strong>facium</strong></span> <span class='ocrx_word' id='word_1_790' title='bbox 2449 4485 2704 4556; x_wconf 89' lang='lat' dir='ltr'><strong>primum</strong></span> <span class='ocrx_word' id='word_1_791' title='bbox 2737 4483 3132 4549; x_wconf 84' lang='lat' dir='ltr'><strong>defensorum,</strong></span> <span class='ocrx_word' id='word_1_792' title='bbox 3163 4495 3343 4552; x_wconf 85' lang='lat' dir='ltr'><strong>quem</strong></span> <span class='ocrx_word' id='word_1_793' title='bbox 3377 4480 3462 4536; x_wconf 91' lang='lat' dir='ltr'><strong>ait</strong></span> <span class='ocrx_word' id='word_1_794' title='bbox 3493 4479 3606 4535; x_wconf 89' lang='lat' dir='ltr'><strong>sibi</strong></span> <span class='ocrx_word' id='word_1_795' title='bbox 3638 4477 3792 4544; x_wconf 85' lang='lat' dir='ltr'><strong>longa</strong></span> <span class='ocrx_word' id='word_1_796' title='bbox 3815 4487 3890 4524; x_wconf 53' lang='lat' dir='ltr'><strong>as-</strong></span> 
     </span>
    </p>
   </div>
   <div class='ocr_carea' id='block_1_106' title="bbox 2193 4566 3886 4645">
    <p class='ocr_par' dir='ltr' id='par_1_106' title="bbox 2193 4566 3886 4645">
     <span class='ocr_line' id='line_1_106' title="bbox 2193 4566 3886 4645; baseline -0.006 -15"><span class='ocrx_word' id='word_1_797' title='bbox 2193 4574 2456 4631; x_wconf 85' lang='lat' dir='ltr'><strong>siduitate</strong></span> <span class='ocrx_word' id='word_1_798' title='bbox 2483 4579 2837 4645; x_wconf 86' lang='lat' dir='ltr'><strong>compertum,</strong></span> <span class='ocrx_word' id='word_1_799' title='bbox 2863 4575 2994 4641; x_wconf 87' lang='lat' dir='ltr'><strong>vita,</strong></span> <span class='ocrx_word' id='word_1_800' title='bbox 3027 4573 3141 4641; x_wconf 83' lang='lat' dir='ltr'><strong>ﬁde</strong></span> <span class='ocrx_word' id='word_1_801' title='bbox 3162 4587 3225 4625; x_wconf 88' lang='lat' dir='ltr'><strong>ac</strong></span> <span class='ocrx_word' id='word_1_802' title='bbox 3249 4572 3507 4626; x_wconf 85' lang='lat' dir='ltr'><strong>moribus</strong></span> <span class='ocrx_word' id='word_1_803' title='bbox 3536 4566 3886 4640; x_wconf 67' lang='lat' dir='ltr'><strong>approbatum.</strong></span> 
     </span>
    </p>
   </div>
   <div class='ocr_carea' id='block_1_107' title="bbox 2191 4654 3890 4729">
    <p class='ocr_par' dir='ltr' id='par_1_107' title="bbox 2191 4654 3890 4729">
     <span class='ocr_line' id='line_1_107' title="bbox 2191 4654 3890 4729; baseline -0.011 -8"><span class='ocrx_word' id='word_1_804' title='bbox 2191 4665 2406 4721; x_wconf 91' lang='lat' dir='ltr'><strong>idcirco</strong></span> <span class='ocrx_word' id='word_1_805' title='bbox 2434 4663 2749 4720; x_wconf 90' lang='lat' dir='ltr'><strong>Diaconum</strong></span> <span class='ocrx_word' id='word_1_806' title='bbox 2775 4662 2922 4717; x_wconf 67' lang='grc' dir='ltr'><strong>θυι</strong></span> <span class='ocrx_word' id='word_1_807' title='bbox 2953 4661 3248 4726; x_wconf 73' lang='lat' dir='ltr'><strong>effectum,</strong></span> <span class='ocrx_word' id='word_1_808' title='bbox 3283 4665 3351 4715; x_wconf 91' lang='lat' dir='ltr'><strong>ut</strong></span> <span class='ocrx_word' id='word_1_809' title='bbox 3384 4659 3542 4715; x_wconf 87' lang='lat' dir='ltr'><strong>hanc</strong></span> <span class='ocrx_word' id='word_1_810' title='bbox 3571 4654 3890 4729; x_wconf 80' lang='lat' dir='ltr'><strong>legationem</strong></span> 
     </span>
    </p>
   </div>
   <div class='ocr_carea' id='block_1_108' title="bbox 2189 4737 3888 4826">
    <p class='ocr_par' dir='ltr' id='par_1_108' title="bbox 2189 4737 3888 4826">
     <span class='ocr_line' id='line_1_108' title="bbox 2189 4737 3888 4826; baseline -0.011 -16"><span class='ocrx_word' id='word_1_811' title='bbox 2189 4771 2255 4810; x_wconf 90' lang='lat' dir='ltr'><strong>ac</strong></span> <span class='ocrx_word' id='word_1_812' title='bbox 2287 4753 2643 4826; x_wconf 90' lang='lat' dir='ltr'><strong>provinciam</strong></span> <span class='ocrx_word' id='word_1_813' title='bbox 2693 4752 2895 4808; x_wconf 90' lang='lat' dir='ltr'><strong>obiret.</strong></span> <span class='ocrx_word' id='word_1_814' title='bbox 2929 4750 2983 4806; x_wconf 90' lang='lat' dir='ltr'><strong>Is</strong></span> <span class='ocrx_word' id='word_1_815' title='bbox 3038 4758 3125 4806; x_wconf 90' lang='lat' dir='ltr'><strong>est</strong></span> <span class='ocrx_word' id='word_1_816' title='bbox 3163 4749 3508 4806; x_wconf 83' lang='lat' dir='ltr'><strong>Bonifacius</strong></span> <span class='ocrx_word' id='word_1_817' title='bbox 3547 4764 3617 4803; x_wconf 88' lang='lat' dir='ltr'><strong>ex</strong></span> <span class='ocrx_word' id='word_1_818' title='bbox 3645 4737 3888 4818; x_wconf 80' lang='lat' dir='ltr'><strong>plurimis</strong></span> 
     </span>
    </p>
   </div>
   <div class='ocr_carea' id='block_1_109' title="bbox 2191 4832 3890 4915">
    <p class='ocr_par' dir='ltr' id='par_1_109' title="bbox 2191 4832 3890 4915">
     <span class='ocr_line' id='line_1_109' title="bbox 2191 4832 3890 4915; baseline -0.011 -15"><span class='ocrx_word' id='word_1_819' title='bbox 2191 4844 2556 4915; x_wconf 83' lang='lat' dir='ltr'><strong>Gregorianis</strong></span> <span class='ocrx_word' id='word_1_820' title='bbox 2586 4840 2848 4913; x_wconf 86' lang='lat' dir='ltr'><strong>epistolis</strong></span> <span class='ocrx_word' id='word_1_821' title='bbox 2902 4839 3047 4896; x_wconf 90' lang='lat' dir='ltr'><strong>satis</strong></span> <span class='ocrx_word' id='word_1_822' title='bbox 3092 4843 3289 4905; x_wconf 90' lang='lat' dir='ltr'><strong>notus,</strong></span> <span class='ocrx_word' id='word_1_823' title='bbox 3325 4838 3434 4910; x_wconf 91' lang='lat' dir='ltr'><strong>qui</strong></span> <span class='ocrx_word' id='word_1_824' title='bbox 3470 4841 3669 4910; x_wconf 87' lang='lat' dir='ltr'><strong>postea</strong></span> <span class='ocrx_word' id='word_1_825' title='bbox 3697 4832 3890 4890; x_wconf 86' lang='lat' dir='ltr'><strong>electus</strong></span> 
     </span>
    </p>
   </div>
   <div class='ocr_carea' id='block_1_110' title="bbox 2190 4918 3891 5003">
    <p class='ocr_par' dir='ltr' id='par_1_110' title="bbox 2190 4918 3891 5003">
     <span class='ocr_line' id='line_1_110' title="bbox 2190 4918 3891 5003; baseline -0.015 -11"><span class='ocrx_word' id='word_1_826' title='bbox 2190 4938 2277 4992; x_wconf 83' lang='lat' dir='ltr'><strong>est</strong></span> <span class='ocrx_word' id='word_1_827' title='bbox 2304 4934 2363 4988; x_wconf 91' lang='lat' dir='ltr'><strong>in</strong></span> <span class='ocrx_word' id='word_1_828' title='bbox 2394 4949 2696 4989; x_wconf 91' lang='lat' dir='ltr'><strong>summum</strong></span> <span class='ocrx_word' id='word_1_829' title='bbox 2747 4930 3084 5003; x_wconf 88' lang='lat' dir='ltr'><strong>pontiﬁcem</strong></span> <span class='ocrx_word' id='word_1_830' title='bbox 3133 4932 3191 4985; x_wconf 83' lang='lat' dir='ltr'><strong>et</strong></span> <span class='ocrx_word' id='word_1_831' title='bbox 3219 4929 3420 4984; x_wconf 90' lang='lat' dir='ltr'><strong>dictus</strong></span> <span class='ocrx_word' id='word_1_832' title='bbox 3461 4931 3554 4983; x_wconf 91' lang='lat' dir='ltr'><strong>est</strong></span> <span class='ocrx_word' id='word_1_833' title='bbox 3585 4918 3891 4981; x_wconf 77' lang='lat' dir='ltr'><strong>Bonifacius</strong></span> 
     </span>
    </p>
   </div>
   <div class='ocr_carea' id='block_1_111' title="bbox 2190 5010 3887 5092">
    <p class='ocr_par' dir='ltr' id='par_1_111' title="bbox 2190 5010 3887 5092">
     <span class='ocr_line' id='line_1_111' title="bbox 2190 5010 3887 5092; baseline -0.007 -14"><span class='ocrx_word' id='word_1_834' title='bbox 2190 5023 2434 5090; x_wconf 86' lang='lat' dir='ltr'><strong>tertius;</strong></span> <span class='ocrx_word' id='word_1_835' title='bbox 2469 5026 2526 5078; x_wconf 91' lang='lat' dir='ltr'><strong>at</strong></span> <span class='ocrx_word' id='word_1_836' title='bbox 2555 5023 2628 5078; x_wconf 91' lang='lat' dir='ltr'><strong>ad</strong></span> <span class='ocrx_word' id='word_1_837' title='bbox 2683 5021 2856 5078; x_wconf 89' lang='lat' dir='ltr'><strong>breve</strong></span> <span class='ocrx_word' id='word_1_838' title='bbox 2886 5024 3116 5092; x_wconf 87' lang='lat' dir='ltr'><strong>tempus</strong></span> <span class='ocrx_word' id='word_1_839' title='bbox 3144 5017 3477 5074; x_wconf 89' lang='lat' dir='ltr'><strong>Ecclesiam</strong></span> <span class='ocrx_word' id='word_1_840' title='bbox 3532 5013 3697 5072; x_wconf 89' lang='lat' dir='ltr'><strong>rexit.</strong></span> <span class='ocrx_word' id='word_1_841' title='bbox 3725 5010 3887 5075; x_wconf 80' lang='lat' dir='ltr'><strong>Quam</strong></span> 
     </span>
    </p>
   </div>
   <div class='ocr_carea' id='block_1_112' title="bbox 2189 5096 3890 5184">
    <p class='ocr_par' dir='ltr' id='par_1_112' title="bbox 2189 5096 3890 5184">
     <span class='ocr_line' id='line_1_112' title="bbox 2189 5096 3890 5184; baseline -0.012 -15"><span class='ocrx_word' id='word_1_842' title='bbox 2189 5119 2465 5184; x_wconf 86' lang='lat' dir='ltr'><strong>acceptus</strong></span> <span class='ocrx_word' id='word_1_843' title='bbox 2499 5113 2672 5167; x_wconf 90' lang='lat' dir='ltr'><strong>fuerit</strong></span> <span class='ocrx_word' id='word_1_844' title='bbox 2696 5111 2896 5166; x_wconf 71' lang='lat' dir='ltr'><strong>Phocis</strong></span> <span class='ocrx_word' id='word_1_845' title='bbox 2928 5109 3062 5165; x_wconf 88' lang='lat' dir='ltr'><strong>inde</strong></span> <span class='ocrx_word' id='word_1_846' title='bbox 3086 5107 3450 5179; x_wconf 88' lang='lat' dir='ltr'><strong>colligimus,</strong></span> <span class='ocrx_word' id='word_1_847' title='bbox 3477 5105 3636 5177; x_wconf 88' lang='lat' dir='ltr'><strong>quod</strong></span> <span class='ocrx_word' id='word_1_848' title='bbox 3661 5096 3890 5173; x_wconf 85' lang='lat' dir='ltr'><strong>pontifex</strong></span> 
     </span>
    </p>
   </div>
   <div class='ocr_carea' id='block_1_113' title="bbox 2189 5193 3889 5271">
    <p class='ocr_par' dir='ltr' id='par_1_113' title="bbox 2189 5193 3889 5271">
     <span class='ocr_line' id='line_1_113' title="bbox 2189 5193 3889 5271; baseline -0.011 -12"><span class='ocrx_word' id='word_1_849' title='bbox 2189 5209 2419 5260; x_wconf 89' lang='lat' dir='ltr'><strong>creatus</strong></span> <span class='ocrx_word' id='word_1_850' title='bbox 2450 5201 2785 5268; x_wconf 90' lang='lat' dir='ltr'><strong>obtinuerit,</strong></span> <span class='ocrx_word' id='word_1_851' title='bbox 2838 5200 2916 5271; x_wconf 90' lang='lat' dir='ltr'><strong>(b)</strong></span> <span class='ocrx_word' id='word_1_852' title='bbox 2963 5203 3028 5254; x_wconf 92' lang='lat' dir='ltr'><strong>ut</strong></span> <span class='ocrx_word' id='word_1_853' title='bbox 3069 5193 3766 5268; x_wconf 87' lang='lat' dir='ltr'><strong>Constantinopolitanus</strong></span> <span class='ocrx_word' id='word_1_854' title='bbox 3801 5199 3889 5259; x_wconf 85' lang='lat' dir='ltr'><strong>pa-</strong></span> 
     </span>
    </p>
   </div>
   <div class='ocr_carea' id='block_1_114' title="bbox 2189 5287 3571 5350">
    <p class='ocr_par' dir='ltr' id='par_1_114' title="bbox 2189 5287 3571 5350">
     <span class='ocr_line' id='line_1_114' title="bbox 2189 5287 3571 5350; baseline -0.006 -2"><span class='ocrx_word' id='word_1_855' title='bbox 2189 5293 2445 5350; x_wconf 88' lang='lat' dir='ltr'><strong>triarcha</strong></span> <span class='ocrx_word' id='word_1_856' title='bbox 2474 5291 2898 5348; x_wconf 77' lang='lat' dir='ltr'><strong>mcumenicum</strong></span> <span class='ocrx_word' id='word_1_857' title='bbox 2933 5306 2991 5345; x_wconf 91' lang='lat' dir='ltr'><strong>se</strong></span> <span class='ocrx_word' id='word_1_858' title='bbox 3023 5289 3213 5344; x_wconf 92' lang='lat' dir='ltr'><strong>dicere</strong></span> <span class='ocrx_word' id='word_1_859' title='bbox 3244 5287 3571 5342; x_wconf 85' lang='lat' dir='ltr'><strong>desineret.</strong></span> 
     </span>
    </p>
   </div>
   <div class='ocr_carea' id='block_1_115' title="bbox 2257 5372 3887 5452">
    <p class='ocr_par' dir='ltr' id='par_1_115' title="bbox 2257 5372 3887 5452">
     <span class='ocr_line' id='line_1_115' title="bbox 2257 5372 3887 5452; baseline -0.007 -17"><span class='ocrx_word' id='word_1_860' title='bbox 2257 5383 2310 5436; x_wconf 90' lang='lat'><strong>7.</strong></span> <span class='ocrx_word' id='word_1_861' title='bbox 2347 5381 2408 5436; x_wconf 91' lang='lat' dir='ltr'><strong>In</strong></span> <span class='ocrx_word' id='word_1_862' title='bbox 2441 5380 2681 5452; x_wconf 86' lang='lat' dir='ltr'><strong>epistola</strong></span> <span class='ocrx_word' id='word_1_863' title='bbox 2726 5380 2796 5434; x_wconf 90' lang='lat' dir='ltr'><strong>ad</strong></span> <span class='ocrx_word' id='word_1_864' title='bbox 2842 5378 3116 5445; x_wconf 89' lang='lat' dir='ltr'><strong>Pbocam,</strong></span> <span class='ocrx_word' id='word_1_865' title='bbox 3164 5378 3335 5448; x_wconf 90' lang='lat' dir='ltr'><strong>cujus</strong></span> <span class='ocrx_word' id='word_1_866' title='bbox 3388 5375 3544 5431; x_wconf 86' lang='lat' dir='ltr'><strong>lator</strong></span> <span class='ocrx_word' id='word_1_867' title='bbox 3585 5372 3695 5428; x_wconf 79' lang='lat' dir='ltr'><strong>fuit</strong></span> <span class='ocrx_word' id='word_1_868' title='bbox 3724 5379 3887 5425; x_wconf 74' lang='lat' dir='ltr'><strong>novus</strong></span> 
     </span>
    </p>
   </div>
   <div class='ocr_carea' id='block_1_116' title="bbox 2189 5457 3890 5545">
    <p class='ocr_par' dir='ltr' id='par_1_116' title="bbox 2189 5457 3890 5545">
     <span class='ocr_line' id='line_1_116' title="bbox 2189 5457 3890 5545; baseline -0.012 -17"><span class='ocrx_word' id='word_1_869' title='bbox 2189 5471 2621 5545; x_wconf 86' lang='lat' dir='ltr'><strong>apocrisiarius,</strong></span> <span class='ocrx_word' id='word_1_870' title='bbox 2668 5466 3057 5525; x_wconf 89' lang='lat' dir='ltr'><strong>miserabilem</strong></span> <span class='ocrx_word' id='word_1_871' title='bbox 3109 5465 3283 5523; x_wconf 67' lang='lat' dir='ltr'><strong>Italia:</strong></span> <span class='ocrx_word' id='word_1_872' title='bbox 3330 5467 3564 5519; x_wconf 88' lang='lat' dir='ltr'><strong>statum</strong></span> <span class='ocrx_word' id='word_1_873' title='bbox 3599 5457 3890 5531; x_wconf 83' lang='lat' dir='ltr'><strong>deplorat:</strong></span> 
     </span>
    </p>
   </div>
   <div class='ocr_carea' id='block_1_117' title="bbox 2259 5698 3815 5783">
    <p class='ocr_par' dir='ltr' id='par_1_117' title="bbox 2259 5698 3815 5783">
     <span class='ocr_line' id='line_1_117' title="bbox 2259 5698 3815 5783; baseline -0.011 -15"><span class='ocrx_word' id='word_1_874' title='bbox 2259 5711 2340 5783; x_wconf 85' lang='lat' dir='ltr'><strong>(b)</strong></span> <span class='ocrx_word' id='word_1_875' title='bbox 2369 5710 2507 5769; x_wconf 85' lang='lat' dir='ltr'><strong>Vide</strong></span> <span class='ocrx_word' id='word_1_876' title='bbox 2535 5723 2669 5781; x_wconf 75' lang='lat' dir='ltr'><strong>quas</strong></span> <span class='ocrx_word' id='word_1_877' title='bbox 2709 5707 2961 5766; x_wconf 86' lang='lat' dir='ltr'><strong>diximus</strong></span> <span class='ocrx_word' id='word_1_878' title='bbox 2992 5723 3169 5779; x_wconf 88' lang='lat' dir='ltr'><strong>supra</strong></span> <span class='ocrx_word' id='word_1_879' title='bbox 3200 5706 3303 5763; x_wconf 93' lang='lat' dir='ltr'><strong>lib.</strong></span> <span class='ocrx_word' id='word_1_880' title='bbox 3334 5700 3427 5770; x_wconf 82' lang='lat' dir='ltr'><strong>in,</strong></span> <span class='ocrx_word' id='word_1_881' title='bbox 3460 5717 3515 5758; x_wconf 83' lang='grc' dir='ltr'><strong>ο.</strong></span> <span class='ocrx_word' id='word_1_882' title='bbox 3549 5700 3604 5771; x_wconf 84' lang='grc'><strong>1,</strong></span> <span class='ocrx_word' id='word_1_883' title='bbox 3637 5717 3697 5758; x_wconf 93' lang='lat' dir='ltr'><strong>n.</strong></span> <span class='ocrx_word' id='word_1_884' title='bbox 3734 5698 3815 5753; x_wconf 82' lang='grc'><strong>16.</strong></span> 
     </span>
    </p>
   </div>
  </div>
