4086 6166
198 247 303 306 453

607 244 670 303 S.
718 240 1088 302 GREGORII
1135 242 1377 303 MAGNI
1426 243 1631 312 VITA,
1681 239 1778 299 EX
1829 236 2012 298 EJUS
2059 239 2410 304 SCRIPTIS
2458 243 2908 306 ADORNATA.
2961 249 3108 309 LIB.
3159 251 3264 315 ιν.

3586 263 3707 320 454

197 379 450 448 Qualiter,
478 377 695 448 inquit,
729 375 1066 447 quotidianis
1114 376 1313 447 gladiis
1343 380 1392 431 et
1413 376 1635 446 quantis
1665 377 1883 445 Lango-
1912 372 1965 437 Α
1999 388 2104 427 nec
2137 381 2216 428 est
2248 377 2394 446 quod
2415 375 2473 430 in
2503 393 2565 432 eo
2612 379 2898 436 canonica
2945 381 3304 442 districtionis
3321 389 3597 459 judicium
3628 412 3714 452 re-

202 471 482 526 bardorum
512 467 940 534 incursionibus,
973 481 1090 522 ecce
1109 468 1227 537 jam
1257 482 1353 537 per
1378 468 1612 533 triginta
1655 469 1896 538 quinque

197 577 453 616 annorum
479 558 879 629 longitudinem
934 559 1260 628 premimur,
1303 559 1474 612 nullis
1520 559 1738 629 explere
1763 573 1898 625 sug-

197 649 442 721 gestionis
475 648 693 704 vocibus
722 647 965 702 valemus
995 647 1140 713 (Lib.
1174 662 1296 713 xm,
1327 663 1409 718 ep.
1443 648 1553 714 33).

259 739 402 792 Sane
433 753 504 791 ex
550 735 798 806 epistola
855 735 926 789 ad
994 735 1381 806 Smaragdum
1425 735 1736 790 exarchum
1789 735 1896 790 hoc

207 844 342 884 anno
404 827 617 896 scripta
673 831 1036 897 compertum
1093 824 1378 880 habemus
1429 825 1645 880 bellum
1706 826 1897 880 adhuc

202 920 364 974 fuisse
397 935 533 972 cum
559 916 1463 988 Langobardis,etsiquandoque
1483 917 1732 972 induciis
1752 932 1895 987 pau-

202 1024 379 1065 corum
413 1008 640 1062 dierum
675 1007 1172 1061 intermitteretur.
1206 1006 1420 1061 Eadem
1475 1007 1720 1078 epistola
1753 1022 1895 1078 pene

199 1099 496 1170 persuadet
529 1097 772 1152 Pisanos
795 1097 920 1167 jam
953 1099 1094 1150 tunc
1113 1096 1289 1150 fuisse
1307 1096 1583 1164 suijuris,
1611 1097 1894 1164 potuisse-

202 1203 294 1258 que
318 1203 426 1258 pro
454 1185 694 1241 arbitrio
727 1185 884 1257 pacis
913 1186 1128 1240 fadera
1157 1184 1303 1240 inire
1361 1191 1462 1240 aut
1494 1185 1715 1240 bellum
1749 1185 1897 1240 indi-

207 1293 333 1332 cere.
371 1277 451 1331 De
483 1291 684 1331 eorum
724 1275 1074 1330 dromonibus
1101 1275 1168 1329 ad
1226 1274 1622 1343 egrediendum
1643 1276 1764 1346 jam
1787 1293 1897 1346 pa-

206 1370 323 1422 ratis
354 1366 573 1421 ibidem
605 1370 661 1420 S.
713 1364 1027 1436 Gregorius
1086 1365 1350 1420 meminit
1385 1379 1398 1420 :
1433 1365 1588 1420 unde
1613 1365 1896 1421 discimus

204 1470 286 1510 eos
315 1455 461 1510 mari
494 1456 674 1510 fuisse
708 1459 1111 1526 prapotentes.
1150 1455 1393 1510 Eosdem
1422 1455 1493 1510 ad
1527 1472 1725 1527 pacem
1759 1471 1893 1511 cum

207 1544 466 1600 Romanis
500 1544 816 1599 ineundum
837 1544 1103 1599 hortatus
1120 1543 1300 1598 fuerat
1321 1560 1590 1598 summus
1614 1544 1893 1614 pontifex,

204 1633 363 1687 misso
399 1632 590 1704 legato
625 1651 638 1691 ;
675 1634 774 1687 sed
807 1633 1068 1688 obtinere
1099 1632 1243 1686 nihil
1295 1635 1502 1704 potuit,
1537 1635 1689 1703 quod
1742 1651 1896 1688 nun-

212 1723 460 1777 tiandum
497 1722 719 1793 putavit
747 1721 1016 1778 exarcho.

263 1811 312 1866 8.
349 1811 524 1867 Paulo
582 1818 750 1867 antea
807 1812 1222 1881 Theodericus,
1282 1812 1635 1868 Francorum
1679 1829 1798 1880 rex,
1833 1813 1890 1868 in

210 1903 554 1972 Burgundia,
588 1905 824 1958 miserat
857 1902 1074 1974 legatos
1106 1904 1173 1958 ad
1226 1920 1428 1973 papam
1473 1902 1722 1960 illustres
1749 1905 1899 1962 viros

210 1991 585 2064 Burgoaldum
620 1996 676 2047 et
728 1992 1239 2058 Varmaricarium,
1292 1999 1352 2046 ut
1384 2009 1448 2048 eo
1507 1995 1772 2064 adjutore
1803 2013 1901 2067 pa-

209 2095 315 2135 cem
347 2097 481 2136 cum
514 2081 860 2152 imperatore
912 2098 977 2136 ac
1009 2082 1299 2152 republica
1331 2082 1588 2138 Romana
1621 2084 1807 2140 facere
1837 2101 1901 2140 ac

208 2173 448 2228 stabilire
485 2177 700 2244 posset.
737 2174 1015 2228 Laudavit
1047 2175 1174 2244 ejus
1206 2173 1513 2229 consilium
1534 2177 1904 2247 sapientissi-

209 2278 322 2318 mus
351 2269 539 2335 pater,
580 2279 936 2334 operamque
963 2280 1130 2319 suam
1163 2263 1235 2319 ad
1266 2263 1322 2318 id
1357 2267 1748 2335 prastandum
1785 2269 1904 2338 pol-

209 2352 386 2410 licitus
405 2359 493 2409 est
524 2354 646 2423 (lib.
681 2370 801 2421 xm,
835 2370 918 2424 ep.
949 2356 1028 2424 7).
1075 2354 1338 2410 Fortasse
1373 2354 1498 2424 jam
1540 2357 1905 2413 dissidebant

208 2445 315 2498 duo
345 2444 564 2504 fratres.
600 2444 1062 2509 Theodebertus,
1106 2445 1611 2500 Austrasianorum
1673 2464 1789 2517 rex,
1849 2454 1905 2504 et

211 2535 619 2598 Theodericus,
654 2535 750 2606 qui
786 2535 1101 2605 prudenter
1148 2535 1461 2589 amicitiam
1514 2536 1903 2594 Romanorum

211 2625 512 2680 ambiebat.
583 2624 831 2680 Favebat
887 2625 1023 2679 huic
1080 2623 1471 2680 Brunichildis
1511 2626 1653 2692 avia,
1689 2627 1907 2684 infessa

210 2715 597 2770 Theodeberto
628 2714 846 2785 nepoti,
870 2715 971 2786 qui
1003 2715 1238 2770 tandem
1262 2714 1479 2786 duplici
1504 2716 1703 2787 pralio
1737 2718 1904 2776 fusus

211 2807 566 2876 fugatusque,
601 2821 632 2859 a
665 2805 788 2859 suis
835 2804 1062 2860 occisus
1121 2812 1201 2859 est
1232 2803 1464 2860 victoris
1497 2806 1744 2877 gratiam
1777 2809 1904 2880 ejus

213 2897 380 2964 capite
410 2894 659 2950 mercari
692 2895 1038 2950 volentibus.

276 2984 498 3039 Pral‘ati
531 2985 701 3055 legati
727 2985 868 3055 iussi
895 2985 1125 3040 fuerant
1145 3002 1177 3039 ξι
1200 2985 1574 3043 Brunichilde
1604 2989 1906 3046 consulere

2003 465 2338 533 prehendat,
2373 467 2443 520 ad
2491 467 2823 523 destinatum
2871 472 3117 528 ordinem
3174 493 3284 533 non
3325 480 3491 537 aliter
3518 484 3632 541 nisi
3662 494 3714 544 te

2006 553 2306 610 ordinante
2334 556 2621 625 perveniat
2653 557 2791 628 (Lib.
2825 576 2946 623 xm,
2979 579 3065 632 ep.
3092 565 3166 633 5).

2077 643 2405 700 Consultus
2439 645 2508 700 ab
2539 647 2740 701 eadem
2775 649 2975 720 regina
3002 653 3060 709 S.
3113 655 3425 727 Gregorius
3449 661 3517 716 de
3547 663 3716 736 biga-

2011 748 2104 787 mo
2137 749 2208 786 an
2239 734 2308 788 ad
2338 751 2557 790 sacrum
2597 737 2847 792 ordinem
2904 749 3084 805 posset
3113 748 3382 815 accedere,
3419 734 3719 822 respondit

2006 821 2064 876 id
2093 824 2258 893 juxta
2280 827 2617 880 canonicam
2643 827 2904 899 regulam
2930 830 3169 888 minime
3193 836 3314 890 ﬁeri
3347 821 3570 896 debere.
3603 847 3717 900 Po—

2012 911 2259 967 stulanti
2289 919 2482 967 autem
2517 918 2579 967 ut
2603 915 2922 985 privilegiis
2953 921 3184 976 munire
3229 924 3566 993 dignaretur
3595 948 3717 989 mo—

2005 1003 2323 1056 nasterium
2367 1003 2422 1057 S.
2458 1003 2681 1059 Martini
2714 1004 2772 1058 in
2835 1007 3118 1064 suburbio
3175 1017 3712 1091 Augustodunensi,

2005 1090 2164 1144 aliud
2199 1093 2616 1146 monasterium
2673 1094 3014 1152 ancillarum
3044 1098 3167 1166 Dei,
3200 1105 3256 1156 et
3284 1090 3711 1166 xenodochium

2002 1195 2126 1249 qua
2149 1180 2206 1236 in
2228 1183 2426 1236 eadem
2453 1183 2595 1237 urbe
2615 1188 3334 1260 construendacuraverat,
3367 1193 3613 1255 libenter
3634 1201 3714 1271 (α)

2006 1271 2210 1324 annuit
2242 1271 2372 1341 pius
2396 1272 2673 1328 Pontifex.

2072 1359 2124 1414 9.
2169 1360 2415 1415 Gratum
2449 1378 2510 1417 se
2537 1363 2816 1420 iacturam
2846 1367 3297 1437 vigilantissimo
3319 1375 3500 1433 totius
3523 1379 3714 1436 Eccle-

2005 1447 2102 1502 sia
2133 1451 2351 1520 pastori
2384 1452 2608 1520 putavit
2630 1455 2846 1524 regina,
2873 1455 3066 1526 ipsum
3093 1461 3347 1530 rogando
3370 1469 3433 1519 ut
3453 1464 3705 1538 legatum

2009 1541 2256 1596 mitteret
2316 1543 2375 1596 in
2432 1541 2671 1610 Gallias,
2731 1545 2831 1615 qui
2888 1549 3040 1615 facta
3094 1555 3323 1621 synodo,
3355 1566 3553 1612 cuncta
3581 1575 3710 1630 quae

2005 1637 2202 1686 contra
2259 1635 2656 1688 sacratissimos
2712 1651 2944 1691 canones
2993 1642 3473 1711 perpetrabantur,
3529 1655 3708 1717 posset

1925 1743 1973 1808 Β
2003 1723 2300 1792 corrigere.
2335 1721 2476 1776 Nam
2511 1723 2566 1776 id
2600 1723 2714 1794 ipsi
2745 1727 2994 1782 maxime
3024 1729 3082 1782 in
3113 1735 3245 1786 voto
3274 1739 3415 1802 erat,
3439 1740 3502 1790 ut
3530 1737 3715 1809 liquet

2007 1825 2075 1864 ex
2106 1815 2187 1864 tot
2216 1810 2480 1882 epistolis
2512 1829 2654 1882 quas
2701 1830 2768 1869 ea
2797 1816 2865 1870 de
2914 1833 2973 1872 re
3004 1821 3397 1890 superioribus
3432 1826 3508 1896 (b)
3541 1829 3712 1884 annis

2006 1900 2318 1970 scripserat
2359 1900 2427 1955 ad
2479 1903 2739 1958 eamdem
2797 1905 3074 1977 reginam,
3127 1923 3291 1980 reges
3323 1916 3380 1967 et
3409 1915 3714 1988 episcopos

2009 1988 2325 2044 Galliarum
2361 2006 2535 2062 quam
2592 1991 2897 2063 plurimos.
2960 1998 3160 2068 Itaque
3213 2001 3538 2073 Gregorius,
3571 2009 3714 2065 aclis

2011 2078 2219 2145 regina
2252 2080 2473 2149 gratiis,
2509 2083 2820 2153 respondet
2848 2092 2980 2155 apto
3013 2091 3270 2158 tempore
3298 2107 3360 2146 se
3391 2094 3712 2155 missurum

2005 2168 2261 2240 aliquem
2295 2170 2394 2240 qui
2425 2172 2713 2242 synodum
2740 2179 2989 2244 cogeret,
3021 2177 3262 2249 ejusque
3294 2181 3391 2251 pia
3423 2183 3715 2243 desideria

2010 2273 2067 2312 se
2099 2257 2469 2327 impleturum
2507 2259 2798 2330 pollicitus
2830 2268 2938 2318 est.
2974 2264 3144 2320 Nulla
3174 2271 3369 2325 tamen
3402 2277 3602 2330 coacta
3631 2281 3716 2332 est

2013 2348 2270 2417 synodus
2303 2347 2358 2402 in
2393 2348 2596 2404 Galliis
2644 2350 2742 2420 qui
2795 2351 2931 2407 cleri
2991 2357 3333 2428 corruptelis
3365 2361 3713 2432 mederetur,

2015 2435 2125 2490 nisi
2159 2441 2288 2505 post
2319 2454 2504 2492 annos
2538 2439 2653 2494 fere
2675 2440 2936 2510 triginta,
2985 2443 3250 2501 civilibus
3283 2446 3447 2505 bellis
3497 2451 3712 2509 bonum

2014 2525 2120 2581 hoc
2153 2541 2298 2596 Opus
2333 2527 2808 2596 impedientibus.

2087 2616 2172 2668 10.
2206 2616 2284 2671 De
2337 2617 2705 2674 resarcienda
2753 2621 2809 2675 in
2865 2621 3030 2678 Italia
3081 2625 3348 2684 Ecclesia
3408 2631 3718 2702 disciplina

2015 2707 2297 2776 majorem
2328 2706 2517 2761 adhuc
2549 2707 3003 2767 sollicitudinem
3027 2717 3260 2785 gerebat
3307 2721 3717 2780 sanctissimus

2014 2803 2195 2868 pater.
2230 2796 2308 2852 De
2342 2800 2677 2854 amovendis
2709 2817 2741 2854 a
2771 2804 3134 2859 sacerdotum
3156 2807 3521 2881 aliorumque
3553 2813 3721 2871 cleri-

2019 2902 2220 2941 corum
2253 2887 2633 2944 contubernio
2666 2891 3011 2947 mulieribus
3042 2897 3328 2954 extraneis
3360 2901 3598 2972 scripsit
3646 2903 3720 2960 ad

2013 2975 2431 3047 Chrysantum,
2463 2977 2839 3047 Spoletanum
2863 2982 3224 3054 episcopum,
3258 2991 3313 3041 et
3345 2989 3413 3042 ad
3443 2989 3720 3060 plurimos

213 3091 404 3146 papam
439 3075 508 3129 de
539 3075 797 3146 quodam
831 3074 1102 3146 episcopo
1136 3091 1303 3145 quem
1352 3076 1558 3147 capitis
1589 3077 1903 3135 infirmitas

2086 3065 2166 3120 ics
2227 3065 2367 3137 (Lib.
2426 3083 2549 3135 xm,
2584 3083 2701 3138 epp.
2736 3068 2805 3123 36
2835 3073 2892 3124 et
2941 3071 3076 3139 35);
3113 3080 3288 3145 atque
3320 3077 3389 3131 ad
3425 3078 3480 3132 id
3532 3079 3722 3152 Optati

212 3163 608 3218 administrare
659 3178 830 3218 suum
901 3163 1158 3218 ofﬁcium
1193 3181 1305 3218 non
1365 3165 1606 3221 sinebat.
1647 3167 1903 3224 Alienata

210 3257 367 3308 mente
395 3253 576 3308 fuisse
611 3253 764 3308 hunc
798 3253 1140 3323 episcopum
1201 3253 1362 3308 docet
1395 3270 1500 3309 nos
1550 3257 1796 3326 epistola
1831 3259 1900 3313 ad

209 3341 488 3397 Etherium
520 3341 978 3414 Lugdunensem
1003 3359 1069 3397 ea
1091 3344 1235 3398 dere
1259 3345 1494 3416 scripta,
1512 3345 1570 3400 in
1597 3363 1706 3416 qua
1727 3348 1809 3404 sic
1833 3350 1902 3405 ad

214 3432 570 3500 quaestionem
608 3433 970 3502 propositam
1005 3434 1312 3504 respondet
1345 3449 1358 3486 τ
1394 3435 1533 3501 Quia
1551 3438 1909 3510 viventeepis-

213 3533 321 3588 copo
349 3536 504 3591 quem
535 3521 603 3574 ab
630 3520 813 3589 ofﬁcio
838 3536 934 3574 suo
967 3524 1254 3575 necessitas
1284 3523 1631 3590 inﬁrmitatis
1661 3541 1771 3580 non
1792 3528 1905 3580 cri-

216 3625 321 3663 men
350 3612 591 3679 abducit,
623 3611 796 3665 alium
837 3611 952 3666 loco
983 3613 1122 3682 ejus,
1155 3612 1269 3666 nisi
1315 3624 1600 3668 recusante
1629 3631 1707 3681 eo,
1743 3617 1901 3670 nulla

217 3700 332 3754 sinit
377 3704 518 3756 ratio
553 3701 831 3769 ordinari,
864 3702 915 3756 si
973 3703 1272 3757 intervalla
1327 3703 1682 3770 wgritudinis
1715 3707 1910 3762 habere

219 3792 510 3856 estsolitus,
563 3794 680 3861 ipse
729 3790 864 3846 data
910 3793 1177 3862 petitione
1205 3807 1312 3846 non
1345 3808 1400 3847 se
1431 3793 1660 3847 ulterius
1692 3795 1760 3848 ad
1811 3796 1912 3851 hoc

221 3881 594 3944 ministerium,
625 3881 1028 3935 intellectualia
1053 3897 1242 3952 nempe
1269 3881 1451 3950 ofﬁcia
1469 3882 1809 3939 subvertente
1831 3887 1909 3940 in-

225 3968 486 4038 ﬁmitate,
519 3986 676 4040 posse
726 3973 973 4040 fateatur
1024 3985 1326 4042 assurgere,
1387 3974 1439 4025 et
1469 3971 1643 4026 alium
1675 3974 1788 4029 loco
1817 3991 1913 4031 suo

222 4065 418 4129 expetat
447 4060 867 4116 ordinandum.
903 4062 1016 4128 Quo
1071 4064 1235 4130 farto,
1296 4064 1542 4116 omnium
1599 4064 1917 4122 solemniter

220 4147 478 4215 electione,
511 4150 662 4205 alter
695 4153 794 4220 qui
842 4151 1040 4220 dignus
1096 4153 1266 4221 fuerit
1317 4152 1595 4224 episcopus
1630 4170 1918 4212 consecre-

2017 3154 2339 3211 defensoris
2367 3171 2601 3228 operam
2627 3158 2918 3215 adhibuit.
2949 3162 3227 3235 Pracepit
3252 3166 3554 3223 Anthemio
3582 3169 3722 3225 sub-

2012 3245 2255 3300 diacono
2290 3250 2353 3300 ut
2382 3246 2710 3317 Campania
2759 3250 3060 3322 episcopos
3095 3261 3458 3326 convocaret,
3520 3261 3721 3316 admo-

2015 3341 2298 3406 neretque
2320 3336 2492 3391 ofﬁcii
2530 3337 2638 3404 sui,
2674 3340 2846 3410 cujus
2876 3341 3250 3401 immemores
3293 3363 3421 3403 esse
3455 3348 3725 3406 videban-

2016 3442 2112 3496 tur
2136 3425 2326 3494 (lbid.,
2358 3443 2476 3497 epp.
2510 3427 2579 3480 27
2611 3436 2662 3482 et
2709 3431 2821 3499 26).
2856 3432 2913 3486 Si
2946 3447 3078 3486 vero
3139 3435 3272 3505 quis
3307 3441 3509 3507 postea
3539 3441 3723 3498 semel

2019 3516 2354 3570 admonitus
2405 3517 2704 3588 negligens
2763 3521 3050 3576 exstiterit
3083 3539 3148 3578 ac
3197 3525 3548 3596 desidiosus,
3599 3531 3726 3587 vult

2020 3607 2084 3658 ut
2118 3603 2356 3658 Romam
2392 3605 2843 3674 transmittatur,
2871 3609 3189 3667 districtius
3212 3614 3564 3684 puniendus.
3586 3622 3728 3675 Pas-

2021 3693 2258 3748 chasius
2291 3694 2601 3764 episcopus
2634 3713 2744 3765 pra
2769 3700 2992 3756 cateris
3023 3702 3138 3757 otio
3162 3710 3381 3774 torpere
3404 3707 3724 3777 ferebatur;

2020 3783 2177 3836 unde
2201 3782 2373 3850 jubet
2398 3783 2710 3840 Anthemio
2765 3791 2828 3840 ut
2887 3802 3016 3842 eum
3050 3790 3119 3843 de
3151 3792 3501 3865 negligentia
3531 3813 3727 3853 coram

2025 3871 2252 3927 selectis
2285 3872 2532 3927 testibus
2567 3874 2866 3944 corripiat.
2917 3878 2972 3930 Si
3001 3895 3133 3935 vero
3167 3881 3449 3937 desidiam
3485 3901 3598 3939 non
3633 3903 3731 3941 ex-

2024 3963 2230 4032 cutiat,
2286 3962 2527 4017 Romam
2587 3967 2892 4022 transmitti
2942 3970 3201 4042 pracipit
3245 3973 3502 4029 severius
3554 3977 3730 4033 casti-

2026 4052 2306 4124 gendum.

2099 4143 2186 4198 11.
2224 4143 2282 4196 In
2318 4141 2584 4198 Ecclesia
2633 4146 2897 4202 Romana
2953 4149 3246 4206 actoribus
3268 4155 3326 4208 et
3356 4155 3730 4212 conductori-

218 4241 293 4291 tur
319 4257 336 4292 :
365 4242 445 4294 sic
478 4249 660 4294 tamen
697 4245 752 4294 ut
775 4257 1063 4312 quousque
1095 4242 1343 4297 eumdem
1391 4245 1697 4314 episcopum
1730 4247 1787 4300 in
1819 4247 1903 4302 hOl

2086 4248 2140 4285 ιε
2173 4231 2404 4286 fraudes
2435 4248 2630 4289 omnes
2662 4251 2774 4290 non
2810 4238 2982 4292 modo
3041 4239 3391 4311 vindicabat,
3423 4246 3520 4299 sed
3555 4247 3727 4300 etiam

217 4330 393 4383 saeculo
425 4331 534 4384 vita
590 4333 854 4399 tenuerit,
915 4335 1163 4402 sumptus
1192 4333 1245 4385 ei
1301 4332 1473 4386 debiti
1500 4333 1563 4388 de
1592 4336 1780 4390 eadem
1809 4339 1916 4390 Ec-

2031 4321 2245 4375 damna
2277 4336 2478 4376 eorum
2541 4323 2838 4379 fraudibus
2899 4326 3116 4383 colonis
3165 4328 3325 4384 illata
3355 4335 3727 4390 resarciebat.

218 4415 366 4470 clesia
387 4417 790 4474 ministrentur.
815 4422 1119 4475 Enimvero
1146 4423 1198 4475 si
1242 4421 1396 4474 nullo
1440 4425 1679 4492 tempore
1709 4426 1782 4478 ad
1819 4441 1903 4480 sa-

2086 4411 2174 4464 inc
2208 4410 2464 4465 laudavit
2511 4414 2921 4471 Pantaleonem
2982 4419 3316 4490 patrimonii
3375 4423 3730 4495 Syracusani

222 4519 292 4556 na
315 4506 452 4559 redit
482 4509 682 4560 mentis
729 4507 995 4577 ofﬁcium,
1055 4525 1283 4579 persona
1317 4509 1490 4574 fidelis
1521 4527 1582 4564 ac
1616 4513 1740 4566 vitae
1775 4529 1901 4583 pro-

223 4592 397 4648 babilis
425 4602 502 4648 est
533 4596 818 4667 eligenda,
859 4613 984 4669 quae
1028 4598 1096 4652 ad
1153 4597 1391 4669 regimen
1437 4600 1686 4654 Ecclesia
1708 4601 1906 4658 idonea

225 4688 366 4751 possit
396 4687 657 4751 existere,
691 4692 857 4757 atque
913 4688 976 4740 de
999 4689 1312 4742 animarum
1371 4688 1616 4744 utilitate
1645 4693 1911 4760 cogitare,

231 4771 473 4842 inquietos
503 4774 602 4828 sub
633 4774 944 4847 disciplina
972 4777 1191 4832 vinculo
1221 4781 1612 4849 constringere,
1636 4781 1912 4834 ecclesias-

232 4861 442 4917 ticarum
474 4880 661 4918 rerum
690 4883 882 4921 curam
911 4883 1121 4935 gerere,
1156 4874 1205 4922 et
1235 4871 1516 4924 maturum
1546 4876 1708 4940 atque
1728 4872 1914 4940 efﬁca-

234 4967 326 5006 cem
350 4971 401 5009 se
429 4960 487 5010 in
519 4956 779 5012 omnibus
811 4957 1083 5012 exhibere.
1129 4957 1234 5026 Qui
1264 4963 1429 5014 etiam
1460 4958 1508 5014 si
1531 4962 1792 5030 episcopo,
1822 4963 1916 5030 qui

234 5053 359 5096 nunc
397 5049 649 5113 aegrotat,
699 5055 966 5118 superstes
1035 5049 1326 5113 exstiterit,
1388 5048 1502 5102 loco
1557 5051 1675 5117 ejus
1730 5049 1916 5104 debeat

235 5137 542 5191 consecrari.
571 5136 958 5192 Ordinationes
989 5152 1110 5192 vero
1139 5139 1576 5208 presbyterorum
1609 5139 1691 5192 vel
1727 5138 1914 5194 diaco-

233 5236 428 5290 norum,
459 5241 554 5280 seu
583 5227 817 5282 alterius
847 5227 1075 5294 ordinis,
1121 5229 1168 5284 si
1198 5229 1324 5298 ﬁeri
1355 5230 1412 5282 in
1443 5230 1628 5283 eadem
1670 5231 1914 5286 Ecclesia

232 5325 376 5366 causa
403 5318 1084 5386 poposcerit,fraternitati
1113 5327 1222 5375 tuae
1246 5317 1460 5374 noveris
1490 5319 1913 5378 reservandum:

234 5409 471 5467 quatenus
501 5407 550 5459 si
579 5415 690 5460 tute
719 5411 794 5461 est
844 5407 1139 5475 diarceseos,
1171 5408 1235 5463 de
1282 5410 1396 5479 ejus
1453 5411 1549 5478 qui
1577 5409 1645 5464 ad
1685 5410 1782 5464 hoc
1809 5412 1910 5464 eli-

233 5492 366 5554 gitur
392 5496 521 5563 vita,
554 5495 820 5564 moribus,
850 5501 1082 5570 actaque
1110 5498 1425 5569 perquiras.
1451 5500 1515 5553 Et
1541 5498 1590 5554 si
1616 5500 1909 5569 placuerit,

301 5729 372 5801 (α)
401 5731 645 5789 Exstant
674 5731 794 5790 hac
826 5733 1120 5806 privilegia
1153 5736 1207 5790 in
1244 5751 1372 5806 epp.
1405 5734 1457 5800 8,
1488 5734 1543 5804 9,
1580 5733 1662 5788 10.

2016 4504 2313 4565 rectorem,
2369 4502 2520 4570 quod
2577 4503 2841 4574 fregisset
2893 4508 3176 4576 modium,
3231 4527 3343 4580 quo
3376 4513 3565 4569 coloni
3601 4516 3726 4569 fru-

2019 4592 2210 4642 menta
2233 4589 2370 4643 dare
2392 4591 2918 4663 compellebantur,
2946 4598 3080 4668 quia
3105 4598 3358 4655 debitam
3387 4618 3726 4659 mensuram

2023 4678 2371 4745 excedebat;
2453 4681 2748 4752 jussitque
2798 4687 3103 4754 pecuniam
3153 4705 3221 4743 ex
3281 4691 3497 4760 injusto
3537 4694 3731 4748 modio

2025 4772 2356 4838 perceptam
2418 4771 2639 4826 colonis
2689 4777 3133 4846 puuperioribus
3185 4785 3408 4836 secreto
3462 4781 3728 4836 distribui

2028 4857 2166 4922 (Lib.
2201 4873 2322 4926 xm,
2356 4875 2438 4930 ep.
2463 4861 2576 4931 34).

2098 4948 2180 5000 12.
2207 4947 2369 5004 Certe
2398 4967 2575 5021 quam
2609 4951 2835 5010 alienus
2867 4961 3020 5011 esset
3051 4957 3122 5010 ab
3145 4957 3489 5015 invadendis
3521 4975 3728 5030 paupe-

2025 5050 2149 5091 rum
2202 5037 2391 5105 bonis,
2453 5043 2659 5110 probat
2688 5044 2814 5113 ejus
2867 5047 3121 5099 studium
3153 5045 3491 5103 incredibile
3529 5048 3587 5104 in
3639 5051 3730 5105 fa-

2025 5123 2232 5180 cienda
2258 5126 2641 5200 eleemosyna.
2677 5132 2771 5186 Sic
2798 5133 3127 5202 expostulat
3177 5149 3307 5188 cum
3338 5134 3564 5192 Juliano
3607 5138 3728 5194 viro

2026 5213 2240 5270 illustri
2288 5218 2361 5272 ob
2409 5219 2835 5274 dissimulatum
2891 5238 2959 5275 ex
3007 5224 3349 5279 verecundia
3417 5226 3726 5298 inopiam:

2024 5307 2244 5362 Certum
2273 5317 2371 5372 est,
2408 5307 2615 5377 inquit,
2650 5312 2779 5377 quia
2809 5313 2992 5364 minus
3032 5321 3258 5367 amatur
3277 5318 3378 5385 qui
3403 5317 3581 5374 adhuc
3607 5336 3730 5376 eru-

2027 5394 2278 5450 bescitur.
2313 5397 2483 5466 Atque
2512 5397 2819 5453 omnimodo
2849 5402 3205 5458 contristatus
3233 5421 3376 5471 sum,
3421 5410 3553 5477 quia
3585 5425 3665 5464 me
3695 5428 3729 5466 a

2023 5484 2170 5540 vobis
2207 5489 2448 5558 comperi
2498 5485 2684 5543 minus
2739 5505 2906 5561 quam
2961 5495 3352 5552 astimaverim
3435 5500 3637 5558 amari.
3667 5502 3728 5556 In

2096 5733 2175 5804 (b)
2209 5732 2449 5791 Maxime
2479 5751 2632 5793 anno
2664 5738 3037 5807 pontiﬁcatus
3069 5744 3159 5797 sui
3202 5757 3372 5800 nono.
