4086 6166
368 222 485 281 455

808 215 872 273 S.
919 209 1287 272 GREGORII
1333 206 1588 268 MAGNI
1631 205 1844 276 νΙΤΑ,
1896 203 1993 263 ΕΧ
2041 201 2227 264 EJUS
2273 199 2618 262 SCRIPTIS
2667 202 3121 264 ADORNATA.
3171 203 3316 264 LIB.
3363 206 3465 266 IV.

3759 209 3877 266 456

363 360 468 415 hoc
513 364 698 413 autem
747 351 912 408 valde
965 363 1052 404 me
1097 345 1406 412 continetis,
1456 343 1505 399 εἰ
1557 339 1815 434 mercedi}
1871 353 2065 434 θρᾳττρδ
2095 343 2149 410 Α
2178 358 2511 430 explodens,
2546 358 2714 428 cujus
2769 362 3031 415 auctores
3083 360 3425 417 Antichristi
3469 361 3881 434 pradicatores

363 451 518 506 802
574 445 716 501 mihi
780 440 998 499 assidue
1051 434 1417 509 providendas
1471 431 1713 488 studiose
1757 428 2062 500 requiritis.

366 542 469 598 Nec
497 539 650 596 vobis
680 536 831 591 debet
859 548 969 589 esse
999 527 1340 585 verecundiae
1389 525 1440 580 ei
1483 520 1702 593 aliquid
1731 519 1795 576 de
1845 520 2066 575 eleemo-

364 633 521 704 synis
576 632 886 699 importune
932 622 1135 688 dicere,
1167 633 1327 689 quem
1381 621 1588 670 constat
1635 629 1743 668 non
1785 627 1866 666 res
1913 627 2061 676 suas,

363 703 456 780 sed
481 721 560 776 ad
588 713 1042 788 dispensandum,
1073 726 1158 764 res
1187 721 1492 778 pauperum
1532 704 1750 759 habere.
1784 703 1856 756 De
1885 703 2064 756 causis

363 816 547 883 itaque
574 805 835 864 mercedis
858 800 1001 872 apud
1031 798 1338 869 episcopum
1373 795 1540 850 libere
1589 807 1747 864 agere
1776 791 2060 883 debuistis,

357 879 577 960 etiamsi
606 912 788 952 meum
807 892 1058 948 animum
1091 885 1270 960 qualis
1328 888 1388 939 in
1431 899 1614 938 amore
1656 885 1834 937 vestro
1863 879 2062 936 existe-

365 999 448 1048 ret
474 986 773 1044 nesciretis.
818 983 1110 1051 Postquam
1149 975 1297 1032 enim
1328 982 1380 1030 et
1425 989 1520 1028 nos
1579 971 1806 1026 omnino
1828 970 2064 1040 gloriam

361 1087 598 1135 vestram
675 1071 978 1140 diligimus,
1023 1074 1075 1123 et
1131 1065 1517 1134 dispensatoris
1571 1063 1746 1116 locum
1777 1062 1833 1114 in
1885 1059 2066 1128 rebus,

363 1167 509 1224 sicut
538 1165 710 1231 scitis,
741 1174 1042 1231 pauperum
1066 1163 1338 1214 tenemus;
1361 1158 1560 1221 vestra,
1591 1152 1791 1220 lateor,
1811 1164 2066 1204 verecun-

362 1258 452 1313 dia
482 1254 638 1311 valde
667 1248 995 1308 accusabilis
1023 1246 1158 1320 fuit.
1222 1246 1396 1313 Quam
1426 1242 1546 1297 ideo
1575 1245 1650 1296 tot
1675 1239 1856 1294 verbis
1884 1240 2064 1293 incre-

361 1346 541 1419 pando
571 1345 846 1412 insequor,
877 1348 937 1393 ut
967 1336 1109 1391 hanc
1141 1352 1174 1389 a
1193 1333 1348 1388 corde
1392 1338 1569 1386 vestro
1597 1328 1851 1419 [unditus
1883 1328 2064 1398 repel-

364 1416 477 1492 lam
505 1435 522 1505 (
559 1432 674 1488 Lib.
707 1447 832 1499 x111,
861 1445 946 1498 ep.
977 1427 1086 1495 l9).
1122 1425 1202 1479 Ex
1232 1421 1480 1494 epistola
1510 1421 1579 1475 ad
1650 1416 2062 1474 Pantaleonem

359 1526 644 1582 discimus
659 1518 1140 1595 patrimoniorum
1162 1517 1412 1569 rectores
1426 1509 1584 1582 apud
1597 1507 2064 1564 sacratissimum

359 1633 570 1687 corpus
591 1613 745 1670 beati
768 1610 916 1666 Petri
941 1606 1367 1679 jusjurandum
1397 1601 1536 1657 olim
1570 1598 1908 1671 praebuisse.

433 1685 572 1762 cum
607 1701 838 1774 propria
868 1697 1210 1755 auctoritate
1233 1690 1597 1762 imperatoris
1630 1687 1928 1743 ministros
1951 1685 2070 1757 pri-

361 1800 629 1853 vatorum
663 1792 850 1858 bonis,
877 1786 1145 1844 utilitatis
1169 1782 1415 1856 publica
1451 1779 1707 1848 nomine,
1729 1776 2073 1832 insidiantes

365 1901 624 1944 coercere
655 1899 770 1938 non
797 1883 1010 1953 posset,
1043 1877 1113 1932 de
1143 1891 1344 1931 eorum
1381 1871 1547 1928 malis
1570 1869 1795 1925 artibus
1827 1871 1884 1922 et
1912 1867 2070 1937 rapi-

367 1977 458 2033 nis
490 1974 790 2031 certiorem
821 1969 940 2025 ﬁeri
975 1969 1305 2037 Augustum
1355 1963 1602 2018 curabat.
1637 1959 1755 2015 Hoc
1785 1974 1938 2014 anno
1969 1957 2071 2012 ad-

367 2064 598 2121 monuit
621 2060 1017 2117 Rusticianam
1042 2054 1337 2128 patriciam
1360 2051 1588 2107 venisse
1610 2050 1853 2106 Romam
1875 2063 2073 2120 quem-

365 2155 498 2210 dam
523 2156 825 2215 Beatorem,
856 2147 957 2220 qui
1013 2163 1071 2201 se
1123 2144 1396 2199 comitem
1429 2140 1786 2212 privatarum
1819 2136 2067 2207 dicebat,

366 2248 424 2300 et
453 2243 640 2298 multa
670 2241 868 2310 inique
917 2235 1142 2307 agebat,
1203 2232 1451 2287 maxime
1491 2231 1767 2285 adversus
1799 2228 1984 2298 ipsam
2014 2229 2070 2282 et

367 2336 494 2404 ejus
521 2339 740 2401 neptes,
773 2326 991 2382 scilicet
1021 2325 1094 2395 (a)
1125 2321 1476 2378 Antoninam
1508 2324 1564 2376 et
1595 2319 1930 2384 Barbaram,
1959 2315 2070 2372 Ve-

367 2421 554 2479 nantii
587 2419 759 2484 ﬁlias,
792 2417 862 2472 de
893 2415 1106 2486 quibus
1139 2412 1299 2468 alibi.

439 2511 523 2564 13.
557 2512 673 2563 Hoc
705 2521 859 2560 anno
909 2505 1138 2558 mortuo
1195 2499 1441 2562 Victore,
1476 2494 1884 2552 Panormitano
1915 2493 2070 2564 epis—

365 2616 528 2673 COpo,
593 2594 930 2658 Venantius,
979 2589 1260 2663 patricius
1328 2587 1795 2652 Panormitanus,
1856 2583 2003 2639 alius
2038 2599 2070 2637 a

364 2672 726 2765 Syracusano
776 2682 1154 2746 exmonacbo,
1214 2681 1286 2735 de
1342 2679 1508 2749 cujus
1541 2681 1727 2733 morte
1769 2677 1896 2765 jam
1927 2672 2072 2729 dixi-

363 2764 516 2848 mus,
549 2779 826 2836 Urbicum
859 2773 1128 2829 abbatem
1171 2767 1508 2824 monasterii
1556 2767 1611 2821 S.
1646 2764 1935 2821 Hermetis
1968 2779 2070 2817 cu—

362 2869 655 2940 raviteligi
675 2868 733 2922 in
754 2865 927 2935 hujus
943 2861 1105 2916 urbis
1117 2860 1472 2931 episcopum.
1490 2856 1770 2911 Laudavit
1789 2854 1939 2908 hanc
1954 2851 2064 2907 ele-

361 2962 612 3018 ctionem
646 2958 704 3013 S.
739 2952 1068 3025 Gregorius,
1099 2950 1254 3020 quod
1289 2949 1559 3004 Urbicum
1610 2951 1807 3001 nosset
1835 2945 2070 3015 vigilan-

365 3057 494 3118 tem,
537 3045 835 3104 sollicitum
890 3050 940 3098 et
986 3041 1192 3096 divinae
1247 3038 1549 3108 Scriptum
1626 3034 1878 3102 scientia,
1927 3037 2070 3105 quod

2174 448 2446 520 appellat,
2479 452 2572 520 qui
2602 448 2847 517 veniens,
2917 449 3129 522 inquit,
3161 450 3308 507 diem
3381 450 3680 508 Sabbatum
3719 460 3888 526 atque

2175 540 2519 594 Dominicum
2545 539 2613 594 ab
2644 542 2793 594 anuli
2816 542 2986 608 faciet
3032 557 3189 612 opere
3237 541 3530 597 custodiri.
3563 542 3761 607 tidem,
3785 547 3887 600 aut

2175 628 2272 683 alii
2300 631 2545 696 perversi
2565 629 2828 692 homines,
2861 631 3273 700 pradicabant,
3314 631 3613 688 Dominico
3636 633 3728 689 die
3760 634 3887 690 nul-

2174 719 2298 775 lum
2330 720 2537 775 debere
2568 720 2768 776 lavari.
2803 723 2867 776 Et
2899 721 3138 792 quidem,
3165 721 3375 792 inquit,
3405 725 3454 777 si
3474 739 3570 794 pro
3592 724 3729 779 luxu
3756 727 3888 780 ani-

2174 810 2254 866 mi
2274 817 2435 881 atque
2463 810 2737 881 voluptate
2784 812 2906 882 quis
2963 811 3142 867 lavari
3194 811 3427 883 appetit,
3486 812 3583 870 hoc
3630 813 3760 885 ﬁeri
3789 830 3888 871 nec

2174 900 2384 972 reliquo
2405 900 2644 972 quolibet
2674 901 2764 955 die
2788 901 3158 957 concedimus.
3193 901 3252 956 Si
3280 908 3464 958 autem
3500 919 3604 974 pro
3648 907 3888 961 necessi-

2174 997 2285 1045 tate
2313 992 2575 1060 corporis,
2609 989 2706 1046 hoc
2734 1005 2833 1045 nec
2863 991 3273 1048 Dominicorum
3294 992 3382 1048 die
3407 993 3786 1065 prohibemus.

2849 1098 3076 1155 CAPUT
3099 1099 3243 1157 VIII.

2174 1187 2377 1254 Ancon.
2398 1211 2461 1254 _—
2490 1185 2857 1254 1._Gregorius
2892 1187 3051 1254 mittit
3079 1188 3419 1254 defensorem
3459 1189 3528 1254 in
3561 1190 3887 1254 Hispaniam,

2238 1254 2296 1297 ut
2315 1248 2483 1311 judex
2515 1248 2887 1311 sitcausarum
2906 1251 3137 1311 episcop.
3161 1251 3428 1300 Judicium
3448 1248 3672 1301 Joannis
3704 1248 3890 1303 defené

2238 1310 2390 1383 coris.
2421 1337 2483 1383 τ
2513 1311 2544 1358 2
2574 1310 3009 1383 Eideminjungit
3030 1310 3165 1375 papa
3187 1314 3557 1383 visitationem
3578 1318 3889 1383 monasterii

2237 1375 2426 1422 insula
2445 1374 2725 1437 capraria.
2758 1374 3006 1436 Ejusdem
3032 1374 3138 1437 pro
3156 1376 3278 1424 aliis
3309 1378 3646 1427 monasteriis
3677 1379 3888 1428 sollici-

2236 1438 2385 1486 tudo.
2406 1463 2470 1500 :—
2493 1435 2539 1500 3.
2579 1435 2985 1500 Quidstatuerit
3001 1435 3064 1486 de
3087 1440 3339 1500 episcopo
3358 1438 3528 1489 Missa
3558 1440 3881 1491 sacriﬁcium

2238 1500 2305 1548 ob
2337 1499 2700 1566 infirmitatem
2722 1499 3135 1566 intermittente,
3165 1528 3225 1536 —
3245 1499 3295 1566 4.
3325 1502 3428 1566 Pro
3453 1516 3579 1563 pace
3595 1503 3742 1566 inter
3763 1504 3887 1566 epi-

2240 1575 2427 1624 scopos
2460 1559 2792 1633 concilianda
2816 1575 2978 1632 quam
3002 1561 3164 1635 fuerit
3184 1559 3573 1613 sollicitum—5.
3589 1559 3888 1630 δβνεεόῆί

2243 1625 2312 1673 ad
2341 1624 2762 1672 Theodelindam
2780 1637 3020 1678 reginam
3042 1626 3267 1678 epistola
3296 1631 3348 1675 et
3397 1627 3736 1677 munuscula.
3754 1655 3817 1666 -
3837 1631 3886 1678 6.

3533 1642 3736 1677 ιιεαυια.
3754 1655 3817 1666 --
3837 1642 3886 1677 Ο.

2245 1639 2312 1673 ao
2342 1639 2762 1672 'i’neooeunuam
2780 1639 2834 1672 re
2876 1639 3020 1674 lnam
3042 1639 3267 1686 epulata
3296 1639 3348 1675 et
3397 1639 3736 1677 munuscula.
3754 1655 3817 1666 --
3837 1639 3886 1678 6.

2245 1685 2425 1736 Ultimi
2458 1685 2508 1736 S.
2543 1687 2778 1748 Gregorii
2796 1639 3004 1736 lagona
3028 1701 3121 1748 pro
3150 1689 3399 1738 Ecclesia.
3419 1689 3554 1748 Quid
3578 1692 3887 1740 consulenti

2241 1748 2491 1815 episcopo
2529 1750 2854 1815 Messenensi
2882 1751 3235 1815 responderit.
3268 1777 3326 1815 -τ
3354 1752 3403 1800 7.
3427 1752 3660 1801 Consilia
3677 1754 3743 1802 ab
3764 1755 3888 1815 ipso

2236 1810 2420 1876 amicis
2442 1811 2582 1876 data.
2606 1811 2949 1876 Ejuspbitus.
2973 1810 3273 1876 Sepultum.
3298 1813 3457 1864 Sacer
3473 1817 3668 1866 cultus.
3697 1810 3898 1867 Trans-

2235 1873 2483 1924 lationes.
2515 1875 2640 1934 (An.
2671 1873 2763 1922 603
2788 1877 2839 1923 et
2881 1873 3017 1936 604.)

2250 1966 2297 2017 1.
2331 1962 2410 2018 Ex
2466 1960 2794 2018 editissima
2864 1962 3132 2020 Ecclesia
3169 1964 3405 2036 specula
3459 1969 3513 2020 S.
3574 1965 3893 2038 Gregorius

2175 2053 2539 2125 conspiciens
2569 2055 2832 2110 turbatas
2864 2055 3281 2127 Hispaniarum
3327 2055 3636 2128 Ecclesiae,
3684 2058 3759 2112 ob
3795 2057 3892 2112 in-

2170 2144 2390 2214 justam
2424 2144 2741 2216 presbyteri
2769 2150 2824 2200 ct
2855 2148 3249 2217 quorumdam
3283 2149 3690 2218 episcoporum
3723 2148 3896 2218 deje-

2173 2233 2448 2301 ctionem,
2481 2250 2548 2288 eo
2580 2234 3036 2291 misitJoannem
3060 2236 3589 2309 defensorem,qui,
3621 2238 3896 2294 aucturi-

2175 2326 2293 2378 tate
2325 2322 2433 2379 sibi
2466 2341 2498 2378 a
2546 2339 2774 2379 summo
2833 2324 3116 2380 Pontiﬁce
3168 2325 3449 2396 delegata,
3499 2327 3678 2396 judex
3739 2328 3901 2382 sedit

2176 2413 2328 2468 inter
2368 2413 2767 2485 presbyterum
2802 2415 3221 2486 episcoposque
3255 2416 3370 2469 vim
3406 2432 3632 2486 passos,
3655 2422 3710 2471 et
3745 2417 3897 2472 alios

2177 2503 2278 2575 qui
2309 2512 2409 2558 aut
2434 2504 2591 2575 ipsos
2621 2504 2841 2574 injuste
2871 2505 3204 2574 dejecerant
3235 2513 3334 2561 aut
3363 2521 3564 2561 eorum
3607 2507 3773 2562 sedes
3802 2507 3897 2562 in-

2177 2596 2446 2648 vaserant
2475 2595 2576 2648 aut
2633 2608 2836 2649 eorum
2896 2593 3192 2650 invasores
3239 2595 3605 2663 ordinarunt,
3658 2611 3898 2652 necnon

2177 2683 2327 2738 inter
2382 2681 2702 2754 gloriosum
2763 2681 3162 2749 Comitiolum,
3222 2682 3462 2751 Batica,
3522 2691 3582 2738 ut
3643 2700 3746 2755 par
3806 2689 3900 2740 est:

2178 2774 2430 2842 credere,
2478 2773 2836 2844 praefectum,
2895 2789 3007 2843 quo
3067 2773 3386 2844 prasertim
3439 2778 3671 2830 auctore
3726 2778 3898 2830 tanta

2178 2862 2334 2917 mala
2361 2864 2465 2918 bac
2497 2863 2554 2918 in
2588 2860 2902 2933 provincia,
2953 2866 3280 2933 perpetrata
3327 2868 3483 2919 sunt.
3516 2863 3758 2919 Joannis
3791 2864 3896 2920 de-

2177 2952 2426 3009 fensoris
2473 2952 2742 3023 legationi
2778 2953 3144 3008 occasionem
3190 2953 3352 3008 dedit
3396 2953 3684 3018 Januarii,
3717 2953 3896 3009 Mala-

2178 3041 2355 3096 citani
2408 3041 2688 3113 episcopi,
2738 3039 2926 3108 petitio
2970 3057 3071 3096 seu
3134 3040 3368 3097 libellus
3425 3041 3667 3114 supplex
3725 3059 3896 3114 papa

361 3099 606 3195 maaiime
661 3136 724 3191 in
783 3132 1152 3189 sacerdotibus
1207 3099 1515 3198 eligendum
1576 3135 1670 3197 est,
1721 3125 2063 3182 institutum.
2099 3099 2148 3165 (ἶ
2179 3099 2576 3202 οὺιειιιείῳο
2601 3099 2957 3200 querebatur
3006 3147 3188 3186 unum
3222 3147 3251 3186 e
3282 3133 3403 3186 suis
3437 3099 3784 3203 presbyteris
3807 3099 3898 3188 ‘ab

361 3230 623 3296 Quietem
657 3234 843 3280 tamen
896 3222 1074 3293 hujus
1123 3219 1353 3276 abbatis
1410 3218 1645 3274 turbare
1677 3215 1865 3272 noluit
1893 3233 2066 3288 papa,

361 3336 452 3386 ne,
486 3334 604 3376 eum
639 3316 711 3372 ad
766 3314 975 3369 altiora
1030 3309 1397 3383 producendo,
1431 3311 1693 3363 minorem
1741 3308 1915 3377 seipso
1945 3307 2068 3376 ﬁeri

356 3410 586 3462 missum
616 3407 674 3459 in
694 3403 951 3474 ﬂuctibus
968 3400 1336 3470 compelleret.
1373 3398 1448 3469 (b)
1472 3396 1720 3452 Urbicus
1741 3401 1865 3451 erat
1894 3394 2064 3466 quasi

357 3496 664 3569 prafectus
696 3496 798 3547 aut
845 3488 1192 3563 prapositus
1223 3486 1511 3559 generalis
1562 3485 1825 3540 omnium
1856 3501 2060 3540 mona-

355 3585 604 3643 sterium
663 3582 722 3637 in
780 3580 1000 3647 Sicilia,
1085 3577 1170 3633 uti
1225 3578 1345 3648 jam
1397 3575 1824 3631 observavimus
1857 3593 1873 3641 ;
1905 3574 2060 3646 quod

355 3676 601 3732 fortasse
631 3671 691 3727 in
723 3686 898 3725 causa
959 3669 1069 3723 fuit
1102 3672 1163 3722 ut
1219 3682 1352 3722 eum
1388 3684 1419 3720 a
1460 3664 1558 3720 tali
1595 3665 1953 3735 praefectura,
1998 3671 2060 3719 ut

353 3765 516 3821 ﬂeret
545 3762 876 3834 episcopus,
921 3758 1174 3815 amoveri
1237 3773 1350 3812 non
1384 3758 1460 3812 sit
1491 3772 1698 3828 passus
1729 3754 2054 3825 Gregorius.

349 3855 819 3914 Panormitanam
891 3853 1082 3907 sedem
1143 3849 1396 3906 obtinuit
1446 3853 1721 3917 Joannes,
1781 3863 1950 3917 quem
1996 3846 2056 3903 S.

345 3947 654 4019 Gregorius
683 3941 908 4000 monuit
951 3944 1021 3997 de
1055 3939 1336 3995 reditibus
1393 3937 1658 3994 Ecclesia
1694 3942 1962 4009 quartam
1996 3936 2056 3992 in

345 4039 575 4108 integro
610 4032 938 4106 portionem
969 4046 1076 4085 suo
1117 4028 1268 4084 clero
1302 4027 1576 4094 tribuere,
1609 4035 1662 4081 et
1691 4025 2049 4082 tabularium

345 4126 652 4182 instituere
695 4124 791 4195 qui
848 4120 1099 4192 singulis
1144 4117 1367 4174 clericis
1427 4116 1618 4172 debita
1676 4115 2053 4172 distribuerat

338 4218 508 4288 juxta
534 4213 792 4268 tabulam
847 4227 947 4266 seu
1011 4207 1384 4264 matriculam
1443 4205 1585 4275 (Lib.
1621 4221 1745 4269 xm,
1795 4220 1878 4274 ep.
1940 4205 2046 4272 44).

342 4303 547 4358 Eidem
580 4300 791 4354 eximia
821 4298 1036 4369 prabet
1066 4303 1350 4368 pracepta
1375 4294 1444 4349 ad
1467 4293 1746 4364 optimam
1782 4291 2046 4347 Ecclesia

2175 3222 2365 3279 ofﬁcio
2397 3237 2500 3277 suo
2524 3225 2804 3288 amotum,
2824 3219 2956 3276 etin
2978 3220 3240 3276 exsilium
3263 3221 3633 3291 deportatum
3679 3221 3889 3278 fuisse.

2174 3312 2237 3366 In
2265 3311 2467 3366 eodem
2500 3309 2653 3364 baud
2690 3307 2864 3364 dubie
2886 3308 3082 3365 libello
3142 3312 3212 3364 de
3235 3309 3415 3364 simili
3448 3326 3678 3380 quoque
3709 3327 3888 3381 pana

2173 3402 2282 3457 sibi
2313 3401 2530 3455 inﬂicta
2557 3404 2916 3470 conquestus
2972 3404 3060 3454 est
3089 3400 3428 3456 Ianuarius.
3481 3400 3643 3455 Alius
3675 3401 3888 3456 incerti

2171 3489 2282 3547 loci
2315 3489 2625 3562 episcopus
2660 3488 2895 3544 nomine
2933 3488 3260 3560 Stephanus
3310 3504 3443 3543 cum
3465 3487 3746 3544 Januario
3778 3490 3892 3544 de—

2170 3580 2393 3651 positus
2423 3583 2480 3635 et
2509 3578 2568 3632 in
2587 3576 2857 3632 exsilium
2889 3579 3129 3647 ejectus,
3153 3577 3222 3632 ad
3246 3582 3510 3633 sanctam
3534 3593 3770 3649 quoque
3796 3595 3892 3634 se-

2169 3671 2300 3725 dem
2334 3668 2743 3741 appellaverat.
2778 3665 2851 3721 Ut
2879 3666 2938 3722 in
2971 3666 3062 3722 his
3108 3667 3512 3736 episcoporum
3547 3676 3601 3722 et
3634 3667 3891 3739 presby-

2167 3763 2420 3815 terorum
2453 3757 2643 3812 causis
2675 3760 2826 3812 recte
2875 3757 3220 3812 sententiam
3255 3757 3427 3811 ferret
3465 3757 3740 3826 Joannes,
3774 3757 3889 3812 de-

2167 3850 2250 3904 dit
2290 3849 2395 3920 ipsi
2430 3865 2576 3920 papa
2605 3847 2816 3917 duplex
2841 3846 3162 3918 capitulare
3209 3863 3310 3903 seu
3341 3845 3883 3913 commonitorium,

2167 3957 2413 4014 quorum
2447 3957 2626 3996 unum
2660 3937 2985 4011 praescribit
3015 3938 3297 4010 quidquid
3351 3939 3499 3993 facto
3532 3955 3680 4008 opus
3711 3940 3789 3994 sit
3817 3939 3882 3996 in

2167 4032 2256 4087 bis
2287 4030 2492 4086 litibus
2535 4034 2659 4085 tum
2693 4028 3048 4084 instruendis
3111 4033 3235 4084 tum
3261 4028 3597 4098 judicandis
3628 4028 3882 4085 alterum

2164 4121 2422 4178 continet
2451 4120 2604 4190 leges
2636 4119 2967 4190 imperiales
2990 4119 3062 4173 de
3106 4118 3448 4173 clericorum
3471 4116 3874 4174 immunitate.

2163 4215 2222 4267 In
2247 4209 2533 4266 sententia
2568 4208 2815 4264 Joannis
2861 4207 3206 4278 defensoris,
3243 4223 3420 4278 quem
3443 4223 3646 4262 omnes
3674 4213 3878 4278 partes

2159 4318 2262 4374 pro
2295 4299 2552 4373 legitimo
2585 4316 2691 4353 suo
2721 4299 2913 4369 judice
2945 4302 3328 4370 agnoverunt,
3361 4296 3521 4353 nulla
3555 4297 3621 4352 ﬁt
3649 4298 3877 4354 mentio

342 4387 850 4461 ευδθτηειιίοοεω-
885 4387 970 4440 Ad
1001 4386 1286 4442 Joannem
1320 4383 1562 4456 Pallium
1589 4383 1710 4453 ,ἱεὶτο
1748 4381 1919 4452 Ραυιο
1943 4398 2049 4436 ⁸η-
2154 4390 2428 4460 Stephani
2474 4388 2731 4460 episcopi
2759 4393 2814 4443 et
2847 4388 3168 4461 presbyteri
3214 4385 3566 4451 Malacitani,
3601 4385 3701 4441 sed
3733 4391 3872 4443 tan-

340 4484 436 4536 tea
463 4478 650 4533 fuerat
681 4476 1030 4533 missum.ln
1062 4473 1302 4547 epistola
1327 4491 1439 4546 qua
1461 4472 1866 4529 sanctissimus
1899 4487 2040 4542 ροη-
2072 4469 2119 4534 D
2154 4485 2276 4536 tum
2298 4478 2580 4546 Januarii,
2615 4478 2863 4548 episcopi
2896 4477 3074 4546 huius
3113 4475 3298 4546 urbis,
3333 4474 3431 4548 qui
3463 4475 3571 4531 hoc
3617 4475 3872 4532 solemni

342 4569 479 4626 tifex
499 4581 701 4623 recens
732 4566 1068 4622 ordinatum
1112 4565 1450 4636 episcopum
1481 4563 1615 4632 jure
1646 4562 1844 4618 utendi
1870 4561 2042 4633 pallio
2146 4569 2371 4640 judicio
2402 4569 2508 4622 fuit
2534 4566 2799 4622 Ecclesia
2842 4584 2959 4622 sua
3002 4567 3306 4622 restitutus
3339 4583 3352 4620 :
3389 4565 3627 4632 Nullam,
3672 4565 3873 4637 inquit

338 4655 597 4722 ἀοηᾶνίῐν
631 4656 713 4712 δῖε
741 4671 873 4711 eum
907 4653 1281 4726 δρθουίδιοτίε
1314 4652 1578 4709 Εοοιθείεε
1621 4651 2042 4709 Ρειηοτωίίθηω
2151 4661 2428 4726 Joannes,
2465 4659 2524 4713 in
2565 4658 2844 4714 antedicto
2870 4661 3142 4715 Januario
3166 4658 3383 4728 culpam
3414 4671 3540 4729 qua:
3561 4657 3764 4712 exsilio
3782 4659 3870 4713 vel

336 4745 594 4806 ofﬁcium
629 4745 997 4818 suscepisse;
1033 4759 1242 4800 nomen
1275 4743 1530 4814 episcOpi
1564 4743 2011 4814 probeinterpre

2233 4753 2480 4806 oositione
2508 4748 2680 4819 digna
2703 4752 2839 4804 esset
2859 4747 3073 4818 puniri,
3105 4747 3198 4802 sed
3230 4747 3412 4815 magis
3444 4745 3608 4803 illum
3629 4747 3866 4817 ejectum

332 4843 490 4895 tatus
525 4835 718 4907 (lbid.,
753 4850 841 4907 ep.
874 4835 987 4905 37).

2241 4841 2488 4897 Ecclesia
2518 4841 2782 4896 violenter
2840 4839 3051 4893 inveni.
3087 4839 3162 4892 Et
3208 4838 3359 4893 803
3393 4851 3728 4907 quamquam
3761 4837 3867 4892 hu-

405 4927 490 4982 14.
525 4924 689 4981 Certe
719 4922 1142 4996 speculatorem
1178 4921 1531 4978 indefessum
1563 4937 1629 4976 ac
1659 4919 2003 4994 vigilantissi

2236 4933 2384 4991 modi
2413 4933 2777 4988 temeritatem
2824 4931 3009 4999 legum
3037 4945 3267 4985 censura
3319 4928 3722 4984 districtissime
3768 4930 3867 4997 [e-

331 5033 494 5074 mum
527 5032 656 5073 sese
677 5013 956 5086 probabat
976 5013 1099 5083 ipse
1122 5011 1455 5083 Gregorius,
1475 5009 1708 5066 assidue
1723 5010 2013 5066 excubans

2235 5028 2276 5090 t,
2304 5040 2399 5094 ego
2431 5027 2612 5079 tamen
2647 5025 2828 5093 legum
2848 5023 3096 5094 vigorem
3124 5019 3452 5077 sacerdotali
3483 5017 3868 5076 moderatione

327 5107 461 5162 licet
491 5104 848 5179 gravissimis
893 5102 1112 5158 morbis
1141 5101 1527 5167 decumberet,
1562 5107 1678 5155 uta
1707 5116 1881 5172 grege
1907 5117 2012 5156 suo

2233 5131 2482 5185 sperans,
2505 5112 2699 5169 mediis
2728 5113 3095 5168 sacrosanctis
3141 5109 3470 5181 Evangeliis,
3496 5107 3692 5181 quibus
3714 5125 3862 5180 pra-

311 5193 619 5264 -quidquid
660 5193 992 5249 immineret
1031 5190 1171 5248 mali
1230 5195 1465 5248 arceret.
1499 5189 1663 5247 Unde
1698 5206 1831 5246 cum
1864 5191 2006 5246 intel

2233 5207 2384 5261 ilibus
2415 5205 2481 5260 ab
2544 5205 2705 5259 initio
2764 5205 2824 5258 in
2854 5203 2952 5258 hoc
3017 5205 3264 5273 cognitor
3319 5198 3496 5256 resedi
3517 5197 3766 5269 judicio,
3795 5215 3861 5255 ea

331 5281 572 5338 lexiset
592 5285 873 5354 quosdam
915 5284 974 5340 in
1006 5282 1131 5356 ipsa
1190 5283 1331 5339 urbe
1370 5283 1551 5338 Roma
1583 5282 1833 5354 perversi
1864 5283 2016 5355 spiris

2233 5310 2265 5350 ε
2294 5298 2487 5350 contra
2516 5309 2641 5350 eum
2695 5296 2901 5348 statuta
2931 5298 3080 5357 sunt,
3132 5291 3258 5347 licet
3292 5293 3423 5361 jure
3469 5304 3581 5344 non
3611 5292 3853 5357 teneant,

331 5380 427 5427 ωδ
459 5370 727 5427 homin"
757 5372 849 5427 die
881 5373 1117 5428 sabbati
1150 5373 1368 5445 διίίῖυίά
1421 5373 1646 5446 operari
1682 5373 2028 5445 thibere;
2141 5402 2241 5442 nec
2269 5386 2508 5454 alicujus
2537 5384 2650 5440 sint
2671 5385 2951 5449 momenti,
2985 5383 3195 5451 iniusta.
3214 5389 3399 5436 tamen
3419 5388 3470 5434 et
3495 5379 3718 5448 inﬁrma
3740 5395 3853 5435 esse

332 5462 404 5518 δά
441 5460 594 5516 CIV“
627 5461 917 5516 Romanos
948 5463 1204 5532 εονίρθίῖν
1231 5463 1544 5520 Judaicum
1587 5464 1746 5523 hunc
1775 5481 2029 5522 errorem
2138 5478 2460 5549 pronuntio,
2494 5479 2656 5546 atque
2687 5473 2817 5530 illos
2847 5477 2898 5529 et
2930 5473 3057 5528 illos
3078 5481 3401 5528 memoratos
3428 5467 3844 5540 episcOpos,qui,

406 5680 482 5754 (τι)
517 5681 602 5738 Ita
629 5683 949 5752 ausuram
977 5680 1282 5738 Baronius.
2217 5692 2291 5765 (b)
2320 5690 2459 5747 Vide
2490 5686 3012 5747 Mabillon.Annal.
3032 5685 3494 5753 Bened.lib.vm,
3519 5683 3737 5740 n.35et
3755 5683 3842 5739 59.
