4086 6166
210 201 311 263 457
624 197 691 258 S.
737 190 1109 257 GBEGORII
1157 192 1414 253 MAGNI
1459 190 1668 264 VlTA,
1715 189 1815 249 EX
1859 185 2047 250 EJUS
2093 187 2447 253 SCRIPTIS
2494 190 2946 253 ADORNATA.
2992 190 3140 254 LIB.
3186 193 3290 255 IV.
3612 195 3731 256 458

206 336 492 411 postposita
546 329 984 391 consideratione
1037 328 1379 397 sacerdotali,
1440 330 1503 385 in
1553 328 1747 398 fratris
1804 340 1894 381 sui
1926 326 1977 392 Α
2009 324 2195 381 berent
2222 329 2545 401 percipere;
2575 330 2675 387 sed
2706 330 3039 386 admonendi
3068 335 3217 398 sunt,
3250 330 3442 403 inquit
3486 338 3728 392 sanctus

204 425 576 500 prwjudicium
609 426 779 494 atque
826 420 1339 476 condemnationem
1385 419 1595 491 injuste
1635 425 1685 472 et
1722 418 1912 472 contra
2022 414 2247 485 Doctor,
2282 427 2340 473 ut
2362 420 2681 476 nullatenus
2704 420 3122 491 pertimescant,
3153 422 3247 476 sed
3269 437 3396 476 cum
3428 426 3581 479 omni
3624 427 3731 482 fide

208 520 288 575 Dei
308 519 571 571 timorem
602 513 811 569 versati
836 517 989 577 sunt,
1034 509 1431 575 condemnans,
1481 511 1539 563 in
1574 508 1913 563 monasterio
2022 510 2077 559 et
2096 509 2387 563 securitate
2405 512 2827 577 communicent,
2848 512 2980 582 quia
3002 510 3277 579 a’gritudo
3305 527 3558 581 personae
3577 518 3724 570 sacri

210 605 529 678 recipiendos
557 603 627 659 ad
648 601 918 671 agendam
945 603 1007 656 in
1040 606 1251 670 tempus
1302 599 1687 670 paenitentiam
1736 600 1915 651 statuo
2024 597 2278 664 mysterii
2309 598 2737 655 benedictionem
2776 615 2873 655 nec
2908 608 3084 654 mutat
3113 615 3213 654 nec
3238 599 3460 670 polluit.
3536 601 3733 659 Voluit

208 703 348 769 atque
376 694 806 751 decerno.1llum
862 706 986 746 vero
1017 692 1115 761 qui
1153 690 1332 746 locum
1360 688 1629 743 antedicti
1675 688 1917 742 sanctis-
2025 683 2648 744 nihilominusaVitali
2678 692 2914 762 suggeri
2934 690 3237 759 Januario,
3268 694 3332 743 ut
3361 690 3591 760 quoties
3628 693 3733 748 ali-

210 786 322 859 εἰηιί
346 783 612 842 Januarii
639 786 831 839 contra
850 795 1134 836 sacrorum
1172 795 1445 835 canonum
1475 782 1686 833 statuta
1719 776 1915 847 nequi-
2026 788 2198 843 quam
2232 778 2475 833 sentiret
2506 778 2834 835 molestiam
2858 796 2972 833 non
2997 780 3361 850 procederet;
3413 799 3484 840 ne
3512 798 3579 840 ex
3621 781 3730 837 hoc

210 885 280 935 ter
299 873 657 950 praesumpsit
688 874 945 928 invadere
973 870 1359 936 condemnans,
1392 868 1610 941 privari
1664 867 1911 923 sacerdo-
2025 867 2083 917 et
2112 879 2174 918 se
2210 866 2624 938 despicabilem
2672 870 2971 942 preberet,
3020 874 3077 925 et
3111 870 3476 931 inﬁrmorum
3521 871 3734 930 animis

214 971 280 1025 tio
305 974 355 1022 et
384 967 453 1021 ab
473 964 631 1021 omni
646 960 1008 1018 ecclesiastico
1031 959 1227 1017 ordine
1260 958 1543 1015 removeri
1561 962 1761 1017 statuo.
1786 960 1847 1011 ut
1864 960 1916 1011 et
2024 961 2327 1022 generaret
2367 958 2731 1017 scandalum.

2097 1042 2335 1101 Inﬁrma
2355 1046 2621 1105 Januarii
2642 1050 2912 1107 valetudo
2935 1049 2991 1105 in
3017 1055 3286 1121 provecta
3304 1056 3490 1118 (etate,
3517 1068 3735 1124 magna

2021 1133 2313 1201 Ecclesiis,
2332 1139 2729 1204 xenodochiis,
2750 1144 2807 1194 et
2830 1140 3193 1198 monasteriis
3224 1142 3733 1198 damnaintulerat

2022 1224 2079 1277 in
2110 1224 2398 1280 Sardinia.
2432 1227 2930 1284 Xenodochiorum
2962 1246 3164 1285 curam
3212 1230 3426 1286 habere
3456 1231 3724 1288 Ecclesiae

2020 1313 2361 1369 Caralitanae
2386 1333 2751 1373 oeconomum
2772 1322 2827 1374 et
2848 1318 3603 1392 archipresbyterumjussit
3623 1338 3723 1393 pa-

271 1417 320 1471 2.
337 1416 535 1471 Eidem
559 1412 849 1469 defensori
873 1412 933 1469 S.
954 1411 1269 1482 Gregorius
1290 1412 1346 1465 in
1372 1410 1656 1465 mandatis
1676 1407 1912 1463 deditut
2020 1416 2112 1470 pa,
2149 1403 2217 1458 de
2241 1403 2582 1475 neglectu,si
2607 1407 2740 1477 quis
2763 1407 3039 1478 deinceps
3055 1415 3230 1475 esset,
3250 1426 3447 1480 poenas
3467 1410 3729 1467 daturos.

210 1504 617 1562 monasterium
658 1500 1009 1573 Capricanaa,
1042 1515 1145 1555 seu
1183 1498 1470 1570 Gapraria:
1496 1497 1700 1553 insulae
1733 1511 1912 1568 pr0pe
2090 1491 2142 1547 4.
2173 1493 2431 1563 Gregorii
2462 1494 2918 1552 sollicitudinem
2952 1513 3055 1569 pro
3088 1501 3209 1553 tota
3231 1497 3506 1567 Ecclesia,
3543 1515 3731 1571 neque

208 1593 531 1664 Majoricam
555 1591 844 1660 visitaret,
899 1594 955 1644 et
985 1588 1411 1645 monachorum
1446 1590 1747 1658 corruptos
1782 1601 1909 1641 mo-
2020 1581 2429 1651 ingravescens
2459 1589 2616 1654 aetas,
2652 1602 2838 1658 neque
2862 1587 3085 1643 assidui
3110 1589 3479 1662 acrioresque
3501 1590 3730 1646 labores

206 1701 287 1740 res
316 1682 651 1739 emendaret
682 1680 828 1751 (Lib.
880 1695 1006 1745 xm,
1041 1694 1124 1749 ep.
1173 1678 1287 1748 46).
1337 1676 1484 1732 Nam
1514 1676 1597 1733 ita
1645 1692 1909 1748 perverse
1942 1701 1988 1767 Β
2020 1670 2079 1727 in
2103 1672 2226 1729 dies
2250 1672 2457 1767 morbi,
2486 1674 2585 1744 qui
2612 1680 2853 1732 mortem
2880 1678 3353 1767 praenuntiabant
3380 1680 3729 1751 proximam,

208 1788 361 1845 agere
403 1771 770 1838 dicebantur,
824 1777 885 1824 ut
935 1784 1052 1824 non
1091 1767 1230 1837 Deo,
1264 1767 1365 1823 sed
1423 1766 1667 1836 antiquo
1716 1766 1909 1837 potius
1942 1762 1982 1767 ⁷
2021 1766 2338 1834 potuerunt
2375 1762 2761 1833 imminuere;
2813 1764 3066 1822 maxime
3114 1783 3248 1822 cum
3281 1767 3352 1823 de
3384 1784 3521 1839 pace
3568 1771 3734 1826 resti-

206 1863 369 1929 hosti,
423 1878 487 1919 se
529 1861 783 1917 militare
823 1859 1220 1915 ostenderent.
1273 1858 1368 1914 Sic
1417 1857 1681 1913 studium
1736 1872 1909 1912 suum
2018 1851 2409 1907 tuendainter
2438 1852 2742 1925 episcopos
2775 1854 3079 1925 agebatur.
3110 1857 3273 1923 Quod
3300 1856 3424 1927 ipse
3446 1856 3739 1929 signiﬁcat

207 1971 300 2027 pro
349 1951 751 2009 conservanda
781 1953 883 2005 aut
939 1948 1306 2004 resarcienda
1367 1946 1687 2003 monastica
1730 1946 1911 2002 disci-
2020 1943 2081 1997 in
2112 1942 2361 2015 epistola
2393 1944 2498 1999 hoc
2528 1961 2681 2001 anno
2713 1946 2933 2017 scripta
2963 1964 2975 2000 :
3013 1946 3251 2018 Quoties,
3282 1946 3492 2019 inquit,
3512 1963 3610 2004 nos
3638 1964 3736 2005 eo-

210 2044 361 2117 plina
394 2042 613 2112 ubique
644 2039 1087 2095 demonstrabat
1104 2037 1517 2093 sanctissimus
1541 2041 1721 2107 pater.
1746 2039 1911 2093 Anno
2022 2052 2145 2090 rum
2176 2035 2447 2091 discordia
2492 2038 2672 2092 tristes
2696 2039 2853 2107 facit,
2891 2039 2987 2109 qui
3017 2040 3168 2109 pacis
3208 2038 3592 2108 prmdicatores
3621 2056 3736 2097 esse

212 2135 328 2205 ejus
360 2130 743 2203 pontiﬁcatus
792 2128 1019 2184 decimo
1051 2131 1256 2199 quarto
1309 2128 1568 2195 ineunte,
1618 2128 1730 2199 ipsi
1762 2144 1911 2183 curae
2020 2125 2344 2192 debuerant,
2374 2142 2577 2195 magna
2614 2126 2985 2183 sollicitudine
3004 2127 3337 2183 studendum
3354 2136 3453 2197 est,
3475 2134 3535 2184 ut
3561 2130 3735 2201 litigii

2022 2216 2205 2270 ablata
2250 2217 2505 2282 materia,
2535 2214 2604 2269 ad
2632 2217 2971 2272 concordiam
3009 2217 3255 2283 redeant,
3299 2219 3395 2289 qui
3432 2216 3645 2275 diversa
3665 2223 3735 2276 ab

2024 2307 2260 2360 invicem
2296 2306 2581 2361 voluntate
2637 2306 2953 2363 discordant
3004 2308 3144 2375 (Lib.
3183 2324 3412 2379 x1v,ep.
3471 2309 3547 2380 8).
3603 2311 3735 2369 Hac

2024 2396 2104 2451 ait
2150 2394 2451 2450 occasione
2508 2393 2629 2451 litis
2687 2396 2842 2453 inter
2897 2396 3271 2468 Alcysonem,
3331 2398 3614 2467 Corcyrae,
3675 2406 3732 2457 et

2023 2488 2331 2553 Joannem,
2360 2484 2541 2539 Euriaa
2564 2486 2624 2541 in
2650 2486 2816 2557 Epiro
2840 2486 3207 2558 episcopum,
3240 2486 3340 2558 qui
3362 2503 3431 2544 ex
3462 2488 3567 2544 hac
3592 2490 3734 2547 urbe

2026 2577 2225 2647 fugere
2251 2577 2490 2630 coactus
2521 2591 2555 2629 a
2585 2575 2859 2632 Barbarie
2890 2591 3009 2630 una
3040 2590 3174 2631 cum
3207 2576 3381 2643 clero,
3428 2577 3737 2651 ablataque

2027 2681 2226 2721 secum
2260 2665 2443 2720 sancti
2474 2665 2548 2735 (a)
2580 2664 2784 2720 Donati
2803 2664 3114 2736 corporein
3137 2665 3399 2738 Cassiopi
3418 2672 3609 2725 castro
3640 2686 3735 2725 sa-

2029 2771 2154 2812 cras
2178 2753 2306 2809 illas
2330 2753 2604 2825 reliquias
2627 2753 2998 2826 deposuerat,
3027 2753 3253 2824 sibique
3276 2770 3342 2812 ac
3360 2759 3484 2814 suis
3501 2758 3729 2816 clericis

2030 2844 2226 2901 sedem
2262 2844 2483 2913 ﬁxerat,
2511 2850 2803 2900 annuente
2831 2842 3142 2914 Alcysone,
3174 2845 3470 2915 Corcyraeo
3501 2847 3731 2919 episco-

214 1060 299 1115 hoc
324 1055 466 1129 quod
495 1054 640 1109 male
667 1059 747 1109 est
776 1051 1002 1123 adeptus
1030 1052 1254 1105 amittat
1280 1065 1379 1105 nec
1406 1048 1475 1103 ad
1504 1047 1755 1117 ofﬁcium
1770 1046 1911 1119 quod

214 1152 323 1206 ante
366 1146 593 1217 indigne
629 1147 888 1213 gesserat,
938 1145 1268 1197 revertatur.
1310 1140 1675 1212 Saepedictum
1731 1147 1912 1193 autem

214 1236 607 1293 sanctissimum
634 1233 972 1291 Ianuarium
1002 1231 1314 1303 episcopum
1336 1231 1646 1285 absolutum
1680 1229 1791 1284 loco
1811 1244 1913 1283 suo

213 1329 261 1382 in
272 1327 605 1397 episcopatus
621 1324 803 1393 gradu
820 1323 920 1377 Deo
936 1330 1161 1376 auctore
1172 1322 1378 1375 reverti
1389 1318 1535 1389 (Lib.
1555 1334 1680 1383 xm,
1695 1333 1781 1387 ep.
1798 1318 1906 1386 45).

214 2224 316 2279 fuit
355 2223 658 2295 providere
707 2218 1063 2275 monasterio
1121 2222 1459 2274 sanctorum
1510 2218 1807 2273 Laurentii
1856 2221 1915 2273 et

212 2312 453 2369 Zenonis
482 2312 541 2366 in
575 2308 859 2366 Caesenati
882 2312 1090 2377 castro,
1127 2308 1281 2380 quod
1332 2308 1689 2363 Concordius
1737 2308 1914 2380 hujus

212 2403 316 2460 loci
346 2401 663 2472 episcopus
705 2399 958 2454 turbarat
988 2397 1208 2468 injuste
1240 2396 1538 2453 Fortunati
1563 2397 1791 2454 abbatis
1821 2398 1918 2452 de-

212 2493 519 2568 positione.
554 2490 639 2546 Ab
670 2490 798 2560 ejus
828 2494 1200 2545 antecessore
1230 2488 1440 2555 Natali,
1488 2487 1730 2543 Cmsenas
1761 2488 1917 2559 epis-

212 2600 373 2655 copo,
407 2582 763 2637 Fortunatus
793 2578 1096 2634 ordinatus
1128 2577 1312 2632 fuerat
1352 2576 1535 2632 abbas
1583 2576 1759 2646 hujus
1790 2592 1920 2632 mo-

211 2671 488 2738 nasterii;
522 2674 580 2726 et
609 2669 658 2725 si
690 2667 851 2724 nulla
878 2666 1158 2723 existente
1197 2682 1368 2721 causa
1398 2682 1581 2721 novus
1611 2666 1919 2737 episcopus

213 2779 343 2819 eum
385 2760 457 2816 ab
496 2760 607 2815 hoc
650 2761 945 2814 amoverat
989 2756 1200 2824 ofﬁcio,
1249 2755 1544 2826 aliumque
1592 2754 1921 2811 instituerat

215 2851 500 2909 abbatem.
554 2849 906 2905 Fortunatus
926 2846 995 2901 de
1026 2861 1133 2901 sua
1163 2844 1486 2915 dejectione
1518 2843 1818 2915 querelam
1850 2845 1919 2900 ad

218 2955 514 2996 summum
557 2935 764 2992 detulit
806 2933 1166 3007 pontiﬁcem,
1212 2931 1334 3005 qui,
1388 2932 1656 3004 quamvis
1701 2948 1768 2988 ex
1796 2933 1922 3005 ipso
2032 2951 2126 3007 po,
2159 2934 2231 2989 ad
2266 2934 2436 3003 cujus
2467 2932 2763 2989 dioecesim
2788 2933 3115 3004 pertinebat
3146 2938 3402 2991 castrum
3445 2941 3516 2992 At
3545 2940 3743 2996 contra

219 3027 520 3086 Concordii
552 3026 797 3082 diacono
828 3025 1096 3080 abbatem
1121 3023 1333 3094 injuste
1363 3024 1675 3094 spoliatum
1708 3040 1922 3096 cogno-
1963 3073 2003 3096 η
2031 3022 2461 3078 ecclesiasticam
2489 3021 2914 3089 ordinationem,
2946 3024 3142 3079 contra
3190 3024 3590 3083 sacerdotalem
3629 3045 3746 3086 mo—

222 3073 520 3086 vvuvv.“"
554 3073 794 3082 ‘-—"—'
829 3073 1096 3080 ‘w—“wm
1121 3073 1330 3094 ——"__"
1364 3073 1675 3094 ’τ’“’““”“
1712 3073 1887 3096 ’⁷σ’“’
2033 3073 2456 3078 """""“"""
2492 3073 2532 3077 "
2556 3073 2757 3078 """""
2792 3073 2914 3089 ""‘1
2948 3073 3081 3077 -νην-
3107 3073 3139 3079 -ν
3191 3073 3323 3078 ν-ηνν
3347 3073 3590 3083 νην-.-.μη
3634 3073 3715 3086 ...ν

220 3120 412 3184 visset,
445 3118 515 3173 de
549 3115 657 3172 hoc
688 3114 918 3186 negotio
949 3117 1147 3169 tamen
1190 3111 1606 3179 Marinianum,
1626 3116 1927 3168 Ravenna-
1961 3073 2005 3140 Ο
2033 3110 2285 3179 destiam,
2317 3120 2511 3166 contra
2530 3126 2815 3166 sacrorum
2845 3125 3119 3166 canonum
3149 3114 3381 3171 statuta.
3416 3117 3747 3185 praedictum

223 3213 331 3267 tem
361 3204 887 3276 archiepiscopum,
932 3200 1108 3257 voluit
1159 3199 1478 3272 inquirere,
1523 3203 1677 3271 quia,
1711 3201 1925 3273 inquit,
2031 3204 2272 3256 castrum
2301 3200 2364 3255 de
2384 3199 3076 3270 jurisdictioneAlcysonis
3098 3200 3365 3257 abducere
3386 3219 3572 3262 acsuse
3594 3211 3753 3267 moli-

223 3302 418 3355 certior
450 3297 511 3352 in
546 3294 801 3367 partibus
841 3294 935 3349 ubi
975 3307 1058 3347 res
1083 3296 1208 3347 acta
1240 3299 1334 3359 est,
1370 3297 1542 3362 potest
1581 3307 1689 3347 esse
1724 3292 1927 3363 proba-
2033 3292 2122 3345 tus
2140 3290 2484 3361 estpotestati
2504 3290 2795 3361 subjicere,
2827 3293 2885 3344 ut
2907 3289 3749 3362 ﬁerentquodammodadomim'

225 3390 315 3444 tio.
348 3386 470 3442 Etsi
504 3384 669 3441 nulla
695 3382 1007 3438 manifesta
1036 3397 1212 3437 causa
1237 3379 1618 3451 depositionis
1662 3381 1929 3437 exstitis-
2032 3381 2130 3436 ubi
2142 3381 2301 3452 prius
2316 3381 2552 3451 suscepti
2571 3382 2801 3448 fuerant
2813 3378 3120 3450 peregrini.
3144 3379 3223 3435 De
3241 3380 3469 3453 ingrato
3489 3386 3747 3463 episcopi

226 3481 327 3543 set,
352 3474 536 3547 jussit
567 3473 951 3528 Fortunatum
984 3471 1042 3524 in
1062 3468 1377 3541 pristinum
1407 3468 1654 3539 gradum
1679 3468 1928 3539 restitui,
2033 3470 2252 3537 animo,
2308 3469 2651 3540 iujustaque
2705 3468 2882 3524 castri
2930 3469 3311 3540 usurpatione
3359 3477 3751 3545 expostulavit

224 3566 630 3638 increparique
674 3562 1011 3632 episcOpum
1060 3560 1162 3631 qui
1221 3559 1543 3615 decessoris
1588 3559 1699 3626 sui,
1751 3558 1930 3616 nullis
2032 3560 2279 3629 Alcyson
2300 3564 2424 3614 tum
2455 3558 2612 3631 apud
2641 3559 3073 3629 imperatorem,
3101 3564 3223 3614 tum
3253 3562 3406 3631 apud
3432 3565 3748 3642 Andream,

225 3658 569 3725 provocatus
612 3649 974 3717 excessibus,
1005 3649 1303 3704 destruere
1338 3646 1767 3705 ordinationem
1799 3664 1933 3704 mo-
2033 3649 2500 3719 Nicopolitanum
2590 3648 2953 3720 episcopum,
3050 3652 3367 3729 utriusque
3408 3659 3752 3732 metr-omn-

222 3744 361 3801 litus
390 3745 466 3800 sit
496 3743 640 3815 (Lib.
675 3758 792 3807 xxv,
841 3756 923 3811 ep.
957 3742 1036 3813 6).
2036 3745 2178 3806 tam,
2233 3737 2335 3810 qui
2377 3745 2501 3794 tum
2552 3754 2621 3794 ex
2682 3737 2894 3803 ofﬁcio,
2946 3742 3071 3794 tum
3135 3758 3203 3799 ex
3262 3748 3543 3821 principis
3601 3766 3753 3822 pm-

295 3837 373 3892 De
402 3833 759 3907 quibusdam
788 3831 1103 3887 abbatibus
1135 3831 1624 3888 monasteriorum
1656 3829 1932 3885 Sardiniae
2038 3833 2205 3900 cepto
2235 3827 2350 3883 lata
2393 3827 2698 3895 sententia,
2747 3825 2999 3882 decrevit
3046 3830 3310 3906 Cassiopi
3344 3843 3605 3895 castrum
3638 3842 3751 3896 sub

224 3924 459 3997 scripsit
490 3924 693 3980 eodem
727 3923 842 3977 fere
868 3924 1129 3989 tempore
1151 3921 1209 3975 S.
1231 3920 1548 3992 Gregorius
1578 3921 1649 3975 ad
1682 3919 1934 3975 Vitalem
2035 3917 2448 3988 jurisdictione
2478 3917 2864 3986 Corcyritaum
2895 3913 3170 3979 Ecclesia
3202 3924 3393 3981 debere
3437 3929 3747 3998 persistere.

226 4017 406 4088 hujus
436 4014 649 4071 insulae
678 4012 1067 4079 defensorem,
1102 4027 1201 4067 eos
1232 4012 1330 4082 qui
1362 4027 1495 4068 cum
1527 4011 1718 4067 adhuc
1742 4013 1798 4066 in
1820 4026 1938 4065 mo-
2042 4006 2473 4080 Metropolitani
2532 4010 2883 4068 sententiam
2961 4011 3356 4085 comprobavit
3440 4033 3608 4088 papa.
3687 4018 3754 4075 Et

221 4107 451 4162 nachico
479 4111 535 4161 et
562 4104 769 4159 minori
796 4105 970 4157 essent
994 4100 1205 4170 ordine,
1239 4100 1383 4171 lapsi
1422 4102 1675 4168 fuerant,
1709 4099 1938 4156 abbatis
2043 4096 2311 4169 quamvis
2354 4096 2761 4155 districtionem
2806 4110 2999 4157 contra
3027 4118 3086 4157 se
3128 4119 3239 4159 non
3278 4105 3549 4161 modicam
3581 4106 3757 4178 hujus

221 4196 483 4253 ofﬁcium
517 4192 816 4263 suscipere
849 4189 1093 4246 minime
1124 4189 1415 4259 debuisse,
1448 4193 1562 4246 nisi
1582 4193 1801 4247 omnino
1821 4204 1941 4245 cor-
2043 4187 2213 4259 litigii
2246 4185 2423 4257 culpa
2467 4187 2767 4245 videretur
2813 4193 3063 4264 exigere,
3117 4200 3349 4264 pr0pter
3395 4196 3548 4267 quod
3600 4196 3757 4255 mala

222 4294 373 4342 recta
420 4285 540 4340 vita
568 4286 621 4339 et
657 4281 828 4353 digna
866 4278 1208 4352 praecedente
1252 4280 1620 4351 paenitentia;
1667 4279 1768 4336 sed
1800 4278 1937 4350 quia

219 4375 346 4447 jam
376 4374 622 4432 abbates
655 4372 789 4428 facti
813 4374 998 4438 erant,
1040 4368 1224 4426 voluit
1254 4368 1730 4438 sapientissimus
1768 4370 1937 4425 Pater

2050 4294 2153 4351 pro
2186 4275 2355 4333 bonis
2386 4280 2527 4333 sunt
2556 4278 2823 4337 reddita:
2856 4281 3196 4337 Studendum
3220 4290 3399 4338 tamen
3431 4288 3529 4352 est,
3560 4284 3756 4359 inquit

2052 4364 2548 4424 clementissimus
2571 4367 2758 4437 Pater,
2792 4374 2853 4426 ut
2882 4386 3105 4428 excessu
3137 4373 3452 4443 benignitas
3479 4390 3591 4431 non
3638 4377 3761 4432 vin-

232 4441 300 4523 ut
330 4466 400 4523 de
432 4479 637 4522 eorum
670 4462 807 4529 vita,
830 4460 1092 4517 moribus
1123 4476 1187 4516 ac
1219 4458 1610 4516 sollicitudine
1632 4475 1829 4517 curam
1853 4475 1947 4532 ge-
1981 4441 2027 4507 Ι)
2060 4464 2236 4524 catur,
2270 4471 2371 4512 nec
2399 4455 2541 4512 illud
2561 4458 2701 4529 quod
2727 4462 3014 4517 extraneis
3034 4441 3280 4523 debetur;
3297 4464 3573 4533 fratribus
3592 4466 3764 4524 etiam

229 4561 385 4613 reret
401 4553 633 4610 Vitalis.
653 4553 724 4608 Et
740 4551 790 4607 si
810 4556 977 4607 actus
994 4566 1197 4606 eorum
1217 4549 1432 4605 inventi
1452 4553 1651 4606 contra
1682 4550 1939 4606 ofﬁcium

230 4663 352 4702 non
376 4646 650 4710 fuissent,
672 4643 730 4698 in
750 4644 987 4711 accepto
1010 4638 1648 4712 perseverarentordine
1660 4646 1711 4695 et
1729 4640 1941 4698 ofﬁcio.

234 4736 494 4807 Alioquin
516 4732 761 4799 remotis,
793 4729 1008 4801 inquit,
1032 4732 1106 4784 eis
1128 4729 1232 4783 alii
1254 4732 1349 4799 qui
1366 4729 1668 4784 commissis
1686 4729 1795 4784 sibi
1815 4733 1946 4784 ani-

230 4826 428 4881 mabus
450 4823 707 4896 prodesse
734 4821 953 4877 valeant
982 4819 1317 4876 ordinentur
1364 4819 1507 4891 (Lib.
1540 4834 1652 4886 xxv,
1685 4836 1769 4891 ep.
1795 4820 1872 4893 2).

308 4915 364 4970 3.
399 4916 461 4970 In
492 4910 741 4985 epistola
769 4911 840 4966 ad
863 4908 1112 4965 Vitalem
1158 4924 1225 4965 ea
1254 4909 1325 4963 de
1354 4924 1415 4964 re
1463 4908 1675 4979 scripta
1706 4925 1946 4981 respon-

238 5005 343 5061 det
369 5005 426 5061 S.
459 5001 774 5073 Gregorius
829 4999 1141 5071 quaestioni
1190 4999 1499 5071 propositae
1532 5000 1605 5054 de
1650 5000 1947 5068 Januario,

242 5094 573 5151 Caralitano
595 5091 1051 5161 archiepiscopo,
1085 5089 1185 5161 qui
1216 5093 1459 5159 tempore
1485 5104 1589 5159 quo
1617 5089 1953 5157 sacriﬁcium

240 5184 555 5240 celebrabat
585 5184 804 5237 tantam
825 5182 1146 5251 frequenter
1174 5178 1489 5250 angustiam
1519 5180 1861 5248 patiebatur,
1893 5187 1953 5235 ut

238 5276 342 5330 vix
366 5282 481 5346 post
514 5272 681 5341 longa
712 5270 1007 5326 intervalla
1025 5268 1095 5324 ad
1117 5268 1292 5325 locum
1323 5270 1555 5324 canonis
1598 5269 1773 5325 redire
1804 5271 1956 5326 vale-

242 5370 353 5418 ret.
385 5363 526 5420 Inde
573 5360 777 5416 multis
808 5359 1147 5415 offensionis
1224 5359 1360 5413 data
1440 5358 1690 5428 occasio,
1750 5359 1832 5417 ita
1893 5364 1957 5416 ut

240 5451 608 5521 dubitarent,
638 5452 688 5505 si
715 5448 1148 5505 communionem
1170 5445 1234 5505 de
1263 5447 1386 5520 ejus
1423 5446 1835 5505 consecratione
1861 5449 1956 5505 de-

2050 4546 2421 4603 necessitatem
2462 4548 2800 4616 patientibus
2863 4550 3226 4620 denegetur...

3277 4560 3485 4624 oportet
3521 4570 3648 4625 ergo
3706 4565 3767 4613 ut

2054 4638 2355 4695 sacerdotes
2388 4639 2474 4694 vel
2514 4640 2691 4695 clerus
2739 4641 2935 4697 Eurim
2981 4642 3222 4697 civitatis
3270 4643 3337 4698 ab
3367 4645 3602 4715 ante/ali
3640 4647 3767 4703 Cas-

2054 4728 2195 4799 siopi
2224 4727 2396 4782 castri
2442 4727 2785 4786 habitatione
2830 4732 3158 4787 nullatenus
3210 4733 3572 4803 repellantur,
3604 4738 3696 4790 sed
3717 4740 3779 4791 et-

2059 4818 2202 4873 beati
2223 4816 2423 4871 Donati
2445 4822 2695 4874 sanctum
2726 4835 2789 4875 ac
2810 4820 3126 4877 venerabile
3164 4837 3382 4894 corpus,
3415 4822 3555 4894 quod
3582 4838 3766 4881 secum

2058 4908 2392 4979 detulerunt,
2416 4910 2473 4964 in
2503 4926 2617 4966 una
2646 4910 2999 4968 ecclesiarum
3026 4911 3293 4969 antedieti
3338 4910 3451 4968 loci
3475 4929 3637 4984 quam
3656 4915 3770 4971 ele-

2060 5001 2262 5069 gerint,
2294 5001 2408 5055 sive
2438 4999 2612 5068 intus,
2642 5003 2761 5057 sive
2793 5005 2931 5072 foris
2961 5002 3203 5059 habeant
3238 5001 3565 5059 recondendi
3583 5003 3771 5061 debita

2060 5106 2185 5146 cum
2205 5091 2559 5146 veneratione
2591 5090 2897 5147 licentiam.
2932 5091 3023 5148 Sic
3048 5096 3231 5147 tamen
3256 5095 3314 5146 ut
3338 5093 3632 5148 dilectioni
3654 5100 3771 5153 tua:

2065 5180 2124 5234 in
2154 5181 2308 5246 cuius
2335 5179 2595 5251 porochia
2632 5190 2878 5236 castrum
2916 5182 3099 5253 ipsum
3140 5191 3217 5237 est
3261 5181 3524 5252 positum,
3572 5185 3775 5241 emissa

2064 5272 2386 5339 procuretur
2418 5270 2673 5324 cautione
2700 5271 2959 5335 munitio,
2982 5284 3079 5342 per
3120 5285 3287 5341 quam
3314 5270 3605 5341 promittat
3629 5276 3775 5344 epis-

2066 5373 2228 5428 copus
2260 5357 2448 5413 Euriae
2476 5358 2691 5412 nullam
2718 5358 2828 5414 sibi
2860 5360 2920 5412 in
2949 5373 3008 5413 eo
3036 5364 3371 5430 potestatem,
3406 5361 3626 5417 nullum
3645 5364 3777 5434 pri-

2069 5449 2331 5518 vilegium
2350 5449 2493 5519 fore,
2523 5450 2740 5503 nullam
2751 5448 3225 5520 jurisdictionem,
3272 5451 3484 5508 nullam
3511 5456 3776 5525 tanquam

322 5630 396 5702 (a)
430 5630 474 5684 A
526 5643 644 5701 quo
676 5624 798 5683 base
830 5623 962 5682 urbs
989 5642 1204 5683 nomen
1226 5627 1465 5698 accepit,
1486 5630 1845 5699 vocaturque
1884 5624 2055 5684 etiam
2090 5641 2245 5684 nunc
2275 5624 2651 5683 Son-Donato.

578 5728 845 5787 PATROL.
894 5726 1135 5787 LXXV.

3380 5729 3454 5791 15
