4086 6166
329 181 447 241 459

765 174 831 241 8,.
878 163 1251 233 GREGOBII
1296 160 1543 224 MAGNI
1589 155 1795 227 VITA,
1841 154 1943 215 EX
2002 153 2194 216 EJUS
2243 153 2593 215 SCRIPTIS
2633 156 3081 215 ADORNATA.
3127 158 3274 218 LIB.
3325 158 3426 219 ιν.

3706 170 3811 234 460

324 316 631 373 cardinalis
669 312 950 389 episcopus
996 305 1231 363 ulterius
1282 299 1689 389 auctoritatem
1713 288 2029 389 defende-re,
2060 300 2111 366 Α
2139 288 2304 389 laicis
2467 291 2824 389 -subditis,et
2852 291 2924 389 de
2953 291 3223 389 Ecclesiis
3257 294 3325 349 de
3357 311 3589 389 quarum
3611 302 3811 361 dedica-

319 406 417 463 sed
444 422 579 478 pace
605 378 710 463 Deo
752 378 988 477 propitio
1017 394 1258 459 reddita,
1306 390 1502 445 abbate
1542 386 1697 479 30:1
1725 378 2029 479 venerabili

320 473 496 553 sancti
542 473 767 559 Donati,
814 490 865 547 si
906 488 1227 551 maluerint,
1289 493 1534 551 corpore,
1592 473 1662 529 ad
1707 473 1935 543 propria
1971 482 2031 523 se

322 586 497 643 modis
527 585 781 643 omnibus
809 594 1117 639 reversuros
1149 573 1289 645 (Lib.
1324 586 1439 634 xxv,
1469 564 1670 658 ep.»7).
1816 650 1854 658 κ
1941 647 1951 658 .

394 676 539 733 Huic
561 674 787 748 judicio
820 688 934 728 non
956 668 1156 725 statim
1180 658 1467 748 acquievit
1487 656 1796 748 episcopus
1816 650 2026 748 Duriae,

323 765 423 823 sed
455 765 524 821 ab
561 740 922 836 imperatore
960 752 1365 826 subreptitiam
1401 740 2030 836 obtinuitjussionem

322 871 440 928 qua
468 854 527 911 in
551 833 811 911 castrum
842 845 1107 915 Cassiopi
1139 856 1372 900 omnem
1407 838 1516 893 sibi
1560 833 1898 928 vindicabat
1931 844 2032 898 po-

320 926 612 999 testatem.
648 941 705 996 Id
741 954 890 1009 aegre
921 935 1051 991 tulit
1078 933 1139 989 S.
1189 928 1495 1001 Gregorius
1524 941 1538 993 ;
1570 939 1642 978 ne
1673 926 1867 1015 tamen
1893 931 2033 1015 con-

323 1037 417 1089 tra
447 1029 693 1101 Augusti
725 1004 1076 1101 praeceptum
1104 1027 1205 1078 aut
1233 1021 1294 1075 in
1324 1020 1659 1107 despectum
1705 1008 1901 1107 ipsius.
1926 1004 2035 1107 ali-

324 1121 465 1194 quid
519 1098 706 1176 facere
726 1098 1065 1184 vvideretur,
1118 1111 1265 1169 nulli
1320 1108 1567 1181 partium
1604 1105 1841 1194 dataex
1886 1098 2035 1167 juris

319 1192 588 1268 formulis
642 1207 933 1267 sententia
957 1222 974 1270 ε,
1038 1204 1185 1261 satis
1242 1199 1444 1257 habuit
1502 1210 1638 1252 eum
1699 1192 2033 1250 admonere,

321 1298 603 1356 Bonifacii
641 1298 817 1372 legati
849 1296 940 1353 sui
974 1310 1167 1366 opera,
1201 1292 1270 1347 de
1307 1285 1593 1360 jussionis
1638 1283 1709 1336 ab
1749 1280 1876 1351 ipso
1906 1293 2034 1333 sur-

320 1396 496 1462 reptas
528 1390 856 1463 iniquitate,
890 1398 1209 1458 rogareque
1241 1386 1303 1437 ut
1333 1374 1685 1435 contrariam
1711 1372 1899 1463 daret,
1918 1383 2036 1463 qua

326 1458 710 1551 metropolitts
735 1478 1032 1550 judicium
1066 1492 1100 1530 a
1126 1476 1327 1529 sancta
1357 1468 1495 1525 sede
1526 1470 1718 1556 ratum
1766 1458 2035 1556 habitum

323 1571 778 1627 conﬁrmaretur
834 1567 973 1639 (Lib.
1025 1582 1139 1632 xxv,
1186 1579 1271 1635 ep.
1321 1560 1401 1631 8).
1462 1553 1797 1626 Resipuisse
1853 1553 2036 1639 Euris:

324 1661 668 1732 episcopum
705 1675 811 1716 nos
842 1636 1010 1713 docet
1038 1654 1261 1724 scripta
1289 1652 1359 1706 ad
1402 1647 1746 1718 Alcysonem
1791 1636 2039 1732 epistola

325 1727 624 1823 (lbid.,'ep.
662 1750 767 1820 13).
802 1747 946 1803 Nam
1004 1744 1309 1816 capitulure
1367 1737 1580 1795 obtulit
1630 1750 1742 1805 quo
1774 1727 2035 1823 supplex

322 1818 633 1911 petebatis
690 1818 1058 1909 Corcyritano
1117 1830 1399 1899 antistite,
1443 1831 1506 1884 ut
1548 1825 1609 1881 in
1663 1820 1918 1911 Ecclesia
1971 1818 2027 1872 S.

318 1909 588 1998 doannis,
624 1928 778 1984 intra
809 1930 1070 1983 castrum
1105 1919 1368 1991 Cassiopi
1421 1915 1627 1990 posita,
1679 1909 1915 1967 licentia
1943 1922 2033 1962 re-

320 2019 609 2076 condendi
639 2016 894 2089 corporis
939 2013 1089 2070 beati
1138 2010 1343 2069 Donati
1395 2006 1503 2063 sibi
1556 2005 1829 2068 daretur;
1862 2013 2033 2070 para-

318 2112 566 2181 tumque
597 2124 657 2164 se
685 2104 983 2163 asserebat
1013 2103 1084 2160 ad
1123 2097 1476 2157 emittendum
1518 2092 1887 2150 munitionem
1916 2102 2033 2158 qua

320 2200 512 2257 locum
552 2199 707 2255 hunc
754 2195 1141 2268 Corcyritanae
1172 2188 1440 2248 diceeesis
1488 2201 1613 2243 esse
1662 2182 1818 2238 ultro
1849 2193 2033 2276 agno-

323 2296 530 2359 sceret,
561 2267 914 2359 nullumque
944 2284 1055 2341 sibi
1082 2286 1180 2354 jus
1212 2283 1273 2337 in
1312 2278 1479 2334 illum
1511 2287 1773 2344 unquam
1822 2267 2033 2323 vendi-

320 2382 588 2436 caturum
614 2376 1008 2451 polliceretur.
1040 2373 1387 2443 Alcysonem
1420 2368 1685 2423 hortatus
1702 2365 1790 2417 est
1807 2360 2033 2432 papaut

321 2472 559 2541 accepta
605 2466 873 2524 cautione
905 2462 1196 2537 postulata
1223 2459 1583 2525 concederet,
1607 2451 2034 2523 sponderetque

322 2563 451 2615 tum
482 2557 755 2629 episcopo
787 2553 973 2612 Euriaa
1002 2558 1128 2609 tum
1150 2551 1279 2623 ejus
1300 2547 1544 2615 clericis,
1585 2543 1853 2600 restituta
1875 2554 2031 2629 pace,

327 2661 464 2702 cum
510 2628 582 2701 ad
632 2628 926 2716 propriam
987 2642 1171 2697 redire
1232 2638 1430 2695 liceret
1484 2634 1824 2699 Ecclesium,
1874 2628 2033 2699 ipsos

328 2735 626 2793 auferendi
657 2749 855 2791 secum
888 2747 1097 2803 corpus
1127 2729 1312 2786 sancti
1344 2726 1547 2784 Donati
1592 2724 1676 2778 fas
1705 2721 2033 2777 habituros.

400 2826 457 2880 5.
487 2823 676 2882 Eurim
705 2824 1049 2895 episcopum
1083 2820 1154 2875 ad
1189 2818 1480 2889 propriam
1519 2814 1835 2871 Ecclesium
1871 2811 2038 2865 dese-

327 2914 564 2971 rendam
597 2916 865 2970 coactum
905 2924 1033 2965 esse
1061 2924 1095 2963 a
1138 2906 1355 2962 Sclavis
1385 2909 1486 2961 aut
1541 2902 1817 2958 Avaribus
1848 2899 2039 2969 suspi-

330 3018 554 3068 camur,
585 3016 702 3056 non
733 3016 865 3056 vero
896 3015 930 3053 a
962 2995 1377 3066 Langobardis,
1408 3009 1541 3050 cum
1575 2992 1789 3063 quibus
1808 2988 2037 3044 nullum

334 3097 477 3147 tunc
508 3090 689 3145 fuisse
710 3087 929 3143 bellum
955 3085 1300 3156 conjicixnus
1328 3100 1396 3138 ex
1417 3080 1621 3137 litteris
1644 3085 1698 3135 et
1722 3095 2043 3134 munuscu-

333 3179 408 3234 lis
466 3195 500 3233 a
557 3179 616 3234 S.
675 3176 949 3248 Gregorio
999 3175 1071 3229 ad
1130 3171 1589 3229 Theodelindam
1624 3170 1877 3241 reginam
1936 3168 2043 3223 hoc

337 3284 491 3325 anno
524 3265 723 3323 missis
754 3265 894 3336 (Lib.
928 3279 1043 3332 xxv,
1072 3279 1154 3333 ep.
1187 3261 1300 3331 2t).
1327 3262 1459 3329 Ipsa
1476 3260 1785 3328 scripserat
1807 3274 2041 3312 summo

336 3356 619 3429 pontifici,
654 3360 714 3410 ut
755 3369 888 3411 eum
931 3351 1024 3409 sui
1063 3350 1262 3423 gaudii
1297 3348 1637 3421 participem
1688 3348 1943 3402 efﬁceret
1971 3348 2043 3402 ob

329 3443 715 3501 Adaloaldum
772 3441 962 3497 filium
994 3440 1053 3495 in
1110 3439 1303 3494 lucem
1335 3437 1582 3503 editum,
1633 3450 1808 3507 quem
1839 3435 1898 3489 in
1931 3436 2045 3490 fide

332 3532 622 3591 catholica
678 3530 959 3604 baptizari
1009 3532 1333 3595 curaverat,
1388 3527 1521 3582 licet
1585 3524 1875 3597 Agilulfus
1923 3542 2041 3592 rex,

333 3626 464 3697 ejus
503 3627 688 3698 pater,
742 3623 1003 3679 nondum
1052 3619 1450 3678 Arianismum
1508 3619 1814 3690 ejurasset.
1869 3617 2042 3687 Regio

334 3731 511 3787 puero
542 3714 791 3785 ejusque
820 3711 1004 3769 sorori
1027 3727 1174 3781 papa
1206 3708 1370 3765 misit
1399 3724 1564 3764 sacra
1595 3707 1860 3780 quaedam
1894 3708 2045 3763 dona

337 3808 396 3861 et
426 3803 543 3860 alia
592 3802 962 3869 munuscula,
1018 3800 1089 3856 de
1135 3799 1349 3871 quibus
1386 3797 1634 3868 legenda
1681 3796 1925 3868 epistola
1972 3797 2044 3852 ad

340 3894 601 3967 reginam
635 3892 869 3964 scripta.
905 3892 1098 3961 Ipsam
1146 3887 1371 3959 rogavit
1410 3891 1473 3943 ut
1504 3904 1610 3943 suo
1642 3887 1878 3943 nomine
1929 3887 2048 3957 regi

342 3982 579 4056 conjugi
627 3984 696 4040 de
728 3983 880 4038 facta
911 3996 1052 4053 pace
1103 3978 1320 4051 gratias
1350 3993 1519 4050 agere
1568 3978 1926 4049 dignaretur,
1961 3982 2047 4033 at-

342 4090 456 4145 que
487 4075 616 4145 ejus
647 4070 934 4137 animum,
968 4070 1122 4127 sicut
1177 4070 1576 4135 consueverat,
1625 4067 1699 4123 ad
1746 4082 1947 4138 pacem
1982 4067 2052 4123 de

342 4164 542 4220 futuro
574 4163 932 4234 provocarat.

418 4256 483 4310 In
515 4254 717 4308 eadem
748 4251 1013 4322 epistola,
1070 4266 1204 4306 cum
1238 4251 1476 4321 rogatus
1526 4250 1683 4304 esset
1713 4264 1745 4304 a
1793 4248 2052 4305 Theode-

346 4341 511 4396 linda
535 4340 885 4411 respondere
909 4339 1127 4411 scripto
1149 4338 1465 4394 Secundini
1490 4338 1720 4393 abbatis
1744 4354 1844 4407 pro
1866 4337 2056 4393 tribus

2142 378 2804 435 tionedubitabatur.Ad
2829 381 3083 451 primum
3104 382 3321 438 dicitea
3340 401 3462 456 quae
3477 388 3698 446 indulsit
3710 394 3809 448 An-

2137 467 2250 539 glis
2270 468 2577 540 neophytis
2596 470 2677 537 (L.
2699 485 2778 537 xx,
2794 470 3006 541 ep.64),
3028 471 3303 527 nimirum
3323 477 3388 528 ut
3413 476 3812 537 matrimonium

2142 568 2200 623 in
2229 558 2504 629 gradibus
2544 558 2852 629 prohibitis
2900 561 3238 617 contrahere
3270 573 3516 635 possent,
3576 584 3681 623 non
3711 585 3819 625 esse

2139 651 2417 708 omnibus
2440 667 2472 705 a
2492 667 2553 707 se
2579 666 2872 717 concessa;
2894 651 3011 707 imo
3032 669 3134 707 nec
3155 653 3619 728 ipsismetAnglis
3641 660 3741 715 nisi
3757 662 3820 718 ad

2140 744 2393 811 tempus,
2444 740 2711 796 videlicet
2760 742 2942 797 donec
2994 742 3052 796 in
3102 743 3182 798 eis
3237 744 3576 802 coalesceret
3642 750 3821 820 religio

2141 827 2493 884 Christiana.
2544 830 2629 883 Ad
2680 831 2993 885 secundum
3041 832 3354 901 quaesitum
3406 835 3704 904 respondet
3735 838 3823 893 :Si

2143 916 2342 985 David,
2393 934 2580 989 regum
2623 920 2988 990 justissimus,
3047 924 3106 975 in
3162 922 3322 989 Saul,
3355 938 3509 993 quem
3568 928 3826 984 constabat

2134 1010 2255 1079 jam
2293 1025 2327 1063 a
2384 1010 2612 1065 Domino
2660 1012 3003 1081 rcprobatum
3038 1026 3169 1078 esse,
3221 1029 3445 1067 manum
3488 1016 3695 1069 mittere
3731 1034 3830 1073 non

2139 1104 2513 1171 praesumpsit,
2573 1102 2792 1172 quando
2829 1105 3014 1175 magis
3061 1103 3363 1158 cavendum
3402 1112 3478 1158 est
3514 1120 3580 1159 ne
3619 1122 3828 1162 manum

2145 1189 2508 1245 detractionis
2548 1200 2643 1246 aut
2685 1191 3125 1262 vituperationis,
3150 1194 3262 1248 sive
3310 1192 3708 1249 indiscretionis
3738 1201 3828 1251 aut

2142 1278 2609 1346 dehonorationis,
2663 1281 2887 1352 quidam
2943 1284 3170 1337 mittant
3216 1282 3273 1336 in
3326 1291 3544 1337 unctum
3609 1285 3827 1351 Domini,

2144 1372 2229 1427 vel
2284 1373 2347 1427 in
2401 1371 2791 1442 praedicatores
2844 1378 3051 1430 sanctae
3125 1374 3425 1431 Ecclesiae?
3479 1378 3604 1444 quia
3663 1392 3828 1432 eorum

2144 1462 2364 1517 vexatio
2392 1463 2505 1516 sive
2533 1461 2793 1517 detractio
2824 1463 2893 1517 ad
2935 1461 3212 1519 Christum
3236 1466 3499 1535 pertinet,
3542 1466 3692 1535 cujus
3734 1469 3831 1522 vice

2146 1555 2205 1606 in
2236 1553 2473 1607 Ecclesia
2505 1552 2774 1621 legatione
2819 1556 3149 1624 funguntur.
3192 1555 3341 1610 Unde
3381 1570 3713 1627 summepere
3746 1572 3833 1611 ca-

2146 1642 2378 1698 vendum
2397 1646 2474 1697 est
2505 1643 2756 1698 omnibus
2797 1643 3070 1713 ﬁdelibus,
3119 1661 3183 1700 ne
3210 1645 3464 1699 clanculo
3513 1653 3612 1699 aut
3640 1646 3837 1715 publice

2144 1730 2455 1801 episcopum
2483 1746 2666 1797 suum,
2706 1731 2764 1786 id
2785 1736 2861 1787 est
2903 1742 3126 1787 unctum
3155 1734 3405 1799 Domini,
3444 1732 3837 1789 detractionibus

2138 1826 2234 1876 aut
2264 1822 2756 1892 vituperationibus
2787 1823 3083 1879 dilaniant.
3118 1825 3203 1879 Ad
3245 1826 3479 1879 tertiam
3524 1840 3652 1879 vero
3679 1826 3836 1879 inter-

2141 1913 2499 1981 rogationem
2549 1914 2627 1969 ait
2666 1930 2678 1967 :
2733 1914 2803 1968 De
2850 1913 3259 1970 dedicationum
3317 1931 3451 1970 vero
3500 1916 3839 1970 Ecclesiarum

2141 2001 2511 2070 dubitatione,
2558 2019 2718 2075 super
2746 2020 2854 2076 qua
2894 2004 3265 2061 interemtam
3304 2022 3405 2061 nos
3436 2006 3709 2061 consulere
3750 2022 3840 2061 vo—

2143 2090 2343 2159 luistis,
2376 2090 2474 2147 hoc
2505 2108 2591 2148 vos
2626 2093 2736 2148 rite
2767 2102 2947 2150 tenere
2990 2093 3217 2164 debetis,
3276 2096 3425 2166 quod
3453 2097 3520 2151 ab
3545 2104 3833 2152 antecesso-

2142 2181 2294 2236 ribus
2337 2182 2542 2237 nostris
2575 2181 2845 2237 traditum
2895 2187 3201 2251 accepimus
3236 2202 3253 2238 :
3302 2186 3361 2239 id
3391 2194 3493 2252 est,
3545 2195 3601 2241 ut
3647 2184 3837 2255 quoties

2140 2278 2262 2327 tam
2295 2272 2357 2327 de
2398 2272 2668 2340 baptismo
2720 2274 3031 2345 aliquorum
3078 2275 3163 2331 vel
3200 2276 3633 2345 conﬁrmatione,
3684 2290 3833 2346 quam

2140 2363 2205 2417 de
2243 2364 2597 2419 ecclesiarum
2631 2368 3035 2419 consecratione
3065 2365 3345 2421 dubitatio
3399 2367 3641 2433 habetur,
3672 2375 3716 2421 et
3746 2381 3836 2420 nec

2140 2458 2377 2525 scriptis,
2408 2470 2506 2511 nec
2534 2454 2761 2509 testibus
2790 2457 2937 2510 ratio
2982 2464 3128 2511 certa
3178 2456 3420 2511 habetur
3464 2466 3644 2512 utrum
3679 2456 3838 2527 bapti«

2142 2546 2259 2600 z'iti
2303 2545 2384 2600 vel
2424 2545 2755 2613 confirmati,
2806 2546 2918 2599 sive
2960 2546 3201 2600 ecclesia
3230 2550 3565 2602 consecratae
3607 2547 3751 2601 sint:
3786 2562 3819 2600 u

2146 2636 2493 2704 baptizentur
2514 2635 2652 2689 tales
2674 2651 2737 2690 ac
2774 2636 3199 2705 conﬁrmentur,
3232 2641 3402 2708 atque
3429 2636 3664 2693 ecclesia:
3691 2650 3837 2690 cano-

2143 2725 2267 2781 nice
2295 2724 2632 2793 dedicentur,
2672 2740 2741 2779 ne
2772 2726 2896 2781 talis
2934 2725 3198 2781 dubitatio
3242 2725 3419 2781 ruina
3457 2726 3696 2797 fidelibus
3720 2726 3842 2794 ﬁat:

2148 2817 2411 2888 quoniam
2466 2831 2577 2871 non
2634 2820 2981 2871 monstratur
3037 2820 3323 2885 iteratum,
3370 2816 3511 2889 quod
3548 2832 3650 2872 non
3704 2815 3847 2870 certis

2150 2907 2375 2961 indiciis
2396 2905 2705 2961 ostenditur
2736 2908 2841 2962 rite
2869 2914 3173 2977 peractum.

2224 2996 2277 3049 ’7.
2316 2995 2413 3050 llis
2440 2995 2738 3067 responsis
2771 2999 2949 3052 totam
2982 2996 3301 3052 informare
3346 2997 3663 3053 Ecclesiam
3704 3010 3851 3051 cura—

2154 3085 2255 3141 bat
2287 3085 2695 3141 sanctissimus
2720 3086 2949 3152 Doctor,
2976 3102 3081 3142 nec
3104 3087 3174 3142 ab
3197 3088 3587 3143 admonendis
3610 3084 3855 3158 privatim

2158 3174 2390 3240 amicis,
2430 3175 2527 3230 ubi
2562 3192 2592 3230 e
2624 3192 2683 3231 re
2732 3174 2995 3231 Ecclesia:
3046 3192 3170 3231 esse
3210 3177 3542 3245 videbatur,
3593 3173 3855 3232 cessabat.

2157 3263 2501 3320 Gratulatus
2552 3269 2641 3319 est
2691 3264 2865 3320 Paulo
2916 3264 3268 3321 Scholastico
3322 3267 3469 3337 (Lib.
3517 3282 3626 3330 xxv,
3679 3280 3755 3334 ep.
3791 3262 3854 3329 1),

2155 3358 2279 3408 tum
2317 3355 2386 3408 de
2416 3352 2601 3422 ipsius
2634 3353 3030 3410 sollicitudine
3059 3354 3119 3409 in
3150 3356 3495 3411 coercendis
3540 3352 3857 3426 puniendis-

2155 3459 2267 3514 que
2299 3443 2597 3511 maleﬁcia,
2656 3452 2777 3498 tum
2818 3445 2889 3499 de
2922 3446 3048 3514 ejus
3105 3462 3236 3500 cum
3298 3446 3513 3512 Leone,
3573 3437 3854 3500 Catanensi

2156 3532 2447 3603 episcopo,
2493 3533 3002 3602 reconciliatione;
3037 3540 3093 3590 et
3126 3541 3449 3607 utrumque
3492 3536 3747 3591 hortatus
3784 3531 3859 3585 est

2155 3623 2226 3678 ad
2286 3623 2639 3695 diligendum
2699 3640 2922 3694 pacem,
2992 3624 3423 3696 fovendamque
3483 3625 3857 3680 charitatem:

2156 3717 2444 3783 quatenus
2494 3713 2854 3784 reciprocum
2907 3713 3195 3781 allectum,
3249 3715 3422 3785 quasi
3470 3719 3735 3770 mutuum
3772 3707 3862 3764 ali-

2158 3804 2311 3875 quod
2337 3804 2733 3868 fcnneratores,
2754 3820 2985 3874 semper
3005 3803 3075 3857 ab
3096 3803 3343 3859 invicem
3363 3808 3611 3876 possent
3634 3802 3862 3872 exigere.

2229 3893 2481 3949 Audiens
2514 3892 2821 3948 abductam
2852 3910 2885 3947 a
2916 3892 3170 3963 quodam
3223 3893 3416 3949 milite
3455 3892 3725 3949 ancillam
3757 3885 3865 3951 Dei,

2160 3982 2232 4038 de
2260 3987 2416 4037 tanto
2466 3981 2722 4038 facinore
2770 3982 3064 4052 puniendo
3110 3981 3350 4052 scripsit
3398 3984 3471 4037 ad
3521 3979 3863 4041 Guduinum,

2161 4071 2606 4143 Neapolitanum
2642 4071 2873 4139 ducem,
2899 4071 2956 4125 in
2990 4072 3113 4125 haec
3130 4071 3301 4125 verba
3331 4088 3345 4128 :
3384 4073 3521 4127 Cum
3542 4074 3686 4125 inter
3705 4063 3867 4122 multa

2164 4162 2303 4215 bona
2333 4176 2449 4231 qua
2479 4159 2639 4214 nobis
2669 4160 2733 4214 de
2762 4159 3145 4228 magnitudine
3161 4168 3344 4215 vestra
3366 4163 3601 4233 saepius,
3624 4156 3869 4213 nuntian-

2166 4257 2277 4316 tur,
2312 4250 2450 4305 illud
2480 4252 2535 4303 in
2568 4249 2719 4304 vobis
2745 4250 2868 4319 plus
2900 4250 3177 4305 laudabile
3202 4249 3429 4305 dicatur
3458 4252 3714 4315 existere,
3743 4250 3871 4318 quod

2165 4338 2473 4394 castitatem
2503 4337 2761 4408 diligitis,
2806 4346 2855 4393 et
2902 4336 3276 4408 disciplinam,
3325 4340 3474 4394 sicut
3516 4340 3741 4409 dignum
3784 4336 3869 4386 est.

346 4427 618 4500 capitulis
659 4428 1029 4497 decertantis,
1077 4432 1420 4485 excusatum
1473 4443 1535 4483 se
1575 4426 1776 4483 haberi
1806 4427 2058 4500 postulat
2091 4429 2137 4494 D
2167 4426 2491 4483 custoditis:
2534 4430 2670 4482 satis
2705 4428 2896 4481 mirati
2942 4442 3131 4481 sumus
3171 4426 3309 4497 quod
3352 4429 3416 4482 in
3456 4428 3637 4482 milite
3678 4423 3766 4479 illo
3788 4415 3874 4490 qui

351 4520 425 4576 ob
455 4516 838 4589 inﬁrmitatem
868 4519 1036 4589 cujus
1087 4522 1261 4574 testes
1320 4518 1547 4573 fuerant
1599 4517 1810 4589 reginas
1840 4518 2011 4590 legati
2041 4538 2055 4588 ;

351 4606 836 4681 quandoquidem
888 4606 1083 4679 ipsum
1133 4607 1502 4663 discedentes
1556 4607 1617 4663 in
1664 4624 1895 4664 summo
1935 4607 2062 4664 vita:

351 4695 615 4771 periculo
637 4712 702 4751 ac
733 4696 1074 4752 discrimine
1105 4695 1480 4767 reliquerant.

421 4789 478 4844 6.
510 4786 711 4861 Neque
742 4794 933 4843 tamen
966 4803 1068 4860 pro
1091 4786 1351 4843 Ecclesia
1381 4786 1836 4845 sollicitudinem
1870 4801 2066 4861 gerere

355 4876 700 4937 intermisit.
776 4876 923 4934 Nam
983 4877 1188 4934 eodem
1250 4884 1530 4949 tempore,
1606 4894 1741 4933 cum
1804 4883 2070 4935 vacasset

354 4974 589 5039 pastore
618 4967 986 5024 Anconitana
1008 4966 1283 5036 Ecclesia,
1319 4967 1391 5022 de
1422 4966 1748 5022 ordinando
1797 4968 2068 5040 episcopo

358 5057 461 5130 qui
491 5058 708 5130 dignus
739 5062 891 5114 esset
920 5058 1021 5114 diu
1055 5056 1421 5123 deliberavit,
1455 5056 1638 5112 animi
1674 5057 1858 5126 dotes,
1886 5058 2069 5114 virtu-

356 5152 469 5213 tes,
503 5164 692 5204 mores
724 5148 899 5204 trium
932 5148 1031 5222 qui
1075 5148 1240 5205 electi
1292 5147 1521 5203 fuerant
1570 5146 1878 5217 explorans
1926 5149 2072 5219 (Lib.

361 5251 483 5302 xxv,
512 5250 596 5307 ep.
632 5236 760 5307 11);
794 5242 851 5293 et
881 5239 954 5294 ad
995 5238 1250 5310 plurima
1298 5238 1541 5308 quaesita
1588 5236 1818 5307 Felicis,
1866 5238 2077 5294 ltlessa-

372 5325 573 5384 ncnsis
604 5325 860 5398 episcopi
892 5329 1251 5399 amplissime
1282 5327 1583 5401 respondit
1612 5327 1799 5395 (lbid.,
1846 5344 1930 5401 ep.
1964 5329 2075 5403 l7),

362 5414 588 5472 scilicet
616 5415 688 5472 de
717 5419 1244 5486 consanguinitatis
1274 5419 1547 5489 gradibus
1577 5417 1730 5475 intra
1771 5436 1917 5493 quos
1951 5438 2067 5478 nu-

380 5506 514 5565 bere
546 5503 700 5574 licet,
736 5505 805 5561 de
835 5508 1133 5564 vexatione
1162 5524 1334 5580 quam
1366 5508 1618 5582 episcopi
1653 5510 2021 5582 patiebantur
2051 5528 2083 5567 a

2169 4515 2441 4572 ancillam
2475 4516 2568 4571 Dei
2603 4512 2879 4570 diabolica
2927 4516 3287 4582 instigatione
3343 4516 3674 4586 perdiderit,
3706 4509 3877 4567 distri-

2170 4607 2417 4666 ctissima
2459 4605 2725 4661 hactenus
2775 4604 3010 4659 vindicta
3061 4606 3205 4673 facta
3256 4621 3371 4661 non
3420 4606 3614 4676 fuerit.
3664 4606 3793 4660 Nam
3829 4608 3875 4657 et

2172 4699 2414 4756 moribus
2452 4707 2502 4754 et
2552 4698 2783 4752 bonitati
2854 4704 3041 4751 vestrae
3090 4694 3244 4750 valde
3291 4698 3628 4752 conveniens
3658 4698 3779 4765 fuit,
3827 4695 3879 4746 ut

2175 4798 2299 4847 ante
2354 4790 2428 4844 ad
2472 4804 2570 4845 nos
2618 4787 2758 4843 ultio
2795 4802 2957 4858 quam
3009 4794 3336 4857 perpetratae
3388 4786 3576 4856 culpa
3631 4783 3876 4856 iniquitas

2174 4883 2501 4955 perveniret,
2550 4884 2660 4933 etc.
2721 4882 2829 4932 Pro
2880 4876 3124 4933 exarcho
3174 4876 3491 4946 sollicitus,
3542 4894 3673 4932 cum
3722 4874 3877 4931 sciret

2179 4987 2313 5027 eum
2373 4986 2441 5026 ex
2485 4968 2701 5039 linguae
2748 4966 3168 5022 incontinentia
3216 4983 3283 5023 ea
3331 4983 3492 5037 saepe
3565 4965 3721 5035 loqui
3765 4974 3875 5033 qua:

2181 5078 2364 5120 omnes
2389 5062 2483 5134 qui
2513 5060 2677 5115 illum
2703 5058 2987 5123 amabant,
3019 5057 3088 5112 ad
3119 5058 3451 5113 inimicitias
3484 5057 3637 5112 illius
3658 5052 3877 5111 valerent

2180 5167 2489 5224 provocare,
2524 5149 2595 5205 ad
2619 5149 2927 5219 quemdam
2950 5147 3077 5217 ejus
3109 5146 3464 5202 familiarem
3488 5145 3722 5217 scripsit
3745 5148 3880 5198 utea

2185 5240 2255 5297 de
2287 5254 2344 5294 re
2376 5237 2632 5293 amicum
2664 5248 3033 5290 commonere
3063 5234 3326 5290 studeret
3355 5234 3500 5301 (Lib.
3527 5249 3641 5297 xxv,
3674 5247 3753 5301 ep.
3785 5225 3881 5293 15).

2258 5330 2310 5382 8.
2346 5328 2448 5385 His
2482 5325 2738 5384 assiduis
2770 5323 3069 5381 laboribus
3114 5341 3227 5379 non
3275 5323 3474 5379 minus
3511 5338 3684 5393 quam
3716 5316 3885 5375 conti-

2191 5422 2324 5480 nuis
2355 5417 2571 5475 morbis
2601 5417 2942 5487 absumptus
2989 5415 3320 5488 Gregorius,
3354 5414 3598 5469 tandem
3642 5408 3711 5466 ad
3740 5411 3885 5479 opta-

2193 5516 2308 5567 tam
2345 5509 2598 5581 quietem
2638 5505 2908 5563 transivit
2944 5522 2998 5561 xv
3031 5505 3163 5562 Idus
3211 5502 3473 5569 Martias,
3509 5517 3658 5558 anno
3708 5498 3882 5555 Phocea
