4086 6166
307 141 427 200 461

1362 138 1460 196 DE
1505 135 1965 199 lMAGINlBUS
2013 141 2076 198 S.
2125 140 2495 201 GREGORII
2542 141 2795 204 MAGNI

3720 159 3801 215 46

302 277 674 349 imperatoris
708 277 984 346 secundo,
1017 277 1097 348 (a)
1120 276 1324 332 indict.
1347 291 1448 364 vn,
1475 274 1687 330 Christi
1717 290 1868 330 anno
1885 275 2011 341 604,
2045 281 2096 348 Α
2129 275 2187 331 in
2221 277 2670 336 celeberrimum
2701 281 2759 336 S.
2799 281 3055 338 Medardi
3096 288 3424 344 coenobium
3468 289 3696 364 legendi
3729 295 3851 352 Ma-

294 371 349 422 et
381 367 646 439 sepultus
672 373 757 422 est
789 367 846 422 in
871 371 1133 421 extrema
1175 366 1396 436 porticu
1433 363 1680 419 basilicae
1720 365 1870 419 beati
1905 367 2009 421 Pe-

294 457 363 511 tri
384 457 630 529 apostoli
663 461 797 512 ante
827 463 992 511 vetus
1025 457 1423 511 secretarium.
1458 455 1534 509 De
1567 455 1657 510 his
1688 471 1751 510 ac
1795 455 1865 511 de
1886 457 2012 525 ejus

294 545 593 615 epitaphio
626 544 910 615 legendus
931 543 1188 600 Joannes
1219 542 1507 598 Diaconus
1537 543 1676 613 (Lib.
1725 560 1798 609 ιν,
1829 559 1875 598 c.
1899 544 2014 612 68),

298 635 392 704 qui
427 635 502 689 ait
543 633 871 689 venerabile
934 634 1061 702 ejus
1106 649 1318 704 corpus
1362 649 1395 687 a
1436 633 1702 705 Gregorio
1749 633 1820 686 IV
1865 650 2014 705 papa

301 725 448 780 805
501 723 852 778 translatum
908 728 1041 777 ante
1099 721 1388 777 novellum
1432 722 1827 787 secretarium,
1872 739 2015 778 con-

299 815 536 870 structis
557 814 880 883 absidibus,
904 814 1014 869 sub
1039 813 1208 868 altari
1245 813 1337 867 sui
1360 813 1613 869 nominis
1638 812 2010 880 collocatum,

301 905 398 960 ubi
447 905 577 974 ejus
631 903 1027 960 anniversaria
1073 904 1416 958 solemnitas
1479 905 1705 958 cunctis
1754 904 2013 960 certatim

297 994 775 1066 pernoctantibus
819 994 1220 1049 celebrabatur
1268 993 1451 1062 (Ibid.,
1500 1011 1545 1048 c.
1588 994 1702 1063 80).
1756 993 2014 1050 Honores

296 1085 345 1138 ei
377 1084 528 1138 sacri
562 1083 637 1139 ab
660 1084 985 1155 Anglicana
1014 1083 1272 1139 Ecclesia
1303 1083 1520 1138 decreti
1552 1087 1691 1137 sunt
1722 1083 1781 1137 in
1815 1083 2018 1139 conci-

292 1174 369 1228 lio
401 1173 794 1229 Gloveshovias
835 1175 1100 1244 an.;7li7,
1133 1189 1261 1230 can.
1299 1174 1395 1226 l7:
1447 1174 1509 1228 Ut
1566 1175 1680 1227 dies
1718 1174 2017 1228 natatitius

293 1263 435 1319 beati
450 1281 609 1335 papae
642 1263 910 1332 Gregorii,
945 1267 991 1318 et
1019 1262 1130 1319 dies
1171 1279 1380 1334 quoque
1417 1262 1768 1333 depositionis
1808 1265 1864 1318 S.
1904 1264 2015 1320 Au-

291 1356 499 1424 gustini
531 1355 776 1424 archiep.
823 1355 890 1408 ab
949 1352 1227 1419 omnibus,
1276 1354 1418 1408 sicut
1493 1354 1666 1421 decet,
1719 1353 2016 1424 honoriﬁce

296 1449 654 1505 venerentur;
681 1443 756 1499 ita
798 1453 857 1498 ut
886 1451 1115 1513 uterque
1142 1443 1254 1498 dies
1296 1443 1363 1497 ab
1407 1442 1789 1498 ecclesiasticis
1823 1447 1871 1498 et
1896 1461 2010 1500 mo-

294 1533 682 1589 nasterialibus
718 1533 957 1602 feriatus
1004 1532 1298 1588 habeatur.
1349 1535 1474 1587 Non
1534 1549 1567 1586 a
1605 1531 1747 1588 solis
1797 1532 2016 1588 Latinis

299 1624 400 1678 coli
449 1623 662 1680 meruit
709 1623 796 1677 vir
840 1621 1272 1690 sanctissimus,
1323 1623 1418 1677 sed
1468 1622 1641 1677 etiam
1700 1640 1733 1676 a
1777 1622 2012 1693 Graecis,

300 1729 539 1785 quorum
613 1710 941 1782 menologio
984 1727 1213 1766 sacrum
1265 1711 1394 1780 ejus
1425 1727 1637 1767 nomen
1675 1711 2016 1767 inscribitur

305 1803 369 1857 ad
406 1804 560 1859 diem
608 1805 664 1856 ll
707 1800 915 1870 Martii,
960 1817 1093 1858 cum
1135 1800 1502 1872 amplissimo
1543 1802 1807 1859 encomio
1857 1803 2011 1872 quod

303 1894 464 1949 refert
496 1891 833 1949 Bollandus.

364 1984 437 2039 De
469 1981 846 2038 translatione
888 1997 1188 2038 sacrarum
1230 1980 1606 2053 reliquiarum
1645 1980 2006 2064 S.‘Gregorii

363 2110 430 2179 (a)
461 2109 599 2180 Ejus
632 2113 827 2163 tamen
860 2109 1085 2164 obitum
1110 2107 1263 2180 Beda
1296 2108 1604 2179 consignat
1635 2109 1838 2165 indict.
1873 2127 2000 2176 vui,

301 2197 454 2254 quem
486 2179 724 2238 secutus
756 2185 843 2237 est
874 2180 1092 2237 Paulus
1125 2179 1411 2236 Diaconus
1450 2182 1509 2236 in
1555 2181 1806 2238 Historia
1839 2181 1996 2237 Lan-

2126 367 2402 423 billonius
2448 373 2503 425 et
2535 370 2853 427 Bollandus
2899 375 3132 442 (Smcuto
3163 393 3220 431 ιν
3263 381 3493 450 Bened.,
3537 394 3682 454 part.
3716 405 3754 445 ι.
3787 403 3844 458 p.

2124 458 2259 526 383;
2294 459 2545 513 Bolland.
2579 461 2670 515 die
2694 463 2761 516 12
2805 462 3012 534 Μίνω,
3045 465 3146 536 qui
3189 469 3306 538 agit
3351 470 3522 528 etiam
3555 476 3625 530 de
3655 481 3850 534 trans-

2125 547 2244 604 lato
2287 550 2548 618 ejusdem
2591 553 2775 607 sancti
2807 555 2995 624 capite
3037 557 3107 610 ad
3142 562 3558 617 monasterium
3598 565 3655 620 S.
3690 568 3846 624 Petri

2123 637 2235 693 vivi
2268 641 2420 710 apud
2461 641 2739 704 Senonas,
2775 643 2926 697 circa
2973 661 3070 699 an.
3120 647 3246 712 876,
3298 666 3366 704 ex
3405 651 3554 708 dono
3591 654 3839 714 Joannis

2127 747 2312 801 papae,
2367 733 2588 786 favente
2631 731 2832 789 Carolo
2865 734 3057 803 Calvo,
3098 738 3453 797 Francorum
3487 761 3617 817 rege
3646 750 3703 803 et
3732 749 3840 804 im-

2128 824 2409 889 peratore,
2451 822 2901 895 postulanteque
2938 827 3239 898 Ansegiso,
3284 831 3715 894 Senonensium
3758 855 3846 893 δτι

2126 908 2517 981 chiepiscopo.

2195 1000 2490 1056 Staturam
2523 1003 2876 1059 sanctissimi
2907 1006 3221 1078 Pontilicis,
3249 1010 3446 1067 vultus
3468 1012 3837 1087 lineamenta,

2124 1089 2626 1158 capillamentum,
2679 1092 2944 1161 barbam,
2997 1100 3052 1150 et
3083 1114 3445 1170 quaecunque
3484 1105 3554 1158 ad
3589 1105 3839 1164 formam

2123 1182 2409 1248 spectant,
2452 1180 2597 1235 satis
2628 1189 2894 1238 accurate
2941 1184 3206 1258 depingit
3251 1191 3509 1247 Joannes
3539 1193 3838 1254 Diaconus

2123 1270 2260 1359 (_Lib.
2312 1286 2385 1359 iv,
2444 1286 2491 1326 ο.
2541 1271 2654 1343 8i).
2703 1274 2771 1327 At
2833 1277 3308 1345 prmstantissimi
3360 1281 3540 1338 animi
3589 1289 3837 1359 statum,

2124 1357 2644 1428 flagrantissimum
2685 1377 2942 1418 amorem
2976 1364 3032 1420 in
3073 1365 3284 1437 Deum,
3318 1368 3670 1430 immensam
3704 1357 3840 1447 erga

2125 1447 2455 1516 proximum
2495 1449 2860 1520 charitatem,
2893 1454 3381 1514 demississimam
3425 1461 3836 1533 humilitatem,

2123 1539 2524 1596 fortitudinem
2560 1540 2866 1598 infractam
2895 1544 2955 1598 in
2987 1545 3266 1613 adversis,
3292 1551 3662 1622 modestiam,
3694 1559 3839 1614 tem-

2123 1629 2467 1699 perantiam,
2502 1630 2889 1702 vigilantiam,
2937 1636 3306 1705 prudentiam
3340 1648 3691 1714 casterasque
3720 1646 3836 1702 vir-

2123 1723 2276 1774 tutes
2322 1735 2448 1789 quae
2481 1720 2824 1792 Gregorium
2858 1728 3122 1780 nostrum
3157 1728 3415 1784 certatim
3456 1740 3830 1803 ornaverunt,

2123 1806 2251 1876 quis
2297 1807 2624 1864 describere
2654 1809 2882 1866 valeat?
2913 1811 2985 1866 Ut
3026 1813 3182 1867 enim
3226 1832 3359 1870 cum
3400 1817 3458 1874 S.
3492 1817 3832 1879 Hildel'onso

2119 1894 2341 1966 loquar,
2391 1897 2535 1950 Vicit
2564 1898 2861 1954 sanctitate
2893 1902 3209 1970 Antonium,
3261 1906 3570 1976 eloquentia
3600 1909 3830 1981 Cypria-

2115 2001 2272 2054 num,
2295 1987 2575 2056 sapientia
2596 1987 2966 2056 Augustinum
2998 1991 3139 2062 (Lib.
3174 1993 3242 2049 de
3283 1995 3415 2050 Viris
3436 1996 3640 2056 ltlustr.
3673 2016 3720 2055 e.
3753 2000 3826 2072 1).

2110 2113 2245 2241 E31).
2274 2129 2287 2181 ;
2322 2116 2380 2169 at
2412 2117 2653 2187 uterque
2692 2115 2936 2186 fallitur,
2970 2121 3035 2174 ut
3076 2120 3285 2190 probat
3313 2121 3522 2180 Baron.
3573 2125 3644 2182 ad
3670 2125 3824 2184 hunc

311 2322 3803 2350 ψ

977 2411 1561 2527 IMAGINES
1635 2414 1998 2528 BEATI

2078 2415 2649 2530 GREGORII
2726 2418 3121 2534 MAGNI

1675 2585 1988 2652 EJUSQUE
2019 2588 2436 2655 PARENTUM,

508 2705 557 2763 Α
585 2704 826 2765 Joanne
858 2703 1124 2764 diacono
1157 2702 1482 2782 descriptae
1509 2703 1618 2763 lib.
1654 2721 1716 2789 _1v
1735 2703 1795 2789 in
1828 2704 2108 2789 ejusdem
2140 2705 2352 2789 Sancti
2382 2706 2547 2789 Vita,
2587 2725 2726 2789 cap.
2760 2708 2840 2768 83
2871 2712 2930 2767 et
2960 2707 3056 2781 84,
3092 2713 3154 2770 et
3186 2710 3263 2770 ab
3295 2711 3531 2789 Angelo

1161 2789 1396 2855 Rocca,
1430 2783 1755 2863 apostolici
1785 2785 2040 2845 sacrarii
2070 2786 2386 2864 praefecto,
2423 2787 2586 2848 notis
2617 2783 2964 2848 illustratae.

1806 2915 2251 2928 ————

519 2990 680 3047 812
713 2992 783 3046 De
814 2990 1056 3059 imagine
1081 2992 1141 3045 Β.
1178 2990 1443 3063 Gregorii,
1484 3007 1602 3062 cap.
1629 2993 1716 3046 84.

339 3081 396 3137 In
427 3083 503 3153 (a)
536 3079 864 3137 absidicula
896 3080 1208 3153 Gregorius
1255 3081 1313 3137 in
1357 3085 1481 3137 rota
1529 3099 1748 3154 gypsea
1787 3084 1977 3154 pictus

271 3173 598 3238 ostenditur,
651 3176 878 3227 statura
915 3173 1077 3242 justa
1117 3176 1173 3227 et
1223 3173 1368 3227 bene
1415 3174 1683 3244 formata,
1732 3175 1874 3228 facie
1906 3176 1974 3230 de

268 3269 510 3334 paterna
553 3262 717 3319 faciei
751 3262 1139 3332 longitudine,
1184 3265 1239 3317 et
1283 3266 1547 3318 materna
1594 3265 1968 3331 rotunditate,

267 3355 339 3408 ita
384 3353 572 3410 medie
620 3355 964 3424 temperata,
1016 3355 1078 3407 ut
1124 3368 1256 3407 cum
1319 3354 1672 3410 rotunditate
1715 3355 1968 3426 quadam

266 3444 672 3500 decentissime
719 3443 982 3497 videatur
1029 3458 1158 3498 esse
1204 3443 1480 3510 deducta;
1515 3443 1696 3499 barba
1727 3449 1969 3516 paterno

268 3549 418 3589 more
440 3531 733 3590 subfulva,
770 3539 822 3587 et
855 3531 1122 3599 modica;
1157 3531 1238 3587 ita
1260 3532 1556 3600 calvaster,
1594 3539 1658 3588 ut
1687 3533 1747 3588 in
1781 3535 1965 3590 medio

263 3625 444 3680 l’ronte
473 3621 752 3695 gemellos
782 3622 1089 3678 cincinnos
1121 3622 1454 3678 rarusculos
1486 3623 1715 3690 habeat,
1749 3626 1804 3678 et
1835 3623 1965 3677 dex-

260 3715 499 3768 trorsum
549 3712 825 3777 reﬂexos;
877 3727 1090 3767 corona
1119 3713 1390 3778 rotunda,
1443 3716 1499 3767 et
1548 3713 1832 3782 spatiosa,
1865 3729 1960 3767 ca-

255 3801 385 3872 pillo
434 3802 719 3870 subnigro
770 3808 825 3855 et
872 3801 1144 3856 decenter
1210 3801 1449 3868 intorto,
1502 3801 1613 3857 sub
1683 3801 1958 3857 auricula:

254 3895 506 3948 medium
541 3893 968 3964 propendente;
1014 3892 1200 3947 fronte
1231 3892 1517 3963 speciosa,
1551 3892 1716 3947 elatis
1747 3897 1803 3948 et
1835 3893 1959 3946 lon-

245 3982 352 4053 gis,
382 3984 479 4037 sed
513 3980 760 4036 exilibus
780 3979 1148 4050 superciliis;
1183 3980 1367 4037 oculis
1400 3981 1621 4053 pupilla
1654 3980 1950 4052 l’ulvis[Al.

244 4071 468 4142 furvis],
492 4087 608 4126 non
631 4069 865 4139 quidem
891 4069 1144 4139 magnis,
1168 4071 1268 4124 sed
1294 4071 1528 4140 patulis,
1551 4071 1629 4141 (b)
1648 4069 1953 4126 subocula-

243 4162 403 4216 ribus
437 4159 666 4232 plenis;
696 4174 834 4213 naso
857 4175 890 4213 a
914 4157 1104 4212 radice
1125 4159 1482 4230 vergentium
1515 4159 1949 4232 superciliorum

243 4251 535 4308 subtiliter
567 4249 803 4312 directo,
847 4249 1000 4303 circa
1030 4249 1285 4304 medium
1320 4250 1538 4316 latiore,
1572 4251 1779 4306 deinde
1800 4267 1946 4322 pau-

242 4339 426 4396 lulum
462 4353 722 4403 recurvo,
757 4342 814 4393 et
843 4337 902 4392 in
933 4341 1188 4393 extremo
1212 4339 1424 4408 patulis
1447 4339 1687 4395 naribus
1720 4339 1949 4410 praemi-

244 4435 415 4484 nente
440 4452 454 4495 ;
481 4442 577 4482 ore
610 4425 810 4492 rubeo,
844 4426 1057 4481 crassis
1080 4432 1136 4482 et
1166 4427 1531 4483 subdividuis
1561 4428 1757 4495 labiis,
1787 4429 1952 4500 genis

240 4518 606 4589 compositis,
640 4520 835 4572 mento
867 4534 900 4571 a
930 4516 1181 4572 conﬁnio
1224 4517 1594 4572 maxillarum
1629 4516 1955 4572 decibiliter

240 4609 645 4680 prominente;
677 4607 867 4662 colore
897 4607 970 4677 (c)
995 4606 1278 4677 aquilino,
1313 4606 1558 4662 etlivido
1583 4608 1690 4679 [Αἰ.
1722 4607 1955 4678 vivido],

241 4700 528 4761 nondum,
576 4696 724 4751 sicut
765 4697 814 4751 ei
878 4705 1076 4765 postea
1127 4697 1390 4767 contigit,
1443 4698 1746 4765 cardiaco;
1795 4695 1957 4751 vultu

242 4790 425 4855 mitis,
463 4786 742 4841 manibus
779 4784 1061 4855 pulchris,
1095 4786 1372 4841 teretibus
1405 4785 1627 4859 digitis,
1661 4791 1716 4840 et
1747 4785 1960 4840 habili-

242 4881 347 4934 bus
374 4879 448 4934 ad
483 4877 888 4932 scribendum.
924 4879 1209 4931 Praeterea
1242 4875 1471 4946 planeta
1495 4893 1671 4945 super
1692 4875 1958 4930 dalmati-

245 4985 365 5024 cam
398 4971 695 5030 castanea,
732 4964 1107 5035 Evangelium
1139 4965 1197 5018 in
1230 4966 1493 5030 sinistra,
1528 4965 1736 5020 modus
1769 4963 1956 5018 crucis

245 5058 300 5114 in
328 5061 566 5121 dextra;
603 5055 680 5126 (ά)
713 5052 890 5125 pallio
933 5053 1210 5110 mediocri
1241 5072 1271 5109 a
1303 5056 1504 5109 dextro
1543 5053 1807 5109 videlicet
1838 5052 1956 5108 hu-

244 5164 397 5206 mero
429 5147 544 5202 sub
579 5151 810 5217 pectore
835 5160 1011 5217 super
1036 5145 1403 5201 stomachum
1426 5144 1756 5200 circulatim
1781 5145 1957 5199 dedu.

244 5244 363 5307 cto;
415 5235 630 5293 deinde
675 5250 909 5290 sursum
962 5251 1067 5306 per
1115 5234 1416 5290 sinistrum
1469 5234 1775 5288 humerum
1828 5231 1958 5297 post

245 5338 469 5402 tergum
523 5323 806 5396 deposito,
858 5325 1028 5395 cujus
1069 5341 1201 5396 pars
1253 5324 1436 5379 altera
1475 5340 1647 5394 super
1686 5326 1955 5380 eumdem

250 5419 551 5475 humerum
603 5414 837 5470 veniens
879 5412 1112 5486 propria
1141 5415 1507 5481 rectitudine,
1541 5431 1654 5469 non
1702 5431 1802 5484 per
1835 5431 1958 5468 mc-

252 5511 406 5565 dium
441 5505 721 5575 corporis,
765 5504 867 5560 sed
901 5520 968 5558 ex
1011 5502 1183 5559 latere
1208 5504 1451 5575 pendet;
1501 5505 1656 5561 circa
1688 5505 1956 5559 verticem

253 5614 380 5655 vero
415 5596 492 5668 (c)
525 5593 733 5650 tabulae
759 5592 1226 5658 similitudinem,
1262 5595 1415 5666 quod
1455 5595 1700 5651 viventis
1730 5593 1960 5666 insigne

2002 2996 2042 3062 C
2083 2998 2190 3064 est,
2225 2995 2556 3066 praeferens,
2591 3012 2705 3053 non
2738 3011 3032 3052 coronam.
3058 2998 3136 3053 Ex
3171 3014 3286 3070 quo
3321 2998 3802 3058 manifestissime

2089 3084 2440 3150 declaratur,
2475 3085 2608 3154 quia
2628 3086 2960 3158 Gregorius,
2982 3086 3118 3141 dum
3142 3086 3336 3144 adhuc
3367 3088 3604 3158 viveret,
3628 3107 3798 3148 suam

2085 3173 2530 3230 similitudinem
2595 3175 2828 3247 depingi
2890 3175 3199 3232 salubriter
3265 3176 3484 3234 voluit:
3561 3177 3622 3235 in
3681 3198 3800 3252 qua

2083 3269 2279 3335 posset
2310 3282 2342 3319 a
2373 3265 2495 3320 suis
2529 3265 2850 3332 monachis,
2886 3282 2995 3320 non
3027 3282 3128 3336 pro
3160 3266 3429 3323 elationis
3458 3268 3664 3340 gloria,
3696 3271 3798 3326 sed

2082 3369 2184 3423 pro
2199 3353 2916 3426 cognitre(/)districtionis
2929 3357 3156 3411 cautela
3179 3356 3791 3428 frequentiusintueri.

2083 3441 2185 3497 Ubi
2220 3442 2559 3513 hujusmodi
2583 3443 2874 3500 distichon
2908 3443 3032 3514 ipse
3065 3444 3341 3501 dictavit:

2138 3529 2348 3580 Christe
2375 3534 2589 3593 potens,
2622 3531 2864 3589 Domine,
2896 3532 3068 3581 nostri
3109 3532 3333 3596 largitor
3363 3533 3606 3599 honoris,

2137 3609 2407 3659 lndultum
2439 3611 2672 3660 ofﬁcium
2705 3611 2859 3661 solita
2890 3613 3086 3675 pietate
3123 3615 3380 3676 guberna.

2357 3701 2511 3755 3l8
2544 3702 2615 3756 De
2645 3703 2888 3771 imagine
2910 3701 3193 3772 Gordiani,
3224 3720 3342 3773 cap.
3375 3705 3466 3761 83.

2146 3800 2210 3854 In
2258 3799 2603 3856 venerabilis
2638 3802 2719 3873 (g)
2752 3802 3094 3857 monasterii
3135 3804 3279 3858 atrio
3313 3804 3490 3872 jussu
3523 3805 3786 3880 Gregorii

2061 3890 2230 3960 juxta
2261 3888 2617 3960 Nymphium
2657 3891 2783 3944 duas
2817 3890 3021 3946 iconias
3054 3893 3376 3947 veterrimas
3404 3893 3788 3952 artificialiter

2066 3979 2311 4050 depictas
2337 3995 2520 4048 usque
2566 3978 2849 4035 hactenus
2894 3980 3180 4035 videntur.
3215 3981 3278 4035 In
3325 3997 3572 4051 quarum
3605 3985 3785 4040 altera

2063 4065 2274 4121 beatus
2304 4068 2512 4121 Petrus
2543 4066 2846 4138 apostolus
2890 4068 3096 4122 sedens
3127 4068 3507 4139 conspicitur,
3531 4074 3782 4125 stantem

2059 4156 2418 4212 Gordianum
2448 4155 2527 4226 (Ιι)
2562 4155 2976 4227 regionarium,
3009 4155 3274 4213 videlicet
3315 4164 3534 4229 patrem
3571 4159 3784 4232 Grego-

2059 4246 2149 4317 rii,
2187 4262 2362 4300 manu
2409 4246 2644 4300 dextera
2675 4262 2775 4316 per
2805 4246 3102 4302 dexteram
3149 4245 3539 4304 nihilominus
3575 4265 3785 4306 susce-

2059 4337 2233 4407 pisse.
2267 4336 2444 4404 Cujus
2469 4334 2743 4390 Gordiani
2768 4335 3004 4391 habitus
3037 4336 3294 4392 castanei
3315 4336 3527 4393 coloris
3550 4337 3784 4410 planeta

2062 4435 2169 4494 est,
2195 4425 2306 4480 sub
2340 4425 2571 4496 planeta
2594 4425 2931 4496 dalmalica,
2953 4426 3014 4482 in
3049 4427 3296 4498 pedibus
3328 4427 3394 4500 (ί)
3427 4427 3645 4502 caligas
3678 4430 3783 4486 ha-

2063 4515 2229 4579 bens,
2281 4519 2501 4570 statura
2547 4514 2743 4587 longa,
2794 4515 2970 4572 facies
3021 4517 3289 4587 deducta,
3340 4518 3556 4576 virides
3600 4519 3776 4593 oculi,

2064 4605 2248 4661 barba
2278 4605 2528 4670 modica,
2552 4604 2746 4677 capilli
2781 4607 3080 4675 condensi,
3113 4606 3308 4663 vultus
3340 4608 3557 4678 gravis.

2458 4696 2529 4750 De
2550 4695 2801 4767 imagine
2829 4695 3052 4763 Silviae,
3084 4697 3267 4753 eodem
3297 4713 3419 4768 cap.

2138 4787 2200 4839 In
2233 4783 2414 4839 altera
2456 4784 2626 4841 icona
2667 4791 2851 4841 mater
2881 4786 3144 4858 Gregorii
3183 4787 3390 4842 sedens
3429 4787 3660 4857 depicta
3687 4792 3779 4843 est

2066 4875 2266 4940 Silvia,
2313 4874 2562 4930 candido
2621 4875 2906 4931 velamine
2951 4894 2982 4931 a
3036 4877 3236 4931 dextro
3294 4875 3538 4931 humero
3581 4874 3776 4931 taliter

2068 4974 2266 5022 contra
2296 4966 2589 5020 sinistram
2623 4967 2881 5022 revoluto
2915 4971 3193 5033 contecta,
3229 4970 3291 5019 ut
3321 4965 3429 5020 sub
3460 4981 3526 5020 eo
3559 4980 3773 5022 manus

2067 5057 2348 5125 tanquam
2393 5055 2462 5110 de
2495 5055 2724 5125 planeta
2771 5054 3079 5117 subducat,
3130 5057 3186 5107 et
3229 5053 3381 5107 circa
3429 5057 3631 5124 pectus
3662 5054 3772 5110 sub

2066 5145 2203 5216 gula
2225 5145 2463 5200 inferior
2485 5144 2681 5201 tunica
2698 5144 2773 5215 (lt)
2799 5141 3216 5214 pseudolactini
3237 5141 3449 5198 coloris
3471 5148 3769 5215 appareat,

2066 5250 2192 5305 quae
2225 5249 2436 5304 magno
2477 5233 2809 5288 sinuamine
2848 5247 3023 5302 super
3055 5231 3229 5302 pedes
3261 5231 3510 5301 defluat;
3539 5233 3770 5292 duabus

2064 5325 2128 5393 (Ι)
2148 5323 2306 5378 zonis
2321 5324 2389 5378 ad
2411 5322 2838 5377 similitudinem
2856 5320 3314 5389 dalmaticarum,
3329 5323 3425 5379 sed
3442 5322 3768 5392 latioribus,

2064 5413 2304 5468 omnino
2337 5411 2650 5479 distincta;
2678 5415 2900 5467 statura
2931 5412 3121 5485 plena,
3156 5413 3328 5469 facies
3361 5413 3609 5468 rotunda
3641 5415 3770 5485 qui-

2065 5502 2197 5558 dem
2247 5507 2303 5558 et
2323 5502 2594 5568 candida,
2647 5503 2745 5558 sed
2793 5504 2956 5558 senio
3002 5505 3122 5574 jam
3157 5520 3385 5576 rugosa,
3436 5520 3606 5575 quam
3641 5504 3768 5574 ipsa

2067 5606 2301 5663 quoque
2355 5595 2619 5647 senectus
2685 5591 3138 5663 pulcherrimam
3199 5593 3381 5651 fuisse
3437 5592 3764 5665 signiﬁcat;
