4086 6166
237 197 353 254 469

1272 199 1371 256 DE
1419 195 1878 259 lMAGlNlBUS
1922 198 1984 257 S.
2038 196 2403 256 GREGURII
2451 196 2722 257 MAGNI.

3633 204 3753 265 470

237 330 503 411 Ecclesiae
529 330 688 411 pingi
721 333 775 385 et
797 330 984 401 sculpi
1009 337 1432 411 consueverunt
1460 350 1471 386 ι
1506 349 1642 411 nam_
1663 349 1762 411 per
1786 334 1934 411 ligu-
1967 340 2016 402 Α
2051 333 2672 411 habentibusannexa,
2706 332 2765 411 in
2807 334 3022 411 quibus
3052 351 3085 411 a
3114 336 3371 411 diacono
3402 339 3595 409 egenis
3642 354 3746 396 ne-

233 420 355 457 ram
378 402 745 473 sphaericam.
762 418 888 473 quas
902 402 1167 457 omnium
1184 404 1499 471 ﬁgurarum
1518 402 1934 472 perfe'ctissima

234 482 338 537 est,
386 475 806 545 perfectissima
846 489 1050 529 eorum
1093 474 1207 529 vita
1241 478 1669 545 quodammodo
1718 478 1935 531 adum—

234 547 455 601 bratur.
488 545 612 601 Non
646 547 855 600 desunt
885 552 1080 600 autem
1122 548 1219 618 qui
1260 549 1437 602 velint
1477 549 1727 603 selarem
1768 566 1935 603 coro-

232 634 364 672 nam
398 634 579 689 super
609 618 801 688 capita
821 627 1176 685 sanctorum,
1209 619 1678 689 etapostolerum
1707 637 1937 690 praeser-

232 691 361 751 tim.
391 690 557 760 pingi
590 694 646 743 et
695 690 1178 761 sculpiﬁselitam,
1213 707 1281 745 ex
1319 708 1384 745 eo
1417 692 1568 761 quod
1602 692 1783 745 Aedis
1833 693 1938 746 Ba-

232 761 495 834 bylonico
529 767 672 815 teste
702 761 800 814 lib.
826 776 860 813 v
890 760 1035 815 llist.
1074 760 1548 832 apestelicze,llux
1572 768 1731 817 tanta
1761 780 1939 834 super

227 833 515 888 Joannem
550 834 880 903 apostolum
910 834 1337 905 moribundum
1366 852 1461 905 per
1487 851 1663 889 unam
1691 837 1804 890 fere
1827 833 1932 889 lie-

231 921 348 959 ram
397 906 690 974 apparuit,
737 908 798 977 ut
830 904 1024 958 nullus
1064 920 1190 959 eam
1223 904 1799 977 sulfe’rretaspectus.
1838 906 1936 962 Ut-

229 992 477 1047 cumque
528 992 660 1029 vero
711 976 808 1039 sit,
856 991 1131 1031 coronam
1178 982 1373 1032 tamen
1426 976 1643 1032 sanctis
1685 980 1745 1033 in
1795 978 1935 1032 caele

228 1048 473 1118 gloriam
506 1047 857 1115 consecutis,
889 1047 1020 1102 aliis
1050 1057 1242 1102 autem
1274 1052 1331 1103 in
1358 1049 1467 1105 hac
1490 1048 1718 1103 mortali
1745 1050 1936 1105 adhuc

228 1120 340 1173 vita
363 1119 884 1191 commerantibus,
908 1120 1167 1173 tabulam
1191 1122 1532 1191 quadratam
1557 1139 1589 1175 a
1612 1123 1937 1191 pictoribus

226 1197 277 1245 et
308 1192 706 1261 sculpteribus
731 1190 927 1260 efﬁngi
958 1190 1343 1257 selitam,ibec
1367 1192 1573 1247 saltem
1608 1190 1733 1247 loco
1758 1193 1937 1264 expli-

235 1279 395 1318 casse
429 1272 518 1316 sat
551 1270 658 1315 est.

294 1334 361 1403 (Ι)
423 1334 667 1403 Cognita:
734 1333 1099 1389 districtionis
1156 1337 1391 1391 cautela.
1461 1336 1777 1403 Districtio,
1846 1336 1934 1391 vel

227 1406 545 1470 destrictio,
578 1421 684 1459 vox
724 1412 811 1460 est
851 1406 921 1460 ab
965 1408 1371 1461 ecclesiasticis
1404 1408 1782 1474 scriptoribus
1830 1409 1937 1464 fre-

229 1484 469 1547 quenter
501 1482 809 1547 usurpata;
844 1483 921 1542 et,
963 1480 1115 1532 sicut
1144 1496 1211 1534 ex
1245 1479 1473 1535 Placido
1514 1479 1930 1545 Grammatice,

226 1552 376 1619 apud
410 1548 677 1603 Fulvium
713 1547 1010 1617 Ursinum,
1043 1553 1231 1605 virum
1264 1552 1751 1615 eruditissimum,
1777 1568 1841 1606 ac
1864 1553 1934 1608 de

230 1622 394 1674 benis
427 1620 639 1674 litteris
672 1622 887 1689 optime
934 1624 1231 1683 meritum.
1265 1628 1578 1687 asservale,
1613 1623 1670 1677 in
1711 1623 1933 1679 Glossis

2046 403 2947 481 cessariasubministrabantur.
2991 405 3074 481 Ad
3114 403 3750 481 hancrem'praastan-

2045 477 2174 553 dam
2218 477 2321 529 viri
2352 490 2663 553 gravesac
2692 477 2945 553 religiosi
2988 477 3227 553 a_beate
3272 477 3544 553 Gregorio
3584 483 3750 539 electi

2044 548 2279 602 fuerunt
2303 546 2618 621 privilegiis
2652 546 3015 621 insignili,iut
3037 548 3248 619 legitur
3280 546 3431 621 apud
3460 552 3751 610 Joannem

2047 621 2383 685 Diaconum,
2418 619 2518 673 lib.
2552 633 2613 677 ιι,
2648 634 2772 689 cap.
2808 620 2895 677 51,
2942 620 3000 675 in
3042 619 3484 690 ejusdem—Vita.
3528 624 3608 679 Ex
3638 625 3754 682 col-

2049 692 2200 762 legio
2234 691 2425 760 itaque
2453 691 2843 763 defensorum,
2885 692 2985 761 qui
3017 708 3085 747 ex
3124 694 3325 750 ordine
3372 710 3605 763 quoque
3644 697 3756 752 cle-

2050 766 2327 830 ricorum,
2362 762 2638 815 Panvinio
2672 767 2835 827 teste,
2883 764 3291 831 sumebantur,
3325 762 3410 821 vel
3459 783 3527 823 ex
3559 768 3754 824 diaco-

2050 850 2260 889 norum
2292 832 2559 906 collegio,
2585 833 2633 888 si
2658 833 2764 906 hac
2795 834 2853 887 in
2878 851 2937 888 re
2959 836 3283 905 conjectare
3309 836 3496 906 liceat,
3521 838 3756 895 Gordia-

2049 923 2191 979 num
2228 904 2402 979 fuisse
2442 921 2590 979 reor,
2639 904 3623 979 ecclesiasticisindumentis,hoc
3666 916 3755 967 est

2048 976 2354 1032 dalmatica
2384 980 2440 1031 et
2471 975 2723 1047 planeta,
2757 977 3063 1047 diligenter
3101 975 3477 1036 consideratis
3511 997 3523 1034 :
3559 983 3751 1039 diaco-

2049 1065 2157 1104 nus
2204 1049 2361 1125 en_im
2404 1064 2516 1103 non
2570 1048 2750 1125 solum
2803 1048 3219 1125 dalmaticam,
3250 1068 3385 1125 quae
3420 1052 3483 1125 ei;
3522 1054 3754 1125 proprie

2048 1121 2333 1189 convenit,
2374 1130 2599 1189 gestare
2622 1120 2803 1186 solet;
2838 1121 2961 1185 sed,
2990 1126 3053 1175 ut
3092 1120 3293 1177 scribit
3323 1120 3752 1187 Alcuin'usflib.

2047 1193 2116 1247 de
2147 1192 2333 1247 Divin.
2367 1192 2529 1245 Ofﬁc.
2563 1208 2691 1262 cap.
2724 1192 2795 1247 de
2824 1192 3351 1263 significationibus
3373 1196 3751 1251 vestimento-

2047 1280 2201 1328 rum,
2231 1264 2492 1317 casulam
2524 1264 2687 1330 item,
2714 1279 2889 1333 quam
2913 1264 3243 1320 Amalarius
3278 1266 3623 1321 Fortunatus
3652 1266 3749 1321 lib.

2046 1353 2084 1390 ιι
2118 1338 2187 1390 de
2219 1335 2639 1390 Ecclesiasticis
2684 1334 2922 1398 Ofﬁciis,
2972 1351 3100 1405 cap.
3154 1338 3239 1403 19,
3291 1337 3635 1406 generaliter
3680 1340 3752 1393 ad

2046 1424 2249 1463 omnes
2277 1406 2518 1461 clericos
2546 1406 2834 1479 pertinere
2866 1408 2947 1461 ait
2979 1423 2991 1459 :
3026 1408 3097 1461 ad
3132 1407 3307 1463 ﬁnem
3338 1413 3532 1464 autem
3556 1409 3754 1479 praefa-

2046 1480 2220 1534 tionis
2254 1478 2309 1532 in
2342 1479 2537 1549 ipsum
2572 1478 2643 1533 de
2675 1478 2881 1533 officiis
2903 1495 3049 1549 opus
3071 1479 3341 1545 ostendit,
3368 1478 3599 1551 quando
3631 1480 3755 1551 dia-

2045 1568 2227 1607 conus
2260 1550 2459 1605 casula
2489 1551 2567 1605 sit
2605 1550 2956 1615 induendus,
2994 1552 3224 1621 quando
3268 1550 3401 1607 vero
3430 1550 3752 1607 exuendus.

2117 1623 2182 1693 (ί)
2216 1626 2335 1677 Huc
2366 1622 2588 1677 accedit
2622 1623 2777 1691 quod
2807 1640 2838 1676 a
2875 1623 3100 1678 Joanne
3133 1623 3384 1678 Diacono
3427 1623 3755 1679 Gordianus

230 1692 535 1775 Eolligitur,
570 1694 1274 1775 severitatem-signiﬁcat:
1312 1695 1580 1749 Placidus
1611 1696 1766 1749 enim
1800 1697 1880 1750 ait
1911 1711 1925 1749 :
1960 1714 2004 1775 Β
2042 1692 2339 1775 caligasin
2366 1694 2868 1775 pedibusgestare
2899 1694 3114 1775 dicitur
3138 1710 3281 1775 :_per
3310 1694 3530 1775 caligas
3554 1700 3753 1751 autem

232 1765 315 1817 Est
346 1763 528 1817 autem
560 1763 840 1817 destrictus
888 1763 1147 1833 attentus,
1193 1767 1274 1821 vel
1303 1782 1544 1827 severus,
1590 1783 1653 1821 ac
1684 1784 1790 1821 non
1834 1783 1926 1821 so-

237 1836 373 1889 lutus
394 1839 443 1890 et
473 1836 633 1890 lenis.
660 1837 720 1890 In
747 1837 899 1889 hunc
921 1853 1160 1891 sensum
1182 1841 1252 1891 ab
1276 1840 1611 1892 Innocentio
1639 1839 1710 1892 IIl
1734 1840 1927 1893 distri-

238 1912 345 1979 ctio
368 1906 567 1972 judicii
598 1906 743 1961 libre
778 1907 963 1977 primo
996 1912 1161 1979 Μγςι.
1197 1909 1407 1975 Misere,
1442 1926 1492 1963 c.
1525 1910 1615 1974 63,
1647 1916 1704 1963 et
1732 1928 1762 1964 a
1793 1910 1927 1965 Gre-

243 1978 385 2049 gorio
419 1978 555 2032 ultio
587 1984 643 2032 et
692 1980 1021 2033 emendatio
1056 1978 1329 2036 districta
1378 1987 1785 2051 nuncupatur;
1823 1984 1928 2036 hoc

245 2060 415 2104 autem
446 2051 567 2103 loco
600 2051 1021 2105 districtionern
1056 2068 1155 2121 pro
1189 2058 1346 2106 arcta
1377 2055 1491 2106 vita
1522 2055 1676 2107 sumi
1717 2054 1928 2107 debere

250 2128 388 2192 puto.
421 2121 585 2187 Hinc,
620 2128 682 2175 ut
703 2124 784 2176 ait
809 2121 1063 2178 Joannes
1091 2124 1396 2187 Diaconus,
1420 2124 1735 2191 imaginem
1760 2140 1927 2179 suam

254 2198 431 2247 beatus
464 2193 772 2263 Gregorius
805 2195 1111 2249 salubriter
1132 2194 1364 2265 depingi
1406 2198 1605 2261 voluit,
1642 2203 1703 2249 ut
1735 2200 1926 2249 Mena-

253 2266 328 2318 chi
360 2281 454 2335 per
484 2266 669 2332 ipsa'n
703 2268 1017 2335 imaginem
1052 2284 1163 2320 non
1200 2285 1298 2337 pro
1330 2270 1486 2322 inani
1511 2269 1709 2333 gloria,
1746 2270 1841 2322 sed
1870 2272 1926 2321 in

255 2353 398 2391 suam
429 2338 691 2405 ipsorum
725 2340 999 2403 salutem,
1040 2341 1327 2408 cognitam
1362 2340 1511 2393 beati
1548 2341 1800 2407 Gregorii
1836 2338 1926 2392 di-

254 2412 613 2475 strictienem,
648 2410 699 2462 id
732 2415 820 2463 est
849 2422 1064 2464 arctam
1098 2414 1271 2465 vitam
1294 2412 1351 2464 in
1396 2412 1731 2465 memoriam
1769 2426 1926 2464 revo-

255 2487 447 2544 carent,
471 2480 802 2550 dictamque
824 2480 998 2535 vitam
1022 2484 1411 2545 imitarentur.
1437 2484 1576 2536 dum
1598 2482 1719 2536 loco
1744 2481 1930 2549 ipsius

256 2552 320 2623 im
334 2554 547 2623 iginem
574 2552 937 2621 frequentius
958 2554 1348 2609 intuerentur.
1373 2553 1580 2608 Intueri
1601 2560 1796 2608 autem
1821 2553 1930 2607 hoc

253 2622 359 2677 loco
387 2640 417 2676 a
444 2622 665 2677 Joanne
696 2624 941 2679 Diacono
974 2627 1201 2694 passive
1230 2626 1499 2681 sumitur.

314 2696 381 2764 (ῃ)
411 2696 790 2765 Nymphaeum
829 2713 928 2767 pro
975 2698 1199 2751 lavacro
1250 2702 1305 2751 et
1353 2699 1527 2759 fonte.
1570 2713 1795 2752 necnon
1830 2712 1929 2767 pro

254 2765 439 2839 balneo
467 2769 617 2833 apud
655 2765 930 2823 Plinium.
963 2768 1185 2823 Julium
1212 2769 1477 2836 Capito|.,
1507 2765 1851 2839 Jesepbum,
1876 2772 1932 2824 et

254 2838 379 2911 alios
410 2839 559 2893 sumi
590 2839 757 2911 solet,
782 2857 815 2894 a
845 2839 1110 2910 Nympha
1141 2842 1400 2895 dictum:
1428 2842 1563 2911 quia
1592 2841 1811 2896 ethnici
1851 2841 1935 2895 lu-

254 2910 408 3005 minis
436 2909 694 3005 ve‘rit‘atis
726 2919 1005 3005 expertes,
1032 2913 1321 3005 Nyjmphas
1342 2909 1786 3005 aq‘u'arumYdeas
1799 2928 1934 3005 psse

253 2987 531 3055 putarunt.
565 2982 727 3037 Adde
747 2984 941 3047 etiam,
974 2986 1126 3053 quod
1152 2991 1368 3039 veteres
1392 2982 1571 3039 Graeci
1604 2984 1933 3055 Nympham

254 3053 524 3127 dicebant,
559 3070 738 3124 quem
774 3072 875 3110 nos
918 3057 1241 3110 mutatione
1284 3057 1459 3111 unius
1490 3053 1712 3123 littera},
1766 3056 1935 3127 Lym—

254 3125 428 3199 pham,
461 3126 519 3179 id
570 3132 661 3199 est
704 3143 939 3199 aquam,
972 3144 1267 3182 vocamus.
1320 3128 1699 3197 Nymphaeum
1746 3125 1939 3199 itaque

253 3197 346 3251 hoc
376 3199 496 3252 loco
532 3195 616 3251 vel
654 3195 772 3266 pre'
804 3198 1049 3265 lavacro,
1084 3200 1172 3255 vel
1217 3217 1317 3267 pro
1374 3195 1527 3255 fonte
1576 3199 1730 3253 sumi
1776 3195 1945 3270 posse

252 3278 372 3341 puto
407 3284 420 3323 :
454 3270 524 3341 de
559 3285 672 3339 quo
714 3270 867 3325 fonte
905 3270 1164 3326 Joannes
1208 3272 1517 3339 Diaconus,
1564 3272 1666 3328 lib.
1701 3286 1778 3338 tv,
1812 3287 1939 3341 cap.

247 3340 328 3405 97,
352 3340 634 3405 loquitur.

313 3415 382 3480 (ἡ)
414 3412 768 3485 Gordianus,
802 3412 954 3467 beati
997 3414 1255 3485 Gregorii
1302 3419 1483 3484 pater,
1518 3414 1882 3485 regionarius
1915 3430 1948 3469 a

250 3481 404 3537 Joan.
449 3484 703 3537 Diacono
758 3481 1175 3557 nuncupatur:
1214 3481 1387 3557 quem
1439 3481 1708 3557 quamvis
1759 3487 1947 3540 virum

252 3557 691 3610 ecclesiasticum
722 3556 927 3611 nullibi
954 3559 1130 3612 fuisse
1161 3556 1504 3623 invenerim,
1539 3567 1729 3613 vestes
1750 3567 1946 3611 tamen

254 3627 294 3679 si
326 3635 682 3693 spectentur,
716 3636 767 3681 et
798 3632 968 3683 verbi
1000 3628 1243 3684 Joannis
1278 3631 1509 3684 Diaconi
1531 3636 1796 3683 accurate
1823 3645 1949 3698 per-

253 3700 593 3765 pendentur,
634 3716 767 3753 eum
802 3700 1270 3756 Ecclesiasticum
1294 3704 1483 3756 virum
1510 3717 1748 3755 omnino
1774 3701 1949 3753 fuisse

252 3770 401 3824 dicas
444 3776 691 3839 oportet,
736 3771 1059 3841 Regienarii
1110 3790 1341 3839 nomen,
1387 3790 1419 3827 a
1475 3772 1811 3841 regionibus
1858 3771 1950 3824 di-

253 3846 422 3903 ctum,
464 3844 707 3897 notariis
757 3845 1136 3913 quibusdam,
1190 3862 1414 3899 necnon
1458 3842 1861 3899 defensoribus
1895 3846 1951 3897 et

253 3913 522 3977 diaconis,
559 3915 682 3967 dari
715 3915 957 3969 solebat.
1008 3915 1224 3973 Notarii
1266 3915 1576 3985 regienarii
1616 3920 1783 3970 erant
1816 3930 1950 3985 pre-

253 3987 536 4057 tonetarii.
570 3986 641 4039 ad
677 4002 821 4055 quos
863 3993 1024 4053 gesta
1066 3984 1381 4057 praesertim
1429 3994 1751 4057 martyrum
1802 3984 1950 4040 scri-

251 4054 385 4129 bere
409 4054 762 4126 pertinebat.
788 4054 1127 4113 Defensores
1153 4061 1480 4129 regienarii,
1507 4054 1794 4129 ad‘varias
1820 4073 1948 4125 pre-

252 4127 456 4181 vincias
485 4129 779 4197 destinati,
816 4134 876 4182 ut
908 4132 1112 4185 scribit
1140 4127 1391 4186 Joannes
1433 4132 1738 4195 Diaconus,
1774 4128 1872 4182 lib.
1909 4145 1951 4182 ιι

251 4198 317 4251 de
348 4200 493 4254 beati
530 4200 786 4269 Gregorii
820 4200 969 4268 Vita,
1003 4220 1128 4272 cap.
1172 4204 1261 4262 53,
1296 4204 1448 4257 circa
1491 4202 1583 4272 pia
1631 4202 1949 4272 praesertim

252 4285 414 4339 opera
444 4274 843 4339 versabantur,
890 4281 952 4328 ut
990 4274 1258 4330 videlicet
1297 4274 1505 4343 legata,
1540 4276 1612 4329 ad
1662 4274 1784 4341 pias
1817 4287 1951 4326 cau-

254 4357 344 4396 sas
366 4343 586 4417 relicta,
610 4344 1116 4417 ineleemos‘ynam
1144 4344 1501 4417 pauperibus
1533 4346 1954 4417 distribueren-

255 4416 359 4509 tur,
393 4414 551 4470 sicut
581 4432 651 4509 est.
681 4416 779 4509 ιιι).
806 4418 1067 4509 ιινξρίειῐ.
1202 4414 1401 4509 et"‘.25,‘
1430 4418 1528 4471 lib.
1559 4434 1645 4509 Ιξιι
1677 4434 1769 4486 ep.
1899 4417 1953 4468 et
1994 4447 2039 4509 Β

253 4483 346 4558 lib.
376 4503 431 4539 xI
468 4504 555 4556 ep.
592 4490 655 4541 2l
696 4492 843 4541 beati
877 4488 1134 4557 Gregorii
1181 4488 1499 4558 colligitur.
1555 4483 1771 4542 Horum
1820 4488 1960 4541 item

257 4557 505 4612 ofﬁcium
531 4567 655 4612 erat
678 4560 747 4613 de
772 4562 1176 4629 episcoporum
1201 4557 1541 4615 excessibus
1566 4560 1961 4630 cognitionem

257 4643 318 4681 ac
347 4632 609 4685 notitiam
665 4632 984 4701 suscipere,
1026 4632 1441 4702 regularesque
1483 4647 1745 4700 perverse
1785 4646 1956 4700 agen-

263 4707 341 4754 tes
369 4702 675 4768 corrigere.
710 4702 810 4756 llis
854 4706 1029 4757 etiam
1072 4704 1500 4769 defensoribus,
1545 4708 1607 4757 ut
1644 4704 1956 4757 Panvinius

261 4786 324 4825 ex
356 4772 563 4843 Pelagii
595 4773 842 4843 epistola
872 4774 931 4828 in
963 4776 1148 4845 capite
1196 4776 1265 4830 de
1298 4774 1631 4829 Primicerio
1682 4774 1955 4829 Defenso-

259 4859 397 4917 rumg
438 4846 519 4899 ait
566 4845 984 4900 conveniebant
1028 4864 1337 4902 causarum
1384 4846 1770 4917 cognitiones,
1820 4860 1955 4917 conf

259 4915 570 4989 ventienes,
602 4926 805 4989 actus,
832 4918 1064 4988 publica
1114 4918 1318 4989 litigia,
1353 4924 1409 4973 et
1454 4915 1820 4988 quaecunque
1867 4916 1954 4971 vel

256 4986 643 5061 ecclesiastica
675 4986 963 5057 instituta,
997 4989 1085 5047 vel
1126 4986 1583 5061 supplicanti—um
1630 4986 1955 5045 necessitas

259 5059 607 5127 postulabat.

324 5130 565 5203 Diaconi
591 5130 921 5200 regionarii,
956 5136 1017 5188 ut
1048 5132 1467 5199 subdiaconos,
1500 5148 1648 5203 quos
1689 5132 1746 5187 in
1782 5131 1954 5201 Regi-

258 5206 369 5257 stre
415 5202 571 5259 beati
601 5203 885 5271 Gregorii,
917 5204 1014 5259 lib.
1039 5222 1140 5259 vm
1178 5206 1352 5273 epist.
1377 5205 1433 5270 5,
1458 5202 1557 5259 lib.
1597 5221 1650 5259 χι
1681 5204 1853 5274 epist.
1885 5204 1956 5256 20

256 5279 308 5327 et
334 5276 419 5343 30,
453 5276 647 5346 videre
678 5283 783 5333 est,
812 5278 1273 5342 praetermittam,
1304 5282 1519 5346 septem
1541 5278 1709 5343 juxta
1732 5280 1950 5346 septem

258 5348 518 5416 regiones
552 5345 723 5401 Urbis
754 5355 935 5415 erant,
972 5354 1035 5402 ut
1072 5348 1281 5417 legitur
1312 5345 1380 5402 in
1405 5348 1618 5404 Ordine
1654 5347 1817 5401 Rom.
1854 5345 1954 5400 Vel

256 5417 463 5489 singuli
486 5418 717 5473 duabus
738 5434 804 5473 ex
827 5420 1267 5489 quatuordecim
1282 5420 1613 5485 regionibus
1630 5422 1951 5489 praeerant;

254 5488 456 5563 deinde
493 5488 942 5563 quattuordecim
972 5493 1143 5562 juxta
1199 5488 1645 5563 quatuerdecim
1690 5490 1954 5563 regiones

253 5558 409 5617 820
443 5558 992 5635 fueruntinstituti,
1019 5573 1071 5619 et
1103 5564 1186 5619 ita
1217 5558 1601 5632 vocabantur,
1634 5565 1787 5635 quod
1834 5560 1955 5635 sin-

251 5636 517 5703 gularum
562 5633 735 5689 Urbis
777 5635 1095 5703 regionum,
1141 5641 1289 5691 teste
1328 5632 1955 5699 Panviniefdiaconiis

253 5704 339 5779 vel
368 5706 748 5779 Xenodochiis
780 5714 1109 5776 praeessent.
1146 5707 1211 5762 Hi
1246 5725 1499 5779 namque
1529 5708 1836 5762 viduarum
1872 5704 1957 5779 in-

253 5776 835 5851 opiailaberantium.
879 5784 936 5835 et
975 5779 1330 5851 pupillorum
1372 5776 1622 5837 ministri
1665 5782 1850 5851 erant,
1875 5776 1953 5851 in

250 5846 503 5924 publicis
536 5865 854 5923 pauperum
884 5846 1178 5920 domibus,
1212 5852 1465 5910 oratoria
1502 5857 1561 5909 et
1598 5848 1810 5907 sacella
1840 5846 1953 5904 sibi

2038 1764 2269 1821 nonnisi
2311 1764 2575 1819 sandalio.
2624 1764 2999 1834 intelligenda
3047 1764 3233 1821 sunt:
3266 1781 3381 1821 non
3424 1764 3581 1821 enim
3613 1781 3747 1821 vero

2033 1838 2301 1893 adsimile
2323 1843 2429 1902 est,
2460 1841 2522 1892 ut
2545 1852 2644 1904 per
2670 1836 2908 1907 caligas,
2933 1836 3207 1892 tibiarum
3230 1841 3633 1906 tegumentum
3651 1836 3749 1891 in.

2034 1908 2218 1979 telligi
2251 1914 2450 1979 queat,
2482 1907 2623 1979 quia
2655 1909 2830 1976 hujus
2862 1913 3092 1978 generis
3125 1916 3524 1980 tegumentum
3579 1908 3637 1963 in
3672 1909 3762 1979 pi-

2036 1986 2203 2035 ctura
2235 1997 2339 2035 nec
2373 1980 2515 2043 ﬁeri,
2551 1996 2652 2033 nec
2687 1980 2864 2051 videri
2900 1986 3087 2048 potest
3118 1980 3189 2034 ob
3223 1985 3441 2035 vestem
3475 1980 3546 2036 ad
3573 1996 3753 2051 penes

2040 2069 2226 2121 usque
2257 2053 2591 2106 demissam.
2618 2050 2825 2121 Caligaa
2856 2052 3053 2121 itaque
3086 2068 3187 2121 pro
3224 2052 3555 2108 sanrlaliisa
3580 2050 3755 2107 Joan-

2041 2141 2110 2179 ne
2145 2124 2390 2178 l)iacone
2431 2130 2770 2178 sumuntur.
2824 2123 2965 2177 Huic
3010 2139 3151 2177 sane
3192 2124 3272 2178 rei
3323 2124 3470 2178 favet
3512 2124 3759 2194 vulgata

2040 2196 2360 2250 Bibliorum
2386 2196 2579 2259 editio,
2616 2210 2747 2263 quas
2774 2210 2872 2263 pre
2907 2194 3188 2249 sandaliis
3220 2194 3439 2263 caligas
3468 2197 3659 2261 vertit,
3694 2202 3759 2249 ut

2039 2268 2228 2322 videre
2257 2273 2346 2321 est
2374 2266 2568 2319 locum
2602 2265 2767 2320 illum
2798 2267 3049 2320 Actuum
3081 2281 3159 2319 xli
3193 2265 3250 2319 in
3283 2281 3396 2334 quo
3430 2265 3633 2321 beatus
3668 2270 3767 2319 Pe-

2038 2344 2163 2393 trus
2186 2336 2452 2392 sandalia
2475 2336 2583 2391 sibi
2608 2338 2905 2405 subligarc
2932 2337 3004 2391 ab
3027 2334 3233 2406 angelo
3249 2336 3457 2403 jussus
3478 2341 3565 2391 est
3605 2336 3769 2392 hisce

2040 2414 2229 2464 verbis
2280 2425 2293 2463 :
2344 2410 2707 2476 Praecingere,
2757 2412 2810 2461 et
2856 2409 3036 2463 calcea
3080 2417 3131 2462 te
3194 2407 3406 2475 caligas
3457 2412 3597 2476 luas.
3656 2412 3764 2476 Pro

2040 2498 2157 2553 quo
2180 2480 2424 2553 lNGrcha
2454 2474 2631 2553 editio
2675 2480 2869 2553 habet,
2920 2477 3215 2553 περίζωσαι
3247 2474 3654 2553 καῖλρπόδησαμι
3688 2475 3763 2553 *τὰ

2038 2549 2301 2605 salvam;
2334 2571 2450 2617 σου,
2488 2552 2595 2605 hoc
2625 2562 2731 2617 est,
2765 2549 3128 2621 Praecingere,
3158 2560 3210 2606 et
3238 2549 3460 2620 subliga
3504 2550 3758 2605 sandalia

2037 2633 2152 2681 tua.
2188 2623 2379 2680 Latini
2410 2627 2608 2678 tamen
2641 2623 2989 2678 recentiores
3024 2638 3125 2692 pro
3153 2622 3437 2678 sandaliis
3471 2638 3587 2677 non
3618 2621 3764 2677 cali-

2042 2715 2166 2769 gas,
2218 2698 2317 2751 sed
2350 2699 2539 2769 soleas
2582 2699 2855 2769 vertunt:
2890 2694 3037 2769 quia
3075 2693 3276 2769 ealium
3324 2710 3424 2764 pro
3474 2694 3758 2769 tibiarum

2042 2764 2216 2825 Etiam
2249 2766 2626 2838 operimentis
2654 2766 3042 2838 sumigselent.
3075 2766 3287 2838 Beatus
3320 2770 3515 2820 autem
3548 2764 3753 2819 Hiero-

2044 2856 2250 2912 nymus
2282 2836 2580 2912 explicans
2610 2854 2684 2892 xx
2715 2836 2875 2912 Isaia;
2908 2841 3102 2912 caput,
3150 2837 3568 2912 calceamenta,
3610 2852 3749 2912 san-

2042 2908 2197 2967 dalia
2226 2916 2280 2966 et
2309 2910 2525 2981 caligas
2559 2926 2660 2979 pro
2691 2909 2894 2964 eodem
2934 2909 3163 2981 videtur
3202 2908 3463 2978 accipere
3497 2922 3598 2981 per
3633 2908 3753 2962 hac

2041 2986 2217 3040 verba
2249 2998 2261 3036 :
2299 2978 2569 3049 Depositis
2600 2982 2836 3051 (inquit)
2877 2980 3279 3044 calceamentis,
3313 2993 3440 3050 quae
3468 2978 3503 3034 α
3532 2978 3763 3051 Septua-

2047 3058 2223 3127 ginta,
2256 3053 2530 3127 sandalia,
2568 3054 2626 3107 id
2672 3049 2750 3127 est
2796 3050 2992 3120 caligae
3038 3049 3335 3127 vocantur,
3382 3055 3495 3127 etc.
3552 3049 3765 3116 Caliga

2054 3120 2191 3183 item
2228 3143 2329 3196 pro
2361 3126 2573 3180 calceis
2607 3140 2639 3178 a
2675 3124 2837 3196 beato
2868 3127 3144 3194 Gregorio
3175 3123 3404 3194 Magno,
3438 3120 3539 3196 lib.
3564 3138 3605 3187 ι,
3638 3136 3764 3191 cap.

2058 3200 2089 3253 4
2118 3204 2175 3254 et
2203 3193 2304 3254 lib.
2340 3214 2422 3262 ιιι,
2447 3213 2570 3266 cap.
2596 3196 2668 3249 20
2686 3193 3061 3265 Dialogorum
3088 3193 3442 3266 sumuntur;
3470 3193 3649 3266 immo
3673 3207 3768 3266 se-

2057 3270 2389 3327 cundeloco
2412 3263 2581 3323 citato
2606 3268 2676 3322 de
2713 3263 3030 3337 caliginrum
3064 3265 3349 3337 cerrigiis,
3385 3280 3509 3337 qua;
3534 3263 3768 3337 calceis,

2060 3360 2175 3399 non
2215 3341 2516 3396 tibialibus
2566 3335 2941 3406 conveniunt,
2986 3335 3345 3392 mentionem
3394 3336 3548 3390 facit.
3611 3335 3773 3390 Adde

2059 3416 2237 3470 etiam
2277 3418 2425 3483 quod
2462 3411 2603 3465 illud
2665 3415 2941 3483 Actuum,
3004 3409 3206 3483 Calcee
3263 3416 3314 3483 te
3367 3408 3572 3477 caligas
3626 3411 3769 3483 tuas,

2060 3477 2692 3559 nonnisi'adpedeset
2743 3482 2814 3537 ad
2847 3482 3069 3559 calceos
3119 3480 3318 3559 referri
3370 3477 3807 3559 potestnnqui‘a

2059 3557 2313 3612 calceare
2344 3550 2451 3629 nil;
2476 3554 2842 3629 aliudquam
2873 3552 3097 3629 calceos
3134 3552 3407 3629 induere,
3442 3550 3772 3629 significat.

2062 3629 2205 3683 Hine
2236 3628 2389 3694 apud
2423 3618 2768 3681 Suetonium
2813 3624 2871 3677 in
2916 3622 3288 3693 Vespasiano,
3321 3621 3455 3692 equi
3501 3620 3588 3677 vel
3629 3618 3774 3673 muli

2060 3698 2304 3772 calceari
2338 3700 2635 3772 dicuntur,
2669 3712 2804 3752 cum
2838 3694 3014 3772 pedes
3046 3710 3245 3772 eorum
3278 3694 3557 3772 adversus
3608 3707 3773 3772 saxo-

2062 3788 2191 3825 rum
2227 3769 2500 3835 iniuriam
2538 3768 2923 3832 ferramentis,
2951 3782 3050 3821 seu
3076 3766 3253 3822 soleis
3277 3765 3474 3820 ferreis
3500 3765 3774 3835 muniun-

2061 3849 2177 3897 tur.
2213 3842 2318 3896 Per
2348 3840 2565 3911 caligas
2597 3838 2800 3911 igitur,
2832 3854 2977 3911 quas
3009 3837 3181 3911 etiam
3226 3836 3509 3900 Isidorus,
3539 3834 3642 3888 lib.
3675 3850 3774 3887 xxx

2062 3908 2558 3985 Etymologiarum
2591 3926 2715 3980 cap.
2742 3910 2832 3975 34,
2863 3910 3025 3985 inter_
3045 3908 3775 3985 calceamentorumgene-

2062 3975 2742 4057 ra'videturpnumera're,
2773 3990 2827 4035 et
2858 3997 2889 4034 a
2920 3978 3124 4057 caligis
3162 3975 3772 4057 caligarium'dictum

2062 4060 2253 4128 putat,
2269 4046 2978 4128 sandaliaintelliguntur.
2996 4046 3141 4128 .‘fam
3161 4046 3774 4128 Isidoruscaligarium

2063 4117 2179 4185 non
2204 4117 2409 4201 a'callo
2426 4127 2669 4201 pedum.
2691 4117 2987 4201 sedavece
3009 4122 3225 4186 Grmca,
3252 4120 3390 4201 calo,
3412 4119 3465 4174 id
3488 4117 3770 4201 estligno,

2064 4201 2219 4271 quod
2254 4193 2444 4254 Graeci
2469 4197 2532 4251 τὸ
2564 4195 2731 4250 κᾰλον
2752 4195 2993 4271 dicunt,
3023 4200 3431 4271 nuncupatum
3463 4193 3776 4271 Opinatur:

2065 4207 2219 4271 quod
2254 4207 2438 4254 Graeci
2469 4207 2532 4251 τὸ
2564 4207 2731 4250 κάλον
2768 4207 2993 4262 dicunt,
3028 4207 3431 4261 nuncupatum
3463 4207 3776 4316 opinatur:

2065 4272 2219 4327 unde
2252 4271 2647 4346 calopodium,
2679 4263 3417 4346 calceamentumligneum
3442 4275 3779 4346 vel-specus.

2066 4346 2174 4399 Per
2202 4333 2421 4413 caligas
2454 4333 2658 4414 itaque
2698 4340 2908 4414 rectius
2952 4335 3249 4414 sandglia,
3283 4349 3460 4414 quam
3502 4333 3781 4414 tibiarum

2072 4404 2435 4487 operimevnta
2480 4404 2855 4487 intelligenda
2904 4412 3061 4464 sunt.
3093 4404 3498 4487 Qued__au_tem
3549 4404 3781 4487 diaceni

2074 4474 2355 4543 sandaliis
2378 4474 2778 4557 interdumvuti
2800 4479 3230 4557 consueverint,
3253 4474 3784 4557 Albinusasive‘nl-

2073 4558 2285 4614 cuinus
2317 4558 2374 4612 in
2400 4557 2503 4611 lib.
2533 4557 2603 4611 de
2635 4555 2852 4610 Divinis
2880 4552 3276 4627 Officiis,_cap_.
3306 4549 3378 4605 de
3397 4547 3777 4627 signiﬁcatio-

2072 4630 2247 4685 nibus
2279 4629 2778 4691 vestimentorum,
2804 4631 2861 4681 et
2884 4616 3710 4699 Amalarius'Fertunatuslib.
3740 4632 3778 4670 ιι

2069 4703 2138 4756 de
2171 4700 2319 4756 Eccl.
2346 4700 2555 4755 officiis
2580 4716 2705 4766 cap.
2739 4699 2829 4765 25,
2854 4701 2911 4752 et
2933 4696 3029 4751 alii
3053 4700 3249 4762 aperte
3271 4696 3563 4766 fatentur;
3595 4696 3777 4766 immo

2066 4774 2244 4828 etiam
2278 4789 2309 4827 a
2352 4762 2704 4843 presbyteris
2735 4774 2792 4844 et
2819 4762 3204 4844 subdiaconis
3244 4762 3512 4844 sandalia
3549 4762 3775 4844 gestata

2066 4845 2207 4900 olim
2228 4832 2404 4899 fuisse
2424 4832 2796 4907 narrant,sed
2823 4841 2950 4896 sine
2972 4838 3265 4912 ligamine,
3289 4836 3361 4912 ad
3384 4832 3770 4912 dilferentiam

2068 4917 2475 4988 episcoporum
2495 4919 2552 4970 et
2572 4902 2975 4978 diaconerum,
3001 4902 3096 4988 qui
3121 4909 3177 4988 in
3210 4902 3492 4988 sandaliis
3514 4902 3767 4988 lliga‘men

2071 4976 2382 5044 habebant.
2416 4988 2689 5053 Quamvis
2714 4990 2908 5041 autem
2934 4976 3331 5055 sandaliorum
3348 4976 3600 5055 gestatio
3624 4976 3772 5055 tem-

2067 5040 2210 5132 pore
2226 5040 2387 5115 beati
2420 5040 2917 5132 GreériiMagni
2940 5040 3422 5132 _diacppis_veti"ta
3470 5040 3771 5132 fgissent?

2068 5116 2295 5199 deatur,
2330 5132 2428 5188 lib.
2462 5116 3043 5199 vn‘JRegistrifepist.‘
3077 5123 3146 5177 28
3201 5123 3268 5199 et_
3306 5134 3434 5199 can.
3492 5116 3773 5199 Pervenit,

2068 5183 2539 5270 disﬁt‘.—9,3,hidem
2567 5183 2763 5273 tamen
2813 5183 3128 5273 Grégorjus
3167 5191 3366 5273 eadem
3397 5191 3457 5243 in
3505 5183 3771 5273 epistola,

2067 5261 2469 5331 sandalierum
2505 5287 2675 5327 usum
2710 5266 2970 5323 diaconis
3005 5262 3265 5321 Ecclesiae
3306 5261 3701 5317 Messenensis
3744 5272 3779 5311 a

2068 5344 2590 5415 prmdecesseribus
2622 5341 2745 5415 suis
2770 5353 3114 5415 concessum
3138 5336 3277 5415 olim
3301 5333 3481 5415 fuisse
3505 5332 3775 5415 testatpr.

2066 5398 2510 5473 §andeliavero
2559 5412 2702 5467 inibi
2766 5409 3036 5480 cempagi
3084 5406 3451 5481 appellantur
3487 5420 3501 5459 :
3535 5402 3605 5456 ab
3649 5398 3778 5481 aliis

2065 5505 2197 5543 vero
2247 5486 2545 5557 cempagia
2593 5483 2831 5557 vocitari
2881 5478 3088 5557 solent.
3144 5478 3321 5557 Hodie
3364 5490 3495 5557 vero
3540 5478 3776 5557 nennisi

2067 5542 2337 5615 summus
2372 5542 2642 5627 pontifex,
2676 5553 2934 5625 episcOpi
2978 5558 3035 5607 et
3086 5550 3400 5628 presbyteri
3448 5542 3774 5628 cardinales

2066 5611 2351 5688 senda—liis
2372 5611 2448 5684 uti
2476 5611 2685 5693 solent,
2716 5611 2848 5697 quae
2865 5611 3130 5681 veterum
3156 5611 3437 5697 sandaliis
3463 5611 3775 5697 dissimilia

2066 5684 2208 5760 sunt
2226 5684 2249 5759 ἶ
2274 5684 2341 5758 ea
2371 5684 2527 5757 enim
2555 5684 2757 5756 subter
2778 5698 3007 5769 pedem,
3041 5697 3329 5766 integram
3354 5690 3570 5769 soleam
3594 5684 3773 5769 babe-

2066 5759 2229 5843 bant,
2263 5792 2441 5847 supra
2460 5790 2592 5847 vero
2611 5759 2833 5847 corium
2857 5759 3240 5847 fenestratu'm
3273 5779 3375 5819 seu
3393 5759 3787 5847 perlergtum,_

2066 5786 2229 5843 bant,
2263 5792 2441 5847 supra
2460 5790 2592 5831 vero
2611 5786 2833 5829 corium
2857 5786 3240 5826 tenestratum
3273 5786 3375 5819 seu
3393 5786 3787 5841 pur-uratum,

2066 5848 2174 5907 hcc
2204 5863 2345 5906 sane
2372 5845 2635 5920 symbolo
2666 5843 2822 5919 quod
2856 5842 3028 5915 pedes
3058 5838 3463 5913 episcoporum
3491 5835 3550 5886 et
3580 5786 4005 5927 dittogr
