  <div class='ocr_page' id='page_1' title='image "/cluster/home/n/w/nwhite01/storage/ocr_20150623/75/hvd.32044054758800/241.png"; bbox 0 0 4086 6166; ppageno 0'>
   <div class='ocr_carea' id='block_1_1' title="bbox 302 194 414 255">
    <p class='ocr_par' dir='ltr' id='par_1_1' title="bbox 302 194 414 255">
     <span class='ocr_line' id='line_1_1' title="bbox 302 194 414 255; baseline -0.027 0"><span class='ocrx_word' id='word_1_1' title='bbox 302 198 375 255; x_wconf 74' lang='lat'><strong>4&#39;1</strong></span> <span class='ocrx_word' id='word_1_2' title='bbox 390 194 414 252; x_wconf 82' lang='grc' dir='ltr'><strong>Ι</strong></span> 
     </span>
    </p>
   </div>
   <div class='ocr_carea' id='block_1_2' title="bbox 1320 190 2789 256">
    <p class='ocr_par' dir='ltr' id='par_1_2' title="bbox 1320 190 2789 256">
     <span class='ocr_line' id='line_1_2' title="bbox 1320 190 2789 256; baseline 0.001 -5"><span class='ocrx_word' id='word_1_3' title='bbox 1320 192 1422 253; x_wconf 86' lang='lat' dir='ltr'><strong>DE</strong></span> <span class='ocrx_word' id='word_1_4' title='bbox 1467 190 1928 254; x_wconf 83' lang='lat' dir='ltr'><strong>IMAGINIBUS</strong></span> <span class='ocrx_word' id='word_1_5' title='bbox 1977 190 2041 253; x_wconf 91' lang='lat' dir='ltr'><strong>S.</strong></span> <span class='ocrx_word' id='word_1_6' title='bbox 2087 192 2463 256; x_wconf 82' lang='lat' dir='ltr'><strong>GREGORII</strong></span> <span class='ocrx_word' id='word_1_7' title='bbox 2510 191 2789 254; x_wconf 86' lang='lat' dir='ltr'><strong>MAGNI.</strong></span> 
     </span>
    </p>
   </div>
   <div class='ocr_carea' id='block_1_3' title="bbox 3702 195 3827 256">
    <p class='ocr_par' dir='ltr' id='par_1_3' title="bbox 3702 195 3827 256">
     <span class='ocr_line' id='line_1_3' title="bbox 3702 195 3827 256; baseline 0.008 -1"><span class='ocrx_word' id='word_1_8' title='bbox 3702 195 3827 256; x_wconf 74' lang='grc'><strong>472</strong></span> 
     </span>
    </p>
   </div>
   <div class='ocr_carea' id='block_1_4' title="bbox 304 326 3829 402">
    <p class='ocr_par' dir='ltr' id='par_1_4' title="bbox 304 326 3829 402">
     <span class='ocr_line' id='line_1_4' title="bbox 304 326 3829 402; baseline 0 -17"><span class='ocrx_word' id='word_1_9' title='bbox 304 345 534 399; x_wconf 91' lang='lat' dir='ltr'><strong>norum,</strong></span> <span class='ocrx_word' id='word_1_10' title='bbox 576 345 677 387; x_wconf 86' lang='lat' dir='ltr'><strong>seu</strong></span> <span class='ocrx_word' id='word_1_11' title='bbox 718 328 1154 402; x_wconf 73' lang='lat' dir='ltr'><strong>praedicatorum</strong></span> <span class='ocrx_word' id='word_1_12' title='bbox 1205 328 1476 402; x_wconf 83' lang='lat' dir='ltr'><strong>(quorum</strong></span> <span class='ocrx_word' id='word_1_13' title='bbox 1515 328 1773 402; x_wconf 82' lang='lat' dir='ltr'><strong>ofﬁcium</strong></span> <span class='ocrx_word' id='word_1_14' title='bbox 1828 326 2001 382; x_wconf 90' lang='lat' dir='ltr'><strong>etiam</strong></span> <span class='ocrx_word' id='word_1_15' title='bbox 2037 328 2085 395; x_wconf 85' lang='grc' dir='ltr'><strong>Α</strong></span> <span class='ocrx_word' id='word_1_16' title='bbox 2123 327 2647 402; x_wconf 73' lang='lat' dir='ltr'><strong>Romani,_necnon</strong></span> <span class='ocrx_word' id='word_1_17' title='bbox 2682 326 3124 402; x_wconf 68' lang='lat' dir='ltr'><strong>martyresduo,</strong></span> <span class='ocrx_word' id='word_1_18' title='bbox 3153 326 3431 402; x_wconf 82' lang='lat' dir='ltr'><strong>sandaliis</strong></span> <span class='ocrx_word' id='word_1_19' title='bbox 3464 328 3705 398; x_wconf 89' lang='lat' dir='ltr'><strong>parvula</strong></span> <span class='ocrx_word' id='word_1_20' title='bbox 3736 331 3829 387; x_wconf 90' lang='lat' dir='ltr'><strong>ni-</strong></span> 
     </span>
    </p>
   </div>
   <div class='ocr_carea' id='block_1_5' title="bbox 303 400 2005 471">
    <p class='ocr_par' dir='ltr' id='par_1_5' title="bbox 303 400 2005 471">
     <span class='ocr_line' id='line_1_5' title="bbox 303 400 2005 471; baseline -0.003 -14"><span class='ocrx_word' id='word_1_21' title='bbox 303 403 565 458; x_wconf 88' lang='lat' dir='ltr'><strong>diaconis</strong></span> <span class='ocrx_word' id='word_1_22' title='bbox 595 400 731 457; x_wconf 77' lang='lat' dir='ltr'><strong>erat</strong></span> <span class='ocrx_word' id='word_1_23' title='bbox 748 402 1213 471; x_wconf 79' lang='lat' dir='ltr'><strong>demandatum),</strong></span> <span class='ocrx_word' id='word_1_24' title='bbox 1231 400 1429 455; x_wconf 85' lang='lat' dir='ltr'><strong>subter</strong></span> <span class='ocrx_word' id='word_1_25' title='bbox 1450 400 1724 454; x_wconf 72' lang='lat' dir='ltr'><strong>deberent</strong></span> <span class='ocrx_word' id='word_1_26' title='bbox 1744 416 1866 454; x_wconf 91' lang='lat' dir='ltr'><strong>esse</strong></span> <span class='ocrx_word' id='word_1_27' title='bbox 1881 416 2005 453; x_wconf 85' lang='lat' dir='ltr'><strong>mu-</strong></span> 
     </span>
    </p>
   </div>
   <div class='ocr_carea' id='block_1_6' title="bbox 303 472 2005 541">
    <p class='ocr_par' dir='ltr' id='par_1_6' title="bbox 303 472 2005 541">
     <span class='ocr_line' id='line_1_6' title="bbox 303 472 2005 541; baseline -0.001 -13"><span class='ocrx_word' id='word_1_28' title='bbox 303 475 433 532; x_wconf 87' lang='lat' dir='ltr'><strong>niti,</strong></span> <span class='ocrx_word' id='word_1_29' title='bbox 467 490 537 529; x_wconf 92' lang='lat' dir='ltr'><strong>ne</strong></span> <span class='ocrx_word' id='word_1_30' title='bbox 559 475 805 530; x_wconf 81' lang='lat' dir='ltr'><strong>terrenis</strong></span> <span class='ocrx_word' id='word_1_31' title='bbox 825 473 1129 528; x_wconf 80' lang='lat' dir='ltr'><strong>aiiectibus</strong></span> <span class='ocrx_word' id='word_1_32' title='bbox 1161 472 1595 541; x_wconf 88' lang='lat' dir='ltr'><strong>polluerentur;</strong></span> <span class='ocrx_word' id='word_1_33' title='bbox 1620 486 1850 525; x_wconf 79' lang='lat' dir='ltr'><strong>sursum</strong></span> <span class='ocrx_word' id='word_1_34' title='bbox 1872 486 2005 526; x_wconf 89' lang='lat' dir='ltr'><strong>vero</strong></span> 
     </span>
    </p>
   </div>
   <div class='ocr_carea' id='block_1_7' title="bbox 302 541 2009 617">
    <p class='ocr_par' dir='ltr' id='par_1_7' title="bbox 302 541 2009 617">
     <span class='ocr_line' id='line_1_7' title="bbox 302 541 2009 617; baseline -0.002 -16"><span class='ocrx_word' id='word_1_35' title='bbox 302 544 510 617; x_wconf 89' lang='lat' dir='ltr'><strong>aperti,</strong></span> <span class='ocrx_word' id='word_1_36' title='bbox 535 554 826 614; x_wconf 88' lang='lat' dir='ltr'><strong>quatenus</strong></span> <span class='ocrx_word' id='word_1_37' title='bbox 850 544 1257 617; x_wconf 72' lang='lat' dir='ltr'><strong>praedicatores</strong></span> <span class='ocrx_word' id='word_1_38' title='bbox 1278 544 1347 617; x_wconf 86' lang='lat' dir='ltr'><strong>ad</strong></span> <span class='ocrx_word' id='word_1_39' title='bbox 1380 541 1637 617; x_wconf 65' lang='lat' dir='ltr'><strong>scelestis</strong></span> <span class='ocrx_word' id='word_1_40' title='bbox 1649 559 2009 617; x_wconf 71' lang='lat' dir='ltr'><strong>cognoscen-</strong></span> 
     </span>
    </p>
   </div>
   <div class='ocr_carea' id='block_1_8' title="bbox 303 614 2006 688">
    <p class='ocr_par' dir='ltr' id='par_1_8' title="bbox 303 614 2006 688">
     <span class='ocr_line' id='line_1_8' title="bbox 303 614 2006 688; baseline -0.002 -16"><span class='ocrx_word' id='word_1_41' title='bbox 303 614 396 677; x_wconf 79' lang='lat' dir='ltr'><strong>da,</strong></span> <span class='ocrx_word' id='word_1_42' title='bbox 450 633 673 673; x_wconf 82' lang='lat' dir='ltr'><strong>necnon</strong></span> <span class='ocrx_word' id='word_1_43' title='bbox 722 614 1102 688; x_wconf 10' lang='lat' dir='ltr'><strong>adimysteria</strong></span> <span class='ocrx_word' id='word_1_44' title='bbox 1150 614 1449 688; x_wconf 86' lang='lat' dir='ltr'><strong>revelanda</strong></span> <span class='ocrx_word' id='word_1_45' title='bbox 1496 618 1554 667; x_wconf 94' lang='lat' dir='ltr'><strong>et</strong></span> <span class='ocrx_word' id='word_1_46' title='bbox 1584 614 1766 688; x_wconf 27' lang='lat'><strong>321”</strong></span> <span class='ocrx_word' id='word_1_47' title='bbox 1801 615 2006 685; x_wconf 66' lang='lat' dir='ltr'><strong>praedi-</strong></span> 
     </span>
    </p>
   </div>
   <div class='ocr_carea' id='block_1_9' title="bbox 302 685 2007 759">
    <p class='ocr_par' dir='ltr' id='par_1_9' title="bbox 302 685 2007 759">
     <span class='ocr_line' id='line_1_9' title="bbox 302 685 2007 759; baseline -0.003 -15"><span class='ocrx_word' id='word_1_48' title='bbox 302 691 506 755; x_wconf 87' lang='lat' dir='ltr'><strong>canda,</strong></span> <span class='ocrx_word' id='word_1_49' title='bbox 538 690 685 744; x_wconf 81' lang='lat' dir='ltr'><strong>tales</strong></span> <span class='ocrx_word' id='word_1_50' title='bbox 716 694 773 743; x_wconf 89' lang='lat' dir='ltr'><strong>et</strong></span> <span class='ocrx_word' id='word_1_51' title='bbox 805 685 917 759; x_wconf 86' lang='lat' dir='ltr'><strong>ipsi</strong></span> <span class='ocrx_word' id='word_1_52' title='bbox 950 689 1155 759; x_wconf 86' lang='lat' dir='ltr'><strong>forent.</strong></span> <span class='ocrx_word' id='word_1_53' title='bbox 1188 687 1371 755; x_wconf 84' lang='lat' dir='ltr'><strong>Hujus</strong></span> <span class='ocrx_word' id='word_1_54' title='bbox 1402 685 1630 759; x_wconf 80' lang='lat' dir='ltr'><strong>generis</strong></span> <span class='ocrx_word' id='word_1_55' title='bbox 1662 685 1876 758; x_wconf 76' lang='lat' dir='ltr'><strong>caligas</strong></span> <span class='ocrx_word' id='word_1_56' title='bbox 1907 690 2007 741; x_wconf 89' lang='lat' dir='ltr'><strong>aut</strong></span> 
     </span>
    </p>
   </div>
   <div class='ocr_carea' id='block_1_10' title="bbox 303 756 2006 825">
    <p class='ocr_par' dir='ltr' id='par_1_10' title="bbox 303 756 2006 825">
     <span class='ocr_line' id='line_1_10' title="bbox 303 756 2006 825; baseline -0.003 -10"><span class='ocrx_word' id='word_1_57' title='bbox 303 762 570 816; x_wconf 89' lang='lat' dir='ltr'><strong>sandalia</strong></span> <span class='ocrx_word' id='word_1_58' title='bbox 593 756 867 816; x_wconf 81' lang='lat' dir='ltr'><strong>Gordiani</strong></span> <span class='ocrx_word' id='word_1_59' title='bbox 904 758 1084 812; x_wconf 85' lang='lat' dir='ltr'><strong>fuisse</strong></span> <span class='ocrx_word' id='word_1_60' title='bbox 1114 759 1440 825; x_wconf 74' lang='lat' dir='ltr'><strong>conjectare</strong></span> <span class='ocrx_word' id='word_1_61' title='bbox 1480 756 1615 810; x_wconf 89' lang='lat' dir='ltr'><strong>licet</strong></span> <span class='ocrx_word' id='word_1_62' title='bbox 1646 774 1658 811; x_wconf 87' lang='lat'>:</span> <span class='ocrx_word' id='word_1_63' title='bbox 1691 756 2006 823; x_wconf 29' lang='lat' dir='ltr'><strong>sin‘secus,</strong></span> 
     </span>
    </p>
   </div>
   <div class='ocr_carea' id='block_1_11' title="bbox 308 827 2005 901">
    <p class='ocr_par' dir='ltr' id='par_1_11' title="bbox 308 827 2005 901">
     <span class='ocr_line' id='line_1_11' title="bbox 308 827 2005 901; baseline -0.002 -15"><span class='ocrx_word' id='word_1_64' title='bbox 308 831 453 886; x_wconf 88' lang='lat' dir='ltr'><strong>nihil</strong></span> <span class='ocrx_word' id='word_1_65' title='bbox 473 841 591 887; x_wconf 88' lang='lat' dir='ltr'><strong>erat</strong></span> <span class='ocrx_word' id='word_1_66' title='bbox 612 832 766 901; x_wconf 90' lang='lat' dir='ltr'><strong>quod</strong></span> <span class='ocrx_word' id='word_1_67' title='bbox 787 831 1037 885; x_wconf 85' lang='lat' dir='ltr'><strong>Joannes</strong></span> <span class='ocrx_word' id='word_1_68' title='bbox 1062 830 1346 883; x_wconf 89' lang='lat' dir='ltr'><strong>Diaconus</strong></span> <span class='ocrx_word' id='word_1_69' title='bbox 1364 830 1436 883; x_wconf 92' lang='lat' dir='ltr'><strong>de</strong></span> <span class='ocrx_word' id='word_1_70' title='bbox 1456 828 1868 901; x_wconf 89' lang='lat' dir='ltr'><strong>communibus</strong></span> <span class='ocrx_word' id='word_1_71' title='bbox 1891 827 2005 882; x_wconf 90' lang='lat' dir='ltr'><strong>cal-</strong></span> 
     </span>
    </p>
   </div>
   <div class='ocr_carea' id='block_1_12' title="bbox 302 900 2005 972">
    <p class='ocr_par' dir='ltr' id='par_1_12' title="bbox 302 900 2005 972">
     <span class='ocr_line' id='line_1_12' title="bbox 302 900 2005 972; baseline -0.004 -14"><span class='ocrx_word' id='word_1_72' title='bbox 302 905 613 959; x_wconf 90' lang='lat' dir='ltr'><strong>ceamentis</strong></span> <span class='ocrx_word' id='word_1_73' title='bbox 628 900 989 972; x_wconf 80' lang='lat' dir='ltr'><strong>itaexpresse</strong></span> <span class='ocrx_word' id='word_1_74' title='bbox 1001 906 1057 955; x_wconf 90' lang='lat' dir='ltr'><strong>et</strong></span> <span class='ocrx_word' id='word_1_75' title='bbox 1070 900 1375 970; x_wconf 80' lang='lat' dir='ltr'><strong>insigniter</strong></span> <span class='ocrx_word' id='word_1_76' title='bbox 1388 900 1741 955; x_wconf 85' lang='lat' dir='ltr'><strong>mentionem</strong></span> <span class='ocrx_word' id='word_1_77' title='bbox 1758 900 2005 955; x_wconf 81' lang='lat' dir='ltr'><strong>fecisset.</strong></span> 
     </span>
    </p>
   </div>
   <div class='ocr_carea' id='block_1_13' title="bbox 378 972 2005 1043">
    <p class='ocr_par' dir='ltr' id='par_1_13' title="bbox 378 972 2005 1043">
     <span class='ocr_line' id='line_1_13' title="bbox 378 972 2005 1043; baseline -0.003 -14"><span class='ocrx_word' id='word_1_78' title='bbox 378 975 491 1029; x_wconf 79' lang='lat' dir='ltr'><strong>Hoc</strong></span> <span class='ocrx_word' id='word_1_79' title='bbox 524 975 646 1029; x_wconf 92' lang='lat' dir='ltr'><strong>loco</strong></span> <span class='ocrx_word' id='word_1_80' title='bbox 686 973 873 1027; x_wconf 85' lang='lat' dir='ltr'><strong>facere</strong></span> <span class='ocrx_word' id='word_1_81' title='bbox 912 988 1034 1043; x_wconf 89' lang='lat' dir='ltr'><strong>non</strong></span> <span class='ocrx_word' id='word_1_82' title='bbox 1070 988 1335 1043; x_wconf 90' lang='lat' dir='ltr'><strong>possum,</strong></span> <span class='ocrx_word' id='word_1_83' title='bbox 1376 973 1516 1040; x_wconf 90' lang='lat' dir='ltr'><strong>quin</strong></span> <span class='ocrx_word' id='word_1_84' title='bbox 1561 972 1827 1036; x_wconf 83' lang='lat' dir='ltr'><strong>admirer,</strong></span> <span class='ocrx_word' id='word_1_85' title='bbox 1872 986 2005 1026; x_wconf 90' lang='lat' dir='ltr'><strong>cum</strong></span> 
     </span>
    </p>
   </div>
   <div class='ocr_carea' id='block_1_14' title="bbox 299 1042 2007 1114">
    <p class='ocr_par' dir='ltr' id='par_1_14' title="bbox 299 1042 2007 1114">
     <span class='ocr_line' id='line_1_14' title="bbox 299 1042 2007 1114; baseline -0.001 -16"><span class='ocrx_word' id='word_1_86' title='bbox 299 1048 555 1101; x_wconf 80' lang='lat' dir='ltr'><strong>Joannes</strong></span> <span class='ocrx_word' id='word_1_87' title='bbox 592 1045 899 1109; x_wconf 80' lang='lat' dir='ltr'><strong>Diaconos,</strong></span> <span class='ocrx_word' id='word_1_88' title='bbox 941 1042 1043 1114; x_wconf 88' lang='lat' dir='ltr'><strong>qui</strong></span> <span class='ocrx_word' id='word_1_89' title='bbox 1082 1042 1270 1098; x_wconf 83' lang='lat' dir='ltr'><strong>dictas</strong></span> <span class='ocrx_word' id='word_1_90' title='bbox 1315 1043 1605 1113; x_wconf 85' lang='lat' dir='ltr'><strong>imagines</strong></span> <span class='ocrx_word' id='word_1_91' title='bbox 1654 1048 1853 1099; x_wconf 85' lang='lat' dir='ltr'><strong>exacte</strong></span> <span class='ocrx_word' id='word_1_92' title='bbox 1902 1043 2007 1096; x_wconf 90' lang='lat' dir='ltr'><strong>de-</strong></span> 
     </span>
    </p>
   </div>
   <div class='ocr_carea' id='block_1_15' title="bbox 300 1115 2007 1187">
    <p class='ocr_par' dir='ltr' id='par_1_15' title="bbox 300 1115 2007 1187">
     <span class='ocr_line' id='line_1_15' title="bbox 300 1115 2007 1187; baseline -0.001 -18"><span class='ocrx_word' id='word_1_93' title='bbox 300 1116 536 1187; x_wconf 84' lang='lat' dir='ltr'><strong>scripsit</strong></span> <span class='ocrx_word' id='word_1_94' title='bbox 571 1120 654 1187; x_wconf 15' lang='lat' dir='ltr'><strong>iut</strong></span> <span class='ocrx_word' id='word_1_95' title='bbox 704 1115 919 1187; x_wconf 86' lang='lat' dir='ltr'><strong>multas</strong></span> <span class='ocrx_word' id='word_1_96' title='bbox 978 1115 1315 1170; x_wconf 84' lang='lat' dir='ltr'><strong>earumdem</strong></span> <span class='ocrx_word' id='word_1_97' title='bbox 1366 1115 1647 1187; x_wconf 82' lang='lat' dir='ltr'><strong>minutias</strong></span> <span class='ocrx_word' id='word_1_98' title='bbox 1705 1128 2007 1187; x_wconf 82' lang='lat' dir='ltr'><strong>expresse-</strong></span> 
     </span>
    </p>
   </div>
   <div class='ocr_carea' id='block_1_16' title="bbox 302 1184 2008 1253">
    <p class='ocr_par' dir='ltr' id='par_1_16' title="bbox 302 1184 2008 1253">
     <span class='ocr_line' id='line_1_16' title="bbox 302 1184 2008 1253; baseline -0.001 -13"><span class='ocrx_word' id='word_1_99' title='bbox 302 1184 708 1253; x_wconf 53' lang='lat' dir='ltr'><strong>ritfsandalia</strong></span> <span class='ocrx_word' id='word_1_100' title='bbox 745 1186 1024 1242; x_wconf 85' lang='lat' dir='ltr'><strong>Gordiani</strong></span> <span class='ocrx_word' id='word_1_101' title='bbox 1067 1187 1561 1253; x_wconf 86' lang='lat' dir='ltr'><strong>commemorarit,</strong></span> <span class='ocrx_word' id='word_1_102' title='bbox 1611 1186 1683 1240; x_wconf 88' lang='lat' dir='ltr'><strong>de</strong></span> <span class='ocrx_word' id='word_1_103' title='bbox 1725 1184 2008 1239; x_wconf 84' lang='lat' dir='ltr'><strong>sandaliis</strong></span> 
     </span>
    </p>
   </div>
   <div class='ocr_carea' id='block_1_17' title="bbox 300 1256 2004 1329">
    <p class='ocr_par' dir='ltr' id='par_1_17' title="bbox 300 1256 2004 1329">
     <span class='ocr_line' id='line_1_17' title="bbox 300 1256 2004 1329; baseline 0 -18"><span class='ocrx_word' id='word_1_104' title='bbox 300 1263 489 1314; x_wconf 90' lang='lat' dir='ltr'><strong>autem</strong></span> <span class='ocrx_word' id='word_1_105' title='bbox 524 1259 674 1314; x_wconf 89' lang='lat' dir='ltr'><strong>beati</strong></span> <span class='ocrx_word' id='word_1_106' title='bbox 708 1256 961 1327; x_wconf 84' lang='lat' dir='ltr'><strong>Gregorii</strong></span> <span class='ocrx_word' id='word_1_107' title='bbox 996 1257 1217 1313; x_wconf 89' lang='lat' dir='ltr'><strong>nullam</strong></span> <span class='ocrx_word' id='word_1_108' title='bbox 1263 1258 1490 1329; x_wconf 88' lang='lat' dir='ltr'><strong>penitus</strong></span> <span class='ocrx_word' id='word_1_109' title='bbox 1524 1257 2004 1329; x_wconf 10' lang='lat' dir='ltr'><strong>feceritimentio-</strong></span> 
     </span>
    </p>
   </div>
   <div class='ocr_carea' id='block_1_18' title="bbox 299 1327 2005 1393">
    <p class='ocr_par' dir='ltr' id='par_1_18' title="bbox 299 1327 2005 1393">
     <span class='ocr_line' id='line_1_18' title="bbox 299 1327 2005 1393; baseline -0.001 -10"><span class='ocrx_word' id='word_1_110' title='bbox 299 1343 455 1385; x_wconf 91' lang='lat' dir='ltr'><strong>nem.</strong></span> <span class='ocrx_word' id='word_1_111' title='bbox 489 1330 756 1393; x_wconf 87' lang='lat' dir='ltr'><strong>Quonam</strong></span> <span class='ocrx_word' id='word_1_112' title='bbox 787 1334 981 1384; x_wconf 87' lang='lat' dir='ltr'><strong>autem</strong></span> <span class='ocrx_word' id='word_1_113' title='bbox 1026 1331 1200 1384; x_wconf 89' lang='lat' dir='ltr'><strong>modo</strong></span> <span class='ocrx_word' id='word_1_114' title='bbox 1244 1327 1396 1383; x_wconf 77' lang='lat' dir='ltr'><strong>hunc</strong></span> <span class='ocrx_word' id='word_1_115' title='bbox 1428 1328 1645 1383; x_wconf 90' lang='lat' dir='ltr'><strong>nodum</strong></span> <span class='ocrx_word' id='word_1_116' title='bbox 1689 1327 2005 1383; x_wconf 87' lang='lat' dir='ltr'><strong>dissolvere</strong></span> 
     </span>
    </p>
   </div>
   <div class='ocr_carea' id='block_1_19' title="bbox 304 1400 2007 1473">
    <p class='ocr_par' dir='ltr' id='par_1_19' title="bbox 304 1400 2007 1473">
     <span class='ocr_line' id='line_1_19' title="bbox 304 1400 2007 1473; baseline -0.001 -18"><span class='ocrx_word' id='word_1_117' title='bbox 304 1416 533 1471; x_wconf 87' lang='lat' dir='ltr'><strong>queam,</strong></span> <span class='ocrx_word' id='word_1_118' title='bbox 574 1402 800 1473; x_wconf 86' lang='lat' dir='ltr'><strong>ignoro,</strong></span> <span class='ocrx_word' id='word_1_119' title='bbox 836 1401 947 1455; x_wconf 89' lang='lat' dir='ltr'><strong>nisi</strong></span> <span class='ocrx_word' id='word_1_120' title='bbox 982 1401 1038 1455; x_wconf 88' lang='lat' dir='ltr'><strong>id</strong></span> <span class='ocrx_word' id='word_1_121' title='bbox 1081 1400 1379 1473; x_wconf 81' lang='lat' dir='ltr'><strong>memoriae</strong></span> <span class='ocrx_word' id='word_1_122' title='bbox 1411 1400 1576 1471; x_wconf 89' lang='lat' dir='ltr'><strong>lapsu</strong></span> <span class='ocrx_word' id='word_1_123' title='bbox 1622 1400 1838 1454; x_wconf 85' lang='lat' dir='ltr'><strong>factum</strong></span> <span class='ocrx_word' id='word_1_124' title='bbox 1879 1414 2007 1473; x_wconf 83' lang='lat' dir='ltr'><strong>esse</strong></span> 
     </span>
    </p>
   </div>
   <div class='ocr_carea' id='block_1_20' title="bbox 300 1470 2005 1543">
    <p class='ocr_par' dir='ltr' id='par_1_20' title="bbox 300 1470 2005 1543">
     <span class='ocr_line' id='line_1_20' title="bbox 300 1470 2005 1543; baseline -0.001 -17"><span class='ocrx_word' id='word_1_125' title='bbox 300 1475 507 1528; x_wconf 86' lang='lat' dir='ltr'><strong>dicam.</strong></span> <span class='ocrx_word' id='word_1_126' title='bbox 546 1470 689 1529; x_wconf 69' lang='lat' dir='ltr'><strong>Hinc</strong></span> <span class='ocrx_word' id='word_1_127' title='bbox 710 1473 885 1529; x_wconf 85' lang='lat' dir='ltr'><strong>calcei</strong></span> <span class='ocrx_word' id='word_1_128' title='bbox 926 1473 1080 1527; x_wconf 89' lang='lat' dir='ltr'><strong>beati</strong></span> <span class='ocrx_word' id='word_1_129' title='bbox 1126 1472 1409 1543; x_wconf 82' lang='lat' dir='ltr'><strong>Gregorii,</strong></span> <span class='ocrx_word' id='word_1_130' title='bbox 1456 1470 1595 1525; x_wconf 88' lang='lat' dir='ltr'><strong>num</strong></span> <span class='ocrx_word' id='word_1_131' title='bbox 1632 1473 1689 1525; x_wconf 92' lang='lat' dir='ltr'><strong>in</strong></span> <span class='ocrx_word' id='word_1_132' title='bbox 1717 1470 2005 1543; x_wconf 86' lang='lat' dir='ltr'><strong>superiori</strong></span> 
     </span>
    </p>
   </div>
   <div class='ocr_carea' id='block_1_21' title="bbox 300 1542 2006 1615">
    <p class='ocr_par' dir='ltr' id='par_1_21' title="bbox 300 1542 2006 1615">
     <span class='ocr_line' id='line_1_21' title="bbox 300 1542 2006 1615; baseline -0.001 -17"><span class='ocrx_word' id='word_1_133' title='bbox 300 1549 463 1615; x_wconf 88' lang='lat' dir='ltr'><strong>parte</strong></span> <span class='ocrx_word' id='word_1_134' title='bbox 492 1545 790 1601; x_wconf 86' lang='lat' dir='ltr'><strong>fenestrati</strong></span> <span class='ocrx_word' id='word_1_135' title='bbox 822 1548 923 1598; x_wconf 86' lang='lat' dir='ltr'><strong>aut</strong></span> <span class='ocrx_word' id='word_1_136' title='bbox 954 1542 1263 1614; x_wconf 65' lang='lat' dir='ltr'><strong>perforati,</strong></span> <span class='ocrx_word' id='word_1_137' title='bbox 1284 1560 1505 1599; x_wconf 89' lang='lat' dir='ltr'><strong>necnon</strong></span> <span class='ocrx_word' id='word_1_138' title='bbox 1541 1558 1710 1597; x_wconf 88' lang='lat' dir='ltr'><strong>cruce</strong></span> <span class='ocrx_word' id='word_1_139' title='bbox 1741 1542 2006 1615; x_wconf 88' lang='lat' dir='ltr'><strong>insigniti</strong></span> 
     </span>
    </p>
   </div>
   <div class='ocr_carea' id='block_1_22' title="bbox 296 1614 2004 1694">
    <p class='ocr_par' dir='ltr' id='par_1_22' title="bbox 296 1614 2004 1694">
     <span class='ocr_line' id='line_1_22' title="bbox 296 1614 2004 1694; baseline -0.001 -25"><span class='ocrx_word' id='word_1_140' title='bbox 296 1614 611 1694; x_wconf 75' lang='lat' dir='ltr'><strong>efﬁngendi</strong></span> <span class='ocrx_word' id='word_1_141' title='bbox 643 1616 955 1694; x_wconf 77' lang='lat' dir='ltr'><strong>essent_(ut</strong></span> <span class='ocrx_word' id='word_1_142' title='bbox 986 1615 1095 1670; x_wconf 89' lang='lat' dir='ltr'><strong>hac</strong></span> <span class='ocrx_word' id='word_1_143' title='bbox 1128 1622 1327 1670; x_wconf 88' lang='lat' dir='ltr'><strong>nostra</strong></span> <span class='ocrx_word' id='word_1_144' title='bbox 1357 1615 1674 1694; x_wconf 53' lang='lat' dir='ltr'><strong>aetatefieri</strong></span> <span class='ocrx_word' id='word_1_145' title='bbox 1708 1614 1876 1694; x_wconf 81' lang='lat' dir='ltr'><strong>solet)</strong></span> <span class='ocrx_word' id='word_1_146' title='bbox 1900 1630 2004 1694; x_wconf 79' lang='lat' dir='ltr'><strong>an-</strong></span> 
     </span>
    </p>
   </div>
   <div class='ocr_carea' id='block_1_23' title="bbox 295 1686 1997 1757">
    <p class='ocr_par' dir='ltr' id='par_1_23' title="bbox 295 1686 1997 1757">
     <span class='ocr_line' id='line_1_23' title="bbox 295 1686 1997 1757; baseline -0.002 -16"><span class='ocrx_word' id='word_1_147' title='bbox 295 1702 430 1753; x_wconf 89' lang='lat' dir='ltr'><strong>ceps</strong></span> <span class='ocrx_word' id='word_1_148' title='bbox 479 1689 729 1756; x_wconf 77' lang='lat' dir='ltr'><strong>profecto</strong></span> <span class='ocrx_word' id='word_1_149' title='bbox 782 1688 899 1753; x_wconf 84' lang='lat' dir='ltr'><strong>fui;</strong></span> <span class='ocrx_word' id='word_1_150' title='bbox 936 1697 1230 1756; x_wconf 83' lang='lat' dir='ltr'><strong>propterea</strong></span> <span class='ocrx_word' id='word_1_151' title='bbox 1263 1686 1687 1757; x_wconf 17' lang='lat' dir='ltr'><strong>quodicalceos</strong></span> <span class='ocrx_word' id='word_1_152' title='bbox 1736 1686 1892 1757; x_wconf 88' lang='lat' dir='ltr'><strong>ipsos</strong></span> <span class='ocrx_word' id='word_1_153' title='bbox 1941 1686 1997 1757; x_wconf 89' lang='lat' dir='ltr'><strong>in</strong></span> 
     </span>
    </p>
   </div>
   <div class='ocr_carea' id='block_1_24' title="bbox 298 1756 1994 1825">
    <p class='ocr_par' dir='ltr' id='par_1_24' title="bbox 298 1756 1994 1825">
     <span class='ocr_line' id='line_1_24' title="bbox 298 1756 1994 1825; baseline -0.003 -12"><span class='ocrx_word' id='word_1_154' title='bbox 298 1758 546 1813; x_wconf 69' lang='lat' dir='ltr'><strong>radicula</strong></span> <span class='ocrx_word' id='word_1_155' title='bbox 575 1758 756 1814; x_wconf 89' lang='lat' dir='ltr'><strong>sancti</strong></span> <span class='ocrx_word' id='word_1_156' title='bbox 792 1759 1033 1813; x_wconf 64' lang='lat' dir='ltr'><strong>Andreas</strong></span> <span class='ocrx_word' id='word_1_157' title='bbox 1073 1756 1295 1813; x_wconf 81' lang='lat' dir='ltr'><strong>neutro</strong></span> <span class='ocrx_word' id='word_1_158' title='bbox 1321 1756 1494 1811; x_wconf 91' lang='lat' dir='ltr'><strong>modo</strong></span> <span class='ocrx_word' id='word_1_159' title='bbox 1545 1758 1731 1825; x_wconf 89' lang='lat' dir='ltr'><strong>pictos</strong></span> <span class='ocrx_word' id='word_1_160' title='bbox 1782 1756 1994 1810; x_wconf 89' lang='lat' dir='ltr'><strong>inveni.</strong></span> 
     </span>
    </p>
   </div>
   <div class='ocr_carea' id='block_1_25' title="bbox 297 1826 1998 1902">
    <p class='ocr_par' dir='ltr' id='par_1_25' title="bbox 297 1826 1998 1902">
     <span class='ocr_line' id='line_1_25' title="bbox 297 1826 1998 1902; baseline -0.001 -20"><span class='ocrx_word' id='word_1_161' title='bbox 297 1828 794 1902; x_wconf 82' lang='lat' dir='ltr'><strong>Quamvisautem</strong></span> <span class='ocrx_word' id='word_1_162' title='bbox 826 1828 1118 1899; x_wconf 88' lang='lat' dir='ltr'><strong>Josephus</strong></span> <span class='ocrx_word' id='word_1_163' title='bbox 1146 1830 1478 1902; x_wconf 84' lang='lat' dir='ltr'><strong>Stephanus</strong></span> <span class='ocrx_word' id='word_1_164' title='bbox 1495 1826 1998 1902; x_wconf 74' lang='lat' dir='ltr'><strong>Valentinu_s,_epi-</strong></span> 
     </span>
    </p>
   </div>
   <div class='ocr_carea' id='block_1_26' title="bbox 297 1897 1995 1972">
    <p class='ocr_par' dir='ltr' id='par_1_26' title="bbox 297 1897 1995 1972">
     <span class='ocr_line' id='line_1_26' title="bbox 297 1897 1995 1972; baseline -0.001 -18"><span class='ocrx_word' id='word_1_165' title='bbox 297 1915 510 1972; x_wconf 87' lang='lat' dir='ltr'><strong>scopus</strong></span> <span class='ocrx_word' id='word_1_166' title='bbox 540 1901 681 1956; x_wconf 92' lang='lat' dir='ltr'><strong>olim</strong></span> <span class='ocrx_word' id='word_1_167' title='bbox 702 1897 1010 1967; x_wconf 83' lang='lat' dir='ltr'><strong>Vestanus,</strong></span> <span class='ocrx_word' id='word_1_168' title='bbox 1046 1916 1190 1955; x_wconf 88' lang='lat' dir='ltr'><strong>nunc</strong></span> <span class='ocrx_word' id='word_1_169' title='bbox 1219 1897 1355 1957; x_wconf 77' lang='lat' dir='ltr'><strong>vero</strong></span> <span class='ocrx_word' id='word_1_170' title='bbox 1385 1901 1694 1972; x_wconf 83' lang='lat' dir='ltr'><strong>episcopus</strong></span> <span class='ocrx_word' id='word_1_171' title='bbox 1718 1897 1995 1972; x_wconf 82' lang='lat' dir='ltr'><strong>Oriolen.,</strong></span> 
     </span>
    </p>
   </div>
   <div class='ocr_carea' id='block_1_27' title="bbox 302 1970 1996 2039">
    <p class='ocr_par' dir='ltr' id='par_1_27' title="bbox 302 1970 1996 2039">
     <span class='ocr_line' id='line_1_27' title="bbox 302 1970 1996 2039; baseline 0 -15"><span class='ocrx_word' id='word_1_172' title='bbox 302 1970 559 2028; x_wconf 56' lang='lat' dir='ltr'><strong>vir&#39;sane</strong></span> <span class='ocrx_word' id='word_1_173' title='bbox 590 1973 983 2039; x_wconf 88' lang='lat' dir='ltr'><strong>doctissimus,</strong></span> <span class='ocrx_word' id='word_1_174' title='bbox 1016 1972 1075 2028; x_wconf 90' lang='lat' dir='ltr'><strong>in</strong></span> <span class='ocrx_word' id='word_1_175' title='bbox 1098 1972 1247 2028; x_wconf 91' lang='lat' dir='ltr'><strong>libro</strong></span> <span class='ocrx_word' id='word_1_176' title='bbox 1276 1974 1344 2027; x_wconf 91' lang='lat' dir='ltr'><strong>de</strong></span> <span class='ocrx_word' id='word_1_177' title='bbox 1375 1971 1747 2027; x_wconf 90' lang='lat' dir='ltr'><strong>Osculatione</strong></span> <span class='ocrx_word' id='word_1_178' title='bbox 1785 1970 1996 2037; x_wconf 91' lang='lat' dir='ltr'><strong>pedum</strong></span> 
     </span>
    </p>
   </div>
   <div class='ocr_carea' id='block_1_28' title="bbox 298 2040 1988 2115">
    <p class='ocr_par' dir='ltr' id='par_1_28' title="bbox 298 2040 1988 2115">
     <span class='ocr_line' id='line_1_28' title="bbox 298 2040 1988 2115; baseline -0.001 -18"><span class='ocrx_word' id='word_1_179' title='bbox 298 2042 547 2115; x_wconf 82' lang='lat' dir='ltr'><strong>Romani</strong></span> <span class='ocrx_word' id='word_1_180' title='bbox 579 2044 893 2115; x_wconf 83' lang='lat' dir='ltr'><strong>pontificis,</strong></span> <span class='ocrx_word' id='word_1_181' title='bbox 926 2060 1053 2114; x_wconf 85' lang='lat' dir='ltr'><strong>cap.</strong></span> <span class='ocrx_word' id='word_1_182' title='bbox 1088 2044 1173 2109; x_wconf 90' lang='grc'><strong>18,</strong></span> <span class='ocrx_word' id='word_1_183' title='bbox 1208 2045 1487 2115; x_wconf 86' lang='lat' dir='ltr'><strong>adversus</strong></span> <span class='ocrx_word' id='word_1_184' title='bbox 1520 2040 1729 2115; x_wconf 80' lang='lat' dir='ltr'><strong>Papirii</strong></span> <span class='ocrx_word' id='word_1_185' title='bbox 1772 2041 1988 2115; x_wconf 53' lang='lat' dir='ltr'><strong>Masso.</strong></span> 
     </span>
    </p>
   </div>
   <div class='ocr_carea' id='block_1_29' title="bbox 296 2112 1996 2185">
    <p class='ocr_par' dir='ltr' id='par_1_29' title="bbox 296 2112 1996 2185">
     <span class='ocr_line' id='line_1_29' title="bbox 296 2112 1996 2185; baseline -0.001 -16"><span class='ocrx_word' id='word_1_186' title='bbox 296 2116 390 2169; x_wconf 88' lang='lat' dir='ltr'><strong>nis</strong></span> <span class='ocrx_word' id='word_1_187' title='bbox 421 2112 822 2181; x_wconf 83' lang='lat' dir='ltr'><strong>calliditatem,</strong></span> <span class='ocrx_word' id='word_1_188' title='bbox 857 2112 1029 2169; x_wconf 87' lang='lat' dir='ltr'><strong>usum</strong></span> <span class='ocrx_word' id='word_1_189' title='bbox 1071 2112 1637 2185; x_wconf 9' lang='lat' dir='ltr'><strong>gestandirsandalia</strong></span> <span class='ocrx_word' id='word_1_190' title='bbox 1678 2113 1996 2184; x_wconf 78' lang='lat' dir='ltr'><strong>pontificis,</strong></span> 
     </span>
    </p>
   </div>
   <div class='ocr_carea' id='block_1_30' title="bbox 292 2184 1997 2259">
    <p class='ocr_par' dir='ltr' id='par_1_30' title="bbox 292 2184 1997 2259">
     <span class='ocr_line' id='line_1_30' title="bbox 292 2184 1997 2259; baseline -0.001 -20"><span class='ocrx_word' id='word_1_191' title='bbox 292 2201 461 2259; x_wconf 85' lang='lat' dir='ltr'><strong>cruce</strong></span> <span class='ocrx_word' id='word_1_192' title='bbox 484 2187 785 2259; x_wconf 86' lang='lat' dir='ltr'><strong>insignita,</strong></span> <span class='ocrx_word' id='word_1_193' title='bbox 809 2184 1262 2259; x_wconf 83' lang='lat' dir='ltr'><strong>vetustissimum</strong></span> <span class='ocrx_word' id='word_1_194' title='bbox 1284 2184 1463 2259; x_wconf 86' lang='lat' dir='ltr'><strong>fuisse</strong></span> <span class='ocrx_word' id='word_1_195' title='bbox 1485 2202 1586 2255; x_wconf 90' lang='lat' dir='ltr'><strong>per</strong></span> <span class='ocrx_word' id='word_1_196' title='bbox 1599 2185 1853 2255; x_wconf 88' lang='lat' dir='ltr'><strong>picturas</strong></span> <span class='ocrx_word' id='word_1_197' title='bbox 1866 2199 1997 2259; x_wconf 84' lang='lat' dir='ltr'><strong>con-</strong></span> 
     </span>
    </p>
   </div>
   <div class='ocr_carea' id='block_1_31' title="bbox 285 2255 1994 2330">
    <p class='ocr_par' dir='ltr' id='par_1_31' title="bbox 285 2255 1994 2330">
     <span class='ocr_line' id='line_1_31' title="bbox 285 2255 1994 2330; baseline -0.001 -20"><span class='ocrx_word' id='word_1_198' title='bbox 285 2257 504 2330; x_wconf 83' lang='lat' dir='ltr'><strong>jectet;</strong></span> <span class='ocrx_word' id='word_1_199' title='bbox 533 2255 643 2330; x_wconf 69' lang='lat' dir='ltr'><strong>ego</strong></span> <span class='ocrx_word' id='word_1_200' title='bbox 668 2262 881 2325; x_wconf 87' lang='lat' dir='ltr'><strong>tamen,</strong></span> <span class='ocrx_word' id='word_1_201' title='bbox 916 2257 1016 2329; x_wconf 87' lang='lat' dir='ltr'><strong>qui</strong></span> <span class='ocrx_word' id='word_1_202' title='bbox 1048 2259 1245 2328; x_wconf 88' lang='lat' dir='ltr'><strong>potius</strong></span> <span class='ocrx_word' id='word_1_203' title='bbox 1265 2256 1531 2313; x_wconf 87' lang='lat' dir='ltr'><strong>oculatus</strong></span> <span class='ocrx_word' id='word_1_204' title='bbox 1564 2272 1741 2330; x_wconf 86' lang='lat' dir='ltr'><strong>quam</strong></span> <span class='ocrx_word' id='word_1_205' title='bbox 1773 2255 1994 2330; x_wconf 83' lang='lat' dir='ltr'><strong>auritus</strong></span> 
     </span>
    </p>
   </div>
   <div class='ocr_carea' id='block_1_32' title="bbox 295 2325 1992 2398">
    <p class='ocr_par' dir='ltr' id='par_1_32' title="bbox 295 2325 1992 2398">
     <span class='ocr_line' id='line_1_32' title="bbox 295 2325 1992 2398; baseline 0 -17"><span class='ocrx_word' id='word_1_206' title='bbox 295 2325 462 2383; x_wconf 87' lang='lat' dir='ltr'><strong>testis</strong></span> <span class='ocrx_word' id='word_1_207' title='bbox 495 2325 601 2385; x_wconf 71' lang='lat' dir='ltr'><strong>hac</strong></span> <span class='ocrx_word' id='word_1_208' title='bbox 633 2329 690 2384; x_wconf 93' lang='lat' dir='ltr'><strong>in</strong></span> <span class='ocrx_word' id='word_1_209' title='bbox 725 2344 784 2384; x_wconf 90' lang='lat' dir='ltr'><strong>re</strong></span> <span class='ocrx_word' id='word_1_210' title='bbox 814 2325 951 2385; x_wconf 73' lang='lat' dir='ltr'><strong>esse</strong></span> <span class='ocrx_word' id='word_1_211' title='bbox 981 2325 1309 2398; x_wconf 80' lang='lat' dir='ltr'><strong>cupiebam,</strong></span> <span class='ocrx_word' id='word_1_212' title='bbox 1353 2325 1992 2383; x_wconf 31' lang='lat' dir='ltr'><strong>veteres’ecclesiarum</strong></span> 
     </span>
    </p>
   </div>
   <div class='ocr_carea' id='block_1_33' title="bbox 298 2398 1996 2472">
    <p class='ocr_par' dir='ltr' id='par_1_33' title="bbox 298 2398 1996 2472">
     <span class='ocr_line' id='line_1_33' title="bbox 298 2398 1996 2472; baseline 0 -19"><span class='ocrx_word' id='word_1_213' title='bbox 298 2398 493 2472; x_wconf 71' lang='lat' dir='ltr'><strong>Romae</strong></span> <span class='ocrx_word' id='word_1_214' title='bbox 541 2400 772 2456; x_wconf 88' lang='lat' dir='ltr'><strong>absides</strong></span> <span class='ocrx_word' id='word_1_215' title='bbox 826 2416 997 2472; x_wconf 89' lang='lat' dir='ltr'><strong>opere</strong></span> <span class='ocrx_word' id='word_1_216' title='bbox 1045 2400 1268 2456; x_wconf 88' lang='lat' dir='ltr'><strong>musivo</strong></span> <span class='ocrx_word' id='word_1_217' title='bbox 1306 2400 1625 2472; x_wconf 78' lang='lat' dir='ltr'><strong>decoratas,</strong></span> <span class='ocrx_word' id='word_1_218' title='bbox 1686 2398 1996 2469; x_wconf 85' lang='lat' dir='ltr'><strong>diligenter</strong></span> 
     </span>
    </p>
   </div>
   <div class='ocr_carea' id='block_1_34' title="bbox 290 2469 1994 2545">
    <p class='ocr_par' dir='ltr' id='par_1_34' title="bbox 290 2469 1994 2545">
     <span class='ocr_line' id='line_1_34' title="bbox 290 2469 1994 2545; baseline -0.002 -18"><span class='ocrx_word' id='word_1_219' title='bbox 290 2471 653 2545; x_wconf 78' lang='lat' dir='ltr'><strong>perlustravi.</strong></span> <span class='ocrx_word' id='word_1_220' title='bbox 688 2472 811 2535; x_wconf 87' lang='lat' dir='ltr'><strong>Qua</strong></span> <span class='ocrx_word' id='word_1_221' title='bbox 842 2469 903 2527; x_wconf 82' lang='lat' dir='ltr'><strong>in</strong></span> <span class='ocrx_word' id='word_1_222' title='bbox 943 2486 999 2528; x_wconf 89' lang='lat' dir='ltr'><strong>re</strong></span> <span class='ocrx_word' id='word_1_223' title='bbox 1033 2472 1438 2545; x_wconf 87' lang='lat' dir='ltr'><strong>perquirenda,</strong></span> <span class='ocrx_word' id='word_1_224' title='bbox 1472 2469 1694 2525; x_wconf 89' lang='lat' dir='ltr'><strong>calceos</strong></span> <span class='ocrx_word' id='word_1_225' title='bbox 1712 2485 1994 2545; x_wconf 78' lang='lat' dir='ltr'><strong>summo-</strong></span> 
     </span>
    </p>
   </div>
   <div class='ocr_carea' id='block_1_35' title="bbox 296 2541 1993 2616">
    <p class='ocr_par' dir='ltr' id='par_1_35' title="bbox 296 2541 1993 2616">
     <span class='ocr_line' id='line_1_35' title="bbox 296 2541 1993 2616; baseline 0 -20"><span class='ocrx_word' id='word_1_226' title='bbox 296 2557 423 2597; x_wconf 88' lang='lat' dir='ltr'><strong>rum</strong></span> <span class='ocrx_word' id='word_1_227' title='bbox 458 2544 894 2616; x_wconf 83' lang='lat' dir='ltr'><strong>pontiﬁcumin</strong></span> <span class='ocrx_word' id='word_1_228' title='bbox 920 2541 1206 2616; x_wconf 72' lang='lat' dir='ltr'><strong>superiori</strong></span> <span class='ocrx_word' id='word_1_229' title='bbox 1240 2548 1400 2616; x_wconf 87' lang='lat' dir='ltr'><strong>parte</strong></span> <span class='ocrx_word' id='word_1_230' title='bbox 1433 2558 1536 2597; x_wconf 88' lang='lat' dir='ltr'><strong>nec</strong></span> <span class='ocrx_word' id='word_1_231' title='bbox 1567 2541 1805 2616; x_wconf 77' lang='lat' dir='ltr'><strong>omnino</strong></span> <span class='ocrx_word' id='word_1_232' title='bbox 1839 2541 1993 2616; x_wconf 82' lang='lat' dir='ltr'><strong>fene-</strong></span> 
     </span>
    </p>
   </div>
   <div class='ocr_carea' id='block_1_36' title="bbox 278 2612 1992 2687">
    <p class='ocr_par' dir='ltr' id='par_1_36' title="bbox 278 2612 1992 2687">
     <span class='ocr_line' id='line_1_36' title="bbox 278 2612 1992 2687; baseline -0.001 -19"><span class='ocrx_word' id='word_1_233' title='bbox 278 2618 529 2682; x_wconf 74' lang='lat' dir='ltr'><strong>stratos,</strong></span> <span class='ocrx_word' id='word_1_234' title='bbox 562 2619 665 2671; x_wconf 87' lang='lat' dir='ltr'><strong>aut</strong></span> <span class='ocrx_word' id='word_1_235' title='bbox 694 2612 1038 2687; x_wconf 78' lang='lat' dir='ltr'><strong>perforatos,</strong></span> <span class='ocrx_word' id='word_1_236' title='bbox 1070 2631 1175 2671; x_wconf 90' lang='lat' dir='ltr'><strong>nec</strong></span> <span class='ocrx_word' id='word_1_237' title='bbox 1209 2612 1589 2687; x_wconf 12' lang='lat' dir='ltr'><strong>undequaqﬁue</strong></span> <span class='ocrx_word' id='word_1_238' title='bbox 1614 2613 1815 2687; x_wconf 85' lang='lat' dir='ltr'><strong>pedem</strong></span> <span class='ocrx_word' id='word_1_239' title='bbox 1839 2612 1992 2667; x_wconf 90' lang='lat' dir='ltr'><strong>obte-</strong></span> 
     </span>
    </p>
   </div>
   <div class='ocr_carea' id='block_1_37' title="bbox 287 2685 1992 2757">
    <p class='ocr_par' dir='ltr' id='par_1_37' title="bbox 287 2685 1992 2757">
     <span class='ocr_line' id='line_1_37' title="bbox 287 2685 1992 2757; baseline -0.001 -17"><span class='ocrx_word' id='word_1_240' title='bbox 287 2689 492 2755; x_wconf 82' lang='lat' dir='ltr'><strong>gentes</strong></span> <span class='ocrx_word' id='word_1_241' title='bbox 509 2685 724 2757; x_wconf 76' lang='lat' dir='ltr'><strong>reperi;</strong></span> <span class='ocrx_word' id='word_1_242' title='bbox 750 2702 887 2741; x_wconf 89' lang='lat' dir='ltr'><strong>nam</strong></span> <span class='ocrx_word' id='word_1_243' title='bbox 905 2687 1311 2743; x_wconf 86' lang='lat' dir='ltr'><strong>tantummodo</strong></span> <span class='ocrx_word' id='word_1_244' title='bbox 1327 2686 1385 2740; x_wconf 92' lang='lat' dir='ltr'><strong>in</strong></span> <span class='ocrx_word' id='word_1_245' title='bbox 1419 2685 1583 2756; x_wconf 90' lang='lat' dir='ltr'><strong>pedis</strong></span> <span class='ocrx_word' id='word_1_246' title='bbox 1610 2685 1992 2757; x_wconf 77' lang='lat' dir='ltr'><strong>acumine,at-</strong></span> 
     </span>
    </p>
   </div>
   <div class='ocr_carea' id='block_1_38' title="bbox 290 2754 1992 2830">
    <p class='ocr_par' dir='ltr' id='par_1_38' title="bbox 290 2754 1992 2830">
     <span class='ocr_line' id='line_1_38' title="bbox 290 2754 1992 2830; baseline 0.001 -20"><span class='ocrx_word' id='word_1_247' title='bbox 290 2754 404 2827; x_wconf 77' lang='lat' dir='ltr'><strong>que</strong></span> <span class='ocrx_word' id='word_1_248' title='bbox 435 2758 494 2812; x_wconf 92' lang='lat' dir='ltr'><strong>in</strong></span> <span class='ocrx_word' id='word_1_249' title='bbox 525 2754 808 2830; x_wconf 9' lang='lat' dir='ltr'><strong>calcaneos</strong></span> <span class='ocrx_word' id='word_1_250' title='bbox 824 2762 1231 2830; x_wconf 85' lang='lat' dir='ltr'><strong>tegumentum</strong></span> <span class='ocrx_word' id='word_1_251' title='bbox 1274 2754 1804 2830; x_wconf 46' lang='lat' dir='ltr'><strong>cum—ligamine,_a</strong></span> <span class='ocrx_word' id='word_1_252' title='bbox 1834 2754 1992 2811; x_wconf 89' lang='lat' dir='ltr'><strong>solea</strong></span> 
     </span>
    </p>
   </div>
   <div class='ocr_carea' id='block_1_39' title="bbox 289 2828 1992 2899">
    <p class='ocr_par' dir='ltr' id='par_1_39' title="bbox 289 2828 1992 2899">
     <span class='ocr_line' id='line_1_39' title="bbox 289 2828 1992 2899; baseline 0 -18"><span class='ocrx_word' id='word_1_253' title='bbox 289 2834 344 2899; x_wconf 86' lang='lat' dir='ltr'><strong>et</strong></span> <span class='ocrx_word' id='word_1_254' title='bbox 371 2843 403 2881; x_wconf 91' lang='lat' dir='ltr'><strong>a</strong></span> <span class='ocrx_word' id='word_1_255' title='bbox 433 2830 586 2885; x_wconf 86' lang='lat' dir='ltr'><strong>calce</strong></span> <span class='ocrx_word' id='word_1_256' title='bbox 608 2831 677 2885; x_wconf 87' lang='lat' dir='ltr'><strong>ad</strong></span> <span class='ocrx_word' id='word_1_257' title='bbox 726 2828 962 2896; x_wconf 83' lang='lat' dir='ltr'><strong>collum,</strong></span> <span class='ocrx_word' id='word_1_258' title='bbox 994 2834 1053 2885; x_wconf 90' lang='lat' dir='ltr'><strong>et</strong></span> <span class='ocrx_word' id='word_1_259' title='bbox 1082 2832 1149 2885; x_wconf 91' lang='lat' dir='ltr'><strong>ad</strong></span> <span class='ocrx_word' id='word_1_260' title='bbox 1200 2830 1360 2899; x_wconf 89' lang='lat' dir='ltr'><strong>pedis</strong></span> <span class='ocrx_word' id='word_1_261' title='bbox 1392 2843 1657 2892; x_wconf 88' lang='lat' dir='ltr'><strong>acumen,</strong></span> <span class='ocrx_word' id='word_1_262' title='bbox 1693 2828 1761 2881; x_wconf 88' lang='lat' dir='ltr'><strong>ad</strong></span> <span class='ocrx_word' id='word_1_263' title='bbox 1814 2843 1992 2899; x_wconf 87' lang='lat' dir='ltr'><strong>supe-</strong></span> 
     </span>
    </p>
   </div>
   <div class='ocr_carea' id='block_1_40' title="bbox 289 2898 1988 2971">
    <p class='ocr_par' dir='ltr' id='par_1_40' title="bbox 289 2898 1988 2971">
     <span class='ocr_line' id='line_1_40' title="bbox 289 2898 1988 2971; baseline 0 -20"><span class='ocrx_word' id='word_1_264' title='bbox 289 2898 504 2954; x_wconf 87' lang='lat' dir='ltr'><strong>riorem</strong></span> <span class='ocrx_word' id='word_1_265' title='bbox 528 2900 787 2956; x_wconf 83' lang='lat' dir='ltr'><strong>videlicet</strong></span> <span class='ocrx_word' id='word_1_266' title='bbox 808 2901 970 2971; x_wconf 90' lang='lat' dir='ltr'><strong>pedis</strong></span> <span class='ocrx_word' id='word_1_267' title='bbox 992 2898 1216 2971; x_wconf 90' lang='lat' dir='ltr'><strong>partem</strong></span> <span class='ocrx_word' id='word_1_268' title='bbox 1245 2901 1507 2965; x_wconf 90' lang='lat' dir='ltr'><strong>diducto,</strong></span> <span class='ocrx_word' id='word_1_269' title='bbox 1540 2900 1728 2971; x_wconf 89' lang='lat' dir='ltr'><strong>inesse</strong></span> <span class='ocrx_word' id='word_1_270' title='bbox 1750 2898 1988 2971; x_wconf 83' lang='lat' dir='ltr'><strong>conspi-</strong></span> 
     </span>
    </p>
   </div>
   <div class='ocr_carea' id='block_1_41' title="bbox 290 2968 1986 3054">
    <p class='ocr_par' dir='ltr' id='par_1_41' title="bbox 290 2968 1986 3054">
     <span class='ocr_line' id='line_1_41' title="bbox 290 2968 1986 3054; baseline 0.001 -31"><span class='ocrx_word' id='word_1_271' title='bbox 290 2970 480 3054; x_wconf 41' lang='lat' dir='ltr'><strong>citur;-</strong></span> <span class='ocrx_word' id='word_1_272' title='bbox 514 2968 950 3054; x_wconf 39' lang='lat' dir='ltr'><strong>parvula-cruce</strong></span> <span class='ocrx_word' id='word_1_273' title='bbox 979 2968 1157 3043; x_wconf 78' lang='lat' dir='ltr'><strong>supra</strong></span> <span class='ocrx_word' id='word_1_274' title='bbox 1188 2971 1400 3052; x_wconf 77' lang='lat' dir='ltr'><strong>digitos</strong></span> <span class='ocrx_word' id='word_1_275' title='bbox 1423 2973 1656 3054; x_wconf 78' lang='lat' dir='ltr'><strong>pedum,</strong></span> <span class='ocrx_word' id='word_1_276' title='bbox 1686 2968 1986 3024; x_wconf 87' lang='lat' dir='ltr'><strong>tibialibus</strong></span> 
     </span>
    </p>
   </div>
   <div class='ocr_carea' id='block_1_42' title="bbox 287 3042 1556 3113">
    <p class='ocr_par' dir='ltr' id='par_1_42' title="bbox 287 3042 1556 3113">
     <span class='ocr_line' id='line_1_42' title="bbox 287 3042 1556 3113; baseline 0.002 -21"><span class='ocrx_word' id='word_1_277' title='bbox 287 3042 519 3113; x_wconf 64' lang='lat' dir='ltr'><strong>etgorio</strong></span> <span class='ocrx_word' id='word_1_278' title='bbox 552 3047 873 3111; x_wconf 89' lang='lat' dir='ltr'><strong>coopertos,</strong></span> <span class='ocrx_word' id='word_1_279' title='bbox 902 3042 1201 3113; x_wconf 88' lang='lat' dir='ltr'><strong>impressa,</strong></span> <span class='ocrx_word' id='word_1_280' title='bbox 1235 3044 1353 3097; x_wconf 89' lang='lat' dir='ltr'><strong>sive</strong></span> <span class='ocrx_word' id='word_1_281' title='bbox 1384 3042 1556 3111; x_wconf 90' lang='lat' dir='ltr'><strong>picta.</strong></span> 
     </span>
    </p>
   </div>
   <div class='ocr_carea' id='block_1_43' title="bbox 280 3109 1986 3183">
    <p class='ocr_par' dir='ltr' id='par_1_43' title="bbox 280 3109 1986 3183">
     <span class='ocr_line' id='line_1_43' title="bbox 280 3109 1986 3183; baseline 0.002 -19"><span class='ocrx_word' id='word_1_282' title='bbox 280 3142 286 3149; x_wconf 93' lang='lat'><strong><em>-</em></strong></span> <span class='ocrx_word' id='word_1_283' title='bbox 356 3109 610 3167; x_wconf 87' lang='lat' dir='ltr'><strong>Tametsi</strong></span> <span class='ocrx_word' id='word_1_284' title='bbox 656 3109 1029 3169; x_wconf 74' lang='lat' dir='ltr'><strong>innocentius</strong></span> <span class='ocrx_word' id='word_1_285' title='bbox 1080 3114 1153 3168; x_wconf 88' lang='lat' dir='ltr'><strong>Ill</strong></span> <span class='ocrx_word' id='word_1_286' title='bbox 1190 3114 1289 3167; x_wconf 82' lang='lat' dir='ltr'><strong>lib.</strong></span> <span class='ocrx_word' id='word_1_287' title='bbox 1340 3109 1740 3183; x_wconf 26' lang='lat' dir='ltr'><strong>M‘ysteriorum</strong></span> <span class='ocrx_word' id='word_1_288' title='bbox 1794 3110 1986 3167; x_wconf 66' lang='lat' dir='ltr'><strong>Misere</strong></span> 
     </span>
    </p>
   </div>
   <div class='ocr_carea' id='block_1_44' title="bbox 283 3184 1988 3255">
    <p class='ocr_par' dir='ltr' id='par_1_44' title="bbox 283 3184 1988 3255">
     <span class='ocr_line' id='line_1_44' title="bbox 283 3184 1988 3255; baseline 0.001 -20"><span class='ocrx_word' id='word_1_289' title='bbox 283 3195 410 3255; x_wconf 80' lang='lat' dir='ltr'><strong>cap.</strong></span> <span class='ocrx_word' id='word_1_290' title='bbox 430 3184 511 3255; x_wconf 10' lang='lat'><strong>734</strong></span> <span class='ocrx_word' id='word_1_291' title='bbox 540 3185 699 3255; x_wconf 77' lang='lat' dir='ltr'><strong>et48,</strong></span> <span class='ocrx_word' id='word_1_292' title='bbox 734 3184 1015 3255; x_wconf 84' lang='lat' dir='ltr'><strong>Alcuinus</strong></span> <span class='ocrx_word' id='word_1_293' title='bbox 1044 3199 1171 3250; x_wconf 87' lang='lat' dir='ltr'><strong>cap.</strong></span> <span class='ocrx_word' id='word_1_294' title='bbox 1204 3185 1274 3238; x_wconf 93' lang='lat' dir='ltr'><strong>de</strong></span> <span class='ocrx_word' id='word_1_295' title='bbox 1298 3184 1774 3239; x_wconf 83' lang='lat' dir='ltr'><strong>vestimentorum</strong></span> <span class='ocrx_word' id='word_1_296' title='bbox 1808 3184 1988 3253; x_wconf 89' lang='lat' dir='ltr'><strong>signi-</strong></span> 
     </span>
    </p>
   </div>
   <div class='ocr_carea' id='block_1_45' title="bbox 282 3252 1983 3324">
    <p class='ocr_par' dir='ltr' id='par_1_45' title="bbox 282 3252 1983 3324">
     <span class='ocr_line' id='line_1_45' title="bbox 282 3252 1983 3324; baseline 0.001 -18"><span class='ocrx_word' id='word_1_297' title='bbox 282 3252 1049 3324; x_wconf 36' lang='lat' dir='ltr'><strong>ficationibus,’Amalarius</strong></span> <span class='ocrx_word' id='word_1_298' title='bbox 1102 3256 1446 3310; x_wconf 85' lang='lat' dir='ltr'><strong>Fortunatus</strong></span> <span class='ocrx_word' id='word_1_299' title='bbox 1500 3254 1599 3309; x_wconf 89' lang='lat' dir='ltr'><strong>lib.</strong></span> <span class='ocrx_word' id='word_1_300' title='bbox 1640 3270 1683 3309; x_wconf 86' lang='grc' dir='ltr'>ιι</span> <span class='ocrx_word' id='word_1_301' title='bbox 1722 3252 1983 3324; x_wconf 50' lang='grc' dir='ltr'><strong>οαρᾙ25,</strong></span> 
     </span>
    </p>
   </div>
   <div class='ocr_carea' id='block_1_46' title="bbox 285 3323 1988 3398">
    <p class='ocr_par' dir='ltr' id='par_1_46' title="bbox 285 3323 1988 3398">
     <span class='ocr_line' id='line_1_46' title="bbox 285 3323 1988 3398; baseline 0.001 -21"><span class='ocrx_word' id='word_1_302' title='bbox 285 3323 564 3398; x_wconf 83' lang='lat' dir='ltr'><strong>Rabanus</strong></span> <span class='ocrx_word' id='word_1_303' title='bbox 596 3326 697 3382; x_wconf 89' lang='lat' dir='ltr'><strong>lib.</strong></span> <span class='ocrx_word' id='word_1_304' title='bbox 728 3344 743 3380; x_wconf 82' lang='grc' dir='ltr'>ι</span> <span class='ocrx_word' id='word_1_305' title='bbox 774 3343 901 3398; x_wconf 89' lang='lat' dir='ltr'><strong>cap.</strong></span> <span class='ocrx_word' id='word_1_306' title='bbox 933 3327 1025 3393; x_wconf 83' lang='lat'><strong>22,</strong></span> <span class='ocrx_word' id='word_1_307' title='bbox 1069 3328 1160 3381; x_wconf 92' lang='lat' dir='ltr'><strong>Ivo</strong></span> <span class='ocrx_word' id='word_1_308' title='bbox 1192 3323 1988 3398; x_wconf 24' lang='lat' dir='ltr'><strong>Carnotensissermsde‘si-</strong></span> 
     </span>
    </p>
   </div>
   <div class='ocr_carea' id='block_1_47' title="bbox 281 3395 1982 3464">
    <p class='ocr_par' dir='ltr' id='par_1_47' title="bbox 281 3395 1982 3464">
     <span class='ocr_line' id='line_1_47' title="bbox 281 3395 1982 3464; baseline 0.001 -15"><span class='ocrx_word' id='word_1_309' title='bbox 281 3396 653 3462; x_wconf 82' lang='lat' dir='ltr'><strong>gnificatione</strong></span> <span class='ocrx_word' id='word_1_310' title='bbox 670 3395 1169 3464; x_wconf 82' lang='lat' dir='ltr'><strong>indumentorum,</strong></span> <span class='ocrx_word' id='word_1_311' title='bbox 1192 3397 1866 3453; x_wconf 88' lang='lat' dir='ltr'><strong>GuillelmusDurandus</strong></span> <span class='ocrx_word' id='word_1_312' title='bbox 1883 3395 1982 3451; x_wconf 87' lang='lat' dir='ltr'><strong>lib.</strong></span> 
     </span>
    </p>
   </div>
   <div class='ocr_carea' id='block_1_48' title="bbox 283 3468 1983 3541">
    <p class='ocr_par' dir='ltr' id='par_1_48' title="bbox 283 3468 1983 3541">
     <span class='ocr_line' id='line_1_48' title="bbox 283 3468 1983 3541; baseline 0.002 -22"><span class='ocrx_word' id='word_1_313' title='bbox 283 3481 370 3534; x_wconf 78' lang='grc' dir='ltr'>ιιι,</span> <span class='ocrx_word' id='word_1_314' title='bbox 394 3484 518 3541; x_wconf 87' lang='lat' dir='ltr'><strong>cap.</strong></span> <span class='ocrx_word' id='word_1_315' title='bbox 549 3469 604 3537; x_wconf 93' lang='lat'><strong>8,</strong></span> <span class='ocrx_word' id='word_1_316' title='bbox 638 3470 965 3539; x_wconf 87' lang='lat' dir='ltr'><strong>Stephanus</strong></span> <span class='ocrx_word' id='word_1_317' title='bbox 999 3473 1291 3541; x_wconf 90' lang='lat' dir='ltr'><strong>Durantus</strong></span> <span class='ocrx_word' id='word_1_318' title='bbox 1324 3468 1424 3523; x_wconf 91' lang='lat' dir='ltr'><strong>lib.</strong></span> <span class='ocrx_word' id='word_1_319' title='bbox 1458 3485 1520 3533; x_wconf 84' lang='grc' dir='ltr'><strong>ιι,</strong></span> <span class='ocrx_word' id='word_1_320' title='bbox 1545 3485 1668 3538; x_wconf 87' lang='lat' dir='ltr'><strong>cap.</strong></span> <span class='ocrx_word' id='word_1_321' title='bbox 1690 3469 1745 3533; x_wconf 88' lang='lat'><strong>9,</strong></span> <span class='ocrx_word' id='word_1_322' title='bbox 1778 3472 1834 3523; x_wconf 89' lang='lat' dir='ltr'><strong>et</strong></span> <span class='ocrx_word' id='word_1_323' title='bbox 1853 3468 1983 3541; x_wconf 80' lang='lat' dir='ltr'><strong>alii,</strong></span> 
     </span>
    </p>
   </div>
   <div class='ocr_carea' id='block_1_49' title="bbox 272 3539 1987 3610">
    <p class='ocr_par' dir='ltr' id='par_1_49' title="bbox 272 3539 1987 3610">
     <span class='ocr_line' id='line_1_49' title="bbox 272 3539 1987 3610; baseline 0.001 -19"><span class='ocrx_word' id='word_1_324' title='bbox 272 3541 378 3607; x_wconf 75' lang='lat' dir='ltr'><strong>qui</strong></span> <span class='ocrx_word' id='word_1_325' title='bbox 411 3539 480 3596; x_wconf 80' lang='lat' dir='ltr'><strong>de</strong></span> <span class='ocrx_word' id='word_1_326' title='bbox 518 3540 803 3597; x_wconf 85' lang='lat' dir='ltr'><strong>sandaliis</strong></span> <span class='ocrx_word' id='word_1_327' title='bbox 834 3540 1012 3597; x_wconf 91' lang='lat' dir='ltr'><strong>locuti</strong></span> <span class='ocrx_word' id='word_1_328' title='bbox 1052 3546 1214 3606; x_wconf 88' lang='lat' dir='ltr'><strong>sunt,</strong></span> <span class='ocrx_word' id='word_1_329' title='bbox 1245 3542 1317 3596; x_wconf 88' lang='lat' dir='ltr'><strong>de</strong></span> <span class='ocrx_word' id='word_1_330' title='bbox 1358 3556 1529 3595; x_wconf 82' lang='lat' dir='ltr'><strong>cruce</strong></span> <span class='ocrx_word' id='word_1_331' title='bbox 1569 3555 1744 3610; x_wconf 85' lang='lat' dir='ltr'><strong>super</strong></span> <span class='ocrx_word' id='word_1_332' title='bbox 1782 3539 1987 3594; x_wconf 88' lang='lat' dir='ltr'><strong>calceis</strong></span> 
     </span>
    </p>
   </div>
   <div class='ocr_carea' id='block_1_50' title="bbox 284 3612 1985 3684">
    <p class='ocr_par' dir='ltr' id='par_1_50' title="bbox 284 3612 1985 3684">
     <span class='ocr_line' id='line_1_50' title="bbox 284 3612 1985 3684; baseline 0.002 -22"><span class='ocrx_word' id='word_1_333' title='bbox 284 3613 599 3679; x_wconf 83' lang='lat' dir='ltr'><strong>pontificiis</strong></span> <span class='ocrx_word' id='word_1_334' title='bbox 614 3613 825 3684; x_wconf 87' lang='lat' dir='ltr'><strong>apponi</strong></span> <span class='ocrx_word' id='word_1_335' title='bbox 844 3613 1016 3668; x_wconf 90' lang='lat' dir='ltr'><strong>solita</strong></span> <span class='ocrx_word' id='word_1_336' title='bbox 1039 3629 1154 3669; x_wconf 92' lang='lat' dir='ltr'><strong>non</strong></span> <span class='ocrx_word' id='word_1_337' title='bbox 1179 3612 1600 3679; x_wconf 87' lang='lat' dir='ltr'><strong>meminerunt;</strong></span> <span class='ocrx_word' id='word_1_338' title='bbox 1628 3612 1771 3666; x_wconf 91' lang='lat' dir='ltr'><strong>hanc</strong></span> <span class='ocrx_word' id='word_1_339' title='bbox 1789 3618 1985 3666; x_wconf 89' lang='lat' dir='ltr'><strong>tamen</strong></span> 
     </span>
    </p>
   </div>
   <div class='ocr_carea' id='block_1_51' title="bbox 283 3684 1984 3755">
    <p class='ocr_par' dir='ltr' id='par_1_51' title="bbox 283 3684 1984 3755">
     <span class='ocr_line' id='line_1_51' title="bbox 283 3684 1984 3755; baseline 0.002 -21"><span class='ocrx_word' id='word_1_340' title='bbox 283 3684 765 3739; x_wconf 86' lang='lat' dir='ltr'><strong>consuetudinem</strong></span> <span class='ocrx_word' id='word_1_341' title='bbox 808 3685 1113 3755; x_wconf 87' lang='lat' dir='ltr'><strong>antiquam</strong></span> <span class='ocrx_word' id='word_1_342' title='bbox 1167 3699 1316 3750; x_wconf 89' lang='lat' dir='ltr'><strong>esse,</strong></span> <span class='ocrx_word' id='word_1_343' title='bbox 1358 3698 1984 3755; x_wconf 88' lang='lat' dir='ltr'><strong>nonnunquam,_vero</strong></span> 
     </span>
    </p>
   </div>
   <div class='ocr_carea' id='block_1_52' title="bbox 280 3753 1983 3827">
    <p class='ocr_par' dir='ltr' id='par_1_52' title="bbox 280 3753 1983 3827">
     <span class='ocr_line' id='line_1_52' title="bbox 280 3753 1983 3827; baseline -0.003 -15"><span class='ocrx_word' id='word_1_344' title='bbox 280 3755 508 3812; x_wconf 87' lang='lat' dir='ltr'><strong>incuria</strong></span> <span class='ocrx_word' id='word_1_345' title='bbox 539 3756 827 3826; x_wconf 91' lang='lat' dir='ltr'><strong>pictorum</strong></span> <span class='ocrx_word' id='word_1_346' title='bbox 859 3762 917 3827; x_wconf 86' lang='lat' dir='ltr'><strong>et</strong></span> <span class='ocrx_word' id='word_1_347' title='bbox 947 3753 1351 3827; x_wconf 82' lang='lat' dir='ltr'><strong>lapicidarum,</strong></span> <span class='ocrx_word' id='word_1_348' title='bbox 1387 3756 1472 3809; x_wconf 90' lang='lat' dir='ltr'><strong>vel</strong></span> <span class='ocrx_word' id='word_1_349' title='bbox 1506 3771 1703 3809; x_wconf 89' lang='lat' dir='ltr'><strong>eorum</strong></span> <span class='ocrx_word' id='word_1_350' title='bbox 1734 3753 1831 3827; x_wconf 88' lang='lat' dir='ltr'><strong>qui</strong></span> <span class='ocrx_word' id='word_1_351' title='bbox 1865 3759 1983 3808; x_wconf 88' lang='lat' dir='ltr'><strong>sta-</strong></span> 
     </span>
    </p>
   </div>
   <div class='ocr_carea' id='block_1_53' title="bbox 284 3826 1980 3896">
    <p class='ocr_par' dir='ltr' id='par_1_53' title="bbox 284 3826 1980 3896">
     <span class='ocr_line' id='line_1_53' title="bbox 284 3826 1980 3896; baseline -0.002 -13"><span class='ocrx_word' id='word_1_352' title='bbox 284 3833 415 3883; x_wconf 86' lang='lat' dir='ltr'><strong>tuas</strong></span> <span class='ocrx_word' id='word_1_353' title='bbox 445 3831 500 3881; x_wconf 92' lang='lat' dir='ltr'><strong>et</strong></span> <span class='ocrx_word' id='word_1_354' title='bbox 532 3827 786 3896; x_wconf 80' lang='lat' dir='ltr'><strong>picturas</strong></span> <span class='ocrx_word' id='word_1_355' title='bbox 817 3826 1149 3883; x_wconf 83' lang='lat' dir='ltr'><strong>efliciendas</strong></span> <span class='ocrx_word' id='word_1_356' title='bbox 1182 3827 1485 3892; x_wconf 87' lang='lat' dir='ltr'><strong>curabant,</strong></span> <span class='ocrx_word' id='word_1_357' title='bbox 1528 3826 1980 3896; x_wconf 77' lang='lat' dir='ltr'><strong>praetermissam</strong></span> 
     </span>
    </p>
   </div>
   <div class='ocr_carea' id='block_1_54' title="bbox 282 3844 1985 3969">
    <p class='ocr_par' dir='ltr' id='par_1_54' title="bbox 282 3844 1985 3969">
     <span class='ocr_line' id='line_1_54' title="bbox 284 3844 1980 3896; baseline -0.002 -13"><span class='ocrx_word' id='word_1_358' title='bbox 284 3844 415 3883; x_wconf 81' lang='lat' dir='ltr'><strong>tuas</strong></span> <span class='ocrx_word' id='word_1_359' title='bbox 445 3844 500 3881; x_wconf 79' lang='lat' dir='ltr'><strong>et</strong></span> <span class='ocrx_word' id='word_1_360' title='bbox 572 3844 786 3882; x_wconf 78' lang='lat' dir='ltr'><strong>Icturas</strong></span> <span class='ocrx_word' id='word_1_361' title='bbox 817 3844 1149 3883; x_wconf 73' lang='lat' dir='ltr'><strong>emcrenuas</strong></span> <span class='ocrx_word' id='word_1_362' title='bbox 1182 3844 1485 3892; x_wconf 77' lang='lat' dir='ltr'><strong>curabant,</strong></span> <span class='ocrx_word' id='word_1_363' title='bbox 1528 3844 1980 3896; x_wconf 71' lang='lat' dir='ltr'><strong>praetermissam</strong></span> 
     </span>
     <span class='ocr_line' id='line_1_55' title="bbox 282 3844 1985 3969; baseline -0.003 -15"><span class='ocrx_word' id='word_1_364' title='bbox 282 3899 496 3954; x_wconf 89' lang='lat' dir='ltr'><strong>inveni.</strong></span> <span class='ocrx_word' id='word_1_365' title='bbox 530 3844 699 3963; x_wconf 48' lang='lat' dir='ltr'><strong>gum,</strong></span> <span class='ocrx_word' id='word_1_366' title='bbox 734 3900 887 3953; x_wconf 88' lang='lat' dir='ltr'><strong>utab</strong></span> <span class='ocrx_word' id='word_1_367' title='bbox 908 3898 1335 3969; x_wconf 90' lang='lat' dir='ltr'><strong>antiquioribus</strong></span> <span class='ocrx_word' id='word_1_368' title='bbox 1356 3897 1985 3969; x_wconf 48' lang='lat' dir='ltr'><strong>summorumponlitif</strong></span> 
     </span>
    </p>
   </div>
   <div class='ocr_carea' id='block_1_55' title="bbox 285 3967 1983 4041">
    <p class='ocr_par' dir='ltr' id='par_1_55' title="bbox 285 3967 1983 4041">
     <span class='ocr_line' id='line_1_56' title="bbox 285 3967 1983 4041; baseline -0.004 -15"><span class='ocrx_word' id='word_1_369' title='bbox 285 3986 422 4026; x_wconf 91' lang='lat' dir='ltr'><strong>cum</strong></span> <span class='ocrx_word' id='word_1_370' title='bbox 470 3969 831 4041; x_wconf 86' lang='lat' dir='ltr'><strong>imaginibus</strong></span> <span class='ocrx_word' id='word_1_371' title='bbox 882 3987 1029 4041; x_wconf 86' lang='lat' dir='ltr'><strong>quas</strong></span> <span class='ocrx_word' id='word_1_372' title='bbox 1053 3967 1318 4041; x_wconf 82' lang='lat' dir='ltr'><strong>invenire</strong></span> <span class='ocrx_word' id='word_1_373' title='bbox 1359 3969 1517 4040; x_wconf 90' lang='lat' dir='ltr'><strong>potui</strong></span> <span class='ocrx_word' id='word_1_374' title='bbox 1550 3968 1835 4041; x_wconf 83' lang='lat' dir='ltr'><strong>exordiar,</strong></span> <span class='ocrx_word' id='word_1_375' title='bbox 1870 3967 1983 4041; x_wconf 87' lang='lat' dir='ltr'><strong>vidi</strong></span> 
     </span>
    </p>
   </div>
   <div class='ocr_carea' id='block_1_56' title="bbox 282 4039 1981 4109">
    <p class='ocr_par' dir='ltr' id='par_1_56' title="bbox 282 4039 1981 4109">
     <span class='ocr_line' id='line_1_57' title="bbox 282 4039 1981 4109; baseline -0.004 -12"><span class='ocrx_word' id='word_1_376' title='bbox 282 4042 478 4097; x_wconf 63' lang='lat' dir='ltr'><strong>Roma</strong></span> <span class='ocrx_word' id='word_1_377' title='bbox 521 4039 973 4097; x_wconf 72' lang='lat' dir='ltr'><strong>vetustissimam</strong></span> <span class='ocrx_word' id='word_1_378' title='bbox 1024 4040 1273 4096; x_wconf 63' lang='lat' dir='ltr'><strong>ecclesiae</strong></span> <span class='ocrx_word' id='word_1_379' title='bbox 1307 4039 1519 4096; x_wconf 63' lang='lat' dir='ltr'><strong>sanctae</strong></span> <span class='ocrx_word' id='word_1_380' title='bbox 1548 4040 1784 4109; x_wconf 84' lang='lat' dir='ltr'><strong>Agnetis</strong></span> <span class='ocrx_word' id='word_1_381' title='bbox 1823 4039 1981 4094; x_wconf 88' lang='lat' dir='ltr'><strong>absi-</strong></span> 
     </span>
    </p>
   </div>
   <div class='ocr_carea' id='block_1_57' title="bbox 281 4110 1982 4183">
    <p class='ocr_par' dir='ltr' id='par_1_57' title="bbox 281 4110 1982 4183">
     <span class='ocr_line' id='line_1_58' title="bbox 281 4110 1982 4183; baseline -0.003 -15"><span class='ocrx_word' id='word_1_382' title='bbox 281 4116 440 4179; x_wconf 89' lang='lat' dir='ltr'><strong>dem,</strong></span> <span class='ocrx_word' id='word_1_383' title='bbox 472 4128 644 4183; x_wconf 89' lang='lat' dir='ltr'><strong>opere</strong></span> <span class='ocrx_word' id='word_1_384' title='bbox 693 4113 1072 4168; x_wconf 89' lang='lat' dir='ltr'><strong>vermiculato</strong></span> <span class='ocrx_word' id='word_1_385' title='bbox 1122 4113 1276 4167; x_wconf 90' lang='lat' dir='ltr'><strong>circa</strong></span> <span class='ocrx_word' id='word_1_386' title='bbox 1324 4127 1540 4166; x_wconf 88' lang='lat' dir='ltr'><strong>annum</strong></span> <span class='ocrx_word' id='word_1_387' title='bbox 1591 4110 1820 4183; x_wconf 82' lang='lat' dir='ltr'><strong>Domini</strong></span> <span class='ocrx_word' id='word_1_388' title='bbox 1878 4110 1982 4164; x_wconf 79' lang='grc'>624</span> 
     </span>
    </p>
   </div>
   <div class='ocr_carea' id='block_1_58' title="bbox 270 4180 1981 4254">
    <p class='ocr_par' dir='ltr' id='par_1_58' title="bbox 270 4180 1981 4254">
     <span class='ocr_line' id='line_1_59' title="bbox 270 4180 1981 4254; baseline -0.002 -15"><span class='ocrx_word' id='word_1_389' title='bbox 270 4180 641 4249; x_wconf 66' lang='lat' dir='ltr'><strong>exornatam,</strong></span> <span class='ocrx_word' id='word_1_390' title='bbox 676 4186 733 4239; x_wconf 91' lang='lat' dir='ltr'><strong>in</strong></span> <span class='ocrx_word' id='word_1_391' title='bbox 767 4200 882 4254; x_wconf 88' lang='lat' dir='ltr'><strong>qua</strong></span> <span class='ocrx_word' id='word_1_392' title='bbox 915 4184 1225 4247; x_wconf 89' lang='lat' dir='ltr'><strong>Honorius,</strong></span> <span class='ocrx_word' id='word_1_393' title='bbox 1251 4184 1430 4253; x_wconf 87' lang='lat' dir='ltr'><strong>hujus</strong></span> <span class='ocrx_word' id='word_1_394' title='bbox 1454 4182 1712 4254; x_wconf 82' lang='lat' dir='ltr'><strong>nominis</strong></span> <span class='ocrx_word' id='word_1_395' title='bbox 1737 4180 1981 4252; x_wconf 89' lang='lat' dir='ltr'><strong>primus,</strong></span> 
     </span>
    </p>
   </div>
   <div class='ocr_carea' id='block_1_59' title="bbox 284 4253 1983 4327">
    <p class='ocr_par' dir='ltr' id='par_1_59' title="bbox 284 4253 1983 4327">
     <span class='ocr_line' id='line_1_60' title="bbox 284 4253 1983 4327; baseline -0.002 -17"><span class='ocrx_word' id='word_1_396' title='bbox 284 4257 384 4325; x_wconf 90' lang='lat' dir='ltr'><strong>qui</strong></span> <span class='ocrx_word' id='word_1_397' title='bbox 435 4270 662 4311; x_wconf 85' lang='lat' dir='ltr'><strong>sacram</strong></span> <span class='ocrx_word' id='word_1_398' title='bbox 715 4253 899 4311; x_wconf 69' lang='lat' dir='ltr'><strong>beatas</strong></span> <span class='ocrx_word' id='word_1_399' title='bbox 952 4256 1196 4327; x_wconf 86' lang='lat' dir='ltr'><strong>Agnetis</strong></span> <span class='ocrx_word' id='word_1_400' title='bbox 1245 4257 1422 4327; x_wconf 64' lang='lat' dir='ltr'><strong>aedem</strong></span> <span class='ocrx_word' id='word_1_401' title='bbox 1463 4254 1572 4327; x_wconf 78' lang='lat' dir='ltr'><strong>_via</strong></span> <span class='ocrx_word' id='word_1_402' title='bbox 1620 4253 1983 4327; x_wconf 87' lang='lat' dir='ltr'><strong>Nomentana</strong></span> 
     </span>
    </p>
   </div>
   <div class='ocr_carea' id='block_1_60' title="bbox 284 4325 1983 4389">
    <p class='ocr_par' dir='ltr' id='par_1_60' title="bbox 284 4325 1983 4389">
     <span class='ocr_line' id='line_1_61' title="bbox 284 4325 1983 4389; baseline -0.001 -10"><span class='ocrx_word' id='word_1_403' title='bbox 284 4327 759 4389; x_wconf 89' lang='lat' dir='ltr'><strong>construendam,</strong></span> <span class='ocrx_word' id='word_1_404' title='bbox 799 4330 855 4381; x_wconf 92' lang='lat' dir='ltr'><strong>et</strong></span> <span class='ocrx_word' id='word_1_405' title='bbox 891 4325 1151 4382; x_wconf 76' lang='lat' dir='ltr'><strong>absidem</strong></span> <span class='ocrx_word' id='word_1_406' title='bbox 1187 4326 1412 4382; x_wconf 84' lang='lat' dir='ltr'><strong>musivo</strong></span> <span class='ocrx_word' id='word_1_407' title='bbox 1444 4325 1829 4380; x_wconf 90' lang='lat' dir='ltr'><strong>decorandam</strong></span> <span class='ocrx_word' id='word_1_408' title='bbox 1878 4340 1983 4379; x_wconf 83' lang='lat' dir='ltr'><strong>cu-</strong></span> 
     </span>
    </p>
   </div>
   <div class='ocr_carea' id='block_1_61' title="bbox 285 4397 1980 4462">
    <p class='ocr_par' dir='ltr' id='par_1_61' title="bbox 285 4397 1980 4462">
     <span class='ocr_line' id='line_1_62' title="bbox 285 4397 1980 4462; baseline -0.001 -12"><span class='ocrx_word' id='word_1_409' title='bbox 285 4397 451 4461; x_wconf 84' lang='lat' dir='ltr'><strong>ravit,</strong></span> <span class='ocrx_word' id='word_1_410' title='bbox 484 4400 549 4449; x_wconf 92' lang='lat' dir='ltr'><strong>ut</strong></span> <span class='ocrx_word' id='word_1_411' title='bbox 578 4398 924 4451; x_wconf 86' lang='lat' dir='ltr'><strong>Anastasius</strong></span> <span class='ocrx_word' id='word_1_412' title='bbox 956 4397 1437 4453; x_wconf 87' lang='lat' dir='ltr'><strong>Bibliotheearius</strong></span> <span class='ocrx_word' id='word_1_413' title='bbox 1466 4400 1733 4462; x_wconf 86' lang='lat' dir='ltr'><strong>testatur,</strong></span> <span class='ocrx_word' id='word_1_414' title='bbox 1766 4400 1823 4451; x_wconf 86' lang='lat' dir='ltr'><strong>et</strong></span> <span class='ocrx_word' id='word_1_415' title='bbox 1852 4411 1980 4450; x_wconf 89' lang='lat' dir='ltr'><strong>car-</strong></span> 
     </span>
    </p>
   </div>
   <div class='ocr_carea' id='block_1_62' title="bbox 2116 399 3826 471">
    <p class='ocr_par' dir='ltr' id='par_1_62' title="bbox 2116 399 3826 471">
     <span class='ocr_line' id='line_1_63' title="bbox 2116 399 3826 471; baseline 0.003 -19"><span class='ocrx_word' id='word_1_416' title='bbox 2116 399 2201 469; x_wconf 89' lang='lat' dir='ltr'><strong>gri</strong></span> <span class='ocrx_word' id='word_1_417' title='bbox 2246 399 2458 471; x_wconf 85' lang='lat' dir='ltr'><strong>coloris</strong></span> <span class='ocrx_word' id='word_1_418' title='bbox 2497 416 2667 471; x_wconf 78' lang='lat' dir='ltr'><strong>cruce</strong></span> <span class='ocrx_word' id='word_1_419' title='bbox 2709 399 3005 469; x_wconf 88' lang='lat' dir='ltr'><strong>insignitis</strong></span> <span class='ocrx_word' id='word_1_420' title='bbox 3044 399 3490 471; x_wconf 85' lang='lat' dir='ltr'><strong>conspiciuntur</strong></span> <span class='ocrx_word' id='word_1_421' title='bbox 3523 415 3535 454; x_wconf 91' lang='lat'><strong>:</strong></span> <span class='ocrx_word' id='word_1_422' title='bbox 3570 417 3826 471; x_wconf 87' lang='lat' dir='ltr'><strong>quorum</strong></span> 
     </span>
    </p>
   </div>
   <div class='ocr_carea' id='block_1_63' title="bbox 2118 469 3827 541">
    <p class='ocr_par' dir='ltr' id='par_1_63' title="bbox 2118 469 3827 541">
     <span class='ocr_line' id='line_1_64' title="bbox 2118 469 3827 541; baseline 0.002 -16"><span class='ocrx_word' id='word_1_423' title='bbox 2118 469 2460 541; x_wconf 85' lang='lat' dir='ltr'><strong>pontificum</strong></span> <span class='ocrx_word' id='word_1_424' title='bbox 2493 470 2655 540; x_wconf 89' lang='lat' dir='ltr'><strong>alter,</strong></span> <span class='ocrx_word' id='word_1_425' title='bbox 2690 472 2758 524; x_wconf 88' lang='lat' dir='ltr'><strong>ad</strong></span> <span class='ocrx_word' id='word_1_426' title='bbox 2791 473 3084 525; x_wconf 85' lang='lat' dir='ltr'><strong>dexteram</strong></span> <span class='ocrx_word' id='word_1_427' title='bbox 3114 469 3377 525; x_wconf 88' lang='lat' dir='ltr'><strong>videlicet</strong></span> <span class='ocrx_word' id='word_1_428' title='bbox 3408 469 3697 540; x_wconf 84' lang='lat' dir='ltr'><strong>postremo</strong></span> <span class='ocrx_word' id='word_1_429' title='bbox 3732 476 3827 529; x_wconf 86' lang='lat' dir='ltr'><strong>lo-</strong></span> 
     </span>
    </p>
   </div>
   <div class='ocr_carea' id='block_1_64' title="bbox 2117 540 3822 614">
    <p class='ocr_par' dir='ltr' id='par_1_64' title="bbox 2117 540 3822 614">
     <span class='ocr_line' id='line_1_65' title="bbox 2117 540 3822 614; baseline 0.001 -18"><span class='ocrx_word' id='word_1_430' title='bbox 2117 540 2181 596; x_wconf 86' lang='lat' dir='ltr'><strong>co</strong></span> <span class='ocrx_word' id='word_1_431' title='bbox 2216 540 2425 611; x_wconf 88' lang='lat' dir='ltr'><strong>pictus,</strong></span> <span class='ocrx_word' id='word_1_432' title='bbox 2459 547 2549 614; x_wconf 88' lang='lat' dir='ltr'><strong>est</strong></span> <span class='ocrx_word' id='word_1_433' title='bbox 2575 547 2830 597; x_wconf 84' lang='lat' dir='ltr'><strong>Joannes</strong></span> <span class='ocrx_word' id='word_1_434' title='bbox 2865 541 2955 608; x_wconf 88' lang='lat' dir='ltr'><strong>IV,</strong></span> <span class='ocrx_word' id='word_1_435' title='bbox 2996 542 3306 599; x_wconf 88' lang='lat' dir='ltr'><strong>ecclesiam</strong></span> <span class='ocrx_word' id='word_1_436' title='bbox 3346 558 3522 597; x_wconf 91' lang='lat' dir='ltr'><strong>manu</strong></span> <span class='ocrx_word' id='word_1_437' title='bbox 3560 553 3822 614; x_wconf 77' lang='lat' dir='ltr'><strong>gestans,</strong></span> 
     </span>
    </p>
   </div>
   <div class='ocr_carea' id='block_1_65' title="bbox 2117 613 3826 684">
    <p class='ocr_par' dir='ltr' id='par_1_65' title="bbox 2117 613 3826 684">
     <span class='ocr_line' id='line_1_66' title="bbox 2117 613 3826 684; baseline 0.004 -18"><span class='ocrx_word' id='word_1_438' title='bbox 2117 614 2330 683; x_wconf 89' lang='lat' dir='ltr'><strong>quippe</strong></span> <span class='ocrx_word' id='word_1_439' title='bbox 2370 613 2469 684; x_wconf 89' lang='lat' dir='ltr'><strong>qui</strong></span> <span class='ocrx_word' id='word_1_440' title='bbox 2512 629 2638 669; x_wconf 90' lang='lat' dir='ltr'><strong>eam</strong></span> <span class='ocrx_word' id='word_1_441' title='bbox 2681 614 3131 669; x_wconf 85' lang='lat' dir='ltr'><strong>construendam</strong></span> <span class='ocrx_word' id='word_1_442' title='bbox 3171 615 3410 669; x_wconf 89' lang='lat' dir='ltr'><strong>curarit.</strong></span> <span class='ocrx_word' id='word_1_443' title='bbox 3455 613 3634 677; x_wconf 83' lang='lat' dir='ltr'><strong>Quam</strong></span> <span class='ocrx_word' id='word_1_444' title='bbox 3680 616 3826 672; x_wconf 86' lang='lat' dir='ltr'><strong>item</strong></span> 
     </span>
    </p>
   </div>
   <div class='ocr_carea' id='block_1_66' title="bbox 2118 684 3831 757">
    <p class='ocr_par' dir='ltr' id='par_1_66' title="bbox 2118 684 3831 757">
     <span class='ocr_line' id='line_1_67' title="bbox 2118 684 3831 757; baseline 0.002 -19"><span class='ocrx_word' id='word_1_445' title='bbox 2118 700 2237 738; x_wconf 89' lang='lat' dir='ltr'><strong>rem</strong></span> <span class='ocrx_word' id='word_1_446' title='bbox 2269 700 2469 739; x_wconf 82' lang='lat' dir='ltr'><strong>versus</strong></span> <span class='ocrx_word' id='word_1_447' title='bbox 2515 685 2757 757; x_wconf 89' lang='lat' dir='ltr'><strong>aliquot,</strong></span> <span class='ocrx_word' id='word_1_448' title='bbox 2802 684 3090 757; x_wconf 11' lang='lat' dir='ltr'><strong>quisinibi</strong></span> <span class='ocrx_word' id='word_1_449' title='bbox 3140 684 3432 757; x_wconf 87' lang='lat' dir='ltr'><strong>leguntur,</strong></span> <span class='ocrx_word' id='word_1_450' title='bbox 3482 702 3585 741; x_wconf 88' lang='lat' dir='ltr'><strong>nos</strong></span> <span class='ocrx_word' id='word_1_451' title='bbox 3627 698 3831 757; x_wconf 89' lang='lat' dir='ltr'><strong>aperte</strong></span> 
     </span>
    </p>
   </div>
   <div class='ocr_carea' id='block_1_67' title="bbox 2119 756 3826 828">
    <p class='ocr_par' dir='ltr' id='par_1_67' title="bbox 2119 756 3826 828">
     <span class='ocr_line' id='line_1_68' title="bbox 2119 756 3826 828; baseline 0.002 -18"><span class='ocrx_word' id='word_1_452' title='bbox 2119 760 2380 828; x_wconf 83' lang='lat' dir='ltr'><strong>monent.</strong></span> <span class='ocrx_word' id='word_1_453' title='bbox 2412 756 2677 811; x_wconf 81' lang='lat' dir='ltr'><strong>Pontifex</strong></span> <span class='ocrx_word' id='word_1_454' title='bbox 2709 758 2780 811; x_wconf 90' lang='lat' dir='ltr'><strong>ad</strong></span> <span class='ocrx_word' id='word_1_455' title='bbox 2817 756 3113 811; x_wconf 88' lang='lat' dir='ltr'><strong>sinistram</strong></span> <span class='ocrx_word' id='word_1_456' title='bbox 3139 756 3427 825; x_wconf 88' lang='lat' dir='ltr'><strong>postremo</strong></span> <span class='ocrx_word' id='word_1_457' title='bbox 3460 757 3583 812; x_wconf 92' lang='lat' dir='ltr'><strong>loco</strong></span> <span class='ocrx_word' id='word_1_458' title='bbox 3608 756 3826 828; x_wconf 82' lang='lat' dir='ltr'><strong>pictus,</strong></span> 
     </span>
    </p>
   </div>
   <div class='ocr_carea' id='block_1_68' title="bbox 2118 827 3833 900">
    <p class='ocr_par' dir='ltr' id='par_1_68' title="bbox 2118 827 3833 900">
     <span class='ocr_line' id='line_1_69' title="bbox 2118 827 3833 900; baseline 0.002 -19"><span class='ocrx_word' id='word_1_459' title='bbox 2118 827 2449 898; x_wconf 89' lang='lat' dir='ltr'><strong>librumque</strong></span> <span class='ocrx_word' id='word_1_460' title='bbox 2480 844 2652 883; x_wconf 90' lang='lat' dir='ltr'><strong>manu</strong></span> <span class='ocrx_word' id='word_1_461' title='bbox 2677 834 2899 891; x_wconf 90' lang='lat' dir='ltr'><strong>tenens,</strong></span> <span class='ocrx_word' id='word_1_462' title='bbox 2926 833 2991 882; x_wconf 90' lang='lat' dir='ltr'><strong>ut</strong></span> <span class='ocrx_word' id='word_1_463' title='bbox 3018 828 3292 900; x_wconf 88' lang='lat' dir='ltr'><strong>Panvinio</strong></span> <span class='ocrx_word' id='word_1_464' title='bbox 3311 830 3515 900; x_wconf 82' lang='lat' dir='ltr'><strong>placet,</strong></span> <span class='ocrx_word' id='word_1_465' title='bbox 3536 827 3623 883; x_wconf 83' lang='lat' dir='ltr'><strong>est</strong></span> <span class='ocrx_word' id='word_1_466' title='bbox 3641 830 3833 885; x_wconf 88' lang='lat' dir='ltr'><strong>Theo-</strong></span> 
     </span>
    </p>
   </div>
   <div class='ocr_carea' id='block_1_69' title="bbox 2117 899 3829 969">
    <p class='ocr_par' dir='ltr' id='par_1_69' title="bbox 2117 899 3829 969">
     <span class='ocr_line' id='line_1_70' title="bbox 2117 899 3829 969; baseline 0.002 -17"><span class='ocrx_word' id='word_1_467' title='bbox 2117 900 2318 965; x_wconf 86' lang='lat' dir='ltr'><strong>dorus,</strong></span> <span class='ocrx_word' id='word_1_468' title='bbox 2364 900 2603 954; x_wconf 85' lang='lat' dir='ltr'><strong>Joannis</strong></span> <span class='ocrx_word' id='word_1_469' title='bbox 2651 916 3001 954; x_wconf 91' lang='lat' dir='ltr'><strong>successor:</strong></span> <span class='ocrx_word' id='word_1_470' title='bbox 3036 899 3154 969; x_wconf 85' lang='lat' dir='ltr'><strong>qui,</strong></span> <span class='ocrx_word' id='word_1_471' title='bbox 3192 906 3256 954; x_wconf 93' lang='lat' dir='ltr'><strong>ut</strong></span> <span class='ocrx_word' id='word_1_472' title='bbox 3297 899 3450 955; x_wconf 85' lang='lat' dir='ltr'><strong>idem</strong></span> <span class='ocrx_word' id='word_1_473' title='bbox 3492 901 3573 955; x_wconf 89' lang='lat' dir='ltr'><strong>ait</strong></span> <span class='ocrx_word' id='word_1_474' title='bbox 3614 901 3829 956; x_wconf 87' lang='lat' dir='ltr'><strong>Panvi-</strong></span> 
     </span>
    </p>
   </div>
   <div class='ocr_carea' id='block_1_70' title="bbox 2118 970 3823 1039">
    <p class='ocr_par' dir='ltr' id='par_1_70' title="bbox 2118 970 3823 1039">
     <span class='ocr_line' id='line_1_71' title="bbox 2118 970 3823 1039; baseline 0.001 -14"><span class='ocrx_word' id='word_1_475' title='bbox 2118 971 2273 1036; x_wconf 89' lang='lat' dir='ltr'><strong>nius,</strong></span> <span class='ocrx_word' id='word_1_476' title='bbox 2298 970 2603 1026; x_wconf 88' lang='lat' dir='ltr'><strong>ecclesiam</strong></span> <span class='ocrx_word' id='word_1_477' title='bbox 2629 972 2894 1035; x_wconf 76' lang='lat' dir='ltr'><strong>fortasse,</strong></span> <span class='ocrx_word' id='word_1_478' title='bbox 2918 970 3025 1037; x_wconf 89' lang='lat' dir='ltr'><strong>vel,</strong></span> <span class='ocrx_word' id='word_1_479' title='bbox 3053 975 3116 1025; x_wconf 92' lang='lat' dir='ltr'><strong>ut</strong></span> <span class='ocrx_word' id='word_1_480' title='bbox 3138 987 3243 1039; x_wconf 86' lang='lat' dir='ltr'><strong>ego</strong></span> <span class='ocrx_word' id='word_1_481' title='bbox 3267 971 3536 1035; x_wconf 88' lang='lat' dir='ltr'><strong>arbitror,</strong></span> <span class='ocrx_word' id='word_1_482' title='bbox 3561 972 3823 1028; x_wconf 87' lang='lat' dir='ltr'><strong>absidem</strong></span> 
     </span>
    </p>
   </div>
   <div class='ocr_carea' id='block_1_71' title="bbox 2119 1041 3831 1114">
    <p class='ocr_par' dir='ltr' id='par_1_71' title="bbox 2119 1041 3831 1114">
     <span class='ocr_line' id='line_1_72' title="bbox 2119 1041 3831 1114; baseline 0.002 -18"><span class='ocrx_word' id='word_1_483' title='bbox 2119 1059 2151 1096; x_wconf 91' lang='lat' dir='ltr'><strong>a</strong></span> <span class='ocrx_word' id='word_1_484' title='bbox 2180 1041 2405 1114; x_wconf 86' lang='lat' dir='ltr'><strong>Joanne</strong></span> <span class='ocrx_word' id='word_1_485' title='bbox 2434 1042 2763 1097; x_wconf 80' lang='lat' dir='ltr'><strong>inchoatam</strong></span> <span class='ocrx_word' id='word_1_486' title='bbox 2802 1042 3059 1114; x_wconf 55' lang='lat' dir='ltr'><strong>perfeci};</strong></span> <span class='ocrx_word' id='word_1_487' title='bbox 3100 1042 3235 1097; x_wconf 86' lang='lat' dir='ltr'><strong>hinc</strong></span> <span class='ocrx_word' id='word_1_488' title='bbox 3270 1044 3325 1098; x_wconf 90' lang='lat' dir='ltr'><strong>in</strong></span> <span class='ocrx_word' id='word_1_489' title='bbox 3364 1059 3432 1098; x_wconf 91' lang='lat' dir='ltr'><strong>ea</strong></span> <span class='ocrx_word' id='word_1_490' title='bbox 3468 1045 3659 1113; x_wconf 92' lang='lat' dir='ltr'><strong>pictus</strong></span> <span class='ocrx_word' id='word_1_491' title='bbox 3706 1061 3831 1100; x_wconf 88' lang='lat' dir='ltr'><strong>cer-</strong></span> 
     </span>
    </p>
   </div>
   <div class='ocr_carea' id='block_1_72' title="bbox 2117 1113 3829 1183">
    <p class='ocr_par' dir='ltr' id='par_1_72' title="bbox 2117 1113 3829 1183">
     <span class='ocr_line' id='line_1_73' title="bbox 2117 1113 3829 1183; baseline 0.002 -16"><span class='ocrx_word' id='word_1_492' title='bbox 2117 1114 2295 1168; x_wconf 89' lang='lat' dir='ltr'><strong>nitur.</strong></span> <span class='ocrx_word' id='word_1_493' title='bbox 2330 1113 2446 1167; x_wconf 88' lang='lat' dir='ltr'><strong>Cur</strong></span> <span class='ocrx_word' id='word_1_494' title='bbox 2476 1118 2670 1169; x_wconf 90' lang='lat' dir='ltr'><strong>autem</strong></span> <span class='ocrx_word' id='word_1_495' title='bbox 2702 1113 2816 1170; x_wconf 84' lang='lat' dir='ltr'><strong>hoc</strong></span> <span class='ocrx_word' id='word_1_496' title='bbox 2845 1114 2966 1169; x_wconf 92' lang='lat' dir='ltr'><strong>loco</strong></span> <span class='ocrx_word' id='word_1_497' title='bbox 2998 1113 3319 1169; x_wconf 90' lang='lat' dir='ltr'><strong>Venantius</strong></span> <span class='ocrx_word' id='word_1_498' title='bbox 3359 1124 3411 1169; x_wconf 88' lang='lat' dir='ltr'><strong>et</strong></span> <span class='ocrx_word' id='word_1_499' title='bbox 3448 1114 3715 1183; x_wconf 88' lang='lat' dir='ltr'><strong>Domnio,</strong></span> <span class='ocrx_word' id='word_1_500' title='bbox 3767 1121 3829 1171; x_wconf 89' lang='lat' dir='ltr'><strong>et</strong></span> 
     </span>
    </p>
   </div>
   <div class='ocr_carea' id='block_1_73' title="bbox 2103 1184 3830 1258">
    <p class='ocr_par' dir='ltr' id='par_1_73' title="bbox 2103 1184 3830 1258">
     <span class='ocr_line' id='line_1_74' title="bbox 2103 1184 3830 1258; baseline 0.003 -20"><span class='ocrx_word' id='word_1_501' title='bbox 2103 1184 2589 1258; x_wconf 79' lang='lat' dir='ltr'><strong>&#39;extra_absidem</strong></span> <span class='ocrx_word' id='word_1_502' title='bbox 2640 1185 2901 1251; x_wconf 89' lang='lat' dir='ltr'><strong>Maurus,</strong></span> <span class='ocrx_word' id='word_1_503' title='bbox 2982 1192 3290 1258; x_wconf 75' lang='lat' dir='ltr'><strong>martyres,</strong></span> <span class='ocrx_word' id='word_1_504' title='bbox 3350 1201 3579 1243; x_wconf 90' lang='lat' dir='ltr'><strong>crucem</strong></span> <span class='ocrx_word' id='word_1_505' title='bbox 3648 1204 3830 1258; x_wconf 90' lang='lat' dir='ltr'><strong>super</strong></span> 
     </span>
    </p>
   </div>
   <div class='ocr_carea' id='block_1_74' title="bbox 2117 1255 3826 1328">
    <p class='ocr_par' dir='ltr' id='par_1_74' title="bbox 2117 1255 3826 1328">
     <span class='ocr_line' id='line_1_75' title="bbox 2117 1255 3826 1328; baseline 0.002 -17"><span class='ocrx_word' id='word_1_506' title='bbox 2117 1255 2400 1311; x_wconf 88' lang='lat' dir='ltr'><strong>sandaliis</strong></span> <span class='ocrx_word' id='word_1_507' title='bbox 2430 1261 2655 1327; x_wconf 83' lang='lat' dir='ltr'><strong>gestare</strong></span> <span class='ocrx_word' id='word_1_508' title='bbox 2686 1262 3019 1328; x_wconf 88' lang='lat' dir='ltr'><strong>cernantur,</strong></span> <span class='ocrx_word' id='word_1_509' title='bbox 3059 1257 3211 1312; x_wconf 72' lang='lat'><strong>322</strong></span> <span class='ocrx_word' id='word_1_510' title='bbox 3244 1257 3466 1328; x_wconf 88' lang='lat' dir='ltr'><strong>ignoro,</strong></span> <span class='ocrx_word' id='word_1_511' title='bbox 3500 1258 3612 1313; x_wconf 90' lang='lat' dir='ltr'><strong>nisi</strong></span> <span class='ocrx_word' id='word_1_512' title='bbox 3638 1257 3697 1313; x_wconf 91' lang='lat' dir='ltr'><strong>id</strong></span> <span class='ocrx_word' id='word_1_513' title='bbox 3726 1255 3826 1314; x_wconf 79' lang='lat' dir='ltr'><strong>ar-</strong></span> 
     </span>
    </p>
   </div>
   <div class='ocr_carea' id='block_1_75' title="bbox 2119 1327 3825 1400">
    <p class='ocr_par' dir='ltr' id='par_1_75' title="bbox 2119 1327 3825 1400">
     <span class='ocr_line' id='line_1_76' title="bbox 2119 1327 3825 1400; baseline 0.002 -19"><span class='ocrx_word' id='word_1_514' title='bbox 2119 1328 2289 1382; x_wconf 92' lang='lat' dir='ltr'><strong>bitrio</strong></span> <span class='ocrx_word' id='word_1_515' title='bbox 2322 1328 2582 1398; x_wconf 92' lang='lat' dir='ltr'><strong>pictoris,</strong></span> <span class='ocrx_word' id='word_1_516' title='bbox 2614 1327 2700 1382; x_wconf 90' lang='lat' dir='ltr'><strong>vel</strong></span> <span class='ocrx_word' id='word_1_517' title='bbox 2732 1329 2800 1400; x_wconf 81' lang='lat' dir='ltr'><strong>ad</strong></span> <span class='ocrx_word' id='word_1_518' title='bbox 2834 1343 3063 1383; x_wconf 91' lang='lat' dir='ltr'><strong>crucem</strong></span> <span class='ocrx_word' id='word_1_519' title='bbox 3100 1327 3360 1399; x_wconf 85' lang='lat' dir='ltr'><strong>martyrii</strong></span> <span class='ocrx_word' id='word_1_520' title='bbox 3397 1335 3825 1400; x_wconf 63' lang='lat' dir='ltr'><strong>representati-</strong></span> 
     </span>
    </p>
   </div>
   <div class='ocr_carea' id='block_1_76' title="bbox 2116 1399 3827 1473">
    <p class='ocr_par' dir='ltr' id='par_1_76' title="bbox 2116 1399 3827 1473">
     <span class='ocr_line' id='line_1_77' title="bbox 2116 1399 3827 1473; baseline 0.002 -20"><span class='ocrx_word' id='word_1_521' title='bbox 2116 1400 2275 1473; x_wconf 70' lang='lat' dir='ltr'><strong>dum,</strong></span> <span class='ocrx_word' id='word_1_522' title='bbox 2311 1401 2526 1473; x_wconf 79' lang='lat' dir='ltr'><strong>factum</strong></span> <span class='ocrx_word' id='word_1_523' title='bbox 2553 1415 2684 1473; x_wconf 87' lang='lat' dir='ltr'><strong>esse</strong></span> <span class='ocrx_word' id='word_1_524' title='bbox 2718 1399 2907 1454; x_wconf 88' lang='lat' dir='ltr'><strong>dicam</strong></span> <span class='ocrx_word' id='word_1_525' title='bbox 2941 1416 2954 1453; x_wconf 93' lang='lat'>:</span> <span class='ocrx_word' id='word_1_526' title='bbox 2990 1402 3381 1473; x_wconf 11' lang='lat' dir='ltr'><strong>namssummi</strong></span> <span class='ocrx_word' id='word_1_527' title='bbox 3415 1399 3638 1473; x_wconf 83' lang='lat' dir='ltr'><strong>tantum</strong></span> <span class='ocrx_word' id='word_1_528' title='bbox 3672 1419 3827 1473; x_wconf 83' lang='lat' dir='ltr'><strong>pon-</strong></span> 
     </span>
    </p>
   </div>
   <div class='ocr_carea' id='block_1_77' title="bbox 2116 1470 3823 1542">
    <p class='ocr_par' dir='ltr' id='par_1_77' title="bbox 2116 1470 3823 1542">
     <span class='ocr_line' id='line_1_78' title="bbox 2116 1470 3823 1542; baseline 0.003 -18"><span class='ocrx_word' id='word_1_529' title='bbox 2116 1470 2299 1525; x_wconf 84' lang='lat' dir='ltr'><strong>titices</strong></span> <span class='ocrx_word' id='word_1_530' title='bbox 2329 1470 2484 1525; x_wconf 89' lang='lat' dir='ltr'><strong>hunc</strong></span> <span class='ocrx_word' id='word_1_531' title='bbox 2518 1471 2693 1525; x_wconf 89' lang='lat' dir='ltr'><strong>ritum</strong></span> <span class='ocrx_word' id='word_1_532' title='bbox 2726 1487 2902 1542; x_wconf 86' lang='lat' dir='ltr'><strong>super</strong></span> <span class='ocrx_word' id='word_1_533' title='bbox 2940 1470 3227 1526; x_wconf 89' lang='lat' dir='ltr'><strong>sandaliis</strong></span> <span class='ocrx_word' id='word_1_534' title='bbox 3266 1472 3535 1542; x_wconf 87' lang='lat' dir='ltr'><strong>gestandi</strong></span> <span class='ocrx_word' id='word_1_535' title='bbox 3583 1470 3823 1529; x_wconf 80' lang='lat' dir='ltr'><strong>crucem</strong></span> 
     </span>
    </p>
   </div>
   <div class='ocr_carea' id='block_1_78' title="bbox 2114 1542 3826 1601">
    <p class='ocr_par' dir='ltr' id='par_1_78' title="bbox 2114 1542 3826 1601">
     <span class='ocr_line' id='line_1_79' title="bbox 2114 1542 3826 1601; baseline 0.002 -4"><span class='ocrx_word' id='word_1_536' title='bbox 2114 1542 2421 1597; x_wconf 86' lang='lat' dir='ltr'><strong>observare</strong></span> <span class='ocrx_word' id='word_1_537' title='bbox 2438 1543 2661 1597; x_wconf 91' lang='lat' dir='ltr'><strong>solent:</strong></span> <span class='ocrx_word' id='word_1_538' title='bbox 2691 1542 2749 1597; x_wconf 89' lang='lat' dir='ltr'><strong>hi</strong></span> <span class='ocrx_word' id='word_1_539' title='bbox 2781 1543 2935 1598; x_wconf 92' lang='lat' dir='ltr'><strong>enim</strong></span> <span class='ocrx_word' id='word_1_540' title='bbox 2961 1543 3031 1596; x_wconf 89' lang='lat' dir='ltr'><strong>de</strong></span> <span class='ocrx_word' id='word_1_541' title='bbox 3053 1559 3115 1597; x_wconf 89' lang='lat' dir='ltr'><strong>se</strong></span> <span class='ocrx_word' id='word_1_542' title='bbox 3146 1542 3448 1599; x_wconf 89' lang='lat' dir='ltr'><strong>humiliter</strong></span> <span class='ocrx_word' id='word_1_543' title='bbox 3476 1560 3541 1598; x_wconf 88' lang='lat' dir='ltr'><strong>ac</strong></span> <span class='ocrx_word' id='word_1_544' title='bbox 3571 1545 3826 1601; x_wconf 85' lang='lat' dir='ltr'><strong>demisse</strong></span> 
     </span>
    </p>
   </div>
   <div class='ocr_carea' id='block_1_79' title="bbox 2116 1613 3824 1684">
    <p class='ocr_par' dir='ltr' id='par_1_79' title="bbox 2116 1613 3824 1684">
     <span class='ocr_line' id='line_1_80' title="bbox 2116 1613 3824 1684; baseline 0.003 -16"><span class='ocrx_word' id='word_1_545' title='bbox 2116 1613 2434 1668; x_wconf 88' lang='lat' dir='ltr'><strong>sentientes</strong></span> <span class='ocrx_word' id='word_1_546' title='bbox 2469 1631 2481 1668; x_wconf 93' lang='lat'>:</span> <span class='ocrx_word' id='word_1_547' title='bbox 2520 1614 2652 1668; x_wconf 84' lang='lat' dir='ltr'><strong>Cum</strong></span> <span class='ocrx_word' id='word_1_548' title='bbox 2682 1629 2866 1669; x_wconf 84' lang='lat' dir='ltr'><strong>omnes</strong></span> <span class='ocrx_word' id='word_1_549' title='bbox 2893 1614 3118 1684; x_wconf 86' lang='lat' dir='ltr'><strong>populos</strong></span> <span class='ocrx_word' id='word_1_550' title='bbox 3146 1618 3422 1669; x_wconf 84' lang='lat' dir='ltr'><strong>communi</strong></span> <span class='ocrx_word' id='word_1_551' title='bbox 3448 1622 3584 1681; x_wconf 86' lang='lat' dir='ltr'><strong>voto,</strong></span> <span class='ocrx_word' id='word_1_552' title='bbox 3619 1623 3683 1671; x_wconf 92' lang='lat' dir='ltr'><strong>ut</strong></span> <span class='ocrx_word' id='word_1_553' title='bbox 3712 1617 3824 1673; x_wconf 90' lang='lat' dir='ltr'><strong>Jo-</strong></span> 
     </span>
    </p>
   </div>
   <div class='ocr_carea' id='block_1_80' title="bbox 2115 1684 3826 1755">
    <p class='ocr_par' dir='ltr' id='par_1_80' title="bbox 2115 1684 3826 1755">
     <span class='ocr_line' id='line_1_81' title="bbox 2115 1684 3826 1755; baseline 0.003 -16"><span class='ocrx_word' id='word_1_554' title='bbox 2115 1685 2333 1755; x_wconf 89' lang='lat' dir='ltr'><strong>sephus</strong></span> <span class='ocrx_word' id='word_1_555' title='bbox 2364 1685 2719 1755; x_wconf 90' lang='lat' dir='ltr'><strong>Stephanus,</strong></span> <span class='ocrx_word' id='word_1_556' title='bbox 2754 1685 2931 1755; x_wconf 88' lang='lat' dir='ltr'><strong>episc.</strong></span> <span class='ocrx_word' id='word_1_557' title='bbox 2963 1684 3313 1753; x_wconf 78' lang='lat' dir='ltr'><strong>Oriolen.,in</strong></span> <span class='ocrx_word' id='word_1_558' title='bbox 3357 1684 3503 1741; x_wconf 90' lang='lat' dir='ltr'><strong>libro</strong></span> <span class='ocrx_word' id='word_1_559' title='bbox 3534 1688 3604 1742; x_wconf 90' lang='lat' dir='ltr'><strong>de</strong></span> <span class='ocrx_word' id='word_1_560' title='bbox 3634 1688 3826 1744; x_wconf 87' lang='lat' dir='ltr'><strong>Oscu-</strong></span> 
     </span>
    </p>
   </div>
   <div class='ocr_carea' id='block_1_81' title="bbox 2109 1755 3817 1829">
    <p class='ocr_par' dir='ltr' id='par_1_81' title="bbox 2109 1755 3817 1829">
     <span class='ocr_line' id='line_1_82' title="bbox 2109 1755 3817 1829; baseline 0.003 -19"><span class='ocrx_word' id='word_1_561' title='bbox 2109 1756 2323 1811; x_wconf 89' lang='lat' dir='ltr'><strong>latione</strong></span> <span class='ocrx_word' id='word_1_562' title='bbox 2348 1757 2559 1822; x_wconf 91' lang='lat' dir='ltr'><strong>pedum</strong></span> <span class='ocrx_word' id='word_1_563' title='bbox 2587 1757 2832 1811; x_wconf 83' lang='lat' dir='ltr'><strong>Romani</strong></span> <span class='ocrx_word' id='word_1_564' title='bbox 2859 1755 3149 1829; x_wconf 83' lang='lat' dir='ltr'><strong>pontificis</strong></span> <span class='ocrx_word' id='word_1_565' title='bbox 3174 1773 3288 1812; x_wconf 89' lang='lat' dir='ltr'><strong>non</strong></span> <span class='ocrx_word' id='word_1_566' title='bbox 3313 1757 3510 1813; x_wconf 88' lang='lat' dir='ltr'><strong>minus</strong></span> <span class='ocrx_word' id='word_1_567' title='bbox 3532 1759 3714 1829; x_wconf 89' lang='lat' dir='ltr'><strong>docte,</strong></span> <span class='ocrx_word' id='word_1_568' title='bbox 3748 1765 3817 1815; x_wconf 92' lang='lat' dir='ltr'><strong>ut</strong></span> 
     </span>
    </p>
   </div>
   <div class='ocr_carea' id='block_1_82' title="bbox 2106 1828 3824 1900">
    <p class='ocr_par' dir='ltr' id='par_1_82' title="bbox 2106 1828 3824 1900">
     <span class='ocr_line' id='line_1_83' title="bbox 2106 1828 3824 1900; baseline 0.002 -17"><span class='ocrx_word' id='word_1_569' title='bbox 2106 1829 2323 1894; x_wconf 90' lang='lat' dir='ltr'><strong>omnia,</strong></span> <span class='ocrx_word' id='word_1_570' title='bbox 2356 1844 2531 1899; x_wconf 88' lang='lat' dir='ltr'><strong>quam</strong></span> <span class='ocrx_word' id='word_1_571' title='bbox 2565 1833 2831 1884; x_wconf 87' lang='lat' dir='ltr'><strong>accurate</strong></span> <span class='ocrx_word' id='word_1_572' title='bbox 2860 1844 2925 1882; x_wconf 91' lang='lat' dir='ltr'><strong>ac</strong></span> <span class='ocrx_word' id='word_1_573' title='bbox 2958 1828 3049 1899; x_wconf 89' lang='lat' dir='ltr'><strong>pie</strong></span> <span class='ocrx_word' id='word_1_574' title='bbox 3078 1844 3205 1900; x_wconf 90' lang='lat' dir='ltr'><strong>cap.</strong></span> <span class='ocrx_word' id='word_1_575' title='bbox 3240 1830 3305 1883; x_wconf 89' lang='grc'><strong>18</strong></span> <span class='ocrx_word' id='word_1_576' title='bbox 3336 1829 3559 1897; x_wconf 89' lang='lat' dir='ltr'><strong>scribit,</strong></span> <span class='ocrx_word' id='word_1_577' title='bbox 3593 1831 3664 1885; x_wconf 84' lang='lat' dir='ltr'><strong>ad</strong></span> <span class='ocrx_word' id='word_1_578' title='bbox 3691 1828 3824 1887; x_wconf 84' lang='lat' dir='ltr'><strong>suos</strong></span> 
     </span>
    </p>
   </div>
   <div class='ocr_carea' id='block_1_83' title="bbox 2106 1900 3827 1970">
    <p class='ocr_par' dir='ltr' id='par_1_83' title="bbox 2106 1900 3827 1970">
     <span class='ocr_line' id='line_1_84' title="bbox 2106 1900 3827 1970; baseline 0.003 -16"><span class='ocrx_word' id='word_1_579' title='bbox 2106 1900 2268 1970; x_wconf 80' lang='lat' dir='ltr'><strong>pedes</strong></span> <span class='ocrx_word' id='word_1_580' title='bbox 2311 1901 2617 1954; x_wconf 80' lang='lat' dir='ltr'><strong>adorandos</strong></span> <span class='ocrx_word' id='word_1_581' title='bbox 2658 1915 2948 1966; x_wconf 78' lang='lat' dir='ltr'><strong>propensos</strong></span> <span class='ocrx_word' id='word_1_582' title='bbox 2987 1905 3366 1968; x_wconf 77' lang='lat' dir='ltr'><strong>agnoscerent,</strong></span> <span class='ocrx_word' id='word_1_583' title='bbox 3409 1905 3565 1956; x_wconf 85' lang='lat' dir='ltr'><strong>cruci</strong></span> <span class='ocrx_word' id='word_1_584' title='bbox 3613 1902 3827 1959; x_wconf 76' lang='lat' dir='ltr'><strong>Christi</strong></span> 
     </span>
    </p>
   </div>
   <div class='ocr_carea' id='block_1_84' title="bbox 2107 1970 3821 2042">
    <p class='ocr_par' dir='ltr' id='par_1_84' title="bbox 2107 1970 3821 2042">
     <span class='ocr_line' id='line_1_85' title="bbox 2107 1970 3821 2042; baseline 0.003 -18"><span class='ocrx_word' id='word_1_585' title='bbox 2107 1970 2498 2042; x_wconf 77' lang='lat' dir='ltr'><strong>osculationem</strong></span> <span class='ocrx_word' id='word_1_586' title='bbox 2536 1971 2717 2041; x_wconf 81' lang='lat' dir='ltr'><strong>potius</strong></span> <span class='ocrx_word' id='word_1_587' title='bbox 2753 1988 2926 2042; x_wconf 84' lang='lat' dir='ltr'><strong>quam</strong></span> <span class='ocrx_word' id='word_1_588' title='bbox 2972 1971 3078 2025; x_wconf 86' lang='lat' dir='ltr'><strong>sibi</strong></span> <span class='ocrx_word' id='word_1_589' title='bbox 3109 1970 3245 2041; x_wconf 85' lang='lat' dir='ltr'><strong>ipsis</strong></span> <span class='ocrx_word' id='word_1_590' title='bbox 3296 1978 3518 2027; x_wconf 83' lang='lat' dir='ltr'><strong>tantum</strong></span> <span class='ocrx_word' id='word_1_591' title='bbox 3554 1973 3821 2030; x_wconf 78' lang='lat' dir='ltr'><strong>honorem</strong></span> 
     </span>
    </p>
   </div>
   <div class='ocr_carea' id='block_1_85' title="bbox 2105 2041 3823 2115">
    <p class='ocr_par' dir='ltr' id='par_1_85' title="bbox 2105 2041 3823 2115">
     <span class='ocr_line' id='line_1_86' title="bbox 2105 2041 3823 2115; baseline 0.003 -20"><span class='ocrx_word' id='word_1_592' title='bbox 2105 2041 2312 2115; x_wconf 78' lang='lat' dir='ltr'><strong>deferri</strong></span> <span class='ocrx_word' id='word_1_593' title='bbox 2347 2042 2688 2115; x_wconf 82' lang='lat' dir='ltr'><strong>maluerunt,</strong></span> <span class='ocrx_word' id='word_1_594' title='bbox 2727 2048 2787 2097; x_wconf 86' lang='lat' dir='ltr'><strong>ut</strong></span> <span class='ocrx_word' id='word_1_595' title='bbox 2842 2057 3025 2098; x_wconf 85' lang='lat' dir='ltr'><strong>omnes</strong></span> <span class='ocrx_word' id='word_1_596' title='bbox 3078 2042 3416 2099; x_wconf 78' lang='lat' dir='ltr'><strong>Christianos</strong></span> <span class='ocrx_word' id='word_1_597' title='bbox 3467 2045 3699 2115; x_wconf 72' lang='lat' dir='ltr'><strong>benigne</strong></span> <span class='ocrx_word' id='word_1_598' title='bbox 3745 2046 3823 2100; x_wconf 84' lang='lat' dir='ltr'><strong>ad</strong></span> 
     </span>
    </p>
   </div>
   <div class='ocr_carea' id='block_1_86' title="bbox 2106 2113 3826 2195">
    <p class='ocr_par' dir='ltr' id='par_1_86' title="bbox 2106 2113 3826 2195">
     <span class='ocr_line' id='line_1_87' title="bbox 2106 2113 3826 2195; baseline 0.003 -29"><span class='ocrx_word' id='word_1_599' title='bbox 2106 2113 2293 2195; x_wconf 71' lang='lat' dir='ltr'><strong>oscula</strong></span> <span class='ocrx_word' id='word_1_600' title='bbox 2323 2114 2527 2195; x_wconf 68' lang='lat' dir='ltr'><strong>pedum</strong></span> <span class='ocrx_word' id='word_1_601' title='bbox 2552 2118 2895 2195; x_wconf 50' lang='lat' dir='ltr'><strong>exciperent;</strong></span> <span class='ocrx_word' id='word_1_602' title='bbox 2919 2115 3134 2195; x_wconf 65' lang='lat' dir='ltr'><strong>Itaque,</strong></span> <span class='ocrx_word' id='word_1_603' title='bbox 3157 2122 3220 2169; x_wconf 81' lang='lat' dir='ltr'><strong>ut</strong></span> <span class='ocrx_word' id='word_1_604' title='bbox 3264 2131 3578 2195; x_wconf 66' lang='lat' dir='ltr'><strong>expressam</strong></span> <span class='ocrx_word' id='word_1_605' title='bbox 3598 2113 3826 2195; x_wconf 56' lang='lat' dir='ltr'><strong>Christi</strong></span> 
     </span>
    </p>
   </div>
   <div class='ocr_carea' id='block_1_87' title="bbox 2105 2183 3823 2258">
    <p class='ocr_par' dir='ltr' id='par_1_87' title="bbox 2105 2183 3823 2258">
     <span class='ocr_line' id='line_1_88' title="bbox 2105 2183 3823 2258; baseline 0.003 -19"><span class='ocrx_word' id='word_1_606' title='bbox 2105 2183 2404 2252; x_wconf 78' lang='lat' dir='ltr'><strong>imaginem</strong></span> <span class='ocrx_word' id='word_1_607' title='bbox 2437 2188 2733 2258; x_wconf 86' lang='lat' dir='ltr'><strong>referrent,</strong></span> <span class='ocrx_word' id='word_1_608' title='bbox 2765 2194 2816 2240; x_wconf 86' lang='lat' dir='ltr'><strong>et</strong></span> <span class='ocrx_word' id='word_1_609' title='bbox 2860 2183 3161 2241; x_wconf 73' lang='lat' dir='ltr'><strong>Saluatoris</strong></span> <span class='ocrx_word' id='word_1_610' title='bbox 3188 2183 3500 2258; x_wconf 77' lang='lat' dir='ltr'><strong>passionem</strong></span> <span class='ocrx_word' id='word_1_611' title='bbox 3540 2190 3598 2242; x_wconf 84' lang='lat' dir='ltr'><strong>in</strong></span> <span class='ocrx_word' id='word_1_612' title='bbox 3625 2190 3823 2244; x_wconf 82' lang='lat' dir='ltr'><strong>homi—</strong></span> 
     </span>
    </p>
   </div>
   <div class='ocr_carea' id='block_1_88' title="bbox 2106 2257 3816 2327">
    <p class='ocr_par' dir='ltr' id='par_1_88' title="bbox 2106 2257 3816 2327">
     <span class='ocr_line' id='line_1_89' title="bbox 2106 2257 3816 2327; baseline 0.003 -18"><span class='ocrx_word' id='word_1_613' title='bbox 2106 2272 2237 2309; x_wconf 85' lang='lat' dir='ltr'><strong>num</strong></span> <span class='ocrx_word' id='word_1_614' title='bbox 2262 2259 2580 2312; x_wconf 83' lang='lat' dir='ltr'><strong>memoriam</strong></span> <span class='ocrx_word' id='word_1_615' title='bbox 2603 2257 2934 2325; x_wconf 82' lang='lat' dir='ltr'><strong>redz&#39;gerent,</strong></span> <span class='ocrx_word' id='word_1_616' title='bbox 2953 2273 3168 2312; x_wconf 85' lang='lat' dir='ltr'><strong>crucem</strong></span> <span class='ocrx_word' id='word_1_617' title='bbox 3188 2257 3461 2313; x_wconf 82' lang='lat' dir='ltr'><strong>sandaliis</strong></span> <span class='ocrx_word' id='word_1_618' title='bbox 3485 2260 3816 2327; x_wconf 68' lang='lat' dir='ltr'><strong>afﬁxerunt,</strong></span> 
     </span>
    </p>
   </div>
   <div class='ocr_carea' id='block_1_89' title="bbox 2104 2327 3821 2401">
    <p class='ocr_par' dir='ltr' id='par_1_89' title="bbox 2104 2327 3821 2401">
     <span class='ocr_line' id='line_1_90' title="bbox 2104 2327 3821 2401; baseline 0.003 -20"><span class='ocrx_word' id='word_1_619' title='bbox 2104 2334 2166 2381; x_wconf 85' lang='lat' dir='ltr'><strong>ut</strong></span> <span class='ocrx_word' id='word_1_620' title='bbox 2195 2327 2509 2383; x_wconf 78' lang='lat' dir='ltr'><strong>Christiani</strong></span> <span class='ocrx_word' id='word_1_621' title='bbox 2536 2328 2776 2401; x_wconf 78' lang='lat' dir='ltr'><strong>homines</strong></span> <span class='ocrx_word' id='word_1_622' title='bbox 2821 2344 2908 2401; x_wconf 87' lang='lat' dir='ltr'><strong>eos</strong></span> <span class='ocrx_word' id='word_1_623' title='bbox 2956 2329 3181 2384; x_wconf 85' lang='lat' dir='ltr'><strong>honores</strong></span> <span class='ocrx_word' id='word_1_624' title='bbox 3207 2344 3339 2401; x_wconf 84' lang='lat' dir='ltr'><strong>quos</strong></span> <span class='ocrx_word' id='word_1_625' title='bbox 3384 2330 3587 2386; x_wconf 83' lang='lat' dir='ltr'><strong>debitos</strong></span> <span class='ocrx_word' id='word_1_626' title='bbox 3616 2338 3668 2384; x_wconf 73' lang='lat' dir='ltr'><strong>et</strong></span> <span class='ocrx_word' id='word_1_627' title='bbox 3712 2349 3821 2387; x_wconf 81' lang='lat' dir='ltr'><strong>ne-</strong></span> 
     </span>
    </p>
   </div>
   <div class='ocr_carea' id='block_1_90' title="bbox 2102 2399 3825 2472">
    <p class='ocr_par' dir='ltr' id='par_1_90' title="bbox 2102 2399 3825 2472">
     <span class='ocr_line' id='line_1_91' title="bbox 2102 2399 3825 2472; baseline 0.003 -19"><span class='ocrx_word' id='word_1_628' title='bbox 2102 2401 2367 2472; x_wconf 80' lang='lat' dir='ltr'><strong>cessarios</strong></span> <span class='ocrx_word' id='word_1_629' title='bbox 2391 2399 2639 2469; x_wconf 81' lang='lat' dir='ltr'><strong>pontiﬁci</strong></span> <span class='ocrx_word' id='word_1_630' title='bbox 2666 2400 3000 2472; x_wconf 77' lang='lat' dir='ltr'><strong>deferebant,</strong></span> <span class='ocrx_word' id='word_1_631' title='bbox 3032 2416 3189 2455; x_wconf 81' lang='lat' dir='ltr'><strong>cruce</strong></span> <span class='ocrx_word' id='word_1_632' title='bbox 3221 2399 3529 2472; x_wconf 77' lang='lat' dir='ltr'><strong>perspecta,</strong></span> <span class='ocrx_word' id='word_1_633' title='bbox 3571 2403 3825 2459; x_wconf 82' lang='lat' dir='ltr'><strong>alacrius</strong></span> 
     </span>
    </p>
   </div>
   <div class='ocr_carea' id='block_1_91' title="bbox 2102 2469 3819 2545">
    <p class='ocr_par' dir='ltr' id='par_1_91' title="bbox 2102 2469 3819 2545">
     <span class='ocr_line' id='line_1_92' title="bbox 2102 2469 3819 2545; baseline 0.003 -21"><span class='ocrx_word' id='word_1_634' title='bbox 2102 2469 2445 2527; x_wconf 67' lang='lat' dir='ltr'><strong>exhiberem.</strong></span> <span class='ocrx_word' id='word_1_635' title='bbox 2494 2472 2638 2545; x_wconf 70' lang='lat' dir='ltr'><strong>Haec</strong></span> <span class='ocrx_word' id='word_1_636' title='bbox 2687 2471 2977 2545; x_wconf 87' lang='lat' dir='ltr'><strong>Josephus</strong></span> <span class='ocrx_word' id='word_1_637' title='bbox 3033 2469 3417 2545; x_wconf 19' lang='lat' dir='ltr'><strong>Stephanus:</strong></span> <span class='ocrx_word' id='word_1_638' title='bbox 3439 2472 3551 2528; x_wconf 87' lang='lat' dir='ltr'><strong>Cur</strong></span> <span class='ocrx_word' id='word_1_639' title='bbox 3610 2475 3819 2545; x_wconf 89' lang='lat' dir='ltr'><strong>itaque</strong></span> 
     </span>
    </p>
   </div>
   <div class='ocr_carea' id='block_1_92' title="bbox 2105 2542 3824 2613">
    <p class='ocr_par' dir='ltr' id='par_1_92' title="bbox 2105 2542 3824 2613">
     <span class='ocr_line' id='line_1_93' title="bbox 2105 2542 3824 2613; baseline 0.003 -18"><span class='ocrx_word' id='word_1_640' title='bbox 2105 2546 2389 2613; x_wconf 82' lang='lat' dir='ltr'><strong>martyres</strong></span> <span class='ocrx_word' id='word_1_641' title='bbox 2419 2543 2504 2597; x_wconf 89' lang='lat' dir='ltr'><strong>vel</strong></span> <span class='ocrx_word' id='word_1_642' title='bbox 2540 2542 2641 2597; x_wconf 87' lang='lat' dir='ltr'><strong>alii</strong></span> <span class='ocrx_word' id='word_1_643' title='bbox 2673 2544 2883 2607; x_wconf 89' lang='lat' dir='ltr'><strong>sancti,</strong></span> <span class='ocrx_word' id='word_1_644' title='bbox 2916 2559 3030 2597; x_wconf 92' lang='lat' dir='ltr'><strong>non</strong></span> <span class='ocrx_word' id='word_1_645' title='bbox 3065 2542 3366 2613; x_wconf 85' lang='lat' dir='ltr'><strong>pontifices</strong></span> <span class='ocrx_word' id='word_1_646' title='bbox 3395 2544 3662 2612; x_wconf 83' lang='lat' dir='ltr'><strong>Romani,</strong></span> <span class='ocrx_word' id='word_1_647' title='bbox 3697 2542 3824 2601; x_wconf 78' lang='lat' dir='ltr'><strong>eal-</strong></span> 
     </span>
    </p>
   </div>
   <div class='ocr_carea' id='block_1_93' title="bbox 2102 2613 3818 2687">
    <p class='ocr_par' dir='ltr' id='par_1_93' title="bbox 2102 2613 3818 2687">
     <span class='ocr_line' id='line_1_94' title="bbox 2102 2613 3818 2687; baseline 0.003 -21"><span class='ocrx_word' id='word_1_648' title='bbox 2102 2613 2220 2687; x_wconf 83' lang='lat' dir='ltr'><strong>ceis</strong></span> <span class='ocrx_word' id='word_1_649' title='bbox 2249 2630 2423 2687; x_wconf 74' lang='lat' dir='ltr'><strong>cruce</strong></span> <span class='ocrx_word' id='word_1_650' title='bbox 2453 2613 2748 2687; x_wconf 84' lang='lat' dir='ltr'><strong>insignitis</strong></span> <span class='ocrx_word' id='word_1_651' title='bbox 2773 2615 3137 2687; x_wconf 82' lang='lat' dir='ltr'><strong>decorentur,</strong></span> <span class='ocrx_word' id='word_1_652' title='bbox 3166 2632 3279 2687; x_wconf 87' lang='lat' dir='ltr'><strong>non</strong></span> <span class='ocrx_word' id='word_1_653' title='bbox 3318 2617 3459 2671; x_wconf 89' lang='lat' dir='ltr'><strong>satis</strong></span> <span class='ocrx_word' id='word_1_654' title='bbox 3498 2618 3818 2687; x_wconf 88' lang='lat' dir='ltr'><strong>perspicio,</strong></span> 
     </span>
    </p>
   </div>
   <div class='ocr_carea' id='block_1_94' title="bbox 2102 2682 3820 2759">
    <p class='ocr_par' dir='ltr' id='par_1_94' title="bbox 2102 2682 3820 2759">
     <span class='ocr_line' id='line_1_95' title="bbox 2102 2682 3820 2759; baseline 0.005 -23"><span class='ocrx_word' id='word_1_655' title='bbox 2102 2682 2213 2759; x_wconf 81' lang='lat' dir='ltr'><strong>nisi</strong></span> <span class='ocrx_word' id='word_1_656' title='bbox 2244 2684 2300 2739; x_wconf 89' lang='lat' dir='ltr'><strong>id</strong></span> <span class='ocrx_word' id='word_1_657' title='bbox 2337 2685 2408 2759; x_wconf 81' lang='lat' dir='ltr'><strong>ad</strong></span> <span class='ocrx_word' id='word_1_658' title='bbox 2439 2682 2664 2759; x_wconf 72' lang='lat' dir='ltr'><strong>eaquae</strong></span> <span class='ocrx_word' id='word_1_659' title='bbox 2695 2685 2812 2739; x_wconf 82' lang='lat' dir='ltr'><strong>dixi</strong></span> <span class='ocrx_word' id='word_1_660' title='bbox 2860 2688 3141 2753; x_wconf 83' lang='lat' dir='ltr'><strong>referam;</strong></span> <span class='ocrx_word' id='word_1_661' title='bbox 3176 2686 3262 2741; x_wconf 86' lang='lat' dir='ltr'><strong>vel</strong></span> <span class='ocrx_word' id='word_1_662' title='bbox 3304 2688 3377 2742; x_wconf 95' lang='lat' dir='ltr'><strong>ob</strong></span> <span class='ocrx_word' id='word_1_663' title='bbox 3418 2682 3820 2759; x_wconf 79' lang='lat' dir='ltr'><strong>episcopalem</strong></span> 
     </span>
    </p>
   </div>
   <div class='ocr_carea' id='block_1_95' title="bbox 2101 2755 3819 2829">
    <p class='ocr_par' dir='ltr' id='par_1_95' title="bbox 2101 2755 3819 2829">
     <span class='ocr_line' id='line_1_96' title="bbox 2101 2755 3819 2829; baseline 0.003 -20"><span class='ocrx_word' id='word_1_664' title='bbox 2101 2755 2347 2829; x_wconf 77' lang='lat' dir='ltr'><strong>fortasse</strong></span> <span class='ocrx_word' id='word_1_665' title='bbox 2364 2757 2743 2829; x_wconf 84' lang='lat' dir='ltr'><strong>_dignitatem,</strong></span> <span class='ocrx_word' id='word_1_666' title='bbox 2778 2772 2890 2826; x_wconf 88' lang='lat' dir='ltr'><strong>qua</strong></span> <span class='ocrx_word' id='word_1_667' title='bbox 2917 2772 3195 2829; x_wconf 80' lang='lat' dir='ltr'><strong>martyres</strong></span> <span class='ocrx_word' id='word_1_668' title='bbox 3217 2758 3347 2829; x_wconf 90' lang='lat' dir='ltr'><strong>ipsi,</strong></span> <span class='ocrx_word' id='word_1_669' title='bbox 3385 2755 3695 2814; x_wconf 73' lang='lat' dir='ltr'><strong>Venantius</strong></span> <span class='ocrx_word' id='word_1_670' title='bbox 3728 2761 3819 2814; x_wconf 85' lang='lat' dir='ltr'><strong>vi-</strong></span> 
     </span>
    </p>
   </div>
   <div class='ocr_carea' id='block_1_96' title="bbox 2100 2825 3819 2901">
    <p class='ocr_par' dir='ltr' id='par_1_96' title="bbox 2100 2825 3819 2901">
     <span class='ocr_line' id='line_1_97' title="bbox 2100 2825 3819 2901; baseline 0.004 -22"><span class='ocrx_word' id='word_1_671' title='bbox 2100 2825 2328 2901; x_wconf 78' lang='lat' dir='ltr'><strong>delicet,</strong></span> <span class='ocrx_word' id='word_1_672' title='bbox 2364 2825 2609 2901; x_wconf 78' lang='lat' dir='ltr'><strong>Domnio</strong></span> <span class='ocrx_word' id='word_1_673' title='bbox 2647 2834 2703 2882; x_wconf 88' lang='lat' dir='ltr'><strong>et</strong></span> <span class='ocrx_word' id='word_1_674' title='bbox 2734 2825 2994 2896; x_wconf 72' lang='lat' dir='ltr'><strong>maurus,</strong></span> <span class='ocrx_word' id='word_1_675' title='bbox 3027 2825 3257 2901; x_wconf 79' lang='lat' dir='ltr'><strong>fuerant</strong></span> <span class='ocrx_word' id='word_1_676' title='bbox 3283 2830 3569 2901; x_wconf 86' lang='lat' dir='ltr'><strong>insigniti,</strong></span> <span class='ocrx_word' id='word_1_677' title='bbox 3597 2832 3819 2887; x_wconf 84' lang='lat' dir='ltr'><strong>factum</strong></span> 
     </span>
    </p>
   </div>
   <div class='ocr_carea' id='block_1_97' title="bbox 2098 2896 3822 2974">
    <p class='ocr_par' dir='ltr' id='par_1_97' title="bbox 2098 2896 3822 2974">
     <span class='ocr_line' id='line_1_98' title="bbox 2098 2896 3822 2974; baseline 0.003 -22"><span class='ocrx_word' id='word_1_678' title='bbox 2098 2896 2159 2953; x_wconf 90' lang='lat' dir='ltr'><strong>id</strong></span> <span class='ocrx_word' id='word_1_679' title='bbox 2191 2912 2319 2974; x_wconf 86' lang='lat' dir='ltr'><strong>esse</strong></span> <span class='ocrx_word' id='word_1_680' title='bbox 2351 2899 2561 2965; x_wconf 90' lang='lat' dir='ltr'><strong>dicam,</strong></span> <span class='ocrx_word' id='word_1_681' title='bbox 2600 2904 2662 2953; x_wconf 95' lang='lat' dir='ltr'><strong>ut</strong></span> <span class='ocrx_word' id='word_1_682' title='bbox 2692 2916 2808 2974; x_wconf 61' lang='grc' dir='ltr'><strong>βεδε</strong></span> <span class='ocrx_word' id='word_1_683' title='bbox 2840 2915 2901 2954; x_wconf 88' lang='lat' dir='ltr'><strong>se</strong></span> <span class='ocrx_word' id='word_1_684' title='bbox 2935 2902 3043 2954; x_wconf 89' lang='lat' dir='ltr'><strong>fert</strong></span> <span class='ocrx_word' id='word_1_685' title='bbox 3072 2900 3336 2970; x_wconf 80' lang='lat' dir='ltr'><strong>pallium,</strong></span> <span class='ocrx_word' id='word_1_686' title='bbox 3371 2896 3487 2973; x_wconf 57' lang='lat' dir='ltr'><strong>q&#39;uo</strong></span> <span class='ocrx_word' id='word_1_687' title='bbox 3518 2902 3655 2957; x_wconf 91' lang='lat' dir='ltr'><strong>dicti</strong></span> <span class='ocrx_word' id='word_1_688' title='bbox 3690 2903 3822 2974; x_wconf 84' lang='lat' dir='ltr'><strong>epi-</strong></span> 
     </span>
    </p>
   </div>
   <div class='ocr_carea' id='block_1_98' title="bbox 2102 2969 3824 3042">
    <p class='ocr_par' dir='ltr' id='par_1_98' title="bbox 2102 2969 3824 3042">
     <span class='ocr_line' id='line_1_99' title="bbox 2102 2969 3824 3042; baseline 0.002 -18"><span class='ocrx_word' id='word_1_689' title='bbox 2102 2972 2259 3041; x_wconf 85' lang='lat' dir='ltr'><strong>scopi</strong></span> <span class='ocrx_word' id='word_1_690' title='bbox 2297 2974 2354 3025; x_wconf 88' lang='lat' dir='ltr'><strong>et</strong></span> <span class='ocrx_word' id='word_1_691' title='bbox 2386 2980 2685 3041; x_wconf 87' lang='lat' dir='ltr'><strong>martyres,</strong></span> <span class='ocrx_word' id='word_1_692' title='bbox 2720 2969 3047 3026; x_wconf 65' lang='lat' dir='ltr'><strong>Graecorum</strong></span> <span class='ocrx_word' id='word_1_693' title='bbox 3077 2969 3479 3042; x_wconf 82' lang='lat' dir='ltr'><strong>episcoporum</strong></span> <span class='ocrx_word' id='word_1_694' title='bbox 3515 2989 3691 3039; x_wconf 88' lang='lat' dir='ltr'><strong>more,</strong></span> <span class='ocrx_word' id='word_1_695' title='bbox 3724 2969 3824 3029; x_wconf 78' lang='lat' dir='ltr'><strong>or-</strong></span> 
     </span>
    </p>
   </div>
   <div class='ocr_carea' id='block_1_99' title="bbox 2104 3043 3819 3115">
    <p class='ocr_par' dir='ltr' id='par_1_99' title="bbox 2104 3043 3819 3115">
     <span class='ocr_line' id='line_1_100' title="bbox 2104 3043 3819 3115; baseline 0.003 -20"><span class='ocrx_word' id='word_1_696' title='bbox 2104 3044 2221 3115; x_wconf 84' lang='lat' dir='ltr'><strong>nati</strong></span> <span class='ocrx_word' id='word_1_697' title='bbox 2258 3046 2577 3115; x_wconf 87' lang='lat' dir='ltr'><strong>cernuntur</strong></span> <span class='ocrx_word' id='word_1_698' title='bbox 2612 3043 2810 3115; x_wconf 83' lang='lat' dir='ltr'><strong>:apud</strong></span> <span class='ocrx_word' id='word_1_699' title='bbox 2847 3059 3100 3112; x_wconf 88' lang='lat' dir='ltr'><strong>namque</strong></span> <span class='ocrx_word' id='word_1_700' title='bbox 3125 3044 3359 3099; x_wconf 89' lang='lat' dir='ltr'><strong>Latinos</strong></span> <span class='ocrx_word' id='word_1_701' title='bbox 3383 3045 3516 3115; x_wconf 87' lang='lat' dir='ltr'><strong>jure</strong></span> <span class='ocrx_word' id='word_1_702' title='bbox 3547 3062 3819 3101; x_wconf 90' lang='lat' dir='ltr'><strong>commu-</strong></span> 
     </span>
    </p>
   </div>
   <div class='ocr_carea' id='block_1_100' title="bbox 2102 3113 3821 3186">
    <p class='ocr_par' dir='ltr' id='par_1_100' title="bbox 2102 3113 3821 3186">
     <span class='ocr_line' id='line_1_101' title="bbox 2102 3113 3821 3186; baseline 0.003 -19"><span class='ocrx_word' id='word_1_703' title='bbox 2102 3113 2425 3186; x_wconf 88' lang='lat' dir='ltr'><strong>ni_nonnisi</strong></span> <span class='ocrx_word' id='word_1_704' title='bbox 2456 3114 2692 3186; x_wconf 85' lang='lat' dir='ltr'><strong>summis</strong></span> <span class='ocrx_word' id='word_1_705' title='bbox 2726 3115 3114 3182; x_wconf 78' lang='lat' dir='ltr'><strong>pontificibus,</strong></span> <span class='ocrx_word' id='word_1_706' title='bbox 3152 3113 3496 3186; x_wconf 86' lang='lat' dir='ltr'><strong>patriarchis</strong></span> <span class='ocrx_word' id='word_1_707' title='bbox 3526 3120 3584 3170; x_wconf 91' lang='lat' dir='ltr'><strong>et</strong></span> <span class='ocrx_word' id='word_1_708' title='bbox 3613 3116 3821 3172; x_wconf 86' lang='lat' dir='ltr'><strong>archi-</strong></span> 
     </span>
    </p>
   </div>
   <div class='ocr_carea' id='block_1_101' title="bbox 2095 3183 3820 3258">
    <p class='ocr_par' dir='ltr' id='par_1_101' title="bbox 2095 3183 3820 3258">
     <span class='ocr_line' id='line_1_102' title="bbox 2095 3183 3820 3258; baseline 0.003 -19"><span class='ocrx_word' id='word_1_709' title='bbox 2095 3183 2407 3258; x_wconf 82' lang='lat' dir='ltr'><strong>episcopis,</strong></span> <span class='ocrx_word' id='word_1_710' title='bbox 2423 3200 2492 3258; x_wconf 86' lang='lat' dir='ltr'><strong>ex</strong></span> <span class='ocrx_word' id='word_1_711' title='bbox 2513 3184 2744 3258; x_wconf 84' lang='lat' dir='ltr'><strong>induite</strong></span> <span class='ocrx_word' id='word_1_712' title='bbox 2767 3190 2976 3258; x_wconf 84' lang='lat' dir='ltr'><strong>autem</strong></span> <span class='ocrx_word' id='word_1_713' title='bbox 2998 3183 3316 3256; x_wconf 83' lang='lat' dir='ltr'><strong>apostolico</strong></span> <span class='ocrx_word' id='word_1_714' title='bbox 3341 3187 3463 3258; x_wconf 91' lang='lat' dir='ltr'><strong>epis</strong></span> <span class='ocrx_word' id='word_1_715' title='bbox 3476 3188 3635 3258; x_wconf 71' lang='lat' dir='ltr'><strong>cepis</strong></span> <span class='ocrx_word' id='word_1_716' title='bbox 3654 3204 3820 3243; x_wconf 90' lang='lat' dir='ltr'><strong>non-</strong></span> 
     </span>
    </p>
   </div>
   <div class='ocr_carea' id='block_1_102' title="bbox 2096 3255 3817 3331">
    <p class='ocr_par' dir='ltr' id='par_1_102' title="bbox 2096 3255 3817 3331">
     <span class='ocr_line' id='line_1_103' title="bbox 2096 3255 3817 3331; baseline 0.003 -21"><span class='ocrx_word' id='word_1_717' title='bbox 2096 3255 2474 3331; x_wconf 32' lang='lat' dir='ltr'><strong>n_uAlli_s_pallio</strong></span> <span class='ocrx_word' id='word_1_718' title='bbox 2493 3255 2753 3331; x_wconf 66' lang='lat' dir='ltr'><strong>utilicet.</strong></span> <span class='ocrx_word' id='word_1_719' title='bbox 2781 3255 2944 3331; x_wconf 85' lang='lat' dir='ltr'><strong>Sicut</strong></span> <span class='ocrx_word' id='word_1_720' title='bbox 2966 3255 3161 3331; x_wconf 87' lang='lat' dir='ltr'><strong>itaque</strong></span> <span class='ocrx_word' id='word_1_721' title='bbox 3194 3255 3458 3328; x_wconf 77' lang='lat' dir='ltr'><strong>pallium,</strong></span> <span class='ocrx_word' id='word_1_722' title='bbox 3482 3255 3633 3330; x_wconf 77' lang='lat' dir='ltr'><strong>quod</strong></span> <span class='ocrx_word' id='word_1_723' title='bbox 3661 3278 3817 3331; x_wconf 88' lang='lat' dir='ltr'><strong>pon-</strong></span> 
     </span>
    </p>
   </div>
   <div class='ocr_carea' id='block_1_103' title="bbox 2102 3327 3816 3402">
    <p class='ocr_par' dir='ltr' id='par_1_103' title="bbox 2102 3327 3816 3402">
     <span class='ocr_line' id='line_1_104' title="bbox 2102 3327 3816 3402; baseline 0.005 -23"><span class='ocrx_word' id='word_1_724' title='bbox 2102 3327 2246 3402; x_wconf 66' lang='lat' dir='ltr'><strong>tifici</strong></span> <span class='ocrx_word' id='word_1_725' title='bbox 2281 3327 2539 3402; x_wconf 83' lang='lat' dir='ltr'><strong>Romano</strong></span> <span class='ocrx_word' id='word_1_726' title='bbox 2574 3328 2630 3381; x_wconf 94' lang='lat' dir='ltr'><strong>in</strong></span> <span class='ocrx_word' id='word_1_727' title='bbox 2665 3328 2866 3397; x_wconf 89' lang='lat' dir='ltr'><strong>primis</strong></span> <span class='ocrx_word' id='word_1_728' title='bbox 2907 3327 3204 3396; x_wconf 74' lang='lat' dir='ltr'><strong>convenit,</strong></span> <span class='ocrx_word' id='word_1_729' title='bbox 3230 3346 3342 3385; x_wconf 91' lang='lat' dir='ltr'><strong>non</strong></span> <span class='ocrx_word' id='word_1_730' title='bbox 3388 3327 3681 3402; x_wconf 71' lang='lat' dir='ltr'><strong>episCOpo,</strong></span> <span class='ocrx_word' id='word_1_731' title='bbox 3723 3334 3816 3387; x_wconf 88' lang='lat' dir='ltr'><strong>eis</strong></span> 
     </span>
    </p>
   </div>
   <div class='ocr_carea' id='block_1_104' title="bbox 2096 3399 3817 3471">
    <p class='ocr_par' dir='ltr' id='par_1_104' title="bbox 2096 3399 3817 3471">
     <span class='ocr_line' id='line_1_105' title="bbox 2096 3399 3817 3471; baseline 0.003 -19"><span class='ocrx_word' id='word_1_732' title='bbox 2096 3399 2297 3471; x_wconf 84' lang='lat' dir='ltr'><strong>datum</strong></span> <span class='ocrx_word' id='word_1_733' title='bbox 2322 3404 2409 3454; x_wconf 90' lang='lat' dir='ltr'><strong>est</strong></span> <span class='ocrx_word' id='word_1_734' title='bbox 2434 3419 2447 3467; x_wconf 91' lang='lat'><strong>;</strong></span> <span class='ocrx_word' id='word_1_735' title='bbox 2481 3400 2562 3453; x_wconf 91' lang='lat' dir='ltr'><strong>ita</strong></span> <span class='ocrx_word' id='word_1_736' title='bbox 2591 3404 2647 3453; x_wconf 92' lang='lat' dir='ltr'><strong>et</strong></span> <span class='ocrx_word' id='word_1_737' title='bbox 2668 3415 2909 3471; x_wconf 72' lang='lat' dir='ltr'><strong>erucem</strong></span> <span class='ocrx_word' id='word_1_738' title='bbox 2935 3416 3059 3469; x_wconf 66' lang='lat' dir='ltr'><strong>quae</strong></span> <span class='ocrx_word' id='word_1_739' title='bbox 3096 3406 3328 3470; x_wconf 90' lang='lat' dir='ltr'><strong>propter</strong></span> <span class='ocrx_word' id='word_1_740' title='bbox 3350 3402 3562 3471; x_wconf 88' lang='lat' dir='ltr'><strong>pedum</strong></span> <span class='ocrx_word' id='word_1_741' title='bbox 3586 3399 3817 3459; x_wconf 82' lang='lat' dir='ltr'><strong>oscula-</strong></span> 
     </span>
    </p>
   </div>
   <div class='ocr_carea' id='block_1_105' title="bbox 2097 3470 3815 3545">
    <p class='ocr_par' dir='ltr' id='par_1_105' title="bbox 2097 3470 3815 3545">
     <span class='ocr_line' id='line_1_106' title="bbox 2097 3470 3815 3545; baseline 0.003 -21"><span class='ocrx_word' id='word_1_742' title='bbox 2097 3470 2633 3545; x_wconf 77' lang='lat' dir='ltr'><strong>tionem_in_solius</strong></span> <span class='ocrx_word' id='word_1_743' title='bbox 2667 3470 2919 3545; x_wconf 83' lang='lat' dir='ltr'><strong>Romani</strong></span> <span class='ocrx_word' id='word_1_744' title='bbox 2954 3472 3247 3540; x_wconf 89' lang='lat' dir='ltr'><strong>pontiticis</strong></span> <span class='ocrx_word' id='word_1_745' title='bbox 3288 3470 3562 3545; x_wconf 71' lang='lat' dir='ltr'><strong>sandaliis</strong></span> <span class='ocrx_word' id='word_1_746' title='bbox 3591 3474 3815 3545; x_wconf 87' lang='lat' dir='ltr'><strong>apponi</strong></span> 
     </span>
    </p>
   </div>
   <div class='ocr_carea' id='block_1_106' title="bbox 2097 3541 3813 3614">
    <p class='ocr_par' dir='ltr' id='par_1_106' title="bbox 2097 3541 3813 3614">
     <span class='ocr_line' id='line_1_107' title="bbox 2097 3541 3813 3614; baseline 0.004 -18"><span class='ocrx_word' id='word_1_747' title='bbox 2097 3541 2271 3614; x_wconf 84' lang='lat' dir='ltr'><strong>solet,</strong></span> <span class='ocrx_word' id='word_1_748' title='bbox 2305 3541 2474 3596; x_wconf 86' lang='lat' dir='ltr'><strong>dictis</strong></span> <span class='ocrx_word' id='word_1_749' title='bbox 2508 3542 2859 3613; x_wconf 81' lang='lat' dir='ltr'><strong>martyribus</strong></span> <span class='ocrx_word' id='word_1_750' title='bbox 2891 3543 3086 3597; x_wconf 88' lang='lat' dir='ltr'><strong>datam</strong></span> <span class='ocrx_word' id='word_1_751' title='bbox 3119 3559 3245 3599; x_wconf 87' lang='lat' dir='ltr'><strong>esse</strong></span> <span class='ocrx_word' id='word_1_752' title='bbox 3274 3543 3497 3614; x_wconf 83' lang='lat' dir='ltr'><strong>Opinor,</strong></span> <span class='ocrx_word' id='word_1_753' title='bbox 3541 3541 3686 3601; x_wconf 83' lang='lat' dir='ltr'><strong>ritus</strong></span> <span class='ocrx_word' id='word_1_754' title='bbox 3719 3548 3813 3603; x_wconf 85' lang='lat' dir='ltr'><strong>in-</strong></span> 
     </span>
    </p>
   </div>
   <div class='ocr_carea' id='block_1_107' title="bbox 2096 3612 3363 3686">
    <p class='ocr_par' dir='ltr' id='par_1_107' title="bbox 2096 3612 3363 3686">
     <span class='ocr_line' id='line_1_108' title="bbox 2096 3612 3363 3686; baseline 0.002 -19"><span class='ocrx_word' id='word_1_755' title='bbox 2096 3612 2254 3686; x_wconf 85' lang='lat' dir='ltr'><strong>venti</strong></span> <span class='ocrx_word' id='word_1_756' title='bbox 2286 3614 2510 3686; x_wconf 77' lang='lat' dir='ltr'><strong>ratione</strong></span> <span class='ocrx_word' id='word_1_757' title='bbox 2542 3613 2664 3668; x_wconf 90' lang='lat' dir='ltr'><strong>sive</strong></span> <span class='ocrx_word' id='word_1_758' title='bbox 2690 3628 2863 3668; x_wconf 87' lang='lat' dir='ltr'><strong>causa</strong></span> <span class='ocrx_word' id='word_1_759' title='bbox 2895 3629 3007 3686; x_wconf 90' lang='lat' dir='ltr'><strong>non</strong></span> <span class='ocrx_word' id='word_1_760' title='bbox 3042 3612 3363 3686; x_wconf 77' lang='lat' dir='ltr'><strong>perspecta.</strong></span> 
     </span>
    </p>
   </div>
   <div class='ocr_carea' id='block_1_108' title="bbox 2168 3684 3813 3756">
    <p class='ocr_par' dir='ltr' id='par_1_108' title="bbox 2168 3684 3813 3756">
     <span class='ocr_line' id='line_1_109' title="bbox 2168 3684 3813 3756; baseline 0.004 -19"><span class='ocrx_word' id='word_1_761' title='bbox 2168 3684 2243 3738; x_wconf 81' lang='lat' dir='ltr'><strong>Ad</strong></span> <span class='ocrx_word' id='word_1_762' title='bbox 2279 3684 2337 3756; x_wconf 5' lang='lat' dir='ltr'><strong>Ss.</strong></span> <span class='ocrx_word' id='word_1_763' title='bbox 2371 3685 2692 3756; x_wconf 84' lang='lat' dir='ltr'><strong>Martinum</strong></span> <span class='ocrx_word' id='word_1_764' title='bbox 2728 3687 2785 3739; x_wconf 93' lang='lat' dir='ltr'><strong>in</strong></span> <span class='ocrx_word' id='word_1_765' title='bbox 2821 3684 3116 3741; x_wconf 85' lang='lat' dir='ltr'><strong>montibus</strong></span> <span class='ocrx_word' id='word_1_766' title='bbox 3159 3686 3311 3742; x_wconf 90' lang='lat' dir='ltr'><strong>inter</strong></span> <span class='ocrx_word' id='word_1_767' title='bbox 3350 3686 3622 3756; x_wconf 88' lang='lat' dir='ltr'><strong>reliquias</strong></span> <span class='ocrx_word' id='word_1_768' title='bbox 3654 3687 3813 3743; x_wconf 86' lang='lat' dir='ltr'><strong>beati</strong></span> 
     </span>
    </p>
   </div>
   <div class='ocr_carea' id='block_1_109' title="bbox 2098 3754 3813 3828">
    <p class='ocr_par' dir='ltr' id='par_1_109' title="bbox 2098 3754 3813 3828">
     <span class='ocr_line' id='line_1_110' title="bbox 2098 3754 3813 3828; baseline 0.003 -18"><span class='ocrx_word' id='word_1_769' title='bbox 2098 3754 2330 3828; x_wconf 86' lang='lat' dir='ltr'><strong>Martini</strong></span> <span class='ocrx_word' id='word_1_770' title='bbox 2367 3755 2581 3827; x_wconf 76' lang='lat' dir='ltr'><strong>Ipapze</strong></span> <span class='ocrx_word' id='word_1_771' title='bbox 2620 3762 2677 3811; x_wconf 88' lang='lat' dir='ltr'><strong>et</strong></span> <span class='ocrx_word' id='word_1_772' title='bbox 2718 3757 2988 3828; x_wconf 86' lang='lat' dir='ltr'><strong>martyris</strong></span> <span class='ocrx_word' id='word_1_773' title='bbox 3029 3773 3182 3813; x_wconf 88' lang='lat' dir='ltr'><strong>anno</strong></span> <span class='ocrx_word' id='word_1_774' title='bbox 3229 3759 3386 3813; x_wconf 91' lang='lat' dir='ltr'><strong>Dom.</strong></span> <span class='ocrx_word' id='word_1_775' title='bbox 3431 3754 3537 3812; x_wconf 71' lang='grc'><strong>647</strong></span> <span class='ocrx_word' id='word_1_776' title='bbox 3574 3757 3813 3816; x_wconf 87' lang='lat' dir='ltr'><strong>calceus</strong></span> 
     </span>
    </p>
   </div>
   <div class='ocr_carea' id='block_1_110' title="bbox 2095 3826 3814 3898">
    <p class='ocr_par' dir='ltr' id='par_1_110' title="bbox 2095 3826 3814 3898">
     <span class='ocr_line' id='line_1_111' title="bbox 2095 3826 3814 3898; baseline 0.004 -18"><span class='ocrx_word' id='word_1_777' title='bbox 2095 3826 2155 3881; x_wconf 91' lang='lat' dir='ltr'><strong>in</strong></span> <span class='ocrx_word' id='word_1_778' title='bbox 2188 3826 2477 3897; x_wconf 88' lang='lat' dir='ltr'><strong>superiori</strong></span> <span class='ocrx_word' id='word_1_779' title='bbox 2500 3826 2672 3898; x_wconf 89' lang='lat' dir='ltr'><strong>parte</strong></span> <span class='ocrx_word' id='word_1_780' title='bbox 2703 3826 3075 3895; x_wconf 82' lang='lat' dir='ltr'><strong>fenestratus,</strong></span> <span class='ocrx_word' id='word_1_781' title='bbox 3102 3835 3158 3884; x_wconf 93' lang='lat' dir='ltr'><strong>et</strong></span> <span class='ocrx_word' id='word_1_782' title='bbox 3184 3829 3244 3884; x_wconf 91' lang='lat' dir='ltr'><strong>in</strong></span> <span class='ocrx_word' id='word_1_783' title='bbox 3278 3830 3549 3885; x_wconf 88' lang='lat' dir='ltr'><strong>acumine</strong></span> <span class='ocrx_word' id='word_1_784' title='bbox 3575 3835 3814 3887; x_wconf 85' lang='lat' dir='ltr'><strong>tantum</strong></span> 
     </span>
    </p>
   </div>
   <div class='ocr_carea' id='block_1_111' title="bbox 2094 3899 3817 3970">
    <p class='ocr_par' dir='ltr' id='par_1_111' title="bbox 2094 3899 3817 3970">
     <span class='ocr_line' id='line_1_112' title="bbox 2094 3899 3817 3970; baseline 0.003 -18"><span class='ocrx_word' id='word_1_785' title='bbox 2094 3899 2353 3953; x_wconf 85' lang='lat' dir='ltr'><strong>obtectus</strong></span> <span class='ocrx_word' id='word_1_786' title='bbox 2378 3900 2543 3969; x_wconf 81' lang='lat' dir='ltr'><strong>juxta</strong></span> <span class='ocrx_word' id='word_1_787' title='bbox 2575 3901 2819 3953; x_wconf 86' lang='lat' dir='ltr'><strong>formam</strong></span> <span class='ocrx_word' id='word_1_788' title='bbox 2859 3916 3045 3970; x_wconf 91' lang='lat' dir='ltr'><strong>nuper</strong></span> <span class='ocrx_word' id='word_1_789' title='bbox 3074 3918 3107 3955; x_wconf 90' lang='lat' dir='ltr'><strong>a</strong></span> <span class='ocrx_word' id='word_1_790' title='bbox 3141 3901 3308 3956; x_wconf 91' lang='lat' dir='ltr'><strong>nobis</strong></span> <span class='ocrx_word' id='word_1_791' title='bbox 3338 3902 3687 3968; x_wconf 88' lang='lat' dir='ltr'><strong>descriptam</strong></span> <span class='ocrx_word' id='word_1_792' title='bbox 3721 3920 3817 3958; x_wconf 88' lang='lat' dir='ltr'><strong>as-</strong></span> 
     </span>
    </p>
   </div>
   <div class='ocr_carea' id='block_1_112' title="bbox 2095 3970 3814 4042">
    <p class='ocr_par' dir='ltr' id='par_1_112' title="bbox 2095 3970 3814 4042">
     <span class='ocr_line' id='line_1_113' title="bbox 2095 3970 3814 4042; baseline 0.003 -18"><span class='ocrx_word' id='word_1_793' title='bbox 2095 3979 2377 4024; x_wconf 89' lang='lat' dir='ltr'><strong>servatur.</strong></span> <span class='ocrx_word' id='word_1_794' title='bbox 2409 3970 2708 4042; x_wconf 88' lang='lat' dir='ltr'><strong>Acuminis</strong></span> <span class='ocrx_word' id='word_1_795' title='bbox 2741 3975 2936 4026; x_wconf 86' lang='lat' dir='ltr'><strong>autem</strong></span> <span class='ocrx_word' id='word_1_796' title='bbox 2972 3972 3137 4042; x_wconf 87' lang='lat' dir='ltr'><strong>pedis</strong></span> <span class='ocrx_word' id='word_1_797' title='bbox 3177 3979 3581 4038; x_wconf 77' lang='lat' dir='ltr'><strong>tegumentum</strong></span> <span class='ocrx_word' id='word_1_798' title='bbox 3613 3974 3814 4029; x_wconf 85' lang='lat' dir='ltr'><strong>coria-</strong></span> 
     </span>
    </p>
   </div>
   <div class='ocr_carea' id='block_1_113' title="bbox 2094 4041 3814 4116">
    <p class='ocr_par' dir='ltr' id='par_1_113' title="bbox 2094 4041 3814 4116">
     <span class='ocr_line' id='line_1_114' title="bbox 2094 4041 3814 4116; baseline 0.003 -22"><span class='ocrx_word' id='word_1_799' title='bbox 2094 4056 2282 4116; x_wconf 83' lang='lat' dir='ltr'><strong>ceum,</strong></span> <span class='ocrx_word' id='word_1_800' title='bbox 2315 4043 2558 4116; x_wconf 70' lang='lat' dir='ltr'><strong>caeruleo</strong></span> <span class='ocrx_word' id='word_1_801' title='bbox 2590 4041 2780 4097; x_wconf 87' lang='lat' dir='ltr'><strong>colore</strong></span> <span class='ocrx_word' id='word_1_802' title='bbox 2809 4041 3161 4116; x_wconf 83' lang='lat' dir='ltr'><strong>tinctum,_et</strong></span> <span class='ocrx_word' id='word_1_803' title='bbox 3202 4045 3554 4113; x_wconf 84' lang='lat' dir='ltr'><strong>quibusdam</strong></span> <span class='ocrx_word' id='word_1_804' title='bbox 3608 4046 3814 4116; x_wconf 83' lang='lat' dir='ltr'><strong>operi-</strong></span> 
     </span>
    </p>
   </div>
   <div class='ocr_carea' id='block_1_114' title="bbox 2094 4113 3813 4182">
    <p class='ocr_par' dir='ltr' id='par_1_114' title="bbox 2094 4113 3813 4182">
     <span class='ocr_line' id='line_1_115' title="bbox 2094 4113 3813 4182; baseline 0.002 -15"><span class='ocrx_word' id='word_1_805' title='bbox 2094 4113 2200 4167; x_wconf 89' lang='lat' dir='ltr'><strong>bus</strong></span> <span class='ocrx_word' id='word_1_806' title='bbox 2230 4130 2298 4167; x_wconf 84' lang='lat' dir='ltr'><strong>ex</strong></span> <span class='ocrx_word' id='word_1_807' title='bbox 2328 4115 2508 4167; x_wconf 88' lang='lat' dir='ltr'><strong>serico</strong></span> <span class='ocrx_word' id='word_1_808' title='bbox 2562 4119 2617 4167; x_wconf 89' lang='lat' dir='ltr'><strong>et</strong></span> <span class='ocrx_word' id='word_1_809' title='bbox 2657 4130 2798 4169; x_wconf 89' lang='lat' dir='ltr'><strong>auro</strong></span> <span class='ocrx_word' id='word_1_810' title='bbox 2845 4114 3126 4169; x_wconf 76' lang='lat' dir='ltr'><strong>contextis</strong></span> <span class='ocrx_word' id='word_1_811' title='bbox 3174 4120 3449 4169; x_wconf 89' lang='lat' dir='ltr'><strong>ornatum</strong></span> <span class='ocrx_word' id='word_1_812' title='bbox 3501 4113 3708 4182; x_wconf 78' lang='lat' dir='ltr'><strong>exstat,</strong></span> <span class='ocrx_word' id='word_1_813' title='bbox 3749 4118 3813 4171; x_wconf 91' lang='lat' dir='ltr'><strong>in</strong></span> 
     </span>
    </p>
   </div>
   <div class='ocr_carea' id='block_1_115' title="bbox 2094 4184 3813 4258">
    <p class='ocr_par' dir='ltr' id='par_1_115' title="bbox 2094 4184 3813 4258">
     <span class='ocr_line' id='line_1_116' title="bbox 2094 4184 3813 4258; baseline 0.004 -21"><span class='ocrx_word' id='word_1_814' title='bbox 2094 4199 2207 4253; x_wconf 92' lang='lat' dir='ltr'><strong>quo</strong></span> <span class='ocrx_word' id='word_1_815' title='bbox 2238 4184 2418 4258; x_wconf 84' lang='lat' dir='ltr'><strong>instar</strong></span> <span class='ocrx_word' id='word_1_816' title='bbox 2449 4186 2564 4239; x_wconf 88' lang='lat' dir='ltr'><strong>fere</strong></span> <span class='ocrx_word' id='word_1_817' title='bbox 2605 4184 2853 4258; x_wconf 87' lang='lat' dir='ltr'><strong>hujusce</strong></span> <span class='ocrx_word' id='word_1_818' title='bbox 2901 4185 3105 4240; x_wconf 65' lang='lat' dir='ltr'><strong>litteras</strong></span> <span class='ocrx_word' id='word_1_819' title='bbox 3138 4185 3368 4253; x_wconf 67' lang='lat' dir='ltr'><strong>Graecae,</strong></span> <span class='ocrx_word' id='word_1_820' title='bbox 3423 4186 3485 4253; x_wconf 87' lang='lat' dir='ltr'><strong>X,</strong></span> <span class='ocrx_word' id='word_1_821' title='bbox 3534 4188 3813 4258; x_wconf 58' lang='lat' dir='ltr'><strong>quendam</strong></span> 
     </span>
    </p>
   </div>
   <div class='ocr_carea' id='block_1_116' title="bbox 2094 4255 3815 4329">
    <p class='ocr_par' dir='ltr' id='par_1_116' title="bbox 2094 4255 3815 4329">
     <span class='ocr_line' id='line_1_117' title="bbox 2094 4255 3815 4329; baseline 0.004 -21"><span class='ocrx_word' id='word_1_822' title='bbox 2094 4256 2283 4329; x_wconf 80' lang='lat' dir='ltr'><strong>crucis</strong></span> <span class='ocrx_word' id='word_1_823' title='bbox 2314 4255 2528 4327; x_wconf 83' lang='lat' dir='ltr'><strong>imago,</strong></span> <span class='ocrx_word' id='word_1_824' title='bbox 2560 4260 2623 4311; x_wconf 91' lang='lat' dir='ltr'><strong>ut</strong></span> <span class='ocrx_word' id='word_1_825' title='bbox 2654 4256 2735 4311; x_wconf 90' lang='lat' dir='ltr'><strong>ita</strong></span> <span class='ocrx_word' id='word_1_826' title='bbox 2765 4257 2979 4329; x_wconf 82' lang='lat' dir='ltr'><strong>dicam.</strong></span> <span class='ocrx_word' id='word_1_827' title='bbox 3014 4258 3476 4313; x_wconf 84' lang='lat' dir='ltr'><strong>transversaliter</strong></span> <span class='ocrx_word' id='word_1_828' title='bbox 3517 4255 3621 4313; x_wconf 80' lang='lat' dir='ltr'><strong>aeu</strong></span> <span class='ocrx_word' id='word_1_829' title='bbox 3652 4259 3815 4329; x_wconf 84' lang='lat' dir='ltr'><strong>picta</strong></span> 
     </span>
    </p>
   </div>
   <div class='ocr_carea' id='block_1_117' title="bbox 2093 4327 3807 4399">
    <p class='ocr_par' dir='ltr' id='par_1_117' title="bbox 2093 4327 3807 4399">
     <span class='ocr_line' id='line_1_118' title="bbox 2093 4327 3807 4399; baseline 0.002 -18"><span class='ocrx_word' id='word_1_830' title='bbox 2093 4327 2367 4399; x_wconf 79' lang='lat' dir='ltr'><strong>cernitur,</strong></span> <span class='ocrx_word' id='word_1_831' title='bbox 2400 4344 2527 4395; x_wconf 72' lang='lat' dir='ltr'><strong>qua:</strong></span> <span class='ocrx_word' id='word_1_832' title='bbox 2561 4333 2829 4383; x_wconf 88' lang='lat' dir='ltr'><strong>ornatum</strong></span> <span class='ocrx_word' id='word_1_833' title='bbox 2864 4327 3019 4393; x_wconf 86' lang='lat' dir='ltr'><strong>facit,</strong></span> <span class='ocrx_word' id='word_1_834' title='bbox 3054 4332 3109 4382; x_wconf 92' lang='lat' dir='ltr'><strong>et</strong></span> <span class='ocrx_word' id='word_1_835' title='bbox 3140 4330 3455 4399; x_wconf 85' lang='lat' dir='ltr'><strong>quamdam</strong></span> <span class='ocrx_word' id='word_1_836' title='bbox 3493 4327 3686 4385; x_wconf 83' lang='lat' dir='ltr'><strong>crucis</strong></span> <span class='ocrx_word' id='word_1_837' title='bbox 3718 4332 3807 4386; x_wconf 82' lang='lat' dir='ltr'><strong>si-</strong></span> 
     </span>
    </p>
   </div>
   <div class='ocr_carea' id='block_1_118' title="bbox 2096 4397 3815 4468">
    <p class='ocr_par' dir='ltr' id='par_1_118' title="bbox 2096 4397 3815 4468">
     <span class='ocr_line' id='line_1_119' title="bbox 2096 4397 3815 4468; baseline 0.004 -17"><span class='ocrx_word' id='word_1_838' title='bbox 2096 4397 2486 4453; x_wconf 88' lang='lat' dir='ltr'><strong>militudinem</strong></span> <span class='ocrx_word' id='word_1_839' title='bbox 2519 4400 2711 4464; x_wconf 85' lang='lat' dir='ltr'><strong>refert,</strong></span> <span class='ocrx_word' id='word_1_840' title='bbox 2745 4404 2809 4453; x_wconf 90' lang='lat' dir='ltr'><strong>ut</strong></span> <span class='ocrx_word' id='word_1_841' title='bbox 2831 4400 2980 4454; x_wconf 90' lang='lat' dir='ltr'><strong>infra</strong></span> <span class='ocrx_word' id='word_1_842' title='bbox 3011 4397 3293 4468; x_wconf 79' lang='lat' dir='ltr'><strong>explicate</strong></span> <span class='ocrx_word' id='word_1_843' title='bbox 3317 4402 3677 4457; x_wconf 86' lang='lat' dir='ltr'><strong>ostendetur.</strong></span> <span class='ocrx_word' id='word_1_844' title='bbox 3716 4402 3815 4458; x_wconf 83' lang='lat' dir='ltr'><strong>ln-</strong></span> 
     </span>
    </p>
   </div>
   <div class='ocr_carea' id='block_1_119' title="bbox 266 4462 3811 4540">
    <p class='ocr_par' dir='ltr' id='par_1_119' title="bbox 266 4462 3811 4540">
     <span class='ocr_line' id='line_1_120' title="bbox 266 4462 3811 4540; baseline 0.002 -19"><span class='ocrx_word' id='word_1_845' title='bbox 266 4467 445 4521; x_wconf 75' lang='lat' dir='ltr'><strong>‘mina</strong></span> <span class='ocrx_word' id='word_1_846' title='bbox 476 4467 549 4540; x_wconf 88' lang='lat' dir='ltr'><strong>_in</strong></span> <span class='ocrx_word' id='word_1_847' title='bbox 594 4466 794 4540; x_wconf 83' lang='lat' dir='ltr'><strong>abside</strong></span> <span class='ocrx_word' id='word_1_848' title='bbox 831 4468 1132 4540; x_wconf 86' lang='lat' dir='ltr'><strong>indicant;</strong></span> <span class='ocrx_word' id='word_1_849' title='bbox 1166 4469 1441 4524; x_wconf 84' lang='lat' dir='ltr'><strong>sandaliis</strong></span> <span class='ocrx_word' id='word_1_850' title='bbox 1470 4468 1604 4540; x_wconf 84' lang='lat' dir='ltr'><strong>alba</strong></span> <span class='ocrx_word' id='word_1_851' title='bbox 1650 4482 1817 4522; x_wconf 88' lang='lat' dir='ltr'><strong>cruce</strong></span> <span class='ocrx_word' id='word_1_852' title='bbox 1850 4468 1989 4522; x_wconf 87' lang='lat' dir='ltr'><strong>satis</strong></span> <span class='ocrx_word' id='word_1_853' title='bbox 2019 4462 2064 4527; x_wconf 91' lang='lat' dir='ltr'><strong>D</strong></span> <span class='ocrx_word' id='word_1_854' title='bbox 2094 4473 2184 4523; x_wconf 88' lang='lat' dir='ltr'><strong>ter</strong></span> <span class='ocrx_word' id='word_1_855' title='bbox 2213 4471 2442 4525; x_wconf 88' lang='lat' dir='ltr'><strong>easdem</strong></span> <span class='ocrx_word' id='word_1_856' title='bbox 2480 4462 2758 4540; x_wconf 82' lang='lat' dir='ltr'><strong>reliquias</strong></span> <span class='ocrx_word' id='word_1_857' title='bbox 2790 4476 2981 4525; x_wconf 86' lang='lat' dir='ltr'><strong>exstat</strong></span> <span class='ocrx_word' id='word_1_858' title='bbox 3010 4462 3182 4526; x_wconf 83' lang='lat' dir='ltr'><strong>etiam</strong></span> <span class='ocrx_word' id='word_1_859' title='bbox 3218 4471 3449 4527; x_wconf 89' lang='lat' dir='ltr'><strong>calceus</strong></span> <span class='ocrx_word' id='word_1_860' title='bbox 3494 4473 3647 4528; x_wconf 87' lang='lat' dir='ltr'><strong>beati</strong></span> <span class='ocrx_word' id='word_1_861' title='bbox 3682 4473 3811 4529; x_wconf 80' lang='lat' dir='ltr'><strong>Sil-</strong></span> 
     </span>
    </p>
   </div>
   <div class='ocr_carea' id='block_1_120' title="bbox 283 4536 1989 4609">
    <p class='ocr_par' dir='ltr' id='par_1_120' title="bbox 283 4536 1989 4609">
     <span class='ocr_line' id='line_1_121' title="bbox 283 4536 1989 4609; baseline 0.001 -17"><span class='ocrx_word' id='word_1_862' title='bbox 283 4536 605 4607; x_wconf 88' lang='lat' dir='ltr'><strong>conspicua</strong></span> <span class='ocrx_word' id='word_1_863' title='bbox 626 4538 921 4609; x_wconf 89' lang='lat' dir='ltr'><strong>insignitis</strong></span> <span class='ocrx_word' id='word_1_864' title='bbox 944 4540 1253 4603; x_wconf 87' lang='lat' dir='ltr'><strong>calceatus,</strong></span> <span class='ocrx_word' id='word_1_865' title='bbox 1279 4544 1335 4595; x_wconf 91' lang='lat' dir='ltr'><strong>et</strong></span> <span class='ocrx_word' id='word_1_866' title='bbox 1367 4538 1668 4594; x_wconf 86' lang='lat' dir='ltr'><strong>ecclesiam</strong></span> <span class='ocrx_word' id='word_1_867' title='bbox 1694 4554 1867 4593; x_wconf 89' lang='lat' dir='ltr'><strong>manu</strong></span> <span class='ocrx_word' id='word_1_868' title='bbox 1893 4555 1989 4609; x_wconf 86' lang='lat' dir='ltr'><strong>ge-</strong></span> 
     </span>
    </p>
   </div>
   <div class='ocr_carea' id='block_1_121' title="bbox 282 4610 1983 4677">
    <p class='ocr_par' dir='ltr' id='par_1_121' title="bbox 282 4610 1983 4677">
     <span class='ocr_line' id='line_1_122' title="bbox 282 4610 1983 4677; baseline 0.001 -14"><span class='ocrx_word' id='word_1_869' title='bbox 282 4615 442 4663; x_wconf 87' lang='lat' dir='ltr'><strong>stans</strong></span> <span class='ocrx_word' id='word_1_870' title='bbox 474 4614 699 4663; x_wconf 83' lang='lat' dir='ltr'><strong>exstare</strong></span> <span class='ocrx_word' id='word_1_871' title='bbox 730 4610 1002 4665; x_wconf 88' lang='lat' dir='ltr'><strong>cernitur.</strong></span> <span class='ocrx_word' id='word_1_872' title='bbox 1039 4611 1143 4665; x_wconf 85' lang='lat' dir='ltr'><strong>Hic</strong></span> <span class='ocrx_word' id='word_1_873' title='bbox 1171 4611 1325 4664; x_wconf 88' lang='lat' dir='ltr'><strong>enim</strong></span> <span class='ocrx_word' id='word_1_874' title='bbox 1361 4612 1499 4665; x_wconf 92' lang='lat' dir='ltr'><strong>dum</strong></span> <span class='ocrx_word' id='word_1_875' title='bbox 1530 4611 1763 4677; x_wconf 86' lang='lat' dir='ltr'><strong>viveret,</strong></span> <span class='ocrx_word' id='word_1_876' title='bbox 1796 4610 1852 4664; x_wconf 90' lang='lat' dir='ltr'><strong>in</strong></span> <span class='ocrx_word' id='word_1_877' title='bbox 1882 4612 1983 4664; x_wconf 83' lang='lat' dir='ltr'><strong>ab-</strong></span> 
     </span>
    </p>
   </div>
   <div class='ocr_carea' id='block_1_122' title="bbox 284 4679 1984 4751">
    <p class='ocr_par' dir='ltr' id='par_1_122' title="bbox 284 4679 1984 4751">
     <span class='ocr_line' id='line_1_123' title="bbox 284 4679 1984 4751; baseline 0.001 -16"><span class='ocrx_word' id='word_1_878' title='bbox 284 4680 411 4735; x_wconf 90' lang='lat' dir='ltr'><strong>side</strong></span> <span class='ocrx_word' id='word_1_879' title='bbox 443 4680 571 4748; x_wconf 85' lang='lat' dir='ltr'><strong>ipsa</strong></span> <span class='ocrx_word' id='word_1_880' title='bbox 602 4679 794 4750; x_wconf 88' lang='lat' dir='ltr'><strong>pictus</strong></span> <span class='ocrx_word' id='word_1_881' title='bbox 828 4680 954 4745; x_wconf 85' lang='lat' dir='ltr'><strong>fuit,</strong></span> <span class='ocrx_word' id='word_1_882' title='bbox 989 4681 1142 4736; x_wconf 91' lang='lat' dir='ltr'><strong>sicut</strong></span> <span class='ocrx_word' id='word_1_883' title='bbox 1172 4696 1258 4747; x_wconf 88' lang='lat' dir='ltr'><strong>ea,</strong></span> <span class='ocrx_word' id='word_1_884' title='bbox 1293 4698 1418 4751; x_wconf 66' lang='lat' dir='ltr'><strong>qua</strong></span> <span class='ocrx_word' id='word_1_885' title='bbox 1451 4681 1706 4736; x_wconf 86' lang='lat' dir='ltr'><strong>diximus</strong></span> <span class='ocrx_word' id='word_1_886' title='bbox 1728 4682 1781 4735; x_wconf 90' lang='lat' dir='ltr'><strong>id</strong></span> <span class='ocrx_word' id='word_1_887' title='bbox 1816 4682 1984 4737; x_wconf 90' lang='lat' dir='ltr'><strong>nobis</strong></span> 
     </span>
    </p>
   </div>
   <div class='ocr_carea' id='block_1_123' title="bbox 287 4751 1985 4820">
    <p class='ocr_par' dir='ltr' id='par_1_123' title="bbox 287 4751 1985 4820">
     <span class='ocr_line' id='line_1_124' title="bbox 287 4751 1985 4820; baseline 0.001 -14"><span class='ocrx_word' id='word_1_888' title='bbox 287 4751 454 4808; x_wconf 86' lang='lat' dir='ltr'><strong>facile</strong></span> <span class='ocrx_word' id='word_1_889' title='bbox 487 4753 858 4820; x_wconf 87' lang='lat' dir='ltr'><strong>persuadent.</strong></span> <span class='ocrx_word' id='word_1_890' title='bbox 892 4753 1165 4818; x_wconf 85' lang='lat' dir='ltr'><strong>Quamvis</strong></span> <span class='ocrx_word' id='word_1_891' title='bbox 1194 4758 1386 4807; x_wconf 89' lang='lat' dir='ltr'><strong>autem</strong></span> <span class='ocrx_word' id='word_1_892' title='bbox 1423 4753 1709 4808; x_wconf 88' lang='lat' dir='ltr'><strong>Honorius</strong></span> <span class='ocrx_word' id='word_1_893' title='bbox 1743 4755 1763 4808; x_wconf 89' lang='grc' dir='ltr'>Ι</span> <span class='ocrx_word' id='word_1_894' title='bbox 1797 4754 1985 4808; x_wconf 90' lang='lat' dir='ltr'><strong>crucis</strong></span> 
     </span>
    </p>
   </div>
   <div class='ocr_carea' id='block_1_124' title="bbox 283 4824 1985 4896">
    <p class='ocr_par' dir='ltr' id='par_1_124' title="bbox 283 4824 1985 4896">
     <span class='ocr_line' id='line_1_125' title="bbox 283 4824 1985 4896; baseline 0 -16"><span class='ocrx_word' id='word_1_895' title='bbox 283 4825 518 4896; x_wconf 88' lang='lat' dir='ltr'><strong>signum</strong></span> <span class='ocrx_word' id='word_1_896' title='bbox 543 4839 718 4896; x_wconf 86' lang='lat' dir='ltr'><strong>super</strong></span> <span class='ocrx_word' id='word_1_897' title='bbox 738 4824 1014 4896; x_wconf 88' lang='lat' dir='ltr'><strong>sandaliis</strong></span> <span class='ocrx_word' id='word_1_898' title='bbox 1053 4825 1312 4896; x_wconf 81' lang='lat' dir='ltr'><strong>gestarit,</strong></span> <span class='ocrx_word' id='word_1_899' title='bbox 1349 4824 1635 4879; x_wconf 84' lang='lat' dir='ltr'><strong>Honorius</strong></span> <span class='ocrx_word' id='word_1_900' title='bbox 1677 4830 1866 4879; x_wconf 89' lang='lat' dir='ltr'><strong>tamen</strong></span> <span class='ocrx_word' id='word_1_901' title='bbox 1909 4824 1985 4881; x_wconf 86' lang='grc' dir='ltr'><strong>ΙΙΙ</strong></span> 
     </span>
    </p>
   </div>
   <div class='ocr_carea' id='block_1_125' title="bbox 281 4894 1985 4964">
    <p class='ocr_par' dir='ltr' id='par_1_125' title="bbox 281 4894 1985 4964">
     <span class='ocr_line' id='line_1_126' title="bbox 281 4894 1985 4964; baseline 0 -14"><span class='ocrx_word' id='word_1_902' title='bbox 281 4894 456 4964; x_wconf 63' lang='grc' dir='ltr'><strong>θην,</strong></span> <span class='ocrx_word' id='word_1_903' title='bbox 504 4911 571 4951; x_wconf 86' lang='lat' dir='ltr'><strong>ex</strong></span> <span class='ocrx_word' id='word_1_904' title='bbox 619 4894 986 4951; x_wconf 82' lang='lat' dir='ltr'><strong>nobilissima</strong></span> <span class='ocrx_word' id='word_1_905' title='bbox 1044 4895 1409 4951; x_wconf 78' lang='lat' dir='ltr'><strong>Sabellarum</strong></span> <span class='ocrx_word' id='word_1_906' title='bbox 1465 4896 1705 4958; x_wconf 83' lang='lat' dir='ltr'><strong>familia,</strong></span> <span class='ocrx_word' id='word_1_907' title='bbox 1758 4912 1985 4950; x_wconf 90' lang='lat' dir='ltr'><strong>erucem</strong></span> 
     </span>
    </p>
   </div>
   <div class='ocr_carea' id='block_1_126' title="bbox 280 4966 1986 5024">
    <p class='ocr_par' dir='ltr' id='par_1_126' title="bbox 280 4966 1986 5024">
     <span class='ocr_line' id='line_1_127' title="bbox 280 4966 1986 5024; baseline 0.001 -4"><span class='ocrx_word' id='word_1_908' title='bbox 280 4967 341 5021; x_wconf 90' lang='lat' dir='ltr'><strong>in</strong></span> <span class='ocrx_word' id='word_1_909' title='bbox 375 4967 660 5024; x_wconf 86' lang='lat' dir='ltr'><strong>sandaliis</strong></span> <span class='ocrx_word' id='word_1_910' title='bbox 688 4983 801 5022; x_wconf 92' lang='lat' dir='ltr'><strong>non</strong></span> <span class='ocrx_word' id='word_1_911' title='bbox 838 4967 1073 5022; x_wconf 86' lang='lat' dir='ltr'><strong>habent.</strong></span> <span class='ocrx_word' id='word_1_912' title='bbox 1102 4966 1205 5022; x_wconf 91' lang='lat' dir='ltr'><strong>llle</strong></span> <span class='ocrx_word' id='word_1_913' title='bbox 1228 4967 1382 5021; x_wconf 89' lang='lat' dir='ltr'><strong>enim</strong></span> <span class='ocrx_word' id='word_1_914' title='bbox 1416 4969 1483 5021; x_wconf 88' lang='lat' dir='ltr'><strong>ad</strong></span> <span class='ocrx_word' id='word_1_915' title='bbox 1509 4972 1767 5022; x_wconf 89' lang='lat' dir='ltr'><strong>sanctam</strong></span> <span class='ocrx_word' id='word_1_916' title='bbox 1793 4968 1986 5022; x_wconf 89' lang='lat' dir='ltr'><strong>Bibia-</strong></span> 
     </span>
    </p>
   </div>
   <div class='ocr_carea' id='block_1_127' title="bbox 280 5038 1983 5108">
    <p class='ocr_par' dir='ltr' id='par_1_127' title="bbox 280 5038 1983 5108">
     <span class='ocr_line' id='line_1_128' title="bbox 280 5038 1983 5108; baseline -0.001 -15"><span class='ocrx_word' id='word_1_917' title='bbox 280 5055 417 5093; x_wconf 88' lang='lat' dir='ltr'><strong>nam</strong></span> <span class='ocrx_word' id='word_1_918' title='bbox 453 5039 609 5093; x_wconf 90' lang='lat' dir='ltr'><strong>circa</strong></span> <span class='ocrx_word' id='word_1_919' title='bbox 638 5054 858 5094; x_wconf 89' lang='lat' dir='ltr'><strong>annum</strong></span> <span class='ocrx_word' id='word_1_920' title='bbox 893 5038 1121 5093; x_wconf 90' lang='lat' dir='ltr'><strong>Domini</strong></span> <span class='ocrx_word' id='word_1_921' title='bbox 1168 5039 1306 5092; x_wconf 77' lang='grc'>1240</span> <span class='ocrx_word' id='word_1_922' title='bbox 1350 5039 1417 5093; x_wconf 90' lang='lat' dir='ltr'><strong>ad</strong></span> <span class='ocrx_word' id='word_1_923' title='bbox 1445 5038 1689 5108; x_wconf 88' lang='lat' dir='ltr'><strong>januam</strong></span> <span class='ocrx_word' id='word_1_924' title='bbox 1731 5038 1983 5092; x_wconf 68' lang='lat' dir='ltr'><strong>ecclesia:</strong></span> 
     </span>
    </p>
   </div>
   <div class='ocr_carea' id='block_1_128' title="bbox 290 5109 1981 5177">
    <p class='ocr_par' dir='ltr' id='par_1_128' title="bbox 290 5109 1981 5177">
     <span class='ocr_line' id='line_1_129' title="bbox 290 5109 1981 5177; baseline -0.001 -14"><span class='ocrx_word' id='word_1_925' title='bbox 290 5112 495 5177; x_wconf 84' lang='lat' dir='ltr'><strong>pictus,</strong></span> <span class='ocrx_word' id='word_1_926' title='bbox 520 5109 613 5165; x_wconf 88' lang='lat' dir='ltr'><strong>hic</strong></span> <span class='ocrx_word' id='word_1_927' title='bbox 644 5126 774 5165; x_wconf 75' lang='lat' dir='ltr'><strong>vero</strong></span> <span class='ocrx_word' id='word_1_928' title='bbox 804 5110 860 5165; x_wconf 92' lang='lat' dir='ltr'><strong>in</strong></span> <span class='ocrx_word' id='word_1_929' title='bbox 886 5113 997 5165; x_wconf 86' lang='lat' dir='ltr'><strong>Ara</strong></span> <span class='ocrx_word' id='word_1_930' title='bbox 1018 5109 1144 5164; x_wconf 72' lang='lat' dir='ltr'><strong>caeli</strong></span> <span class='ocrx_word' id='word_1_931' title='bbox 1168 5112 1323 5165; x_wconf 89' lang='lat' dir='ltr'><strong>circa</strong></span> <span class='ocrx_word' id='word_1_932' title='bbox 1345 5126 1563 5164; x_wconf 88' lang='lat' dir='ltr'><strong>annum</strong></span> <span class='ocrx_word' id='word_1_933' title='bbox 1601 5109 1823 5163; x_wconf 90' lang='lat' dir='ltr'><strong>Domini</strong></span> <span class='ocrx_word' id='word_1_934' title='bbox 1851 5110 1981 5163; x_wconf 83' lang='lat' dir='ltr'><strong>l28‘7</strong></span> 
     </span>
    </p>
   </div>
   <div class='ocr_carea' id='block_1_129' title="bbox 289 5183 1666 5252">
    <p class='ocr_par' dir='ltr' id='par_1_129' title="bbox 289 5183 1666 5252">
     <span class='ocr_line' id='line_1_130' title="bbox 289 5183 1666 5252; baseline 0.002 -20"><span class='ocrx_word' id='word_1_935' title='bbox 289 5194 673 5252; x_wconf 27' lang='lat' dir='ltr'><strong>exAmarmore</strong></span> <span class='ocrx_word' id='word_1_936' title='bbox 703 5183 957 5242; x_wconf 61' lang='lat' dir='ltr'><strong>effictus.</strong></span> <span class='ocrx_word' id='word_1_937' title='bbox 992 5183 1179 5236; x_wconf 65' lang='lat' dir='ltr'><strong>Rome</strong></span> <span class='ocrx_word' id='word_1_938' title='bbox 1202 5183 1666 5252; x_wconf 79' lang='lat' dir='ltr'><strong>conspiciuntur.</strong></span> 
     </span>
    </p>
   </div>
   <div class='ocr_carea' id='block_1_130' title="bbox 362 5249 1986 5323">
    <p class='ocr_par' dir='ltr' id='par_1_130' title="bbox 362 5249 1986 5323">
     <span class='ocr_line' id='line_1_131' title="bbox 362 5249 1986 5323; baseline 0.004 -22"><span class='ocrx_word' id='word_1_939' title='bbox 362 5249 419 5303; x_wconf 89' lang='lat' dir='ltr'><strong>in</strong></span> <span class='ocrx_word' id='word_1_940' title='bbox 444 5253 686 5323; x_wconf 70' lang='lat' dir='ltr'><strong>oratorio</strong></span> <span class='ocrx_word' id='word_1_941' title='bbox 706 5269 805 5306; x_wconf 87' lang='lat' dir='ltr'><strong>seu</strong></span> <span class='ocrx_word' id='word_1_942' title='bbox 830 5255 1022 5323; x_wconf 87' lang='lat' dir='ltr'><strong>potius</strong></span> <span class='ocrx_word' id='word_1_943' title='bbox 1045 5254 1287 5310; x_wconf 87' lang='lat' dir='ltr'><strong>ecclesia</strong></span> <span class='ocrx_word' id='word_1_944' title='bbox 1309 5249 1493 5307; x_wconf 79' lang='lat' dir='ltr'><strong>sancti</strong></span> <span class='ocrx_word' id='word_1_945' title='bbox 1521 5252 1807 5317; x_wconf 90' lang='lat' dir='ltr'><strong>Venantii,</strong></span> <span class='ocrx_word' id='word_1_946' title='bbox 1834 5269 1986 5307; x_wconf 90' lang='lat' dir='ltr'><strong>nunc</strong></span> 
     </span>
    </p>
   </div>
   <div class='ocr_carea' id='block_1_131' title="bbox 278 5321 1984 5395">
    <p class='ocr_par' dir='ltr' id='par_1_131' title="bbox 278 5321 1984 5395">
     <span class='ocr_line' id='line_1_132' title="bbox 278 5321 1984 5395; baseline 0.004 -22"><span class='ocrx_word' id='word_1_947' title='bbox 278 5321 727 5395; x_wconf 38' lang='lat' dir='ltr'><strong>‘sancthariee</strong></span> <span class='ocrx_word' id='word_1_948' title='bbox 759 5321 1093 5380; x_wconf 43' lang='lat' dir='ltr'><strong>ad&#39;Fontem</strong></span> <span class='ocrx_word' id='word_1_949' title='bbox 1130 5332 1462 5394; x_wconf 81' lang='lat' dir='ltr'><strong>nuncupata</strong></span> <span class='ocrx_word' id='word_1_950' title='bbox 1494 5341 1666 5395; x_wconf 85' lang='lat' dir='ltr'><strong>prope</strong></span> <span class='ocrx_word' id='word_1_951' title='bbox 1701 5324 1984 5394; x_wconf 79' lang='lat' dir='ltr'><strong>Baptista-</strong></span> 
     </span>
    </p>
   </div>
   <div class='ocr_carea' id='block_1_132' title="bbox 286 5391 1985 5467">
    <p class='ocr_par' dir='ltr' id='par_1_132' title="bbox 286 5391 1985 5467">
     <span class='ocr_line' id='line_1_133' title="bbox 286 5391 1985 5467; baseline 0.005 -23"><span class='ocrx_word' id='word_1_952' title='bbox 286 5391 594 5467; x_wconf 27' lang='lat' dir='ltr'><strong>riumasive</strong></span> <span class='ocrx_word' id='word_1_953' title='bbox 631 5394 861 5447; x_wconf 80' lang='lat' dir='ltr'><strong>Fontem</strong></span> <span class='ocrx_word' id='word_1_954' title='bbox 903 5391 1357 5467; x_wconf 44' lang='lat' dir='ltr'><strong>Lateranensem&#39;,</strong></span> <span class='ocrx_word' id='word_1_955' title='bbox 1402 5391 1985 5463; x_wconf 26' lang='lat' dir='ltr'><strong>exs‘tat‘absis&#39;Opere</strong></span> 
     </span>
    </p>
   </div>
   <div class='ocr_carea' id='block_1_133' title="bbox 284 5461 1987 5539">
    <p class='ocr_par' dir='ltr' id='par_1_133' title="bbox 284 5461 1987 5539">
     <span class='ocr_line' id='line_1_134' title="bbox 284 5461 1987 5539; baseline 0.006 -25"><span class='ocrx_word' id='word_1_956' title='bbox 284 5461 579 5539; x_wconf 75' lang='lat' dir='ltr'><strong>tessetlato</strong></span> <span class='ocrx_word' id='word_1_957' title='bbox 610 5471 905 5539; x_wconf 71' lang='lat' dir='ltr'><strong>eXornata,</strong></span> <span class='ocrx_word' id='word_1_958' title='bbox 940 5467 996 5519; x_wconf 92' lang='lat' dir='ltr'><strong>in</strong></span> <span class='ocrx_word' id='word_1_959' title='bbox 1048 5470 1212 5538; x_wconf 87' lang='lat' dir='ltr'><strong>cujus</strong></span> <span class='ocrx_word' id='word_1_960' title='bbox 1258 5461 1494 5536; x_wconf 79' lang='lat' dir='ltr'><strong>fornice,</strong></span> <span class='ocrx_word' id='word_1_961' title='bbox 1530 5474 1736 5539; x_wconf 72' lang='lat' dir='ltr'><strong>praeter</strong></span> <span class='ocrx_word' id='word_1_962' title='bbox 1765 5461 1987 5538; x_wconf 81' lang='lat' dir='ltr'><strong>aliquot</strong></span> 
     </span>
    </p>
   </div>
   <div class='ocr_carea' id='block_1_134' title="bbox 285 5532 1985 5603">
    <p class='ocr_par' dir='ltr' id='par_1_134' title="bbox 285 5532 1985 5603">
     <span class='ocr_line' id='line_1_135' title="bbox 285 5532 1985 5603; baseline 0.004 -16"><span class='ocrx_word' id='word_1_963' title='bbox 285 5532 572 5595; x_wconf 64' lang='lat' dir='ltr'><strong>imagines</strong></span> <span class='ocrx_word' id='word_1_964' title='bbox 603 5551 813 5601; x_wconf 87' lang='lat' dir='ltr'><strong>sacras,</strong></span> <span class='ocrx_word' id='word_1_965' title='bbox 852 5537 1039 5603; x_wconf 89' lang='lat' dir='ltr'><strong>pictus</strong></span> <span class='ocrx_word' id='word_1_966' title='bbox 1069 5532 1327 5593; x_wconf 77' lang='lat' dir='ltr'><strong>cernitur</strong></span> <span class='ocrx_word' id='word_1_967' title='bbox 1354 5532 1604 5594; x_wconf 75' lang='lat' dir='ltr'><strong>Joannes</strong></span> <span class='ocrx_word' id='word_1_968' title='bbox 1650 5539 1721 5595; x_wconf 92' lang='lat' dir='ltr'><strong>IV</strong></span> <span class='ocrx_word' id='word_1_969' title='bbox 1754 5532 1985 5594; x_wconf 78' lang='lat' dir='ltr'><strong>Dalma-</strong></span> 
     </span>
    </p>
   </div>
   <div class='ocr_carea' id='block_1_135' title="bbox 285 5606 1988 5671">
    <p class='ocr_par' dir='ltr' id='par_1_135' title="bbox 285 5606 1988 5671">
     <span class='ocr_line' id='line_1_136' title="bbox 285 5606 1988 5671; baseline 0.004 -13"><span class='ocrx_word' id='word_1_970' title='bbox 285 5613 362 5671; x_wconf 89' lang='lat' dir='ltr'><strong>ta,</strong></span> <span class='ocrx_word' id='word_1_971' title='bbox 393 5612 459 5659; x_wconf 90' lang='lat' dir='ltr'><strong>ut</strong></span> <span class='ocrx_word' id='word_1_972' title='bbox 488 5608 831 5659; x_wconf 84' lang='lat' dir='ltr'><strong>Anastasius</strong></span> <span class='ocrx_word' id='word_1_973' title='bbox 855 5606 1323 5664; x_wconf 85' lang='lat' dir='ltr'><strong>Bibliothecarius</strong></span> <span class='ocrx_word' id='word_1_974' title='bbox 1355 5618 1413 5664; x_wconf 90' lang='lat' dir='ltr'><strong>et</strong></span> <span class='ocrx_word' id='word_1_975' title='bbox 1434 5612 1741 5664; x_wconf 84' lang='lat' dir='ltr'><strong>Panvinius</strong></span> <span class='ocrx_word' id='word_1_976' title='bbox 1772 5616 1988 5664; x_wconf 87' lang='lat' dir='ltr'><strong>testan-</strong></span> 
     </span>
    </p>
   </div>
   <div class='ocr_carea' id='block_1_136' title="bbox 287 5676 1985 5752">
    <p class='ocr_par' dir='ltr' id='par_1_136' title="bbox 287 5676 1985 5752">
     <span class='ocr_line' id='line_1_137' title="bbox 287 5676 1985 5752; baseline 0.004 -23"><span class='ocrx_word' id='word_1_977' title='bbox 287 5681 403 5752; x_wconf 73' lang='lat' dir='ltr'><strong>tur,</strong></span> <span class='ocrx_word' id='word_1_978' title='bbox 436 5692 561 5730; x_wconf 87' lang='lat' dir='ltr'><strong>eam</strong></span> <span class='ocrx_word' id='word_1_979' title='bbox 595 5676 1324 5752; x_wconf 67' lang='lat' dir='ltr'><strong>struxitecclesiamcirca</strong></span> <span class='ocrx_word' id='word_1_980' title='bbox 1355 5697 1573 5752; x_wconf 85' lang='lat' dir='ltr'><strong>annum</strong></span> <span class='ocrx_word' id='word_1_981' title='bbox 1606 5681 1836 5736; x_wconf 86' lang='lat' dir='ltr'><strong>Domini</strong></span> <span class='ocrx_word' id='word_1_982' title='bbox 1858 5682 1985 5752; x_wconf 87' lang='lat'><strong>639,</strong></span> 
     </span>
    </p>
   </div>
   <div class='ocr_carea' id='block_1_137' title="bbox 286 5746 1989 5819">
    <p class='ocr_par' dir='ltr' id='par_1_137' title="bbox 286 5746 1989 5819">
     <span class='ocr_line' id='line_1_138' title="bbox 286 5746 1989 5819; baseline 0.005 -19"><span class='ocrx_word' id='word_1_983' title='bbox 286 5746 920 5819; x_wconf 81' lang='lat' dir='ltr'><strong>dictamqueabsidem</strong></span> <span class='ocrx_word' id='word_1_984' title='bbox 964 5746 1204 5819; x_wconf 87' lang='lat' dir='ltr'><strong>picturis</strong></span> <span class='ocrx_word' id='word_1_985' title='bbox 1257 5750 1499 5806; x_wconf 89' lang='lat' dir='ltr'><strong>musivis</strong></span> <span class='ocrx_word' id='word_1_986' title='bbox 1548 5753 1791 5807; x_wconf 87' lang='lat' dir='ltr'><strong>ornavit.</strong></span> <span class='ocrx_word' id='word_1_987' title='bbox 1836 5746 1989 5808; x_wconf 77' lang='lat' dir='ltr'><strong>Inter</strong></span> 
     </span>
    </p>
   </div>
   <div class='ocr_carea' id='block_1_138' title="bbox 287 5817 1985 5897">
    <p class='ocr_par' dir='ltr' id='par_1_138' title="bbox 287 5817 1985 5897">
     <span class='ocr_line' id='line_1_139' title="bbox 287 5817 1985 5897; baseline 0.005 -24"><span class='ocrx_word' id='word_1_988' title='bbox 287 5817 431 5878; x_wconf 84' lang='lat' dir='ltr'><strong>alias</strong></span> <span class='ocrx_word' id='word_1_989' title='bbox 477 5817 759 5893; x_wconf 84' lang='lat' dir='ltr'><strong>imagines</strong></span> <span class='ocrx_word' id='word_1_990' title='bbox 800 5832 972 5891; x_wconf 84' lang='lat' dir='ltr'><strong>opere</strong></span> <span class='ocrx_word' id='word_1_991' title='bbox 1016 5818 1238 5877; x_wconf 80' lang='lat' dir='ltr'><strong>musivo</strong></span> <span class='ocrx_word' id='word_1_992' title='bbox 1279 5819 1488 5892; x_wconf 87' lang='lat' dir='ltr'><strong>pictas,</strong></span> <span class='ocrx_word' id='word_1_993' title='bbox 1530 5822 1642 5879; x_wconf 91' lang='lat' dir='ltr'><strong>duo</strong></span> <span class='ocrx_word' id='word_1_994' title='bbox 1684 5822 1985 5897; x_wconf 76' lang='lat' dir='ltr'><strong>pontifices</strong></span> 
     </span>
    </p>
   </div>
   <div class='ocr_carea' id='block_1_139' title="bbox 2096 4540 3811 4612">
    <p class='ocr_par' dir='ltr' id='par_1_139' title="bbox 2096 4540 3811 4612">
     <span class='ocr_line' id='line_1_140' title="bbox 2096 4540 3811 4612; baseline 0.004 -19"><span class='ocrx_word' id='word_1_995' title='bbox 2096 4540 2269 4612; x_wconf 81' lang='lat' dir='ltr'><strong>vestri</strong></span> <span class='ocrx_word' id='word_1_996' title='bbox 2303 4541 2469 4612; x_wconf 89' lang='lat' dir='ltr'><strong>primi</strong></span> <span class='ocrx_word' id='word_1_997' title='bbox 2504 4540 2878 4604; x_wconf 88' lang='lat' dir='ltr'><strong>holosericus,</strong></span> <span class='ocrx_word' id='word_1_998' title='bbox 2926 4543 3095 4596; x_wconf 85' lang='lat' dir='ltr'><strong>viridi</strong></span> <span class='ocrx_word' id='word_1_999' title='bbox 3129 4543 3319 4598; x_wconf 89' lang='lat' dir='ltr'><strong>colore</strong></span> <span class='ocrx_word' id='word_1_1000' title='bbox 3371 4544 3649 4611; x_wconf 87' lang='lat' dir='ltr'><strong>imbutus,</strong></span> <span class='ocrx_word' id='word_1_1001' title='bbox 3687 4561 3811 4600; x_wconf 90' lang='lat' dir='ltr'><strong>non</strong></span> 
     </span>
    </p>
   </div>
   <div class='ocr_carea' id='block_1_140' title="bbox 2089 4611 3809 4684">
    <p class='ocr_par' dir='ltr' id='par_1_140' title="bbox 2089 4611 3809 4684">
     <span class='ocr_line' id='line_1_141' title="bbox 2089 4611 3809 4684; baseline 0.004 -19"><span class='ocrx_word' id='word_1_1002' title='bbox 2089 4611 2349 4679; x_wconf 83' lang='lat' dir='ltr'><strong>vidosus,</strong></span> <span class='ocrx_word' id='word_1_1003' title='bbox 2402 4614 2501 4667; x_wconf 88' lang='lat' dir='ltr'><strong>sed</strong></span> <span class='ocrx_word' id='word_1_1004' title='bbox 2548 4614 2669 4683; x_wconf 85' lang='lat' dir='ltr'><strong>jam</strong></span> <span class='ocrx_word' id='word_1_1005' title='bbox 2718 4614 3183 4684; x_wconf 85' lang='lat' dir='ltr'><strong>obvetustatem</strong></span> <span class='ocrx_word' id='word_1_1006' title='bbox 3218 4617 3361 4669; x_wconf 89' lang='lat' dir='ltr'><strong>satis</strong></span> <span class='ocrx_word' id='word_1_1007' title='bbox 3411 4615 3809 4684; x_wconf 87' lang='lat' dir='ltr'><strong>decoloratus,</strong></span> 
     </span>
    </p>
   </div>
   <div class='ocr_carea' id='block_1_141' title="bbox 2091 4683 3811 4756">
    <p class='ocr_par' dir='ltr' id='par_1_141' title="bbox 2091 4683 3811 4756">
     <span class='ocr_line' id='line_1_142' title="bbox 2091 4683 3811 4756; baseline 0.003 -18"><span class='ocrx_word' id='word_1_1008' title='bbox 2091 4685 2387 4755; x_wconf 88' lang='lat' dir='ltr'><strong>quamdam</strong></span> <span class='ocrx_word' id='word_1_1009' title='bbox 2422 4690 2617 4740; x_wconf 89' lang='lat' dir='ltr'><strong>tamen</strong></span> <span class='ocrx_word' id='word_1_1010' title='bbox 2650 4683 2847 4739; x_wconf 86' lang='lat' dir='ltr'><strong>viridis</strong></span> <span class='ocrx_word' id='word_1_1011' title='bbox 2879 4685 3109 4751; x_wconf 89' lang='lat' dir='ltr'><strong>coloris,</strong></span> <span class='ocrx_word' id='word_1_1012' title='bbox 3143 4689 3199 4740; x_wconf 89' lang='lat' dir='ltr'><strong>et</strong></span> <span class='ocrx_word' id='word_1_1013' title='bbox 3221 4685 3524 4743; x_wconf 87' lang='lat' dir='ltr'><strong>holoserici</strong></span> <span class='ocrx_word' id='word_1_1014' title='bbox 3551 4683 3811 4756; x_wconf 86' lang='lat' dir='ltr'><strong>speciem</strong></span> 
     </span>
    </p>
   </div>
   <div class='ocr_carea' id='block_1_142' title="bbox 2094 4756 3812 4827">
    <p class='ocr_par' dir='ltr' id='par_1_142' title="bbox 2094 4756 3812 4827">
     <span class='ocr_line' id='line_1_143' title="bbox 2094 4756 3812 4827; baseline 0.003 -19"><span class='ocrx_word' id='word_1_1015' title='bbox 2094 4756 2366 4827; x_wconf 87' lang='lat' dir='ltr'><strong>referens,</strong></span> <span class='ocrx_word' id='word_1_1016' title='bbox 2401 4756 2674 4827; x_wconf 88' lang='lat' dir='ltr'><strong>operibus</strong></span> <span class='ocrx_word' id='word_1_1017' title='bbox 2714 4756 2853 4811; x_wconf 90' lang='lat' dir='ltr'><strong>item</strong></span> <span class='ocrx_word' id='word_1_1018' title='bbox 2898 4773 2967 4813; x_wconf 80' lang='lat' dir='ltr'><strong>ex</strong></span> <span class='ocrx_word' id='word_1_1019' title='bbox 3007 4759 3189 4813; x_wconf 88' lang='lat' dir='ltr'><strong>serico</strong></span> <span class='ocrx_word' id='word_1_1020' title='bbox 3233 4765 3286 4812; x_wconf 90' lang='lat' dir='ltr'><strong>et</strong></span> <span class='ocrx_word' id='word_1_1021' title='bbox 3332 4774 3473 4813; x_wconf 90' lang='lat' dir='ltr'><strong>auro</strong></span> <span class='ocrx_word' id='word_1_1022' title='bbox 3514 4759 3812 4815; x_wconf 84' lang='lat' dir='ltr'><strong>contextis</strong></span> 
     </span>
    </p>
   </div>
   <div class='ocr_carea' id='block_1_143' title="bbox 2090 4825 3812 4901">
    <p class='ocr_par' dir='ltr' id='par_1_143' title="bbox 2090 4825 3812 4901">
     <span class='ocr_line' id='line_1_144' title="bbox 2090 4825 3812 4901; baseline 0.004 -21"><span class='ocrx_word' id='word_1_1023' title='bbox 2090 4825 2514 4901; x_wconf 46' lang='lat' dir='ltr'><strong>insignitusﬁls</strong></span> <span class='ocrx_word' id='word_1_1024' title='bbox 2543 4832 2737 4883; x_wconf 87' lang='lat' dir='ltr'><strong>autem</strong></span> <span class='ocrx_word' id='word_1_1025' title='bbox 2772 4828 3000 4883; x_wconf 88' lang='lat' dir='ltr'><strong>calceus</strong></span> <span class='ocrx_word' id='word_1_1026' title='bbox 3043 4830 3297 4900; x_wconf 89' lang='lat' dir='ltr'><strong>quadam</strong></span> <span class='ocrx_word' id='word_1_1027' title='bbox 3343 4830 3597 4886; x_wconf 87' lang='lat' dir='ltr'><strong>calcanei</strong></span> <span class='ocrx_word' id='word_1_1028' title='bbox 3642 4836 3812 4901; x_wconf 88' lang='lat' dir='ltr'><strong>parte</strong></span> 
     </span>
    </p>
   </div>
   <div class='ocr_carea' id='block_1_144' title="bbox 2090 4898 3809 4971">
    <p class='ocr_par' dir='ltr' id='par_1_144' title="bbox 2090 4898 3809 4971">
     <span class='ocr_line' id='line_1_145' title="bbox 2090 4898 3809 4971; baseline 0.003 -18"><span class='ocrx_word' id='word_1_1029' title='bbox 2090 4898 2163 4953; x_wconf 93' lang='lat' dir='ltr'><strong>ob</strong></span> <span class='ocrx_word' id='word_1_1030' title='bbox 2199 4899 2439 4971; x_wconf 86' lang='lat' dir='ltr'><strong>nimiam</strong></span> <span class='ocrx_word' id='word_1_1031' title='bbox 2472 4902 2815 4971; x_wconf 88' lang='lat' dir='ltr'><strong>vetustatem</strong></span> <span class='ocrx_word' id='word_1_1032' title='bbox 2849 4898 3075 4967; x_wconf 74' lang='lat' dir='ltr'><strong>carens,</strong></span> <span class='ocrx_word' id='word_1_1033' title='bbox 3109 4916 3222 4955; x_wconf 93' lang='lat' dir='ltr'><strong>non</strong></span> <span class='ocrx_word' id='word_1_1034' title='bbox 3255 4903 3341 4955; x_wconf 89' lang='lat' dir='ltr'><strong>est</strong></span> <span class='ocrx_word' id='word_1_1035' title='bbox 3365 4901 3526 4971; x_wconf 85' lang='lat' dir='ltr'><strong>juxta</strong></span> <span class='ocrx_word' id='word_1_1036' title='bbox 3556 4898 3809 4958; x_wconf 68' lang='lat' dir='ltr'><strong>ferinam</strong></span> 
     </span>
    </p>
   </div>
   <div class='ocr_carea' id='block_1_145' title="bbox 2090 4969 3808 5040">
    <p class='ocr_par' dir='ltr' id='par_1_145' title="bbox 2090 4969 3808 5040">
     <span class='ocr_line' id='line_1_146' title="bbox 2090 4969 3808 5040; baseline 0.003 -17"><span class='ocrx_word' id='word_1_1037' title='bbox 2090 4969 2481 5040; x_wconf 88' lang='lat' dir='ltr'><strong>antiquiorem</strong></span> <span class='ocrx_word' id='word_1_1038' title='bbox 2512 4970 2571 5024; x_wconf 91' lang='lat' dir='ltr'><strong>in</strong></span> <span class='ocrx_word' id='word_1_1039' title='bbox 2604 4987 2711 5025; x_wconf 92' lang='lat' dir='ltr'><strong>usu</strong></span> <span class='ocrx_word' id='word_1_1040' title='bbox 2746 4970 2882 5024; x_wconf 90' lang='lat' dir='ltr'><strong>olim</strong></span> <span class='ocrx_word' id='word_1_1041' title='bbox 2914 4972 3194 5038; x_wconf 87' lang='lat' dir='ltr'><strong>habitam,</strong></span> <span class='ocrx_word' id='word_1_1042' title='bbox 3232 4971 3341 5027; x_wconf 90' lang='lat' dir='ltr'><strong>hoc</strong></span> <span class='ocrx_word' id='word_1_1043' title='bbox 3362 4969 3808 5040; x_wconf 84' lang='lat' dir='ltr'><strong>estjuxtaillud</strong></span> 
     </span>
    </p>
   </div>
   <div class='ocr_carea' id='block_1_146' title="bbox 2090 5041 3810 5112">
    <p class='ocr_par' dir='ltr' id='par_1_146' title="bbox 2090 5041 3810 5112">
     <span class='ocr_line' id='line_1_147' title="bbox 2090 5041 3810 5112; baseline 0.002 -16"><span class='ocrx_word' id='word_1_1044' title='bbox 2090 5041 2467 5096; x_wconf 86' lang='lat' dir='ltr'><strong>calceamenti</strong></span> <span class='ocrx_word' id='word_1_1045' title='bbox 2491 5057 2693 5111; x_wconf 81' lang='lat' dir='ltr'><strong>genus,</strong></span> <span class='ocrx_word' id='word_1_1046' title='bbox 2727 5058 2841 5111; x_wconf 90' lang='lat' dir='ltr'><strong>quo</strong></span> <span class='ocrx_word' id='word_1_1047' title='bbox 2876 5042 3010 5097; x_wconf 72' lang='lat' dir='ltr'><strong>sola:</strong></span> <span class='ocrx_word' id='word_1_1048' title='bbox 3043 5044 3400 5107; x_wconf 78' lang='lat' dir='ltr'><strong>obteguntur</strong></span> <span class='ocrx_word' id='word_1_1049' title='bbox 3431 5041 3659 5112; x_wconf 72' lang='lat' dir='ltr'><strong>plantae,</strong></span> <span class='ocrx_word' id='word_1_1050' title='bbox 3692 5060 3810 5099; x_wconf 71' lang='lat' dir='ltr'><strong>cas-</strong></span> 
     </span>
    </p>
   </div>
   <div class='ocr_carea' id='block_1_147' title="bbox 2090 5112 3808 5182">
    <p class='ocr_par' dir='ltr' id='par_1_147' title="bbox 2090 5112 3808 5182">
     <span class='ocr_line' id='line_1_148' title="bbox 2090 5112 3808 5182; baseline 0.003 -16"><span class='ocrx_word' id='word_1_1051' title='bbox 2090 5112 2232 5167; x_wconf 88' lang='lat' dir='ltr'><strong>teris</strong></span> <span class='ocrx_word' id='word_1_1052' title='bbox 2265 5112 2473 5181; x_wconf 91' lang='lat' dir='ltr'><strong>pedum</strong></span> <span class='ocrx_word' id='word_1_1053' title='bbox 2512 5112 2775 5182; x_wconf 86' lang='lat' dir='ltr'><strong>partibus</strong></span> <span class='ocrx_word' id='word_1_1054' title='bbox 2818 5114 2991 5168; x_wconf 90' lang='lat' dir='ltr'><strong>nudis</strong></span> <span class='ocrx_word' id='word_1_1055' title='bbox 3036 5113 3271 5178; x_wconf 89' lang='lat' dir='ltr'><strong>relictis,</strong></span> <span class='ocrx_word' id='word_1_1056' title='bbox 3306 5115 3529 5169; x_wconf 74' lang='lat' dir='ltr'><strong>ansulis</strong></span> <span class='ocrx_word' id='word_1_1057' title='bbox 3572 5124 3808 5172; x_wconf 80' lang='lat' dir='ltr'><strong>tantum</strong></span> 
     </span>
    </p>
   </div>
   <div class='ocr_carea' id='block_1_148' title="bbox 2091 5184 3811 5258">
    <p class='ocr_par' dir='ltr' id='par_1_148' title="bbox 2091 5184 3811 5258">
     <span class='ocr_line' id='line_1_149' title="bbox 2091 5184 3811 5258; baseline 0.003 -21"><span class='ocrx_word' id='word_1_1058' title='bbox 2091 5185 2524 5258; x_wconf 80' lang='lat' dir='ltr'><strong>quibusdamin</strong></span> <span class='ocrx_word' id='word_1_1059' title='bbox 2546 5184 2825 5255; x_wconf 89' lang='lat' dir='ltr'><strong>superiori</strong></span> <span class='ocrx_word' id='word_1_1060' title='bbox 2847 5192 3008 5255; x_wconf 89' lang='lat' dir='ltr'><strong>parte</strong></span> <span class='ocrx_word' id='word_1_1061' title='bbox 3029 5187 3397 5258; x_wconf 81' lang='lat' dir='ltr'><strong>coeuntibus,</strong></span> <span class='ocrx_word' id='word_1_1062' title='bbox 3422 5203 3568 5256; x_wconf 86' lang='lat' dir='ltr'><strong>quas</strong></span> <span class='ocrx_word' id='word_1_1063' title='bbox 3591 5187 3811 5258; x_wconf 86' lang='lat' dir='ltr'><strong>ligulas</strong></span> 
     </span>
    </p>
   </div>
   <div class='ocr_carea' id='block_1_149' title="bbox 2088 5255 3808 5330">
    <p class='ocr_par' dir='ltr' id='par_1_149' title="bbox 2088 5255 3808 5330">
     <span class='ocr_line' id='line_1_150' title="bbox 2088 5255 3808 5330; baseline 0.006 -24"><span class='ocrx_word' id='word_1_1064' title='bbox 2088 5260 2315 5319; x_wconf 88' lang='lat' dir='ltr'><strong>vocant,</strong></span> <span class='ocrx_word' id='word_1_1065' title='bbox 2352 5255 2668 5330; x_wconf 75' lang='lat' dir='ltr'><strong>revinctum</strong></span> <span class='ocrx_word' id='word_1_1066' title='bbox 2697 5272 2709 5322; x_wconf 91' lang='lat'><strong>;</strong></span> <span class='ocrx_word' id='word_1_1067' title='bbox 2746 5272 2862 5330; x_wconf 74' lang='lat' dir='ltr'><strong>nec</strong></span> <span class='ocrx_word' id='word_1_1068' title='bbox 2893 5258 3029 5311; x_wconf 89' lang='lat' dir='ltr'><strong>item</strong></span> <span class='ocrx_word' id='word_1_1069' title='bbox 3064 5256 3251 5330; x_wconf 86' lang='lat' dir='ltr'><strong>instar</strong></span> <span class='ocrx_word' id='word_1_1070' title='bbox 3280 5255 3455 5330; x_wconf 84' lang='lat' dir='ltr'><strong>calcei</strong></span> <span class='ocrx_word' id='word_1_1071' title='bbox 3501 5268 3584 5313; x_wconf 91' lang='lat' dir='ltr'><strong>est</strong></span> <span class='ocrx_word' id='word_1_1072' title='bbox 3629 5255 3808 5330; x_wconf 59' lang='lat' dir='ltr'><strong>Quem</strong></span> 
     </span>
    </p>
   </div>
   <div class='ocr_carea' id='block_1_150' title="bbox 2094 5326 3810 5399">
    <p class='ocr_par' dir='ltr' id='par_1_150' title="bbox 2094 5326 3810 5399">
     <span class='ocr_line' id='line_1_151' title="bbox 2094 5326 3810 5399; baseline 0.004 -19"><span class='ocrx_word' id='word_1_1073' title='bbox 2094 5343 2274 5394; x_wconf 87' lang='lat' dir='ltr'><strong>nuper</strong></span> <span class='ocrx_word' id='word_1_1074' title='bbox 2304 5326 2742 5399; x_wconf 84' lang='lat' dir='ltr'><strong>explicavimus,</strong></span> <span class='ocrx_word' id='word_1_1075' title='bbox 2768 5328 2869 5382; x_wconf 90' lang='lat' dir='ltr'><strong>sed</strong></span> <span class='ocrx_word' id='word_1_1076' title='bbox 2913 5336 3001 5383; x_wconf 89' lang='lat' dir='ltr'><strong>est</strong></span> <span class='ocrx_word' id='word_1_1077' title='bbox 3044 5328 3416 5383; x_wconf 82' lang='lat' dir='ltr'><strong>calceamenti</strong></span> <span class='ocrx_word' id='word_1_1078' title='bbox 3445 5326 3662 5399; x_wconf 64' lang='lat' dir='ltr'><strong>genus,</strong></span> <span class='ocrx_word' id='word_1_1079' title='bbox 3698 5347 3810 5387; x_wconf 87' lang='lat' dir='ltr'><strong>co-</strong></span> 
     </span>
    </p>
   </div>
   <div class='ocr_carea' id='block_1_151' title="bbox 2092 5398 3806 5471">
    <p class='ocr_par' dir='ltr' id='par_1_151' title="bbox 2092 5398 3806 5471">
     <span class='ocr_line' id='line_1_152' title="bbox 2092 5398 3806 5471; baseline 0.005 -21"><span class='ocrx_word' id='word_1_1080' title='bbox 2092 5399 2341 5471; x_wconf 80' lang='lat' dir='ltr'><strong>riaceam</strong></span> <span class='ocrx_word' id='word_1_1081' title='bbox 2375 5398 2598 5454; x_wconf 85' lang='lat' dir='ltr'><strong>habens</strong></span> <span class='ocrx_word' id='word_1_1082' title='bbox 2629 5398 2843 5453; x_wconf 88' lang='lat' dir='ltr'><strong>soleam</strong></span> <span class='ocrx_word' id='word_1_1083' title='bbox 2877 5415 3099 5455; x_wconf 90' lang='lat' dir='ltr'><strong>necnon</strong></span> <span class='ocrx_word' id='word_1_1084' title='bbox 3144 5398 3574 5471; x_wconf 82' lang='lat' dir='ltr'><strong>tegumentum,</strong></span> <span class='ocrx_word' id='word_1_1085' title='bbox 3622 5406 3806 5459; x_wconf 82' lang='lat' dir='ltr'><strong>totam</strong></span> 
     </span>
    </p>
   </div>
   <div class='ocr_carea' id='block_1_152' title="bbox 2092 5468 3807 5545">
    <p class='ocr_par' dir='ltr' id='par_1_152' title="bbox 2092 5468 3807 5545">
     <span class='ocr_line' id='line_1_153' title="bbox 2092 5468 3807 5545; baseline 0.004 -22"><span class='ocrx_word' id='word_1_1086' title='bbox 2092 5468 2445 5539; x_wconf 89' lang='lat' dir='ltr'><strong>superiorem</strong></span> <span class='ocrx_word' id='word_1_1087' title='bbox 2481 5471 2885 5545; x_wconf 75' lang='lat' dir='ltr'><strong>pedispartem</strong></span> <span class='ocrx_word' id='word_1_1088' title='bbox 2918 5468 3227 5545; x_wconf 62' lang='lat' dir='ltr'><strong>obtegens,</strong></span> <span class='ocrx_word' id='word_1_1089' title='bbox 3253 5471 3441 5545; x_wconf 76' lang='lat' dir='ltr'><strong>instar</strong></span> <span class='ocrx_word' id='word_1_1090' title='bbox 3470 5472 3648 5528; x_wconf 87' lang='lat' dir='ltr'><strong>calcei</strong></span> <span class='ocrx_word' id='word_1_1091' title='bbox 3682 5490 3807 5545; x_wconf 90' lang='lat' dir='ltr'><strong>quo</strong></span> 
     </span>
    </p>
   </div>
   <div class='ocr_carea' id='block_1_153' title="bbox 2092 5542 3807 5607">
    <p class='ocr_par' dir='ltr' id='par_1_153' title="bbox 2092 5542 3807 5607">
     <span class='ocr_line' id='line_1_154' title="bbox 2092 5542 3807 5607; baseline 0.005 -14"><span class='ocrx_word' id='word_1_1092' title='bbox 2092 5556 2245 5594; x_wconf 91' lang='lat' dir='ltr'><strong>nunc</strong></span> <span class='ocrx_word' id='word_1_1093' title='bbox 2287 5556 2488 5596; x_wconf 87' lang='lat' dir='ltr'><strong>omnes</strong></span> <span class='ocrx_word' id='word_1_1094' title='bbox 2542 5542 2936 5597; x_wconf 76' lang='lat' dir='ltr'><strong>indifferenter</strong></span> <span class='ocrx_word' id='word_1_1095' title='bbox 2979 5544 3061 5596; x_wconf 90' lang='lat' dir='ltr'><strong>uti</strong></span> <span class='ocrx_word' id='word_1_1096' title='bbox 3113 5543 3315 5598; x_wconf 90' lang='lat' dir='ltr'><strong>solent.</strong></span> <span class='ocrx_word' id='word_1_1097' title='bbox 3352 5542 3477 5607; x_wconf 88' lang='lat' dir='ltr'><strong>Qua</strong></span> <span class='ocrx_word' id='word_1_1098' title='bbox 3526 5561 3590 5600; x_wconf 78' lang='lat' dir='ltr'><strong>ex</strong></span> <span class='ocrx_word' id='word_1_1099' title='bbox 3649 5542 3717 5601; x_wconf 78' lang='lat' dir='ltr'><strong>re</strong></span> <span class='ocrx_word' id='word_1_1100' title='bbox 3746 5548 3807 5603; x_wconf 87' lang='lat' dir='ltr'><strong>in</strong></span> 
     </span>
    </p>
   </div>
   <div class='ocr_carea' id='block_1_154' title="bbox 2092 5612 3809 5689">
    <p class='ocr_par' dir='ltr' id='par_1_154' title="bbox 2092 5612 3809 5689">
     <span class='ocr_line' id='line_1_155' title="bbox 2092 5612 3809 5689; baseline 0.005 -24"><span class='ocrx_word' id='word_1_1101' title='bbox 2092 5612 2617 5689; x_wconf 71' lang='lat' dir='ltr'><strong>banesententiarn</strong></span> <span class='ocrx_word' id='word_1_1102' title='bbox 2650 5614 2919 5689; x_wconf 74' lang='lat' dir='ltr'><strong>devenio,</strong></span> <span class='ocrx_word' id='word_1_1103' title='bbox 2946 5613 3472 5689; x_wconf 79' lang='lat' dir='ltr'><strong>ut_calceum_hunc</strong></span> <span class='ocrx_word' id='word_1_1104' title='bbox 3494 5615 3567 5689; x_wconf 74' lang='lat' dir='ltr'><strong>ab</strong></span> <span class='ocrx_word' id='word_1_1105' title='bbox 3590 5632 3659 5671; x_wconf 90' lang='lat' dir='ltr'><strong>eo</strong></span> <span class='ocrx_word' id='word_1_1106' title='bbox 3691 5634 3809 5689; x_wconf 89' lang='lat' dir='ltr'><strong>quo</strong></span> 
     </span>
    </p>
   </div>
   <div class='ocr_carea' id='block_1_155' title="bbox 2091 5682 3809 5759">
    <p class='ocr_par' dir='ltr' id='par_1_155' title="bbox 2091 5682 3809 5759">
     <span class='ocr_line' id='line_1_156' title="bbox 2091 5682 3809 5759; baseline 0.004 -22"><span class='ocrx_word' id='word_1_1107' title='bbox 2091 5682 2157 5759; x_wconf 73' lang='lat' dir='ltr'><strong>in</strong></span> <span class='ocrx_word' id='word_1_1108' title='bbox 2185 5682 2355 5759; x_wconf 82' lang='lat' dir='ltr'><strong>rebus</strong></span> <span class='ocrx_word' id='word_1_1109' title='bbox 2372 5684 2797 5759; x_wconf 71' lang='lat' dir='ltr'><strong>ecclesiasticis</strong></span> <span class='ocrx_word' id='word_1_1110' title='bbox 2826 5690 2885 5759; x_wconf 84' lang='lat' dir='ltr'><strong>et</strong></span> <span class='ocrx_word' id='word_1_1111' title='bbox 2906 5686 2966 5741; x_wconf 89' lang='lat' dir='ltr'><strong>in</strong></span> <span class='ocrx_word' id='word_1_1112' title='bbox 2999 5684 3401 5759; x_wconf 87' lang='lat' dir='ltr'><strong>functionihus</strong></span> <span class='ocrx_word' id='word_1_1113' title='bbox 3424 5682 3809 5759; x_wconf 68' lang='lat' dir='ltr'><strong>quibusdam,</strong></span> 
     </span>
    </p>
   </div>
   <div class='ocr_carea' id='block_1_156' title="bbox 2092 5754 3809 5830">
    <p class='ocr_par' dir='ltr' id='par_1_156' title="bbox 2092 5754 3809 5830">
     <span class='ocr_line' id='line_1_157' title="bbox 2092 5754 3809 5830; baseline 0.005 -21"><span class='ocrx_word' id='word_1_1114' title='bbox 2092 5754 2161 5830; x_wconf 76' lang='lat' dir='ltr'><strong>ad</strong></span> <span class='ocrx_word' id='word_1_1115' title='bbox 2197 5754 2549 5830; x_wconf 81' lang='lat' dir='ltr'><strong>pontificiam</strong></span> <span class='ocrx_word' id='word_1_1116' title='bbox 2585 5756 2900 5830; x_wconf 63' lang='lat' dir='ltr'><strong>praesertim</strong></span> <span class='ocrx_word' id='word_1_1117' title='bbox 2951 5757 3328 5830; x_wconf 78' lang='lat' dir='ltr'><strong>majestatem</strong></span> <span class='ocrx_word' id='word_1_1118' title='bbox 3351 5754 3809 5830; x_wconf 69' lang='lat' dir='ltr'><strong>exprimendam</strong></span> 
     </span>
    </p>
   </div>
   <div class='ocr_carea' id='block_1_157' title="bbox 2092 5826 3807 5901">
    <p class='ocr_par' dir='ltr' id='par_1_157' title="bbox 2092 5826 3807 5901">
     <span class='ocr_line' id='line_1_158' title="bbox 2092 5826 3807 5901; baseline 0.008 -20"><span class='ocrx_word' id='word_1_1119' title='bbox 2092 5826 2339 5897; x_wconf 82' lang='lat' dir='ltr'><strong>idoneis,</strong></span> <span class='ocrx_word' id='word_1_1120' title='bbox 2374 5827 2576 5887; x_wconf 84' lang='lat' dir='ltr'><strong>beatus</strong></span> <span class='ocrx_word' id='word_1_1121' title='bbox 2599 5827 2872 5885; x_wconf 87' lang='lat' dir='ltr'><strong>Silvester</strong></span> <span class='ocrx_word' id='word_1_1122' title='bbox 2902 5828 2983 5884; x_wconf 91' lang='lat' dir='ltr'><strong>uti</strong></span> <span class='ocrx_word' id='word_1_1123' title='bbox 3010 5826 3251 5901; x_wconf 82' lang='lat' dir='ltr'><strong>selebat,</strong></span> <span class='ocrx_word' id='word_1_1124' title='bbox 3278 5826 3510 5888; x_wconf 69' lang='lat' dir='ltr'><strong>differre</strong></span> <span class='ocrx_word' id='word_1_1125' title='bbox 3545 5831 3807 5895; x_wconf 81' lang='lat' dir='ltr'><strong>credam.</strong></span> 
     </span>
    </p>
   </div>
  </div>
