4086 6166
224 186 333 247 473

1235 180 1337 242 DE
1381 174 1849 243 IMAGINIBUS
1897 182 1957 244 S.
2007 180 2385 247 GREGORII
2433 184 2703 249 MAGNI.

3609 196 3730 256 474

220 318 489 383 Quamvis
513 328 711 374 autem
764 316 933 391 hujus
967 314 1193 387 generis
1224 316 1679 391 calceamentum
1713 322 1911 372 nostro
1943 320 1990 386 Α
2025 319 2156 373 dem
2191 326 2604 391 pervetustam,
2656 338 2881 379 necnon
2928 323 3263 382 Paschalem
3296 329 3317 383 Ι
3352 329 3424 383 ad
3458 333 3726 388 sanctam

220 397 280 446 de
311 407 479 445 cruce
528 396 872 461 argumento
916 390 1061 443 haud
1097 389 1570 461 omninofaveat,
1611 389 1801 458 ipsum
1837 395 1912 443 ta-

219 479 339 517 men
375 460 656 532 tanquam
706 462 1045 516 venerandae
1094 460 1397 514 vetustatis
1440 467 1909 524 monumentum,

218 540 267 589 et
296 540 616 589 memoratu
651 532 914 605 dignum,
954 532 1439 605 quamdamitem
1472 532 1658 588 crucis
1682 536 1917 588 formam

215 605 455 661 latenter
478 622 579 677 per
599 602 818 675 aliquot
839 604 1125 659 linearum
1146 602 1447 657 involucra
1467 610 1907 673 repraesentans,

216 690 271 732 ut
299 679 452 732 infra
481 677 927 749 explicabimus,
964 678 1194 731 silentio
1230 677 1516 744 praeterire
1550 677 1693 730 mibi
1722 677 1911 731 visum.

214 766 319 804 non
356 750 487 805 fuit.

276 820 353 873 Ad
388 824 651 874 sanctam
685 818 1020 887 Martinam,
1046 818 1102 872 in
1139 818 1282 873 Foro
1317 818 1517 873 Boario
1549 819 1619 872 ad
1655 817 1907 873 radicem

216 892 489 962 Capitolii,
521 893 917 946 vetustissima
937 894 1123 962 exstat
1152 890 1309 944 absis
1337 889 1908 962 temporeiDomnio-

217 960 300 1018 nis
318 966 473 1018 circa
508 978 727 1017 annum
758 962 997 1033 Domini
1019 960 1125 1015 679
1152 977 1323 1031 opere
1346 963 1573 1016 musivo
1605 961 1909 1033 insignita,

213 1036 260 1089 in
292 1050 409 1105 qua
428 1036 541 1089 duo
566 1035 806 1089 Romani
843 1032 1173 1102 pontifices,
1198 1034 1439 1105 unusad
1460 1032 1743 1105 dextram,
1764 1032 1910 1105 alter

210 1106 270 1159 ad
301 1103 601 1161 sinistram
628 1107 803 1160 beatas
832 1105 1026 1159 Marias
1061 1119 1293 1175 semper
1322 1103 1575 1173 Virginis
1606 1104 1814 1158 Filium
1849 1104 1906 1158 in

211 1179 331 1232 sinu
374 1178 679 1249 gestantis,
704 1176 905 1248 pallio,
926 1177 1099 1249 juxta
1128 1192 1342 1249 morem
1367 1176 1669 1249 antiquum
1695 1177 1905 1249 forma-

211 1247 555 1315 to,decorati
582 1247 916 1303 cernuntur.
953 1247 1116 1302 Hunc
1151 1248 1238 1302 vel
1274 1247 1590 1301 Honorium
1627 1248 1904 1316 primum,

207 1321 288 1375 vel
322 1320 663 1391 Gregorium
709 1320 983 1389 Magnum
1025 1317 1325 1391 (quiante
1365 1317 1749 1391 Domnionem
1785 1318 1907 1373 fue-

208 1394 363 1461 runt)
387 1389 512 1448 esse
534 1391 781 1460 conjicio
805 1407 819 1445 :
845 1406 1017 1461 quem
1041 1389 1316 1444 sandaliis
1349 1390 1585 1459 parvula
1629 1390 1780 1461 nigri
1820 1406 1908 1444 ρο·

204 1460 351 1518 loris
372 1479 539 1519 cruce
565 1460 885 1518 calceatum
918 1461 1061 1526 vidi,
1082 1465 1139 1515 et
1162 1477 1334 1530 prope
1357 1476 1484 1515 eum
1512 1461 1582 1515 ad
1607 1460 1903 1515 sinistram

207 1541 420 1606 partem
454 1536 677 1591 litteras
719 1534 891 1606 hasce
922 1532 1124 1606 legi....
1166 1531 1384 1587 ORIUS
1411 1531 1521 1606 PP.
1559 1542 1769 1606 caeteras
1801 1549 1904 1587 no-

207 1604 323 1661 inea
347 1606 565 1661 summi
592 1604 885 1677 pontiﬁcis
913 1604 1221 1677 proprium
1237 1604 1615 1677 complentes,
1635 1604 1904 1677 collapsas

208 1675 606 1732 desiderantur
633 1696 649 1731 :
680 1677 830 1732 alius
861 1692 996 1730 vero
1033 1675 1310 1745 pontifex,
1334 1681 1466 1729 ante
1499 1676 1902 1739 Domnionem,

209 1749 405 1804 dictam
439 1749 699 1805 nominis
729 1747 947 1819 proprii
976 1746 1445 1819 terminationem
1478 1747 1690 1802 habere
1720 1748 1906 1802 haud-

215 1837 488 1892 quaquam
524 1817 933 1889 potestJIllum
966 1817 1573 1892 in_terea_Pontificem,
1598 1821 1904 1892 quiexstat

215 1889 272 1946 tib
301 1889 479 1947 beatas
512 1892 705 1947 Marias
738 1906 965 1962 semper
990 1889 1250 1962 Virginis
1284 1891 1564 1957 dextram,
1600 1890 1900 1946 ecclesiam

220 1979 373 2018 manu
403 1970 657 2035 gestans,
701 1961 919 2034 quippe
952 1961 1050 2035 qui
1090 1961 1270 2015 aedem
1304 1977 1525 2035 sacram
1560 1967 1902 2035 construen-

225 2035 353 2103 dam,
382 2033 470 2090 v'el
504 2033 1121 2105 saltcm’reparandam
1160 2033 1397 2105 curarit,
1424 2033 1594 2105 7828
1630 2033 1899 2105 Domnic-

228 2102 485 2162 nem'esse
513 2107 675 2161 dicas
716 2102 961 2177 oportet.
1006 2102 1321 2177 Panvi‘nius
1360 2104 1535 2158 etiam
1569 2105 1629 2158 in
1662 2104 1903 2160 adnota-

232 2178 359 2232 tione
385 2180 452 2232 ad
484 2178 679 2232 Vitam
710 2174 1076 2241 Domnionis,
1101 2192 1135 2230 a
1170 2174 1395 2230 Platina
1424 2177 1797 2246 descriptam,
1822 2177 1903 2231 ait

229 2248 357 2303 hunc
382 2250 438 2304 in
471 2250 711 2304 modum
748 2264 761 2304 :
798 2250 853 2303 In
889 2247 1119 2317 antiquo
1149 2246 1381 2313 musivo,
1426 2247 1565 2317 quod
1603 2254 1682 2302 est
1723 2249 1902 2303 Roma:

230 2320 276 2373 in
301 2322 507 2376 ecclesia
535 2330 745 2376 sanctae
780 2319 1050 2384 Martium,
1103 2317 1192 2372 hic
1228 2321 1481 2387 pontifex
1510 2319 1759 2386 Domnio,
1792 2335 1903 2374 non

227 2391 376 2446 Donus
399 2393 506 2447 sive
537 2394 801 2461 Domnus,
837 2390 1189 2461 appellatur.
1216 2390 1436 2453 Quibus
1481 2390 1668 2445 verbis
1700 2390 1903 2445 Panvi-

230 2463 339 2517 aius
365 2464 697 2518 Domnionis
722 2478 934 2518 nomen
961 2477 1022 2516 se
1052 2460 1196 2515 inihi
1223 2462 1431 2531 legisse
1463 2466 1658 2533 aperte
1680 2466 1897 2533 narrat.

226 2533 405 2589 Verum
435 2536 571 2605 quia
600 2535 777 2603 hujus
812 2533 1105 2605 pontificis
1138 2548 1351 2605 nomen
1384 2548 1540 2605 nunc
1585 2549 1651 2587 eo
1684 2533 1742 2586 in
1776 2532 1900 2587 loco

231 2621 325 2659 non
346 2603 565 2677 legitur,
587 2603 1072 2677 litteras‘omnino
1097 2603 1352 2674 periisse,
1378 2604 1520 2677 mihi
1559 2605 1899 2673 persuadeo,

228 2677 355 2730 sicut
397 2674 450 2732 in
501 2678 741 2732 alterius
782 2676 1071 2747 pontiﬁcis
1119 2674 1595 2747 nomineraliqua
1634 2692 1701 2747 ex
1741 2681 1902 2746 parte

233 2747 417 2803 factum
447 2765 573 2804 esse
603 2749 739 2805 vidi.
765 2746 952 2812 Ouare
975 2748 1120 2802 sicut
1160 2746 1456 2815 antiquior
1486 2746 1741 2818 pontifex
1773 2763 1900 2801 san-

230 2818 372 2875 daliis
400 2835 561 2876 cruce
603 2820 901 2892 insignitis
932 2819 1222 2892 calceatus
1265 2818 1539 2887 cernitur,
1573 2819 1653 2873 ita
1683 2823 1737 2873 et
1768 2818 1903 2892 alte:

231 2905 333 2944 rum
363 2889 948 2947 recentiorem'tuisse
987 2889 1334 2945 credendum
1378 2899 1462 2944 est
1496 2906 1508 2944 :
1546 2906 1681 2944 nam
1723 2889 1900 2945 calcei

228 2977 369 3031 opere
398 2964 531 3018 olim
560 2964 786 3018 musivo
812 2962 966 3030 tacti,
995 2977 1151 3016 nunc
1179 2961 1422 3031 collapsi
1448 2967 1620 3015 sunt:
1657 2978 1903 3030 quorum

228 3030 347 3101 loco,
376 3034 545 3090 calcei
576 3036 707 3089 rudi
741 3039 862 3089 arte
904 3034 1037 3103 picti
1072 3034 1199 3087 sine
1229 3030 1397 3088 cruce
1427 3034 1892 3103 conspiciuntur.

284 3051 347 3101 το,
376 3051 545 3090 calcet
576 3051 707 3089 runt
741 3051 862 3089 arte
944 3051 1037 3088 icti
1072 3051 1199 3087 sine
1229 3051 1397 3088 cruce
1427 3051 1892 3103 conspiciuntur.

284 3107 356 3158 Ad
384 3107 683 3162 basilicam
715 3105 867 3161 beati
899 3051 1072 3171 Petri,
1116 3105 1216 3160 SS.
1251 3104 1645 3176 apostolorum
1677 3104 1896 3176 princi-

228 3174 313 3243 pis,
345 3177 519 3232 Bomze
558 3196 588 3232 a
629 3183 791 3247 tergo
836 3177 1094 3244 oratorii,
1128 3176 1247 3230 sive
1297 3175 1516 3238 sacelli,
1565 3175 1654 3231 vel
1680 3174 1895 3231 altaris

230 3248 545 3318 sanctissimi
589 3249 819 3304 Sudarii
866 3248 1182 3303 Salvatoris
1221 3248 1405 3302 nostri
1446 3264 1625 3318 supra
1662 3248 1895 3303 Portam

231 3315 491 3388 Sanctam,
523 3321 592 3375 ad
624 3319 961 3376 interiorem
997 3318 1249 3373 basilica:
1282 3315 1735 3389 partem,'exstat
1765 3336 1893 3375 ora-

230 3391 411 3463 torium
441 3408 613 3463 opere
644 3392 869 3447 musivo
901 3390 1138 3463 insigni,
1164 3390 1507 3463 excultoque
1532 3393 1894 3463 decoratum,

232 3463 351 3515 etin
380 3461 650 3519 honorem
693 3461 1082 3518 immaculatas
1121 3478 1350 3532 semper
1386 3461 1643 3532 Virginis
1683 3464 1751 3517 ad
1795 3462 1895 3517 Dei

231 3532 509 3589 Genetricis
560 3553 591 3588 a
643 3535 869 3590 Joanne
919 3534 1037 3600 VII,
1083 3534 1237 3588 circa
1269 3550 1483 3587 annum
1529 3533 1760 3587 Domini
1790 3534 1896 3586 706

226 3611 617 3671 conetructum,
650 3613 715 3661 ut
744 3606 1089 3662 Anastasius
1129 3604 1637 3670 Bibliothecarius,
1668 3604 1895 3659 Platina

222 3679 270 3727 et
296 3677 589 3733 Panvinius
619 3682 930 3743 testantur,
965 3682 1022 3730 et
1053 3676 1355 3746 inscriptio
1387 3677 1514 3744 ipsa
1546 3676 1710 3729 docet
1737 3675 1895 3729 hisce

220 3745 380 3803 verbis
421 3765 433 3803 :
476 3748 797 3804 JOANNES
848 3747 1195 3804 lNDlGNUS
1239 3745 1625 3802 ’EPISCOPUS
1670 3746 1893 3802 FECIT.

222 3816 321 3872 Huc
350 3821 559 3875 accedit
582 3821 731 3889 quod
765 3819 1019 3874 Joannes
1048 3820 1115 3874 ad
1150 3818 1356 3889 capitis
1387 3824 1615 3889 tergum
1648 3819 1892 3887 quadra-

220 3892 316 3962 tam
346 3890 511 3946 habet
540 3891 822 3957 tabulam,
858 3907 987 3962 quae
1018 3896 1081 3945 ut
1112 3890 1376 3962 superius
1406 3890 1620 3962 dictum
1662 3896 1767 3962 est,
1802 3889 1892 3943 in-

217 3958 409 4033 dicium
440 3979 502 4017 ea
543 3958 893 4033 tempestate
924 3958 1325 4017 viventis—esse
1357 3961 1524 4028 solet,
1562 3962 1701 4015 dum
1735 3960 1895 4015 ﬁeret

218 4031 419 4117 pictura
466 4032 587 4089 illa.
638 4031 913 4117 Joannes.
954 4049 1084 4088 vero
1125 4034 1661 4117 propeimaginem
1714 4033 1893 4117 beatae

216 4099 387 4177 hilaria:
419 4121 646 4177 semper
691 4105 947 4177 Virginis
997 4099 1274 4159 sandaliis
1324 4099 1621 4177 insignitis
1654 4103 1893 4177 parvula

213 4174 340 4242 nigri
371 4174 579 4232 coloris
609 4174 953 4247 crucefquae
976 4192 1041 4231 ex
1065 4182 1316 4246 quatuor
1336 4174 1622 4248 lapillulis
1646 4174 1891 4231 musivis

210 4252 429 4311 constat,
460 4250 723 4304 cernitur
751 4249 1069 4305 calceatus.

274 4316 327 4371 In
366 4319 602 4374 basilica
649 4320 783 4376 item
832 4319 1020 4375 sancti
1076 4318 1225 4374 Petri
1275 4322 1459 4374 exstat
1507 4318 1890 4374 simulacrum

214 4384 403 4444 Urbani
434 4390 505 4446 VI
536 4407 567 4446 e
599 4407 886 4447 marmore
918 4392 1072 4445 circa
1111 4406 1331 4445 annum
1374 4391 1603 4446 Domini
1638 4390 1775 4445 1389
1805 4390 1889 4445 ef-

2024 391 2336 447 Praxetlem
2368 400 2423 448 et
2454 397 2521 447 ad
2547 400 2805 450 sanctam
2839 396 3124 451 Caeciliam
3157 401 3312 455 circa
3359 416 3578 456 annum
3613 410 3721 458 Do-

2026 462 2167 516 mini
2196 463 2323 532 807,
2357 477 2412 519 et
2452 464 2795 536 Gregorium
2839 467 2910 521 lV
2941 470 3010 523 ad
3044 468 3102 522 S.
3148 473 3398 525 Marcum
3432 473 3586 528 circa
3616 490 3728 529 an—

2026 550 2167 588 num
2194 539 2353 589 Dom.
2380 536 2503 599 830,
2524 553 2693 611 opere
2718 539 2939 594 musivo
2964 543 3165 611 pictos,
3187 543 3288 596 sed
3311 543 3574 599 sandalia
3596 545 3724 599 sine

2025 621 2194 684 cruce
2210 615 2521 684 gestantes.
2545 609 2597 684 id
2617 612 2766 679 quod
2793 627 2905 666 non
2932 609 3055 666 sine
3072 612 3297 668 incuria
3310 613 3392 668 vel
3413 616 3720 684 pictorum,

2024 676 2114 758 vel
2142 693 2339 758 eorum
2373 680 2472 749 qui
2509 676 2763 749 picturas
2815 684 3116 758 faciendas
3157 676 3460 758 curabant,
3507 676 3723 741 factum

2024 749 2271 829 videtur,
2323 760 2385 803 ut
2432 766 2666 829 cgrnere
2715 758 2803 829 est
2843 755 2899 808 in
2953 754 3153 809 abside
3192 749 3461 829 Aecclesisi
3513 766 3726 813 sanctas

2025 819 2217 899 Marias.
2250 828 2410 899 trans
2457 822 2709 899 Tiberim
2755 828 2909 879 circa
2940 841 3154 899 annum
3190 827 3350 882 Dom.
3388 830 3525 884 1143
3556 846 3727 899 Opere

2024 892 2321 971 tessellato
2345 893 2633 971 d_e_corata,
2657 895 2712 948 in
2740 913 2854 967 qua
2877 902 3082 971 praeter
3103 896 3249 954 alias
3281 892 3726 971 imagines,'Ro-

2023 963 2181 1041 mani
2234 965 2560 1041 pontifices,
2621 963 2833 1041 beatus
2877 963 3110 1041 scilicet
3158 972 3361 1025 Petrus
3401 963 3723 1041 apostolus,

2021 1033 2558 1113 CalixtushJuliuAs,
2591 1039 2932 1113 .Cornelius,
2982 1046 3039 1113 et
3086 1033 3459 1097 Innocentius
3511 1042 3579 1109 II,
3623 1033 3723 1113 qui

2021 1107 2473 1185 npusﬂmusi‘vum
2495 1108 2825 1185 faciendum
2842 1112 3083 1177 curavit,
3100 1113 3235 1181 picti
3256 1107 3723 1185 conspiciuntur;

2020 1179 2119 1252 sed
2152 1178 2450 1233 Cornelius
2479 1180 2657 1252 solus,
2684 1182 2782 1251 qui
2808 1199 3015 1251 passus
3039 1178 3128 1238 est
3159 1201 3310 1239 anno
3334 1178 3567 1240 Domini
3592 1178 3718 1252 253,

2019 1248 2243 1328 calceos
2284 1265 2452 1305 cruce
2502 1248 2833 1328 insignitus:
2854 1262 3079 1328 gestare
3123 1256 3402 1311 cernitur.
3458 1248 3719 1328 ldipsum

2019 1320 2399 1375 confirmatur
2431 1338 2531 1391 per
2562 1323 2836 1379 Bonifacii
2857 1320 2941 1379 ἹΧ
2971 1330 3217 1381 statuam
3252 1320 3637 1383 marmoream
3663 1329 3724 1382 in

2020 1391 2261 1465 basilica
2284 1393 2463 1448 sancti
2486 1393 2650 1448 Pauli
2670 1403 3050 1465 asservatam,
3073 1404 3127 1453 et
3147 1398 3296 1454 circa
3319 1414 3539 1454 annum
3562 1400 3720 1455 Dum.

2020 1462 2119 1516 144
2163 1463 2436 1527 efﬁctam,
2488 1480 2611 1534 quas
2661 1467 2884 1523 calceos
2933 1462 3059 1523 sine
3107 1485 3277 1525 cruce
3328 1471 3540 1526 habere
3581 1487 3721 1526 con-

2016 1534 2279 1615 spicitur:
2314 1534 2459 1615 alios
2497 1542 2695 1615 tamen
2726 1540 3032 1615 pontifices
3064 1546 3197 1615 ante
3231 1543 3634 1597 Innocentium
3669 1545 3719 1615 ΙΙ

2015 1612 2071 1683 et
2102 1604 2460 1683 Bonifacium
2495 1607 2565 1683 lX
2596 1604 2858 1683 eaad—alia
2881 1628 2995 1667 non
3029 1613 3157 1668 sine
3186 1630 3356 1667 cruce
3386 1619 3612 1683 gestare
3643 1614 3722 1667 vi-

2016 1677 2411 1758 dimus._Nam
2462 1679 2511 1732 si
2558 1681 2917 1751 antiquiores
2960 1685 3263 1758 pontifices
3295 1677 3523 1758 calceos
3550 1699 3721 1741 cruce

2017 1749 2327 1819 insignitus
2358 1760 2613 1819 gestasse
2663 1749 2907 1819 constet,
2956 1749 3223 1809 eumdem
3264 1758 3437 1810 etiam
3482 1757 3654 1810 ritum
3690 1773 3724 1810 a

2015 1821 2441 1877 recentioribus
2463 1822 2831 1879 observatum
2857 1826 3056 1892 fuisse,
3091 1826 3322 1882 fatearis
3354 1843 3590 1883 necesse
3612 1831 3719 1882 est.

2085 1894 2378 1969 Quamvis;
2395 1903 2587 1969 autem
2621 1901 2754 1951 ante
2786 1898 3097 1953 Honorium
3133 1898 3175 1964 Ι,
3200 1900 3297 1969 qui
3342 1899 3593 1969 pontifex
3626 1914 3723 1953 re-

2015 1966 2320 2019 nuntiatus
2358 1965 2463 2020 fuit
2493 1970 2645 2022 circa
2668 1984 2886 2022 annum
2924 1970 3085 2023 Dom.
3114 1965 3239 2034 622',
3271 1965 3519 2025 et'anno
3552 1970 3717 2026 Dom.

2012 2036 2120 2089 635
2158 2036 2328 2112 ebiit,
2362 2036 2517 2093 hunc
2558 2040 2840 2112 ritumob
2877 2040 3111 2096 absides
3142 2041 3519 2096 ecclesiarum
3551 2058 3722 2112 opere

2016 2108 2242 2181 musivpo
2267 2109 2583 2175 decoratas,
2609 2116 2665 2165 et
2696 2111 2881 2165 nimia
2910 2116 3195 2167 vetustate
3230 2114 3316 2167 vel
3348 2108 3608 2181 omnino,
3632 2112 3721 2169 vel

2014 2179 2216 2246 majori
2250 2194 2315 2232 ex
2366 2185 2529 2250 parte
2579 2181 2888 2253 collapsas,
2933 2184 2989 2236 in
3026 2200 3132 2238 usu
3166 2184 3428 2238 habitum
3462 2179 3723 2240 invenire

2014 2265 2130 2324 non
2166 2253 2471 2324 potuerim,
2504 2252 2690 2321 ipsum
2724 2252 2919 2308 tamen
2948 2253 3335 2324 antiquiorem
3369 2270 3496 2309 esse
3527 2255 3712 2324 conji-

2013 2320 2121 2396 c_io,
2169 2320 2755 2396 etiamsiscriptores
2795 2331 2914 2396 tam
2959 2320 3185 2395 antiqui
3217 2342 3392 2396 quam
3427 2320 3711 2393 recentes,

2014 2392 2082 2468 de
2104 2392 2385 2468 sandaliis
2413 2392 2737 2468 loquentes,
2766 2394 2988 2451 nullam
3014 2392 3269 2468 penitus,
3293 2403 3356 2452 ut
3387 2396 3525 2463 dixi,
3552 2392 3715 2468 men;

2010 2462 2227 2540 tiqnem
2268 2465 2351 2540 Ade
2400 2462 2569 2520 cruce
2613 2462 2874 2535 fecerint,
2915 2462 3128 2540 quippe
3173 2462 3273 2538 qui
3323 2468 3392 2523 de
3431 2467 3715 2523 sandaliis

2015 2534 2168 2589 324
2191 2535 2615 2604 episcOporum,
2653 2534 3032 2593 sacerdotum
3051 2534 3107 2594 et
3137 2534 3515 2595 diaconorum
3546 2541 3719 2594 abso-

2013 2604 2135 2659 lute
2174 2607 2448 2676 sumptis,
2482 2607 2664 2674 deque
2698 2611 3035 2664 eorumdem
3071 2616 3297 2665 tantum
3330 2611 3517 2665 forma
3546 2615 3603 2664 et
3631 2611 3719 2666 si-

2013 2677 2288 2752 gnificatu
2332 2694 2399 2732 ac
2431 2679 2763 2752 ministerio
2801 2681 2974 2736 verba
3011 2683 3285 2750 fecerunt,
3328 2683 3715 2752 praetermisso

2011 2751 2127 2801 ritu
2162 2748 2707 2824 ad_osc_ulationem
2758 2753 2970 2824 pedum
3024 2748 3595 2823 Romanipontificis
3626 2755 3715 2807 in-

2011 2823 2206 2894 vento.
2239 2820 2399 2884 Quod
2435 2828 2631 2894 autem
2681 2820 2883 2879 beatus
2919 2823 3231 2894 Gregorius
3262 2820 3505 2893 Magnus
3532 2824 3713 2893 hujus

2012 2892 2242 2966 generis
2292 2892 2571 2966 sandalia,
2621 2894 2730 2950 hoc
2778 2902 2867 2950 est
2910 2892 3134 2950 calceos
3183 2892 3710 2966 cruce’insignitos

2013 2964 2361 3038 gestarit,_id
2394 2964 2561 3038 nobis
2594 2966 2761 3020 facile
2792 2968 3122 3038 persuadet,
3158 2968 3311 3038 quod
3346 2967 3495 3022 inter
3527 2964 3714 3038 ponti-

2014 3032 2249 3109 ficatum
2282 3036 2431 3090 beati
2459 3038 2716 3109 Gregorii
2746 3032 2937 3109 Magni
2967 3042 3024 3093 et
3054 3032 3288 3094 Honorii
3318 3038 3360 3105 l,
3392 3032 3565 3109 quem
3595 3037 3713 3093 cal-

2010 3105 2126 3160 ceis
2144 3122 2312 3161 cruce
2331 3106 2551 3180 ornatis
2574 3105 2744 3163 usum
2764 3105 2946 3164 fuisse
2962 3109 3237 3176 vidimus,
3254 3105 3485 3165 nonnisi
3506 3109 3713 3180 viginti

2008 3193 2292 3249 annorum
2316 3179 2570 3248 spatium
2599 3180 2725 3249 plus
2751 3181 3014 3236 minusve
3035 3181 3384 3237 intercessit.
3412 3180 3557 3236 Hinc
3575 3179 3712 3235 vero

2008 3248 2277 3323 adsimile
2299 3254 2407 3314 est,
2435 3255 2501 3323 ut
2523 3250 2673 3323 idem
2708 3251 2885 3323 hujus
2906 3254 3136 3323 generis
3161 3250 3427 3307 sandalia
3448 3252 3714 3319 gestandi

2010 3321 2157 3375 ritus
2191 3321 2261 3375 ab
2293 3322 2544 3376 Honorio
2583 3322 2625 3387 Ι,
2660 3322 2760 3393 qui
2791 3321 2932 3378 obiii
2965 3341 3116 3379 anno
3149 3324 3376 3380 Domini
3405 3323 3511 3377 635
3538 3338 3711 3377 usur-

2008 3396 2197 3466 patus,
2244 3394 2393 3466 apud
2428 3393 2771 3463 Gregorium
2825 3395 3105 3466 Magnum
3151 3401 3207 3450 et
3236 3394 3378 3450 alios
3408 3393 3707 3466 pontiﬁces

2006 3463 2131 3545 ejus
2164 3464 2634 3547 praedecessores,
2665 3466 2723 3520 in
2756 3463 3053 3549 frequenti
3077 3482 3181 3521 usu
3206 3463 3519 3549 haberetur
3550 3482 3563 3520 :
3598 3465 3705 3521 Ho-

2006 3534 2207 3588 norius
2231 3550 2480 3608 namque
2500 3537 2741 3605 primus,
2762 3534 2995 3592 natione
3017 3542 3363 3608 Campanus,
3384 3537 3456 3592 ob
3475 3537 3700 3592 brevem

2006 3605 2294 3693 temp-oris.
2319 3606 2834 3693 intercapedinem,
2859 3625 2987 3693 qua;
3012 3605 3173 3691 inter
3190 3610 3530 3693 eorumdem
3557 3624 3702 3693 pon—

2004 3676 2256 3751 tificatus
2280 3676 2593 3751 ipterjecta
2611 3676 3089 3751 eratnOn'solum
3120 3680 3315 3751 ipsum
3340 3676 3704 3751 Gregorium,

2004 3748 2269 3819 quianno
2290 3748 2517 3803 Domini
2538 3750 2644 3803 604
2669 3750 2777 3815 vel,
2798 3753 3120 3806 secundum
3146 3748 3553 3819 ’l‘rithemium,
3578 3753 3705 3819 605,

2003 3833 2070 3872 ex
2101 3817 2206 3893 hac
2235 3819 2351 3873 vita
2380 3821 2648 3893 decessit,
2680 3822 3060 3878 verumetiam
3095 3822 3413 3892 Pelagium,
3448 3817 3706 3893 Gregorii

2002 3890 2509 3963 prtedecessorem.
2541 3892 2733 3947 videre
2764 3894 2991 3963 potuit;
3026 3894 3204 3950 immo
3236 3890 3392 3963 quod
3426 3910 3521 3949 eos
3552 3890 3704 3948 vide-

2002 3959 2095 4027 iit,
2129 3962 2282 4033 credi
2317 3967 2504 4033 potest
2534 3980 2599 4017 ac
2630 3959 2822 4018 debet.

2073 4032 2224 4086 lllud
2272 4032 2545 4101 praeterea
2592 4036 2658 4089 ad
2710 4035 3168 4092 vetustissimam
3212 4052 3384 4105 super
3419 4033 3703 4092 sandaliis

2000 4118 2371 4180 summorum
2404 4105 2743 4180 pontificum
2776 4107 2967 4162 crucis
2996 4109 3231 4179 signum
3263 4108 3529 4180 gestandi
3561 4124 3697 4163 con-

2000 4175 2368 4251 suetudinem
2392 4175 2515 4251 com
2528 4178 2910 4248 probandam,
2932 4175 3082 4235 scitu
3114 4175 3519 4251 satisdignum
3543 4180 3700 4235 vide-

1998 4251 2114 4315 tur,
2130 4249 2611 4322 quodPanvinius
2629 4253 2765 4306 dum
2786 4254 2934 4305 vitas
2954 4268 3316 4307 summorum
3341 4249 3696 4322 pontiﬁcum,

2002 4326 2259 4393 nondum
2289 4320 2347 4373 in
2371 4321 2557 4393 lucem
2583 4322 2788 4389 editas,
2813 4322 3221 4387 conscriberet,
3247 4320 3702 4393 eor'umdemque

2004 4388 2291 4464 imagines
2322 4392 2393 4446 ad
2434 4393 2627 4447 vivum
2664 4388 3069 4464 exprimendae
3110 4400 3357 4462 curaret,
3399 4395 3458 4449 in
3498 4388 3701 4450 abside

209 4439 409 4517 ῆόῐιῆἶιζ
455 4439 566 4517 ’Ᾱιῐ
598 4439 885 4517 causa
912 4439 1223 4517 aranea"
1239 4439 1331 4516 in"
1368 4439 1452 4516 1ῖέ
1448 4439 1659 4517 ιέἶείῌᾰ
1674 4439 1784 4516 1331's
1810 4439 1898 4516 at
1926 4439 1971 4504 D
2004 4439 3364 4527 agitauit.gestagesta;at'co};‘t;‘;;’t
3398 4439 3567 4521 Βὲαῖἷ
3576 4439 3704 4520 si}:

208 4528 416 4605 Martini
444 4533 710 4589 Vstatua
761 4534 1102 4605 sepulcralis
1138 4549 1290 4587 aenea
1333 4534 1481 4588 circa
1523 4549 1742 4588 annum
1783 4531 1895 4587 Do-

209 4602 340 4656 mini
370 4606 520 4660 1431.
549 4606 610 4659 ln
645 4605 791 4660 atrio
826 4602 1160 4661 monasterii
1183 4605 1241 4659 8.
1267 4605 1584 4659 Salvatoris
1618 4606 1673 4659 in
1700 4605 1888 4659 Lauro

208 4677 380 4747 statua
425 4677 667 4747 Eugenii
718 4677 789 4732 IV
838 4691 1162 4732 marmorea
1210 4676 1362 4731 circa
1402 4692 1621 4731 annum
1663 4675 1891 4731 Domini

212 4744 351 4819 μῦ.
386 4750 442 4802 In
475 4744 717 4803 basilica
756 4748 926 4803 etiam
962 4748 1151 4819 sancti
1186 4748 1339 4801 Petri
1373 4752 1603 4802 exstant
1634 4764 1759 4819 qua?
1789 4747 1887 4801 in-

210 4817 287 4889 tra
318 4817 585 4889 leguntur
625 4823 827 4875 stature
870 4818 1247 4889 sepulcrales.
1295 4819 1404 4874 hoc
1438 4829 1541 4885 est,
1578 4817 1793 4874 Nicolai
1826 4819 1886 4885 V,

208 4885 341 4943 circa
371 4885 598 4946 annum
648 4891 873 4947 Domini
932 4885 1102 4958 i455;
1156 4890 1361 4944 Calixti
1416 4890 1514 4955 lIl,
1549 4891 1604 4945 in
1658 4890 1885 4959 atriolo,

208 4972 359 5029 prope
385 4964 666 5018 sacellum
709 4963 1061 5026 Sixtianum,
1107 4962 1273 5027 1458;
1309 4961 1392 5016 Pii
1424 4961 1489 5027 ll,
1527 4963 1699 5029 146/1;
1734 4964 1887 5016 Pau-

208 5025 355 5101 l_i_ll,
386 5034 548 5097 M71;
594 5032 740 5089 Sixti
789 5032 883 5099 IV,
934 5025 1105 5099 1484;
1156 5025 1484 5088 Innocentii
1516 5025 1882 5101 VIII,'l/192;

207 5096 277 5153 Pii
305 5096 398 5171 Ill,
430 5096 588 5159 1503.
624 5106 689 5159 In
721 5096 963 5160 ecclesia
1006 5096 1220 5159 sanctae
1253 5104 1439 5157 Mariae
1472 5096 1658 5174 supra
1678 5096 1887 5158 Miner;

204 5184 314 5246 iam
341 5182 521 5231 exstat
563 5176 775 5231 Leonis
823 5178 864 5231 Χ
908 5174 1287 5231 simulacrum
1339 5174 1680 5246 sepulcrale,
1734 5184 1785 5231 ct
1826 5175 1884 5231 in

202 5239 454 5309 Capitolio
484 5253 684 5304 statua
709 5251 847 5303 item
875 5263 1197 5304 marmorea
1220 5248 1375 5302 circa
1398 5239 1619 5302 annum
1650 5239 1883 5303 Domini

209 5314 345 5372 1521.
376 5318 590 5375 Horum
642 5319 904 5375 omnium
964 5320 1360 5375 Romanorum
1412 5320 1779 5383 pontificum,
1830 5324 1886 5374 et

207 5384 427 5460 aliorum
454 5391 549 5447 his
573 5392 979 5457 recentiorum,
1015 5391 1120 5446 hoc
1145 5396 1251 5460 cst,
1286 5384 1445 5446 Pauli
1480 5390 1573 5459 III,
1606 5390 1769 5446 Pauli
1794 5391 1882 5457 IV,

206 5453 275 5511 Pii
304 5459 643 5535 V,Gregorii
678 5463 811 5517 XIII
836 5453 1162 5535 etSixtiUV,
1195 5453 1424 5535 statuas
1455 5453 1569 5535 vidi
1602 5453 1883 5517 calceatus

206 5532 461 5589 sandaliis
493 5532 665 5590 cruce
699 5534 1016 5605 insignitis.
1050 5533 1179 5588 Vidi
1212 5534 1385 5589 etiam
1420 5534 1563 5589 alios
1590 5535 1883 5589 Romanos

205 5605 490 5677 pontifices
534 5621 707 5677 opere
749 5604 1043 5660 tessellato
1084 5606 1331 5671 effictos,
1370 5606 1623 5660 Honorio
1668 5608 1689 5660 Ι
1729 5606 1880 5661 anti-

198 5674 433 5748 quiores,
456 5678 554 5748 sed
573 5674 823 5748 propter
846 5692 1116 5748 magnam
1149 5678 1505 5746 picturarum
1536 5680 1880 5732 vetustatem

199 5744 405 5821 calceos
433 5744 725 5821 collapsos
756 5744 968 5821 reperi?
996 5744 1365 5821 Contraivero
1394 5748 1511 5821 vidi
1542 5748 1612 5803 ad
1644 5748 1703 5803 S.
1740 5749 1882 5821 Lau-

199 5818 432 5879 rentium
458 5821 517 5878 in
552 5818 773 5878 Lucina
794 5818 1010 5894 pictam
1033 5819 1173 5875 Sixti
1206 5819 1282 5881 III
1302 5819 1640 5892 imaginem,
1663 5823 1722 5876 et
1751 5819 1877 5892 qui-

2004 4533 2199 4609 vestri,
2224 4534 2310 4589 vel
2333 4536 2573 4591 alterius
2596 4552 2663 4591 ex
2684 4537 3112 4607 antiquioribus
3138 4536 3386 4593 Romani
3411 4536 3702 4609 pontificis

1999 4603 2308 4680 imaginem
2344 4623 2374 4680 a
2408 4610 2562 4680 calce
2608 4609 2676 4662 ad
2711 4603 2884 4678 caput
2912 4609 3224 4680 integram,
3258 4603 3540 4665 sandaliis
3569 4624 3699 4680 par-

1997 4674 2456 4762 vula'insignitis
2504 4694 2674 4735 cruce
2723 4674 2939 4762 pictam
2990 4674 3233 4762 inuvenit',
3284 4674 3697 4762 eamqueian-

1999 4763 2176 4818 quam
2211 4754 2488 4819 perpetua
2533 4754 2817 4824 memoria
2864 4752 3300 4824 dignaminter
3346 4751 3698 4821 insigniores

1998 4821 2729 4895 summorum‘pontificum
2757 4821 3047 4895 imagines
3073 4823 3144 4878 ad
3168 4823 3361 4877 vivum
3394 4834 3697 4895 expressas

1997 4906 2171 4966 penes
2203 4891 2565 4966 sehabcbat,
2603 4895 2848 4961 caeteris,
2883 4891 3039 4966 quas
3082 4895 3369 4966 pictorum
3397 4891 3698 4966 arbitratu

1996 4961 2180 5036 pictas
2225 4961 2599 5035 dijudicabat,
2634 4961 3054 5036 praetermissis,
3082 4961 3239 5036 sicut
3272 4962 3487 5036 gilvjus
3523 4964 3701 5036 ante:

1996 5030 2227 5099 nianus,
2279 5030 2649 5091 sanctissimi
2681 5040 2747 5093 D.
2797 5041 2865 5090 N.
2917 5030 3232 5091 Clementis
3273 5033 3403 5087 VIII
3448 5030 3703 5087 cubiculi

1998 5106 2320 5178 praefectus,
2354 5108 2617 5178 apprime
2648 5108 2935 5171 eruditus,
2977 5121 3203 5178 necnon
3233 5108 3514 5178 spectatas
3542 5102 3700 5178 inte-

1998 5124 2320 5174 prterectus,
2354 5124 2384 5163 a
2434 5124 2617 5178 prime
2648 5124 2935 5171 eruditus,
2977 5124 3200 5162 necnon
3243 5124 3514 5176 spectatae
3542 5124 3700 5159 inte-

1996 5177 2244 5259 gritatis,
2286 5124 2657 5259 progatteque
2680 5178 2952 5259 fidei.le
2982 5176 3284 5259 splendide
3314 5179 3583 5242 testatur,
3616 5175 3700 5258 di-

1995 5246 2266 5321 etamque
2287 5246 2600 5319 imaginem
2625 5266 2657 5304 a
2680 5247 2952 5303 Panvinio
2980 5246 3091 5303 sibi
3114 5253 3413 5303 ostensam
3438 5246 3696 5321 praescri-

1994 5320 2185 5390 ptum'
2218 5320 2275 5374 in
2334 5322 2571 5375 modum
2625 5320 2940 5375 calceatum
2999 5334 3125 5376 sese
3174 5320 3387 5375 vidisse
3434 5320 3698 5389 omnino,

1992 5390 2272 5461 nullaque
2304 5390 2662 5446 besitatione
2704 5392 2981 5446 affirmat.

2064 5461 2193 5516 Haec
2244 5464 2313 5516 de
2364 5476 2531 5517 cruce
2582 5478 2756 5533 super
2800 5464 3086 5519 sandaliis
3128 5464 3375 5521 Romani
3407 5462 3695 5533 pontificis

1989 5532 2313 5604 antiquitus
2346 5532 2558 5607 gestari
2589 5532 2776 5607 solita.
2812 5536 2936 5601 Qua
2969 5536 3027 5591 in
3062 5551 3121 5591 re
3150 5532 3435 5607 tanquam
3469 5537 3539 5592 ab
3563 5534 3693 5589 aliis

1991 5607 2249 5658 nondum
2283 5604 2585 5674 explicata,
2620 5606 2763 5661 mihi
2793 5606 3094 5663 immorari
3126 5604 3314 5663 visum
3350 5606 3477 5664 fuit.

2059 5676 2139 5750 (fc)
2166 5675 2387 5750 Tunica
2414 5676 2597 5731 Silvia:
2618 5678 2858 5750 inferior
2879 5678 3303 5750 pseudolactini
3334 5677 3544 5750 coloris
3564 5688 3693 5733 esse

1990 5763 2023 5802 a
2056 5747 2231 5821 _Joan.
2278 5748 2532 5821 Diacono
2585 5749 2817 5806 dicitur.
2868 5747 3035 5807 Color
3086 5748 3561 5821 pseudolactinus
3603 5750 3695 5802 est

1987 5817 2146 5876 color
2172 5819 2504 5893 exalbidus;
2542 5822 2710 5894 quasi
2746 5821 2952 5880 falsam
2985 5817 3304 5895 quamdam
3334 5819 3686 5887 albedinem,

3686 5928 3809 6017 ,λέ
