4086 6166
342 203 461 263 4⁸15

1368 196 1468 259 DE
1514 194 1981 258 IMAGINIBUS
2026 195 2090 256 S.

2138 192 2514 257 GREGORII
2560 192 2830 255 MAGNI.
3743 200 3856 257 476

349 343 489 409 sive,
526 347 583 396 ut
614 339 838 411 opinor,
876 338 1294 409 leucophazum,
1332 338 1385 393 id
1418 345 1525 411 est,
1559 338 1809 411 colorem
1844 352 2041 411 quem-
2074 340 2126 406 Α
2158 351 2301 411 cono
2334 336 2391 389 in
2443 335 2550 411 hoc
2595 335 2842 411 loco,_et
2875 334 2976 389 lib.
3019 351 3073 411 ir
3099 351 3225 405 cap.
3273 335 3364 401 24,
3414 338 3525 411 sed,
3563 338 3737 395 etiam
3786 356 3855 395 ex

350 415 479 467 dam
513 429 581 468 ex
610 409 741 467 albo
768 417 824 466 et
856 411 1353 483 nigellomixtum
1382 431 1394 477 ;
1428 410 1536 475 vel,
1567 416 1634 483 ut
1658 414 1746 483 sic
1770 409 2040 483 dixerim,

349 485 691 540 cinericium
736 476 1013 539 referens.
1055 482 1198 537 Nam
1232 482 1421 537 Grazce
1459 476 1622 552 ψευδο
1656 481 1858 536 Latine
1888 487 2053 537 sonat

346 558 576 626 falsum,
605 572 787 626 eoque
817 558 1038 610 utimur
1063 555 1122 607 in
1154 553 1591 626 compositione,
1620 558 1682 607 ut
1713 553 2048 622 speudolus,

349 624 406 683 id
438 635 525 683 est
557 624 735 682 falsus
755 643 985 692 servus;
1021 624 1520 696 pseudographus,
1543 625 1600 678 id
1632 629 1721 679 est
1750 626 2045 696 falsarios;

349 699 879 770 pseudopropheta,
921 698 1002 770 _id_
1025 695 1034 696 ί
1058 702 1147 770 est
1182 697 1361 750 falsus
1396 696 1698 770 propheta,
1730 701 1785 751 et
1832 695 2045 770 ali_a_id

346 766 532 842 genus
566 766 872 841 permulta.
909 767 1077 822 Color
1099 768 1299 842 itaque
1332 768 1809 842 pseudolactinus
1839 785 1871 822 a
1894 766 2046 842 falso

344 838 536 898 dictus
566 838 754 904 ‘lacte,
817 856 918 909 per
964 838 1116 908 quod
1162 838 1329 894 Joan.
1382 839 1668 895 Diaconos
1715 838 2043 893 albedinem

340 910 932 985 quamdamintelligi
982 910 1531 985 voluit,‘signific_at
1578 911 1782 985 falsum
1825 911 2042 985 album,

338 982 394 1041 id
430 990 517 1039 est
538 983 894 1049 exalbidum,
919 998 1020 1037 seu
1046 982 1404 1043 cinericium,
1432 983 1759 1038 albedinem
1790 983 2043 1053 quodam

343 1056 515 1111 modo
548 1054 892 1109 imitantem.

418 1127 479 1196 (ἰ)
512 1126 796 1181 Tunicam
828 1124 1016 1179 Silvia:
1038 1124 1395 1193 inferiorem,
1420 1142 1597 1197 quam
1624 1124 2040 1193 pseudolactiai

339 1198 548 1252 coloris
573 1198 752 1252 fuisse
775 1198 980 1252 scribit
1008 1200 1259 1252 Joannes
1282 1198 1597 1264 Diaconus,
1619 1198 1849 1251 duabus
1879 1196 2040 1251 zonis

338 1269 673 1324 distinctam
721 1269 819 1324 ait.
864 1269 1014 1323 Zona
1064 1270 1170 1324 etsi
1220 1271 1449 1339 proprie
1490 1286 1591 1340 pro
1624 1269 1854 1339 cingulo
1887 1269 2041 1321 sumi

335 1340 500 1407 solet,
534 1341 641 1395 hoc
675 1344 870 1395 tamen
905 1341 1029 1395 loco
1076 1357 1177 1411 per
1208 1358 1385 1396 zonas
1415 1359 1446 1395 a
1491 1341 1740 1395 Diacono
1786 1355 2038 1411 commc-

337 1418 613 1476 moratas,
648 1411 882 1467 nonnisi
917 1410 1179 1466 fascidlas
1225 1414 1508 1482 quaedam
1542 1414 1791 1466 vestium
1836 1410 2039 1465 mulie-

336 1483 533 1538 brium
571 1485 982 1539 extremitatem
1016 1484 1472 1554 circumquaque
1504 1483 1848 1550 ambientes,
1880 1488 1935 1537 et
1963 1483 2037 1554 ad

336 1561 603 1610 ornatum
635 1556 982 1618 elaboratas,
1016 1554 1197 1625 accipi
1239 1553 1409 1624 posse
1437 1560 1717 1623 autumo;
1750 1571 1866 1609 una
1893 1553 2039 1608 enim

332 1643 480 1681 zona
504 1627 657 1681 infra
684 1627 925 1682 alteram
957 1628 1205 1695 quodam
1228 1626 1550 1691 intervallo,
1584 1636 1637 1681 et
1668 1630 1958 1693 ornatum,
1981 1631 2037 1679 et

337 1698 776 1771 distinctionem
825 1698 1002 1771 vestis
1050 1699 1365 1771 quamdam
1418 1698 1640 1771 reddit;
1681 1700 1759 1752 ita
1789 1714 1942 1771 vero,
1976 1702 2108 1771 utB

333 1770 459 1823 duae
482 1772 693 1825 tunicas
715 1770 903 1824 instar
925 1769 1170 1824 duarum
1196 1770 1636 1824 dalmaticarum
1657 1784 1783 1824 esse
1804 1769 2031 1823 videan-

330 1845 463 1907 tur;
498 1857 627 1895 nam
661 1842 977 1895 dalmatica
1009 1842 1067 1895 in
1098 1842 1459 1896 extremitate
1492 1858 1590 1910 pro
1622 1848 1824 1896 ornatu
1854 1840 2030 1895 habet

330 1912 580 1968 limbum
632 1912 969 1983 quemdam,
1003 1928 1117 1982 quo
1160 1911 1399 1967 fasciola
1446 1912 1565 1967 sive
1602 1928 1747 1966 zona
1778 1913 1925 1982 ipsa,
1959 1912 2028 1966 de

327 2000 444 2054 qua
470 1989 557 2040 est
587 1999 773 2039 sermo
805 1985 959 2053 apud
1007 1984 1292 2038 Joannem
1349 1985 1688 2046 Diaconum,
1729 1990 1817 2037 est
1857 1983 2029 2053 paulo

325 2055 515 2123 latior,
583 2059 647 2109 ut
695 2057 942 2123 ipsemet
1000 2056 1271 2111 afﬁrmat.
1324 2054 1446 2109 Huc
1494 2060 1753 2123 spectare
1800 2056 2031 2109 videtur

329 2125 494 2193 illud,
527 2127 679 2195 quod
714 2125 964 2182 Isidorus
1012 2126 1110 2181 lib.
1144 2144 1259 2193 xu,
1303 2143 1430 2198 cap.
1470 2127 1541 2181 22
1582 2127 1928 2198 Etymolog.,
1960 2127 2030 2180 de

328 2198 661 2253 nominibus
692 2200 935 2253 vestium
986 2198 1269 2266 scribens,
1301 2197 1717 2269 desegmentis
1746 2200 1825 2251 ait
1858 2214 1870 2251 :
1904 2197 2029 2265 Seg-

327 2279 510 2325 menta
540 2272 694 2324 zonis
725 2270 1068 2340 quibusdam,
1102 2275 1153 2324 et
1181 2270 1338 2340 quasi
1365 2270 1801 2339 praerisamentt's
1831 2276 2029 2323 ornata

329 2358 458 2396 nam
488 2343 794 2411 particulas
829 2343 1093 2413 cujusque
1128 2342 1384 2398 materiae
1412 2341 1673 2397 abscissae
1699 2343 2031 2411 praesegmi—

328 2429 431 2467 na:
464 2421 674 2468 vocant.
708 2415 833 2468 Hmc
868 2414 1145 2467 Isidorus.

399 2485 497 2554 (m)
535 2485 711 2539 Silvia
753 2485 986 2539 mitram
1027 2484 1405 2540 matronalem
1451 2483 1751 2539 candentis
1793 2483 2029 2538 brandei

330 2555 567 2610 raritate
618 2555 896 2611 niblatam
948 2556 1008 2610 in
1058 2557 1245 2627 capite
1297 2562 1554 2627 gestasse
1602 2556 1771 2623 (teste
1806 2555 2030 2609 Joanne

332 2627 602 2697 Diacono)
633 2627 866 2698 legitur.
900 2627 1072 2681 Mitra
1099 2626 1404 2683 utebantur
1427 2633 1724 2693 matrona,
1754 2631 1817 2680 ut
1840 2626 2031 2681 innuit

328 2697 508 2754 Varro
560 2698 659 2753 lib.
700 2697 764 2753 "tv
804 2701 874 2753 de
927 2699 1145 2766 Lingua
1194 2701 1418 2754 Latina.
1460 2700 1714 2753 Isidorus
1763 2698 1863 2753 lib.
1912 2716 2025 2764 xm,

329 2787 453 2841 cap.
488 2772 575 2835 31,
608 2771 688 2825 ait
716 2788 727 2824 :
766 2772 926 2825 illum
956 2779 1037 2824 est
1070 2771 1279 2841 pileum
1309 2772 1811 2840 Phrygium,coput
1839 2776 2027 2839 prote-

326 2858 480 2911 gens,
529 2843 689 2911 quale
735 2845 809 2897 est
850 2852 1232 2896 ornamentum
1279 2843 1644 2899 deuotarum:
1682 2841 1773 2895 sed
1822 2842 2026 2911 pileum

330 2916 577 2968 virorum
618 2920 718 2979 est,
772 2912 945 2967 mitra
989 2918 1176 2967 autem
1226 2915 1584 2982 feminarum.
1636 2912 1795 2976 Quod
1835 2918 2025 2967 autem

334 2985 503 3038 mitra
534 2984 611 3039 sit
641 2989 870 3054 tegmen
922 2984 1213 3053 quoddam
1262 2985 1330 3037 ad
1365 2989 1636 3038 ornatum
1668 2984 1873 3053 capitis
1906 3001 2028 3037 mu-

334 3055 594 3119 liebrem,
628 3070 693 3109 ex
729 3053 883 3109 Isaias
916 3071 1041 3122 cap.
1076 3070 1139 3110 ιιι
1186 3059 1449 3109 constat:
1503 3054 1643 3125 quin
1686 3055 1858 3108 mitra
1886 3055 2025 3110 viris

334 3126 615 3197 probrosa
636 3130 779 3197 erat,
804 3131 865 3180 ut
889 3141 956 3181 ex
978 3125 1249 3191 Luciano,
1272 3125 1511 3197 Virgilio
1544 3142 1597 3179 ιγ
1618 3130 1672 3180 et
1694 3142 1747 3179 ιχ
1780 3126 2027 3197 XEneid.,

329 3202 387 3252 et
410 3196 562 3268 aliis,
607 3196 797 3267 colligi
834 3202 1040 3268 potest.

406 3267 570 3323 Mitra
604 3268 781 3340 igitur
825 3267 1186 3333 matronalis,
1238 3273 1301 3323 ut
1329 3267 1472 3321 alias
1514 3267 1701 3340 mitras
1734 3267 1948 3323 formas
1980 3273 2035 3324 ct

332 3338 782 3409 significationes
806 3340 1204 3407 posthabeam,
1227 3347 1347 3394 erat
1377 3338 1671 3409 quoddam
1704 3341 1913 3407 Capitis
1942 3356 2031 3395 or-

332 3417 671 3465 namentum
719 3412 1039 3479 muliebre;
1072 3410 1231 3466 325
1268 3412 1364 3465 sed
1396 3411 1607 3475 varias,
1651 3415 1707 3465 et
1746 3417 2036 3465 matrona-

324 3499 484 3547 rum,
509 3488 561 3537 et
583 3482 1173 3547 adolescentularum,
1194 3488 1294 3537 aut
1315 3482 1632 3551 virginum,
1653 3482 1858 3537 mitras
1881 3483 2032 3550 apud

323 3553 514 3608 varias
549 3555 815 3610 nationes
864 3555 1039 3609 fuisse
1079 3555 1303 3623 Opinor.
1356 3554 1523 3623 Apud
1565 3554 1820 3623 Phryges
1861 3555 2037 3608 mitra

326 3625 676 3680 sumebatur
725 3643 825 3695 pro
886 3625 1158 3680 muliebri
1210 3627 1277 3679 ad
1324 3630 1595 3679 ornatum
1646 3625 1852 3693 capitis
1900 3626 2037 3679 ado-

324 3695 787 3752 lescentularum
834 3713 1064 3762 corona,
1122 3714 1191 3751 ex
1238 3714 1355 3767 qua
1394 3696 1725 3767 pendebant
1768 3696 2035 3761 fasciolas,

327 3784 455 3838 quas
503 3768 697 3839 phylla
744 3769 1112 3834 dicebantur,
1166 3768 1321 3839 quod
1356 3768 1639 3839 foliorum
1690 3767 1773 3821 vel
1826 3768 2035 3823 florum

330 3838 517 3896 instar
547 3838 958 3911 dependerent.
1010 3840 1151 3894 Hinc
1186 3838 1389 3909 Virgil.
1424 3838 1523 3893 lib.
1557 3856 1614 3893 IX
1652 3839 1873 3893 Eneid.
1909 3840 1989 3894 ait
2021 3856 2033 3893 :

447 3954 511 4002 Et
541 3956 735 4004 tunicis
769 3955 1023 4013 manicas,
1057 3958 1110 4004 et
1144 3954 1347 4004 habent
1376 3954 1690 4003 redimicula
1720 3953 1911 4003 mitrae.

324 4055 405 4111 De
439 4054 615 4110 mitra
649 4055 916 4125 virginali
952 4073 1276 4113 sermonem
1310 4056 1484 4110 habet
1515 4055 1780 4125 Optatos,
1814 4055 2037 4124 episco-

324 4142 436 4199 pus
468 4126 853 4199 Milevitanus,
888 4128 988 4182 lib.
1026 4145 1076 4182 νι
1111 4130 1389 4183 adversus
1423 4128 1889 4199 Parinenianum.

398 4198 611 4252 Judith
649 4198 886 4254 Hebraaa
934 4199 993 4253 in
1040 4216 1203 4254 sacra
1251 4199 1484 4264 Script.,
1535 4197 1635 4252 lib.
1690 4200 1760 4253 de
1793 4197 2040 4252 Historia

324 4269 600 4341 lejusdem
636 4286 761 4337 cap.
794 4287 870 4337 ix,
914 4272 1148 4325 mitram
1183 4287 1286 4341 pro
1316 4276 1516 4325 ornatu
1550 4269 1754 4339 capitis
1786 4273 2041 4339 gestasse

344 4340 534 4412 egitur
568 4357 579 4392 ε
616 4356 793 4409 quam
828 4342 1052 4396 scilicet
1084 4340 1319 4397 mitram
1358 4342 1614 4412 Lyranus
1646 4346 1914 4395 cuculam
1947 4357 2043 4411 ap-

330 4408 506 4484 pellat
537 4411 915 4484 muliebrem;
947 4413 1054 4467 hoc
1086 4420 1191 4479 est,
1220 4420 1279 4468 ut
1309 4408 1414 4484 ego
1446 4413 1815 4482 interpretor,
1848 4408 2035 4465 calan-

2162 409 2407 477 ipsemet
2439 408 2711 477 Gregorio
2754 406 2983 477 Magno,
3020 408 3117 461 lib.
3154 424 3237 476 ιιι,
3270 411 3438 478 epist.
3471 410 3559 475 30,
3593 421 3709 466 erat
3751 428 3854 467 su-

2161 480 2449 534 dariolum
2482 479 2705 545 album,
2740 494 2836 534 seu
2870 479 3060 533 velum
3096 480 3334 545 lineum,
3368 479 3453 535 vel
3487 483 3761 547 sericum,
3789 500 3859 539 ex

2160 567 2274 621 quo
2319 553 2550 605 mitram
2602 550 2787 604 Silviae
2836 550 2908 605 ad
2955 557 3226 605 ornatum
3272 552 3481 621 capitis
3529 560 3855 611 contextam

2160 625 2362 689 fuisse,
2393 622 2703 677 dicendum
2735 628 2843 677 est.
2869 621 3016 687 Quid
3048 633 3238 677 autem
3266 640 3371 677 vox
3402 623 3520 689 illa,
3554 626 3852 690 uiolatam,

2158 695 2387 764 proprie
2418 695 2529 748 sibi
2560 694 2714 755 velit,
2747 694 3007 748 invenire
3057 712 3190 766 non,
3223 694 3414 765 potui;
3448 712 3693 766 eamque
3723 697 3856 752 bar-

2155 766 2353 820 baram
2388 781 2515 820 esse
2562 765 2753 830 credo,
2804 768 3145 836 usurpatam
3182 765 3287 821 hoc
3328 766 3451 820 loco
3491 765 3614 836 pro,
3646 769 3860 824 distin-

2154 846 2321 903 ctam,
2354 837 2463 901 vel,
2495 836 2829 902 nubz'latam,
2863 837 2914 890 id
2949 842 3037 890 est
3069 838 3238 892 nubis
3270 837 3455 892 instar
3485 838 3717 908 factam,
3748 857 3856 895 seu

2154 911 2349 978 potius
2380 926 2445 964 ex
2478 910 2715 962 raritate
2745 910 2863 963 sive
2897 909 3219 962 subtilitate
3251 910 3553 964 candentis
3584 926 3685 965 seu
3717 927 3859 967 can-

2153 981 2271 1035 didi
2309 980 2529 1035 linteoli
2576 984 2926 1035 contextam.
2977 978 3099 1045 Vel,
3133 980 3365 1047 niblala,
3408 987 3493 1035 est
3536 998 3643 1036 vox
3675 984 3746 1037 ob
3781 984 3857 1037 li-

2152 1051 2479 1107 brariorum
2529 1051 2931 1123 oscitationem
2991 1056 3260 1119 corrupta
3319 1068 3444 1122 pro,
3497 1053 3770 1123 nimbata,
3825 1071 3861 1109 a

2152 1124 2350 1179 nimbo
2388 1122 2543 1178 dicta
2591 1138 2603 1176 :
2654 1122 2889 1178 nimbus
2929 1123 3111 1196 enim_
3138 1123 3486 1196 non_solum
3529 1131 3617 1179 est
3658 1126 3861 1196 pluvia

2151 1196 2454 1266 repentina
2503 1198 2558 1248 et
2589 1210 2860 1265 praeceps,
2904 1196 3006 1248 sed
3041 1194 3214 1248 etiam
3252 1194 3486 1249 fasciola
3516 1194 3859 1253 transversa

2150 1282 2218 1320 ex
2247 1283 2387 1320 auro
2419 1271 2619 1320 assuta
2667 1266 2725 1319 in
2759 1266 2958 1331 linteo,
2993 1266 3144 1336 quod
3184 1270 3271 1320 est
3301 1266 3356 1319 in
3392 1268 3576 1322 fronte
3609 1268 3860 1322 femina-

2150 1355 2303 1403 rum,
2349 1344 2493 1410 teste
2525 1338 2740 1410 Isidoro
2774 1337 2873 1391 lib.
2919 1354 3012 1391 xrx
3050 1336 3559 1410 Etymologiarum,
3605 1356 3727 1410 cap.
3763 1341 3861 1407 31,

2149 1412 2221 1463 de
2252 1409 2458 1480 capitis
2485 1409 2829 1463 feminarum
2856 1407 3237 1463 ornamentis.
3265 1407 3376 1463 Hac
3400 1426 3554 1475 voce,
3579 1407 3858 1479 nimbata,

2149 1497 2290 1536 usus
2321 1486 2409 1537 est
2441 1482 2681 1536 Plautus
2715 1480 2772 1534 in
2815 1480 3072 1547 Poenulo,
3105 1480 3303 1535 dicens
3340 1496 3353 1535 :

2333 1598 2445 1655 Quo
2486 1597 2653 1655 magis
2683 1610 2799 1644 eam
2838 1597 3052 1660 aspicio,
3094 1599 3241 1646 tanto
3280 1597 3446 1660 magis
3481 1598 3719 1648 nimbata
3750 1602 3858 1660 est,

2421 1665 2472 1708 et
2501 1673 2657 1721 nugae
2692 1674 2838 1708 meas.

2212 1768 2437 1841 Lumen
2462 1766 2625 1841 item,
2671 1768 2822 1841 quod
2873 1768 3024 1841 circa
3052 1768 3390 1837 angelorum
3431 1770 3619 1839 capita
3650 1770 3852 1841 pingi-

2138 1843 2254 1908 tur,
2300 1844 2365 1893 ut
2406 1838 2623 1893 ibidem
2672 1840 2923 1893 Isidorus
2972 1840 3068 1905 ait,
3114 1841 3352 1895 nimbus
3401 1838 3663 1911 vocatur,
3709 1838 3858 1897 licet

2138 1912 2500 1983 nimbusgsit
2547 1911 2804 1965 densitas
2856 1911 3045 1966 nubis.
3098 1911 3220 1966 Dici
3265 1928 3400 1983 ergo
3452 1919 3641 1983 potest
3675 1913 3859 1968 mitra

2138 1981 2441 2037 candentis
2473 1983 2713 2037 brandei
2764 1985 2997 2037 raritate
3048 1981 3467 2048 nimbatafvel‘
3502 1986 3639 2054 quia
3673 1984 3859 2039 mitra

2140 2056 2337 2109 nimbo
2366 2058 2486 2108 erat
2517 2064 2736 2122 ornata,
2772 2054 2855 2108 vel
2890 2070 2959 2108 ex
3002 2055 3247 2109 candido
3280 2060 3336 2109 et
3367 2072 3490 2109 raro
3517 2056 3603 2109 vel
3639 2056 3854 2110 subtili

2137 2125 2422 2179 velamine
2463 2126 2723 2189 fasciola,
2772 2126 2891 2179 sive
2930 2126 3119 2179 instar
3148 2126 3411 2181 candidas
3447 2128 3617 2182 nubis
3652 2128 3849 2181 turbi-

2139 2202 2293 2251 nata.
2330 2196 2458 2251 Ilaac
2489 2199 2556 2250 ad
2600 2213 2867 2268 sensum,
2895 2212 2995 2264 per
3039 2198 3471 2267 conjecturam;
3506 2198 3643 2268 quid
3677 2200 3844 2253 enim

2136 2285 2242 2323 vox
2271 2268 2389 2335 illa,
2422 2268 2655 2335 niblata,
2704 2285 2827 2338 quae
2860 2267 2918 2322 in
2951 2268 3224 2323 omnibus
3258 2269 3394 2323 Mss.
3429 2267 3721 2324 Vaticanis
3757 2273 3849 2325 ita

2135 2340 2367 2411 legitur,
2404 2341 2632 2410 proprie
2679 2340 3015 2411 significet,
3044 2355 3136 2394 me
3183 2341 3423 2395 omnino
3456 2343 3723 2411 ignorare
3753 2342 3841 2394 fa-

2136 2410 2281 2477 tear,
2334 2412 2531 2466 multis
2576 2428 2642 2466 ac
2674 2413 2847 2464 variis
2882 2410 3242 2483 Dictionariis
3277 2428 3454 2483 penes
3484 2410 3574 2467 ine
3602 2418 3846 2467 exstan-

2138 2483 2316 2548 tibus,
2366 2499 2587 2537 necnon
2640 2482 3054 2555 recentioribus
3093 2487 3150 2537 et
3196 2482 3450 2555 antiquis
3498 2484 3843 2539 auctoribus

2137 2555 2447 2625 diligenter
2467 2554 2835 2625 conquisitis,
2857 2564 3118 2607 accurate
3142 2555 3529 2623 perlustratis.
3555 2554 3627 2609 Ut
3659 2561 3722 2609 ut
3746 2572 3840 2610 res

2137 2643 2265 2681 sese
2297 2626 2526 2692 habeat,
2562 2627 2789 2680 mitram
2824 2625 2981 2679 illam
3010 2626 3080 2679 ad
3113 2633 3387 2681 ornatum
3417 2628 3621 2695 capitis
3654 2644 3687 2681 a
3713 2644 3837 2681 ma-

2135 2698 2322 2753 tronis
2352 2698 2493 2752 olim
2517 2696 2730 2765 gestari
2758 2697 3010 2759 solitam,
3036 2713 3103 2751 ex
3134 2698 3425 2752 sudariolo
3448 2700 3702 2768 quodam
3736 2702 3841 2753 aut

2135 2769 2261 2825 velo
2292 2769 2639 2823 tenuissimo
2684 2773 3034 2831 contextam,
3078 2769 3197 2823 sive
3240 2771 3556 2834 fasci-itam,
3591 2771 3674 2825 vel
3708 2775 3846 2823 tur-

2139 2842 2395 2897 binatam
2430 2841 2611 2895 fuisse
2642 2839 2785 2893 mihi
2819 2842 3160 2909 persuadeo,
3192 2846 3249 2894 et
3279 2858 3379 2910 pro
3411 2850 3703 2911 comperto
3736 2842 3846 2895 ha—

2136 2914 2263 2980 beo,
2297 2912 2447 2966 sicut
2478 2912 2535 2965 in
2561 2911 2814 2981 antiquis
2845 2911 3172 2965 simulacris
3205 2911 3554 2967 feminarum
3591 2928 3845 2966 marmo-

2136 2986 2271 3048 reis,
2320 2999 2447 3053 quaa
2498 2983 2791 3053 Romaaet
2838 2982 2977 3036 alibi
3013 2982 3227 3050 passim
3261 2990 3601 3049 cernuntur,
3642 2984 3847 3038 videre

2137 3055 2290 3111 licet.
2318 3052 2462 3127 Huic
2483 3052 2753 3127 adsimile
2773 3054 3149 3127 videturesse
3172 3054 3339 3121 illud,
3368 3056 3522 3127 quod
3556 3055 3853 3127 reperitur

2139 3127 2198 3181 in
2224 3126 2371 3180 stola
2393 3125 2647 3197 quadam
2670 3124 3014 3180 sacerdotali
3031 3124 3400 3197 perantiqua,
3425 3142 3527 3181 acu
3562 3124 3857 3197 insignita

2145 3198 2229 3251 vel
2270 3195 2509 3260 variata,
2541 3204 2597 3251 et
2622 3198 2785 3264 quasi
2837 3195 3106 3265 penicillo
3158 3195 3325 3266 picta,
3378 3214 3503 3267 qua:
3552 3195 3750 3252 Rom—se
3782 3200 3846 3251 in

2142 3269 2407 3324 Sacrario
2457 3268 2757 3323 Pontificio
2806 3269 2875 3321 ad
2920 3268 3071 3322 hanc
3122 3285 3303 3337 usque
3346 3270 3497 3324 diem
3544 3273 3855 3323 asservata

2145 3340 2491 3396 custoditur.
2526 3342 2589 3393 In
2644 3340 2747 3393 hac
2791 3340 2947 3393 enim
3003 3339 3153 3394 stola
3202 3341 3599 3395 vetustissima
3628 3350 3681 3394 et
3714 3341 3857 3410 pul-

2145 3412 2435 3467 cherrima
2484 3412 2741 3481 quidem,
2793 3411 2944 3465 inter
2990 3410 3134 3465 alias
3166 3410 3451 3480 imagines
3483 3428 3681 3466 sacras
3713 3428 3849 3480 quas

2144 3482 2289 3538 inibi
2319 3482 2783 3551 conspiciuntur,
2806 3486 2995 3536 exstat
3028 3486 3202 3535 beatas
3237 3482 3424 3538 Maria:
3457 3500 3688 3552 semper
3720 3483 3852 3536 Vir-

2146 3556 2320 3627 ginis,
2356 3563 2408 3609 et
2439 3554 2537 3609 Dei
2578 3553 2773 3627 Matris
2807 3555 3221 3627 imago,__h_ujus
3252 3555 3478 3627 generis
3510 3557 3745 3608 mitram
3771 3554 3844 3608 ad

2145 3625 2414 3681 Ornatum
2462 3626 2666 3695 capitis
2716 3632 2966 3691 gestans.
3018 3625 3181 3679 Circa
3212 3642 3343 3679 vero
3375 3626 3499 3695 ejus
3526 3627 3850 3695 imaginem

2147 3699 2229 3752 hae
2260 3702 2405 3752 notae
2438 3696 2667 3765 Graecas,
2704 3702 2795 3747 MP
2851 3701 2931 3747 ΘΥ
2964 3695 3069 3750 hoc
3100 3700 3206 3751 est.
3243 3696 3439 3766 Μήτηρ
3474 3700 3627 3757 Θεοῦ.
3650 3698 3705 3752 id
3736 3699 3849 3765 est,

2148 3769 2330 3824 Mater
2396 3771 2515 3836 Dei,
2566 3786 2668 3823 acu
2720 3767 2989 3837 insignitae
3039 3767 3332 3838 leguntur.
3379 3774 3512 3834 Quae
3562 3785 3704 3823 sane
3758 3785 3856 3823 res

2148 3857 2416 3909 magnam
2451 3840 2616 3894 nobis
2644 3841 2713 3893 de
2738 3844 2910 3893 mitra
2932 3839 3048 3905 illa,
3077 3840 3146 3893 ad
3172 3847 3438 3895 ornatum
3474 3841 3683 3910 capitis
3717 3856 3854 3895 mu-

2148 3913 2383 3968 liebrem
2417 3911 2553 3966 olim
2588 3913 2839 3977 inventa,
2877 3912 3046 3964 fidem
3085 3911 3241 3965 facit.

2218 3984 2349 4039 Haec
2379 3983 2449 4038 de
2479 3984 2663 4039 sancti
2717 3982 2999 4052 Gregorii,
3046 3982 3314 4037 Gordiani
3347 4000 3410 4037 ac
3450 3984 3621 4037 beata?
3655 3981 3850 4037 Silviae

2148 4056 2503 4121 imaginibus
2550 4070 2562 4107 :
2616 4069 2768 4109 nunc
2818 4053 3106 4124 reliquum
3155 4059 3259 4118 est,
3312 4060 3394 4119 ut,
3450 4056 3631 4108 mitrae
3682 4062 3853 4123 parte

2148 4127 2333 4181 sancti
2377 4124 2656 4191 Silvestri,
2699 4130 2756 4179 et
2802 4124 3058 4196 antiquis
3108 4142 3475 4180 summorum
3511 4125 3857 4195 pontificum

2148 4197 2427 4254 sandaliis
2460 4197 2799 4267 perspectis,
2826 4198 2893 4250 ad
2929 4200 2947 4220 ’
2978 4196 3200 4251 scholia
3224 4198 3280 4251 in
3314 4197 3465 4251 beati
3496 4199 3758 4266 Gregorii
3789 4197 3858 4252 li-

2152 4271 2317 4324 brum
2344 4269 2851 4323 Sacramentorum
2881 4269 3110 4323 tandem
3134 4268 3446 4338 aliquando
3473 4270 3854 4327 accedamus.

2423 4373 2588 4431 326
2622 4376 2692 4429 De
2714 4378 2878 4429 mitra
2907 4377 3083 4429 sancti
3113 4374 3367 4430 Silvestri
3392 4390 3568 4447 papzc.

326 4460 525 4539 tricem,
544 4482 749 4555 capitis
769 4460 1030 4538 videlicet
1051 4460 1318 4539 ornatum
1341 4460 1716 4551 muliebrem;
1742 4460 2033 4539 nostrates
2066 4460 2107 4523 ί)
2214 4485 2389 4539 Milrte
2414 4485 2589 4539 sancti
2614 4484 2873 4539 Silvestri
2903 4501 3061 4555 papas
3084 4490 3329 4555 partem,
3352 4485 3470 4538 sive
3494 4483 3851 4539 anteriorem

326 4557 523 4605 autem
556 4553 787 4609 cutliam
826 4556 1141 4624 appellant.
1179 4556 1457 4610 Muliebre
1488 4563 1682 4609 autem
1718 4556 1923 4625 capitis
1946 4572 2033 4609 or-

330 4628 673 4695 namentum
700 4628 788 4690 (ut
822 4626 958 4695 dixi)
983 4627 1203 4680 varium
1239 4626 1361 4681 fuit.
1387 4631 1581 4681 Turcas
1605 4627 1794 4691 hodie,
1819 4632 1874 4681 et
1904 4626 2028 4680 aliae

328 4694 592 4749 nationes
623 4694 945 4751 Orientales
997 4698 1163 4766 pileis
1198 4699 1514 4754 turbinatis
1552 4714 1621 4753 ex
1661 4697 1837 4753 linteo
1878 4698 2031 4753 vela-

329 4767 508 4831 mine,
560 4767 647 4821 vel
694 4782 761 4820 ex
811 4768 924 4822 tela
969 4770 1150 4823 serica
1199 4770 1482 4825 contextis
1529 4776 1777 4825 utuntur
1819 4785 2029 4825 zeum-

327 4839 581 4908 demque
626 4838 741 4892 fere
791 4838 849 4893 in
903 4842 1141 4894 modum
1187 4842 1511 4896 Turcarum
1564 4842 1812 4907 feminae,
1861 4847 1923 4895 ut
1970 4841 2027 4895 in

328 4908 638 4982 Chronicis
673 4910 960 4982 Turcicis,
1010 4927 1071 4966 ιιι
1122 4918 1292 4981 part.,
1345 4928 1470 4982 cap.
1521 4914 1554 4965 3
1604 4918 1660 4967 et
1699 4914 1751 4978 4,
1796 4912 2026 4982 legitur,

333 4980 497 5054 pileis
528 4980 837 5037 turbinatis
882 4988 939 5038 et
982 4980 1329 5037 acuminatis
1370 4980 1544 5054 caput
1573 5000 1777 5038 ornare
1818 4980 2026 5037 solent.

322 5053 510 5123 Hujus
534 5054 763 5123 generis
792 5054 906 5109 fere
928 5060 1291 5120 ornamento,
1322 5053 1471 5125 pileo
1494 5054 1715 5110 scilicet
1737 5056 2029 5109 turbinato

323 5125 477 5197 quod
530 5125 703 5181 mitra
743 5126 1167 5197 appellabatur,
1211 5134 1485 5182 matronas
1554 5126 1688 5181 olim
1758 5127 2029 5182 Romanas

330 5196 665 5269 utebantur,
713 5201 776 5251 ut
812 5196 1007 5252 innuit
1034 5197 1212 5253 Varro
1245 5198 1391 5253 libro
1437 5208 1640 5269 quarto
1688 5198 1757 5252 de
1804 5199 2030 5267 Lingua

329 5264 552 5320 Latina.
585 5268 719 5330 Qum
751 5285 888 5325 sane
919 5286 1011 5325 res
1053 5264 1470 5337 comprobatur
1516 5284 1583 5323 ex
1636 5270 1849 5325 statuis
1882 5264 2029 5323 anti-

326 5351 572 5403 quarum
595 5344 991 5411 matronarum
1018 5342 1392 5408 marmoreis;
1415 5358 1542 5411 quae
1563 5342 1765 5395 multis
1785 5342 1841 5394 in
1865 5342 2027 5409 locis,

322 5412 379 5489 εδδ
412 5409 724 5489 Plfsertim
759 5409 972 5489 Romae,
999 5414 1067 5489 ad
1094 5415 1241 5469 hanc
1265 5409 1455 5489 usque
1478 5414 1628 5489 diem
1661 5412 2030 5489 conspiciun-

320 5480 441 5559 tur;
462 5478 647 5559 Hujus
673 5483 907 5559 generis
936 5484 1164 5539 mitram
1189 5478 1492 5559 candentis
1526 5485 1764 5559 brandei
1792 5478 2023 5539 raritate

322 5547 625 5625 niblntam,
676 5549 783 5605 hoc
830 5558 918 5625 est
956 5567 1021 5607 ex
1073 5557 1351 5611 candente
1394 5556 1646 5611 brandeo
1679 5560 2027 5625 contextam,

322 5619 509 5695 §ilvia
554 5626 815 5695 gestasse
872 5622 1085 5695 legitur
1141 5629 1293 5695 apud
1343 5626 1628 5682 Joannem
1688 5619 2027 5683 Diaconum.

323 5690 651 5759 Brandeum,
704 5694 769 5746 ut
814 5690 1110 5762 colligitur
1159 5690 1273 5752 non
1303 5696 1499 5753 solum
1539 5714 1606 5754 ex
1634 5697 1861 5755 Joanne
1889 5698 2024 5753 Dia-

2143 4557 2511 4611 medietatem
2547 4572 2654 4609 aere
2687 4557 2926 4611 incisam
2963 4557 3033 4610 ad
3068 4557 3453 4610 venerandam
3486 4555 3672 4609 mitrm
3706 4574 3854 4623 pon-

2143 4630 2331 4683 tificiae
2374 4628 2809 4698 antiquitatem,
2858 4632 3158 4682 occasione
3190 4643 3317 4682 sese
3349 4628 3544 4682 oblata
3574 4626 3855 4681 indican-

2141 4701 2272 4755 dam
2313 4701 2416 4753 hoc
2449 4699 2573 4754 loco
2604 4716 2890 4770 apponere
2912 4700 3102 4753 visum
3134 4705 3238 4761 est,
3264 4698 3491 4753 etiimsi
3526 4699 3678 4752 beati
3712 4703 3854 4755 Gre-

2141 4772 2287 4843 gorii
2317 4771 2633 4841 imaginem
2677 4771 2832 4825 nudo
2864 4771 3053 4843 capite
3082 4770 3457 4843 incidendam
3490 4770 3739 4843 curario)
3778 4770 3853 4824 ob

2142 4841 2344 4898 causas
2378 4843 2539 4897 initio
2562 4848 2879 4897 enarratas.
2906 4841 3062 4896 Hanc
3091 4858 3222 4895 vero
3247 4841 3426 4895 mitras
3453 4847 3671 4911 partem
3698 4841 3857 4895 inter

2141 4931 2338 4970 sacras
2370 4914 2646 4987 reliquias
2680 4914 2747 4968 ad
2786 4924 3047 4987 sanctum
3092 4913 3406 4987 Martinon
3455 4915 3510 4987 in
3548 4913 3853 4987 montibus

2142 4983 2519 5046 asservatam'.
2570 4986 2639 5040 ad
2686 4986 2971 5040 amussim
3008 5002 3121 5039 una
3154 5001 3284 5039 cum
3320 4983 3525 5039 litteris
3557 4988 3613 5055 et
3636 4984 3856 5055 imagi-

2142 5058 2315 5113 nibus
2350 5061 2763 5129 repraesentare
2799 5057 3037 5129 studui,
3068 5056 3182 5129 etsi?
3225 5071 3330 5109 acu
3382 5054 3525 5110 satis
3578 5054 3854 5129 imperite

2141 5130 2380 5201 pictam,
2411 5127 2583 5200 prout
2614 5128 2714 5201 illa
2735 5134 2876 5182 astas
2909 5128 3146 5201 ferebat,
3172 5128 3229 5180 in
3254 5144 3374 5201 qua
3398 5132 3514 5201 tam
3540 5127 3856 5201 sculpeudi

2142 5198 2315 5270 quam
2348 5198 2626 5270 pingendi
2658 5205 2810 5255 artes
2835 5199 3061 5269 jamdiu
3098 5198 3327 5253 mendis
3358 5203 3413 5252 et
3446 5198 3683 5268 ineptiis
3717 5214 3847 5270 scas

2143 5269 2327 5327 tentes
2352 5269 2763 5326 defloruerant.
2790 5272 3062 5335 Quamvis
3086 5271 3269 5325 mitrae
3295 5270 3594 5329 medietas,
3622 5286 3758 5340 quae
3782 5269 3855 5323 ad

2142 5347 2411 5397 sanctum
2446 5343 2757 5397 Martinum
2782 5343 2840 5396 in
2875 5341 3167 5412 montibus
3200 5348 3637 5412 asservatur,et
3665 5358 3847 5412 quan-

2143 5419 2266 5468 tum
2305 5416 2371 5469 ad
2410 5414 2768 5469 latitudinem
2808 5419 2865 5468 et
2904 5411 3272 5467 altitudinem
3308 5415 3492 5483 major
3523 5411 3619 5477 sit,
3659 5411 3856 5482 ipsam

2141 5491 2336 5541 tamen
2370 5487 2425 5541 in
2460 5501 2584 5542 eam
2620 5488 3001 5555 quantitatem
3046 5484 3415 5539 incidendam
3447 5483 3667 5549 curavi,
3700 5493 3762 5539 ut
3795 5485 3853 5538 in

2139 5560 2343 5614 eadem
2394 5558 2614 5628 paginas
2638 5554 2803 5611 facie
2836 5556 3011 5611 mitra
3047 5572 3180 5628 cum
3212 5554 3421 5628 calceis
3457 5556 3513 5609 in
3546 5571 3675 5628 eam
3709 5556 3855 5609 item

2142 5626 2496 5699 parvitatem
2518 5628 2836 5683 contractis
2878 5626 3483 5699 comprehenderetur.
3520 5626 3686 5680 Mitra
3718 5643 3855 5682 vero

2140 5698 2352 5757 coloris
2383 5700 2584 5757 viridis
2612 5699 2953 5767 holoserica,
2982 5716 3094 5755 non
3126 5698 3351 5768 villosa,
3377 5698 3709 5770 Phrygiaua
3740 5703 3847 5765 est,

398 5861 426 5891 ⁹
455 5860 643 5919 Hebes
674 5862 788 5919 ista
814 5860 1032 5919 scholia
1062 5865 1200 5920 tom.
1236 5863 1337 5931 III,
1371 5862 1481 5920 col.
1515 5864 1621 5919 599
1672 5865 1822 5935 (tom.
1855 5866 2106 5924 LXXVIII
2139 5866 2305 5942 hujus
2340 5866 2739 5938 Bibliotheca).
