4086 6166
427 180 541 239 483

1380 170 1480 230 DE
1521 168 1861 229 TABULIS
1908 165 2433 245 DONABIORUM
2480 166 2969 230 MARMOREIS.

3817 173 3927 234 481

1030 406 1173 494 DE
1253 402 1745 492 TABULIS
1827 397 2603 486 DONAttIORUM
2678 397 3345 487 MARMOREIS

946 563 1158 621 Romae
1190 577 1225 616 a
1255 556 1439 617 beato
1471 557 1769 631 Gregorio
1803 550 2030 629 Magno
2062 553 2289 611 sanctis
2320 550 2613 629 apostolis
2645 553 2829 611 Petro
2861 560 2921 611 et
2952 550 3149 612 Paulo
3178 552 3414 612 dicatis.

497 750 650 809 830
705 746 954 804 Tabulas
1011 743 1395 800 Donariorum
1480 755 1832 813 marmoreas
1898 740 2122 813 sanctis
2155 747 2203 809 Α
2238 738 2404 804 vavit,
2443 742 2523 813 uti
2552 738 2848 795 neminem
2907 738 2967 813 in
3009 737 3116 794 hoc
3146 756 3351 811 genere
3383 756 3578 813 parem
3623 742 3769 798 83]
3830 742 3941 797 ba-

427 823 709 905 apostolis
769 821 935 905 Petro
981 823 1049 898 .et
1108 811 2123 905 t‘laulo-a‘beatoggregoriiﬁagup

426 883 647 950 dicatas
693 907 794 962 pro
853 888 1270 962 luminaribus,
1298 886 1516 962 utipse
1548 885 1671 962 a_it,’
1697 883 2134 962 concinnandis,

424 978 477 1021 et
508 967 563 1020 in
628 955 848 1034 porticu
882 960 1065 1015 sancti
1126 960 1274 1013 Petri
1298 958 1533 1034 attian,
1568 955 1758 1034 hocin
1797 956 1921 1034 loco
1954 971 2133 1034 appo-

426 1027 645 1091 nendas
674 1034 897 1100 censui,
932 1038 993 1086 ut
1024 1046 1091 1085 ea
1122 1047 1247 1101 quae
1280 1030 1350 1083 de
1380 1027 1935 1101 vetustoscriben‘di
1961 1027 2132 1101 modo

424 1108 484 1161 in
518 1106 779 1171 scholiis,
839 1098 895 1159 et
963 1098 1287 1174 praesertim
1342 1101 1400 1154 in
1440 1098 1680 1174 scholia
1714 1098 2128 1174 illo5241,‘2li;2,

423 1178 541 1233 dixi
594 1170 785 1247 (Infra
850 1170 981 1230 tom:
1012 1175 1080 1229 IV
1117 1174 1172 1229 S.
1227 1170 1471 1240 Gregorii
1490 1170 1759 1247 pperum,
1806 1170 2131 1239 Patrologiaz

422 1265 548 1304 vero
597 1244 891 1317 LXXVIII),
953 1247 1418 1317 corroborentur.
1478 1244 1764 1317 Quoniam
1842 1257 1971 1317 vero
2030 1248 2130 1317 do-

425 1322 722 1377 nationem
773 1311 944 1372 aliam
1006 1318 1172 1373 beato
1234 1316 1409 1370 Paulo
1467 1315 1538 1369 ab
1598 1314 1800 1368 eodem
1862 1311 2131 1382 Gregorio

425 1398 626 1449 sancto
643 1407 745 1461 pro
763 1389 1155 1461 luminaribus
1174 1387 1310 1442 item
1335 1385 1750 1461 concinnandis
1780 1385 1970 1461 lapide
1994 1384 2129 1437 inci-

423 1480 551 1519 sam
583 1480 595 1530 ;
629 1457 686 1517 et
715 1462 771 1515 in
806 1460 1029 1531 porticu
1062 1461 1195 1514 olim
1232 1460 1415 1513 sancti
1448 1457 1703 1531 Pauliad
1750 1458 2024 1531 parietem
2048 1470 2132 1509 ec-

424 1527 613 1591 clesiis
645 1527 901 1599 afﬁxam,
926 1548 1079 1585 nunc
1102 1534 1295 1585 autem
1322 1529 1519 1599 paucis
1536 1528 1748 1586 abhinc
1771 1527 1975 1581 diebus
1999 1532 2131 1599 ante

425 1608 619 1676 majus
647 1604 825 1660 altare
878 1602 1219 1676 translatam
1275 1598 1452 1676 prope
1514 1600 1753 1655 alteram
1803 1614 1870 1653 ex
1903 1598 2129 1676 duabus

426 1670 738 1739 columnis,
772 1691 897 1746 quae
933 1670 1559 1746 primarium’t'ulciunt
1586 1670 2132 1746 arc_um,_a~dexter_a

422 1755 585 1818 parte
614 1739 975 1813 collocatam,
1009 1761 1230 1818 necnon
1264 1743 1323 1797 in
1369 1742 1651 1818 ejusdem
1679 1742 1826 1818 beati
1870 1739 2128 1818 Gregorii

423 1812 639 1891 Regist.
673 1812 1032 1891 lib.gxii,_ep.
1068 1816 1133 1870 19
1156 1812 1543 1891 conscriptam
1575 1812 1807 1891 inveni;
1840 1815 1908 1866 ad
1941 1812 2128 1891 ipsius

423 1882 616 1947 Sancti
648 1896 704 1944 et
733 1882 1118 1944 ChriStianam
1143 1892 1199 1942 et
1217 1882 1606 1956 Apost—olicam
1630 1883 1901 1955 pietatem
1932 1882 2127 1956 splen-

422 1964 555 2018 dide
612 1959 1141 2031 repraesentandam
1201 1955 1280 2031 ac’
1325 1962 1597 2031 perpetuo
1630 1955 2127 2031 ‘couservandam,

423 2035 530 2090 hoc
559 2026 733 2089 etiam
764 2032 890 2086 loco
919 2026 1366 2101 imprimendam
1398 2026 1670 2101 indicavi._
1702 2026 1915 2081 Rerum
1940 2040 2130 2101 _nam-

423 2122 537 2177 que
588 2111 889 2177 gestarum
948 2097 1351 2177 monumenta,
1385 2106 1451 2155 ut
1481 2100 1627 2154 ratio
1660 2099 1789 2177 ipsa
1812 2097 2036 2162 suadet,
2077 2104 2131 2152 et

426 2168 783 2248 experientia
813 2175 1000 2248 docet,
1037 2172 1292 2248 facilius
1317 2168 1416 2241 per
1436 2168 1925 2248 typograpbicam
1956 2184 2129 2248 quam

424 2240 527 2316 per
555 2246 932 2316 sculptoriam
957 2250 1144 2316 partem
1177 2243 1257 2316 ab
1280 2240 1525 2297 interitu
1547 2313 1557 2316 _
1580 2240 1855 2316 vindicari
1887 2246 2129 2316 queunt.

420 2311 656 2375 Tabulae
684 2311 890 2388 'pritno
954 2314 1077 2371 loco
1137 2314 1360 2388 positas,
1404 2318 1461 2368 et
1492 2313 1562 2388 a_d
1623 2311 1913 2388 porticum
1944 2312 2131 2388 sancti

424 2390 577 2447 Petri
616 2383 824 2456 affixas,
857 2388 1107 2443 duarum
1137 2383 1493 2441 Tabularum
1513 2386 1700 2439 frusta
1729 2383 2015 2456 vitientur,
2050 2383 2131 2456 _si-

423 2468 521 2518 cut
550 2461 787 2516 diversa;
810 2453 1084 2530 lapidum
1118 2457 1336 2525 formae,
1375 2472 1600 2513 necnon
1634 2453 1826 2511 mutili
1855 2454 2132 2509 Donario-

432 2550 559 2591 rum
592 2534 742 2587 tines
774 2548 889 2591 prae
920 2547 977 2585 sc
1006 2532 1219 2584 terunt.

498 2610 576 2660 De
601 2596 843 2658 Tabulis
872 2602 1252 2657 Donariorum
1280 2597 1619 2655 marmoreis
1651 2597 1708 2652 in
1734 2596 1958 2666 porticu
1993 2614 2132 2652 san-

426 2680 499 2732 cti
536 2676 686 2731 Petri
717 2675 785 2729 ad
846 2675 1117 2740 parietem
1176 2672 1432 2728 ecclesiae
1463 2670 1651 2725 attixis
1694 2668 1990 2740 Maphteus
2021 2669 2131 2723 Vc-

425 2750 556 2820 gius
588 2748 644 2801 in
701 2740 899 2820 libello
932 2746 1001 2799 de
1060 2744 1397 2820 praestantia
1453 2742 1732 2820 basilicas“
1758 2740 2126 2820 sanctinPetri

424 2810 688 2891 loquitur
726 2818 783 2872 in
815 2810 1304 2891 hanc_verburum
1365 2816 1675 2891 formamus
1699 2813 1895 2866 Beatus
1927 2810 2128 2891 Qregof

422 2884 543 2947 rius
571 2889 639 2943 ad
696 2888 1022 2943 instruenda
1086 2887 1463 2941 abundantius
1514 2884 1751 2939 basilicae
1781 2884 2131 2937 sanctiPetri

422 2962 746 3023 luminaria,
777 2959 955 3013 multa
1012 2958 1240 3027 praedia,
1273 2956 1558 3026 multaque
1595 2959 1902 3027 praesertim
1932 2954 2129 3027 oliveta

420 3034 509 3087 illi
584 3032 833 3090 donavit,
885 3024 1024 3083 sicut
1052 3024 1260 3083 constat
1314 3043 1383 3083 ex
1410 3024 1624 3096 publica
1672 3026 1989 3080 documento
2037 3024 2126 3078 in-

418 3102 621 3172 scripto
663 3100 869 3155 tabulis
900 3102 1223 3172 marmoreis
1251 3114 1416 3172 :rquw
1446 3114 1565 3151 cum
1612 3099 1790 3163 primo
1820 3101 2021 3172 septem
2052 3112 2127 3150 es-

420 3166 561 3240 sent,
584 3174 954 3229 duseluntum
984 3170 1161 3225 adhuc
1198 3166 1389 3239 afﬁxa:
1410 3178 1533 3222 sunt
1563 3184 1720 3240 muro
1751 3166 1887 3221 ante
1907 3166 2127 3240 ingres-

418 3237 832 3300 sum’basiticae.
877 3243 1005 3297 Haec
1035 3237 1326 3310 Mapbaaus
1385 3242 1597 3309 Vegius
1622 3238 1776 3295 dicto
1808 3240 1865 3292 in
1906 3237 2122 3309 libello,

420 3319 517 3387 qui
550 3317 607 3370 in
640 3313 993 3370 bibliotheca
1023 3313 1278 3367 basilica:
1310 3313 1491 3365 sancti
1526 3310 1674 3365 Petri
1706 3316 2051 3387 asservatur.

492 3390 607 3457 Ego
650 3388 871 3457 interea
924 3386 1495 3457 lectorem‘moneo,
1526 3398 1764 3457 omnem
1814 3383 1903 3457 vel
1944 3381 2122 3457 etiam

420 3452 646 3514 futiﬁam
674 3458 832 3513 hisce
862 3456 922 3510 in
952 3455 1169 3511 tabulis
1200 3454 1600 3510 describendis
1631 3459 1689 3507 et
1717 3452 2125 3523 imprimendis

417 3529 767 3585 industriam
830 3529 1010 3583 fuisse
1067 3526 1409 3592 adhibitam,
1472 3532 1535 3580 ut
1564 3528 1790 3579 vetusta
1833 3524 2128 3579 scribendi

420 3601 779 3658 consuetudo
826 3599 900 3655 ad
958 3598 1266 3661 amussim,
1319 3599 1429 3664 vel,
1483 3605 1543 3650 ut
1575 3596 1790 3650 rectius
1823 3596 2129 3661 dicam,ad

424 3674 733 3727 minimum
770 3687 952 3740 usque
976 3671 1193 3740 apicem
1220 3672 1754 3740 repraesentaretur,
1777 3668 1980 3740 spatiis
2008 3672 2130 3740 tan-

417 3750 543 3799 tum
578 3738 1305 3812 exceptis,_qua2‘quamvis
1331 3741 1393 3795 in
1424 3739 1907 3812 inscriptionibus
1940 3738 2131 3808 lapide

420 3816 621 3872 incisis
655 3810 805 3869 inter
837 3810 1103 3884 singulas
1160 3827 1422 3883 quasque
1469 3827 1638 3867 voces
1685 3810 2127 3884 desiderentur;

418 3904 487 3942 ea
518 3894 715 3941 tamen
750 3885 809 3940 in
871 3880 1034 3939 hisce
1084 3880 1389 3955 impressis
1440 3881 1788 3955 apponenda
1818 3880 2034 3955 curavi,
2071 3887 2132 3935 ut

415 3958 586 4013 lectio
620 3955 838 4012 facilior
894 3952 1197 4013 reddatur.
1259 3958 1321 4010 In
1357 3952 1656 4009 nonnullis
1691 3954 1827 4007 item
1885 3952 2130 4007 vocibus

416 4028 735 4087 contractis
761 4038 973 4099 puncta
1000 4044 1112 4082 non
1133 4031 1386 4099 exstant,
1412 4031 1468 4079 et
1499 4024 1826 4079 minuscula
1844 4022 2132 4079 elementa

418 4098 775 4170 majusculis’
790 4100 1049 4155 admixta
1078 4098 1374 4170 interdum
1406 4099 1746 4170 cernuntur.

488 4164 680 4229 Voces
713 4172 966 4241 denique
998 4169 1452 4241 obsoletasquai
1488 4167 1734 4241 priscam
1770 4164 1929 4241 illam
1963 4170 2128 4220 vete-

419 4260 549 4299 rum
578 4238 929 4313 scriptorum
951 4246 1173 4313 (etatem
1190 4240 1432 4313 sapiunt
1450 4238 1625 4313 etiam
1652 4238 2129 4313 proutjacentre-

416 4307 725 4384 liquimus,
759 4329 973 4384 easque
992 4307 1373 4383 lapicidarum
1400 4310 1627 4384 mendis
1645 4323 1838 4362 carere
1859 4307 2127 4362 lectorem

422 4381 709 4439 monitum
734 4381 912 4439 volo':
949 4381 1139 4438 littera
1169 4384 1325 4437 enim
1360 4398 1462 4454 pro
1498 4381 1683 4454 littera
1707 4395 2127 4454 nonnunquam

418 4473 451 4510 a
503 4456 797 4509 veteribus
847 4463 1121 4521 usurpata
1177 4452 1494 4517 invenitur,
1527 4458 1590 4506 ut
1648 4452 1969 4506 inmutilata
2025 4467 2129 4521 pro

417 4526 784 4590 immutilata,
809 4524 1135 4580 inmeritum
1192 4543 1290 4593 pro
1342 4525 1705 4589 immeritum,
1750 4522 1979 4593 inpendi
2030 4539 2129 4593 pro

422 4595 685 4668 impendi,
717 4605 793 4652 set
853 4613 952 4665 pro
983 4598 1099 4661 sed,
1148 4596 1427 4668 adquisita
1476 4611 1579 4668 pro
1636 4593 1927 4668 acquisita,
1975 4593 2127 4668 adsi-

417 4665 605 4738 gnatis
632 4684 733 4738 pro
791 4669 1113 4735 assignatis,
1173 4666 1320 4722 intro
1353 4684 1450 4735 pro
1482 4666 1631 4720 intra
1663 4666 1741 4735 (id
1788 4671 1896 4731 est,
1927 4665 2129 4719 adver-

418 4742 580 4795 bium
630 4738 753 4793 loco
812 4738 1282 4808 praepositionis),
1330 4753 1497 4808 super
1528 4753 1630 4807 pro
1660 4753 1823 4805 supra
1856 4738 1987 4805 (hoc
2019 4740 2127 4802 est,

417 4811 748 4884 praepositio
783 4826 884 4884 pro
917 4809 1233 4884 adverbio),
1264 4816 1381 4877 post
1432 4810 1539 4884 bac
1562 4825 1662 4877 pro
1692 4810 1921 4884 posthac
1944 4809 2126 4884 _(nar_n

416 4878 660 4955 posthac
692 4878 859 4955 quasi
888 4889 1007 4950 post
1024 4881 1137 4955 _hoc
1167 4885 1399 4955 tempus
1430 4879 1667 4955 dicitur,
1715 4880 1879 4955 cujus
1912 4878 2127 4955 signifi-

418 4950 724 5011 cationem
772 4953 943 5007 habet
987 4952 1325 5008 abverbium
1383 4950 1638 5018 posthac),
1681 4951 1886 5018 adﬁnes
1922 4952 2121 5018 (agro-

418 5029 573 5098 rum)
610 5043 707 5093 pro
738 5026 949 5098 afﬁnes
967 5031 1023 5077 et
1050 5024 1305 5098 conﬁnes,
1341 5021 1639 5098 adicientes
1668 5038 1767 5098 pro
1781 5022 2120 5098 adﬂuentes,

415 5093 673 5154 exsistere
725 5114 824 5167 pro
858 5096 1113 5157 existere,
1147 5093 1334 5167 hortus
1365 5093 1450 5167 (in
1483 5093 1791 5147 accusandi
1826 5094 1987 5167 casu)
2021 5110 2122 5162 pro

417 5169 609 5223 hortos
638 5164 1031 5224 detenebantur
1078 5183 1180 5237 pro
1223 5165 1627 5237 detinebantur,
1669 5164 1976 5237 consolatus
2022 5180 2122 5234 pro

417 5242 747 5293 consulatus.
784 5240 969 5308 Hujus
1027 5235 1256 5308 generis
1314 5235 1578 5305 exempla
1623 5236 1830 5308 majori
1861 5251 1929 5308 ex
1962 5240 2124 5308 parte

419 5310 478 5362 in
515 5306 926 5379 orthographia
974 5306 1207 5374 Aldina,
1238 5312 1295 5363 et
1342 5308 1403 5363 in
1441 5308 1571 5362 aliis
1619 5306 2121 5379 inscriptionibus,

421 5396 568 5450 quas
623 5377 735 5451 adi
760 5381 921 5435 milla
977 5381 1280 5451 sexaginta
1309 5386 1458 5435 eteo
1492 5378 1757 5451 amplius
1799 5377 2123 5451 descriptas

420 5449 600 5522 penes
633 5467 695 5505 se
726 5450 936 5505 habere
983 5449 1165 5506 Aldus
1191 5451 1385 5521 iunior
1414 5450 1706 5506 affirmare
1740 5449 1986 5513 solebat,
2018 5466 2124 5505 an-

420 5521 666 5593 tiquitus
700 5526 979 5593 usurpata
1008 5523 1300 5591 leguntur,
1363 5539 1489 5593 quae
1520 5522 1816 5577 brevitatis
1842 5522 2026 5587 gratia
2053 5522 2127 5575 si-

417 5592 597 5648 lentio
630 5592 1113 5663 praetermittenda
1135 5594 1333 5646 censui
1371 5592 1499 5647 {sat
1528 5596 1680 5648 enim
1708 5599 1794 5647 est
1814 5594 1922 5648 hac
1946 5593 2005 5646 in
2065 5608 2123 5648 re

416 5660 1068 5731 citasse'inscriptiones
1097 5666 1355 5717 veterum
1387 5663 1725 5719 Latinorum
1760 5666 1830 5718 ab
1865 5664 2009 5718 Aldo
2033 5664 2127 5718 de-

418 5736 685 5806 scriptas.
719 5733 844 5806 Ipse
873 5731 1027 5806 enim
1060 5732 1330 5787 abstrusa
1377 5734 1577 5806 omnia
1624 5734 2037 5806 antiquitatum
2062 5734 2122 5790 in

418 5801 617 5867 Latine
644 5801 953 5866 scribendo
983 5806 1361 5862 monumenta
1407 5804 1549 5862 adeo
1604 5801 1871 5864 accurate
1927 5808 2123 5868 obser-

2241 813 2453 867 buerit.
2480 812 2603 866 Non
2626 814 2839 867 desunt
2861 811 3040 866 etiam
3064 811 3401 883 scriptores,
3430 815 3529 883 qui
3557 813 3746 869 dictas
3778 830 3947 869 voces

2240 884 2393 957 apud
2425 884 2698 957 antiquos
2759 888 2817 939 in
2852 900 2957 957 usu
2993 886 3280 955 trequenti
3315 884 3497 940 fuisse
3528 886 3765 942 dicant:
3800 902 3950 957 quos

2242 955 2541 1010 brevitatis
2571 971 2749 1010 causa
2777 956 2999 1009 omitto.

2313 1027 2418 1081 Illa
2455 1028 2591 1080 item
2625 1027 2684 1081 B.
2721 1027 2977 1097 Gregorii
3008 1035 3145 1082 tetas
3188 1026 3379 1100 littera
3410 1028 3451 1082 B
3483 1044 3586 1098 pro
3620 1030 3661 1081 V
3691 1028 3808 1084 ειν
3842 1045 3947 1100 pro

2244 1098 2279 1152 Β
2311 1100 2388 1152 uti
2425 1115 2539 1152 non
2573 1115 2701 1153 raro
2733 1099 2979 1167 solebat,
3015 1106 3079 1153 ut
3118 1114 3295 1169 supra
3323 1098 3519 1154 videre
3548 1106 3634 1155 est
3666 1102 3723 1155 in
3751 1098 3956 1155 tab-uls.

2241 1171 2569 1243 exiduabus
2602 1170 2812 1243 prima,
2864 1171 2921 1224 in
2974 1187 3098 1243 qua,
3147 1170 3374 1243 legitur,
3416 1172 3591 1243 parba
3622 1188 3723 1243 pro
3746 1189 3949 1242 parva,

2240 1242 2503 1297 olibetum
2536 1258 2635 1311 pro
2695 1242 2973 1305 olivetum,
3004 1241 3211 1296 silbula
3258 1258 3359 1311 pro
3403 1241 3639 1310 sitvula,‘
3662 1241 3955 1298 octabiano

2242 1329 2343 1384 pro
2399 1315 2681 1368 octaviano
2711 1331 2731 1375 ;
2770 1313 3065 1369 debitorem
3100 1329 3199 1383 pro
3233 1314 3554 1380 debitorem,
3590 1319 3647 1370 et
3684 1315 3959 1371 uberibus

2242 1402 2344 1456 pro
2376 1385 2653 1439 uberibus.
2676 1384 2841 1439 Hunc
2873 1389 3171 1439 vetustum
3190 1385 3483 1440 scribendi
3504 1402 3674 1440 usum
3702 1387 3761 1440 in
3786 1386 3961 1441 scho-

2241 1458 2315 1511 lio
2347 1462 2547 1511 nostro
2578 1457 2683 1511 246
2712 1456 2838 1524 (Ubi
2854 1459 3043 1527 supra)
3066 1460 3208 1511 satis
3240 1456 3448 1511 ditt'use
3503 1456 3961 1527 explicavimus,

2242 1532 2306 1582 ut
2335 1528 2489 1582 idem
2513 1527 2818 1593 scholium,
2870 1527 2930 1581 in
2987 1544 3101 1597 quo
3177 1528 3460 1584 nonnulla
3505 1529 3652 1583 scitu
3703 1530 3962 1585 fortasse

2240 1600 2414 1669 digna
2444 1604 2809 1665 enarrantur,
2844 1598 2979 1654 huic
3011 1600 3185 1654 etiam
3220 1600 3424 1655 tabulae
3455 1601 3791 1655 deserviret.
3825 1600 3963 1655 Alia

2240 1672 2374 1743 item
2409 1670 2558 1725 haud
2618 1672 2854 1725 omnino
2912 1672 3334 1743 contemnenda
3378 1671 3448 1726 ad
3494 1671 3675 1741 hujus
3721 1676 3963 1743 generis

2239 1742 2533 1797 scribendi
2565 1742 3096 1812 pronuntiandique
3127 1758 3297 1797 usum
3328 1744 3651 1812 spectantia
3681 1742 3745 1798 in
3782 1746 3968 1799 Com-

2241 1814 2523 1869 mentario
2580 1824 2773 1868 nostro
2832 1812 3196 1870 bibliothecas
3270 1814 3549 1869 Vaticana:
3606 1830 3764 1872 anno
3816 1816 3962 1871 1591

2242 1886 2549 1953 impresso,
2583 1900 2714 1955 pag.
2753 1886 2853 1939 153
2881 1889 2937 1939 et
2966 1886 3069 1939 297
3109 1885 3439 1941 docuimus.

2315 1955 2612 2011 Lectorem
2672 1959 2809 2010 item
2863 1973 3095 2021 moneo,
3127 1957 3185 2011 in
3232 1957 3556 2013 olivetorum
3606 1958 3967 2015 recensione

2244 2028 2354 2099 legi
2388 2043 2612 2095 semper
2659 2026 2921 2081 olibetum
2968 2028 3027 2082 in
3062 2028 3373 2099 accusandi
3406 2044 3536 2084 casu
3571 2044 3672 2099 per
3744 2046 3965 2086 vocem

2240 2098 2349 2153 hoc
2383 2099 2554 2154 modo
2576 2102 2959 2170 contractam,
3016 2098 3186 2154 olibet
3216 2105 3272 2155 et
3302 2116 3432 2155 cum
3482 2098 3694 2170 puncto
3730 2107 3791 2156 et
3824 2103 3967 2157 sine

2243 2171 2388 2239 ipso,
2419 2170 2509 2225 vel
2542 2169 2764 2243 otibetu,
2800 2171 2973 2226 modo
3002 2172 3172 2225 etiam
3192 2188 3325 2226 cum
3350 2169 3590 2243 puncto,
3611 2174 3792 2229 modo
3826 2174 3974 2228 abs-

2240 2258 2350 2312 que
2382 2243 2526 2310 ipso.
2560 2242 2719 2305 Quod
2754 2247 2947 2297 autem
3009 2243 3320 2298 accusandi
3352 2242 3552 2298 icasus
3582 2244 3703 2298 sine
3750 2243 3973 2300 littera

2238 2330 2293 2367 m
2325 2313 2499 2368 fuerit
2522 2315 2579 2367 in
2615 2329 2724 2385 usu
2754 2314 2905 2383 apud
2931 2317 3149 2369 veteres
3206 2313 3441 2369 Latinos
3472 2314 3603 2369 illos
3634 2314 3736 2385 qui
3775 2322 3974 2371 etate

2239 2385 2388 2440 beati
2420 2384 2681 2456 Gregorii
2703 2386 3022 2451 exstabant,
3056 2385 3114 2439 id
3148 2385 3313 2441 nobis
3343 2384 3695 2456 persuadent
3744 2387 3964 2443 multa

2239 2456 2611 2528 antiquorum
2630 2455 3242 2528 inscriptioneslapide
3263 2455 3478 2525 ineisaa,
3498 2473 3748 2528 quarum
3772 2458 3968 2515 etiam

2239 2526 2521 2596 exempla,
2560 2528 2822 2581 brevitati
2854 2526 3162 2583 consulens
3192 2529 3415 2584 omitto.

2313 2599 2458 2654 Illud
2494 2600 2714 2653 interea
2745 2599 3148 2655 subticcndum
3183 2616 3296 2655 non
3319 2600 3561 2666 videtur,
3594 2616 3697 2654 cur
3725 2599 3976 2657 scilicet

2238 2670 2536 2737 olivetum,
2572 2671 2725 2743 quod
2758 2675 2872 2743 (est
2919 2672 3146 2743 generis
3178 2672 3465 2739 neutrius,
3498 2672 3558 2743 in
3589 2671 3694 2727 hac
3730 2671 3974 2728 inscri-

2239 2743 2432 2813 ptione
2464 2740 2771 2797 masculini
2803 2740 3032 2810 semper
3062 2743 3292 2813 generis
3322 2758 3448 2798 esse
3494 2742 3879 2799 inveniatur:
3911 2746 3975 2799 id

2237 2815 2396 2886 quod
2425 2814 2640 2868 factum
2684 2817 2823 2883 puto
2881 2830 2983 2884 per
3015 2815 3261 2885 ﬁguram
3294 2814 3638 2886 synthesim,
3688 2830 3831 2884 quin
3870 2816 3979 2871 di-

2236 2885 2820 2965 scordat”cum_v_oce,
2849 2891 2905 2939 et
2935 2901 3064 2965 cum
3099 2902 3213 2965 suo
3238 2885 3973 2965 concordat_signiﬁcatu,

2238 2961 2301 3010 ut
2332 2961 2419 3011 est
2462 2955 2606 3010 illud
2641 2955 2805 3027 Virg.
2859 2973 2957 3010 vm
2988 2957 3139 3023 1En.,
3173 2957 3453 3013 Prmneste
3490 2957 3587 3011 sub
3629 2955 3777 3026 ipsa,
3802 2963 3975 3015 teste

2235 3027 2378 3082 Aldo
2410 3027 2627 3082 seniori
2674 3026 3069 3083 et’Camerino
3099 3028 3197 3083 sub
3228 3030 3370 3098 ipsa,
3403 3030 3442 3085 i.
3483 3027 3718 3083 civitate
3754 3045 3769 3083 :
3815 3046 3977 3086 nam

2235 3102 2509 3171 Praeneste
2539 3098 2999 3171 etCamerinum
3058 3104 3197 3171 sunt
3230 3099 3459 3171 generis
3520 3101 3812 3155 neutrius.
3860 3103 3978 3158 Per

2237 3170 2385 3241 hanc
2415 3169 2548 3223 item
2597 3170 2869 3241 figuram,
2932 3169 3273 3241 synthesim,
3322 3171 3533 3226 dicitur
3566 3187 3579 3225 :
3613 3171 3837 3226 Lilium
3881 3179 3981 3229 est

2234 3240 2575 3313 albissimus
2591 3240 2829 3313 florum.
2852 3241 2888 3294 i.
2914 3240 3021 3297 flos
3042 3242 3379 3313 albissimus
3400 3241 3662 3297 omnium
3705 3242 3981 3313 ﬂorum;

2232 3312 2315 3388 ita
2348 3312 2516 3366 etiam
2548 3311 2846 3388 olivetum,
2875 3314 3029 3388 quod
3062 3318 3151 3388 est
3180 3311 3364 3380 locus,
3392 3313 3511 3369 sive
3542 3330 3696 3384 ager,
3731 3313 3796 3369 in
3849 3311 3983 3388 quo

2232 3383 2368 3438 oleas
2400 3385 2635 3438 consitas
2690 3390 2851 3451 sunt,
2904 3385 3197 3439 discordat
3227 3401 3362 3440 cum
3394 3401 3550 3451 voce,
3586 3383 3661 3439 iet
3700 3383 3983 3444 concor-

2159 3494 2201 3559 Ο
2238 3456 2337 3510 dat
2366 3470 2493 3510 cum
2526 3454 2873 3526 signiﬁcatu,
2906 3456 2955 3510 si
3014 3455 3299 3512 referatur
3354 3456 3427 3512 ad
3460 3456 3673 3523 locum,
3727 3456 3871 3515 sive
3901 3461 3979 3515 ad

2239 3544 2468 3583 agrum.

2317 3544 2468 3581 rum.

2275 3543 2378 3653 gIn
2412 3598 2669 3654 secunda
2700 3597 2922 3667 tabula,
2956 3614 3077 3668 qua
3118 3599 3267 3654 infra
3297 3599 3574 3665 cernitur,
3618 3598 3851 3670 legitur
3890 3602 3977 3657 is-

2239 3669 2361 3724 dem
2394 3670 2450 3724 in
2484 3676 2636 3724 recto
2672 3686 2767 3735 pro
2790 3669 2951 3725 idem.
2991 3671 3144 3725 Hanc
3175 3686 3372 3726 vocem
3425 3670 3618 3735 isdem,
3662 3669 3721 3724 in
3758 3674 3979 3728 nomi-

2241 3742 2432 3796 nativo
2490 3740 2773 3812 singulari
2804 3758 2906 3812 pro
2937 3741 3102 3807 idem,
3136 3758 3249 3797 non
3287 3742 3481 3797 solum
3514 3742 3853 3801 Eucherius
3891 3747 3990 3801 bis

2241 3813 2299 3886 in
2332 3829 2371 3867 ιι
2398 3813 2497 3867 lib.
2532 3812 2589 3886 in
2622 3812 2765 3867 Gen.
2798 3818 2853 3866 et
2880 3812 2971 3867 bis
3004 3814 3061 3867 in
3090 3813 3191 3868 lib.
3227 3814 3446 3886 Regum
3481 3816 3816 3886 usurpavit,
3861 3818 3985 3872 sed

2242 3885 2464 3939 Ennius
2496 3884 2673 3956 etiam
2696 3890 2899 3956 auctor
2930 3884 3405 3956 perantiquus‘in
3439 3885 3805 3941 nominativo
3852 3890 3989 3944 sin-

2242 3956 2453 4025 gulari,
2480 3955 2623 4009 etin
2667 3953 3196 4025 ablativo’plurali,
3234 3960 3299 4011 ut
3330 3956 3505 4011 refert
3526 3956 3724 4011 Cicero
3758 3957 3828 4013 in
3865 3959 3983 4016 lib.

2242 4028 2312 4080 de
2344 4028 2604 4092 Oratore,
2637 4042 2779 4080 usus
2807 4030 2897 4080 est
2927 4028 3128 4081 eadem
3192 4043 3343 4086 voce,
3379 4026 3546 4082 isdem
3578 4028 3785 4083 dicens
3831 4046 3849 4083 :
3893 4032 3988 4085 Is-

2240 4098 2361 4171 dem
2387 4113 2612 4167 campus
2640 4098 2802 4152 habet
2834 4099 3040 4169 (inquit
3070 4099 3305 4169 Ennius)
3334 4104 3386 4154 et
3413 4101 3472 4153 in
3501 4097 3722 4170 templis
3745 4100 3977 4171 isdem,

2238 4169 2507 4239 probavit,
2532 4174 2640 4223 etc.

2312 4240 2374 4294 1n
2403 4240 2637 4309 templis
2698 4239 2871 4295 isdem
2927 4256 3028 4311 pro
3060 4240 3278 4305 iisdem,
3329 4239 3476 4296 dixit
3522 4240 3768 4296 Ennius.
3808 4244 3987 4301 Hinc

2240 4310 2435 4367 Cicero
2467 4313 2671 4365 eodem
2705 4311 2762 4366 in
2794 4310 3035 4367 loco'ait
3064 4312 3233 4367 isdem
3264 4311 3375 4367 dici
3407 4316 3463 4367 et
3489 4312 3551 4367 in
3584 4312 3988 4373 nominativo

2241 4382 2544 4459 singulari,
2578 4387 2636 4437 et
2651 4382 3010 4459 _in_abl_ativo
3035 4383 3265 4454 plurali,
3292 4388 3681 4459 etutrumgue
3711 4401 3993 4459 usurpa-

2239 4459 2366 4508 tum
2402 4453 2583 4509 fuisse
2614 4455 2684 4508 ab
2717 4455 2900 4510 Ennio
2936 4471 2948 4509 :
2981 4453 3117 4509 nam
3151 4472 3253 4509 vox
3283 4455 3761 4511 isdemderivatur
3784 4453 3990 4525 ab'is,

2240 4524 2440 4603 e_a,Aid,
2473 4530 2529 4580 et
2577 4526 2843 4603 demum,
2885 4531 3119 4603 auctore
3170 4526 3469 4603 Prisciano
3527 4526 3627 4582 lib.
3678 4543 3785 4592 xit,
3830 4524 3989 4603 cap.

2241 4597 2308 4652 de
2333 4596 2540 4667 ﬁgura.
2576 4596 2745 4661 Hinc,
2778 4598 2824 4652 si
2860 4614 2974 4651 non
3037 4598 3228 4663 isdem,
3260 4599 3361 4653 sed
3389 4597 3546 4665 idem,
3579 4613 3842 4669 campus
3886 4596 3992 4659 lé-

2240 4676 2487 4744 geretur,
2524 4674 2589 4722 ut
2619 4685 2773 4744 nunc
2799 4669 3052 4744 profecto
3107 4668 3336 4744 legitur,
3369 4671 3480 4744 sed
3517 4668 3797 4741 corrupte
3833 4676 3996 4744 qui-

2240 4739 2370 4793 dem
2403 4739 2697 4795 Ciceronis
2729 4740 2799 4794 de
2854 4740 2962 4795 hac
3017 4739 3523 4811 voce'disputatio
3578 4739 3731 4796 vana
3776 4739 3997 4802 esset.

2242 4811 2461 4886 Ennius
2493 4812 2646 4886 enim
2668 4813 2933 4886 quamvis
2954 4812 3008 4865 in
3028 4812 3383 4886 nominativo
3417 4811 3990 4886 singularidixerit,

2236 4882 2426 4945 isdem,
2462 4898 2576 4935 non
2628 4883 2771 4937 idem
2817 4898 3062 4953 campus,
3094 4884 3155 4938 in
3210 4883 3457 4938 ablativo
3516 4883 3727 4954 plurali
3772 4882 3989 4944 etiam

2236 4954 2381 5007 dixit
2408 4955 2466 5007 in
2497 4955 2717 5016 templis
2764 4956 2966 5022 ist/em,
3001 4971 3100 5023 pro
3160 4954 3355 5009 iisdem
3388 4959 3445 5009 et
3477 4955 3560 5009 uti
3598 4956 3819 5011 maluit
3879 4976 3996 5015 ea-

2232 5025 2363 5079 dem
2397 5040 2531 5079 voce
2588 5024 2647 5079 in
2706 5026 2963 5080 secundo
3010 5027 3155 5093 loco,
3208 5026 3456 5081 alterum
3490 5028 3534 5092 i,
3565 5025 3875 5094 abjiciens
3915 5038 3995 5087 ut

2234 5097 2455 5168 malum
2490 5112 2701 5150 sonum
2732 5097 2960 5161 vitaret,
2992 5112 3161 5166 quam
3195 5113 3297 5168 pro
3340 5097 3567 5164 iisdem,
3598 5112 3807 5153 vocem
3862 5106 3997 5157 eis-

2232 5167 2356 5247 dem
2398 5177 2726 5248 usurparet,
2788 5184 2914 5249 quae
2951 5183 3099 5249 sape
3141 5167 3252 5249 vox
3274 5167 3510 5249 _(utuait
3538 5169 3785 5249 _Cicero)
3833 5181 3997 5249 erat

2233 5237 2503 5307 Opimior,
2538 5237 2710 5308 quam
2746 5237 2969 5294 scilicet
3023 5240 3240 5310 ferebat
3272 5237 3438 5294 Ennii
3485 5245 3645 5306 etas,
3694 5237 3834 5310 qum
3878 5246 3994 5299 ni-

2235 5310 2450 5383 mirum
2483 5316 2823 5383 vetustatem
2858 5309 3135 5383 sapiebat.
3160 5311 3331 5365 Isdem
3354 5309 3730 5383 itaquervoce’,
3759 5314 3989 5383 primo

2232 5380 2401 5507 Enlnii
2434 5379 2559 5436 loco
2592 5398 2694 5454 pro
2726 5382 2889 5449 idem,
2923 5381 3195 5452 reposita,
3227 5379 3521 5439 Ciceronis
3558 5382 3726 5439 locus
3747 5379 3990 5443 emen—

2275 5468 2307 5507 a
2336 5468 2423 5506 ur.

2275 5460 2423 5507 alur.

2303 5525 2418 5578 Duo
2448 5523 2623 5579 etiam
2683 5540 2783 5594 pro
2814 5522 2966 5589 duos,
3004 5529 3065 5579 ut
3117 5525 3299 5582 hortos
3344 5526 3453 5580 duo
3506 5528 3727 5595 positos.
3762 5530 3995 5593 Quem

2232 5594 2422 5673 locum
2456 5596 2512 5649 in
2537 5595 2790 5673 secunda
2813 5595 3009 5673 tabula
3028 5599 3365 5673 mendosum
3384 5594 3515 5673 esse
3540 5597 3963 5673 credidissem
3978 5650 3999 5673 ν

2233 5666 2349 5745 nisi
2383 5665 2572 5745 locum
2600 5666 2849 5745 Charisii
2874 5667 3141 5745 legissem
3172 5668 3505 5745 scribentis,
3528 5666 3633 5745 duo
3653 5685 3760 5745 pro
3790 5665 3997 5745 duas,

2234 5742 2289 5793 et
2317 5738 2474 5810 ambo
2533 5755 2631 5808 pro
2663 5738 2847 5793 ambos
2897 5739 3065 5808 juxta
3091 5739 3473 5810 analogiam,
3506 5743 3563 5795 et
3591 5738 4000 5802 declinatio;

2234 5824 2368 5869 nem
2401 5808 2657 5869 Grecam
2691 5813 2841 5869 recte
2872 5810 3006 5869 dici.
3040 5808 3133 5869 Ait
3163 5808 3321 5870 enini
3358 5810 3656 5871 Charisius
3695 5812 3864 5872 libro
3910 5834 3937 5875 ι
3972 5835 3997 5879 :
