4086 6166
84 4408 87 4477 ᾗ
178 4408 222 4464 in
248 4427 393 4478 voce,
428 4413 565 4479 Duo,
594 4417 680 4467 est
717 4408 1031 4479 brevisfet
1089 4416 1146 4469 in

76 4494 89 4677 l

152 160 280 220 485

1129 156 1228 217 DE
1272 156 1609 218 TABULIS
1650 156 2175 219 DONARIORUM
2224 154 2721 218 MARMOREIS.

3570 178 3684 239 486

155 299 463 379 Nonnulli,
499 300 720 381 Graecos
753 295 1301 381 secuti_882‘qu.ia
1350 295 1640 381 ἰιιὶητοὺς.
1681 292 1776 349 δύο
1818 300 1875 352 et
1904 303 1955 369 Α
1989 294 2167 349 fundo
2211 293 2333 381 sive
2360 292 2520 381 villa,
2566 310 2741 365 quam
2774 293 2942 378 vulgo
2972 298 3189 381 dicunt
3224 308 3680 381 possessionem,

153 372 289 446 τοὺς
338 369 487 446 ipso
520 371 745 446 dicunt,
780 369 1054 446 ho_s_t_t_uo,
1114 373 1174 446 et
1228 368 1323 446 tios
1371 369 1528 424 ambo
1587 369 1867 425 dixerunt.

158 445 328 499 Ambo
360 439 463 515 pro
493 444 679 498 ambos
716 442 868 513 apud
901 439 1061 512 Virg.
1094 440 1201 496 ecl.
1224 442 1294 494 6:

478 564 600 598 nam
633 563 772 613 saepe
797 562 955 599 senex
984 563 1077 612 spe
1113 549 1362 597 carminis
1392 548 1546 598 ambo

414 616 643 663 Luserat

159 695 246 749 Ita
273 694 596 766 legendum
650 710 718 748 ex
766 692 1048 760 Charisio,
1091 709 1334 766 necnon
1382 709 1463 766 ex
1517 694 1714 749 codice
1772 696 1875 749 Ms.

157 765 564 821 vetustissimo
597 770 653 819 et
681 766 1009 835 insigniori,
1054 765 1490 820 characteribus
1534 767 1877 835 majusculis

159 839 521 906 conscripto,
554 837 651 906 qui
710 837 767 891 in
825 836 1174 892 bibliotheca
1220 837 1493 892 Vaticana
1524 847 1874 894 asservatur.

162 912 320 965 Idem
356 909 630 979 Virgilius
655 910 711 962 in
747 909 846 963 lib.
882 926 935 963 ιν
955 908 1395 980 Georgicorum:

372 1017 573 1066 Verum
600 1014 689 1063 ubi
722 1014 970 1065 doctores
999 1017 1108 1065 acie
1140 1018 1475 1065 revocaveris
1499 1017 1657 1066 ambo

159 1106 235 1156 tta
263 1097 499 1167 Virgilii
534 1098 694 1151 locus
725 1111 793 1149 ex
823 1097 1079 1152 Ch'tI‘lSlO
1124 1098 1544 1153 emendandus.
1581 1101 1641 1153 In
1677 1098 1876 1153 codice

159 1170 445 1223 Vaticano
504 1168 725 1238 insigni
759 1184 962 1223 versus
995 1170 1087 1223 hic
1112 1186 1224 1224 non
1259 1176 1469 1236 exstat,
1494 1170 1627 1240 quia
1686 1170 1743 1223 in
1770 1169 1877 1225 hoc

159 1241 255 1295 lib.
280 1258 338 1295 1v
368 1243 575 1313 Georg.
608 1240 829 1309 aliquot
864 1240 1081 1313 paginae
1122 1243 1551 1298 desiderantur.
1599 1242 1876 1297 Afranius

160 1314 221 1368 In
259 1312 567 1368 Pantaleo:

529 1420 763 1471 Rcvocas
794 1433 892 1469 nos
928 1421 1085 1470 ambo
1110 1421 1175 1469 ad
1209 1420 1470 1482 prtelium.

158 1502 314 1556 Idem
344 1501 621 1572 Virgilius
656 1502 711 1555 iu
740 1500 841 1556 lib.
877 1518 953 1555 x11
984 1503 1280 1557 zEneidos:

218 1574 373 1621 Hunc
395 1588 735 1635 congressus,
756 1579 809 1622 et
832 1574 1001 1625 hunc:
1036 1574 1183 1623 illum
1204 1574 1432 1631 eminus,
1458 1576 1671 1624 eminus
1701 1577 1875 1626 ambo.

162 1637 571 1710 Itaiegiturin
613 1636 811 1691 codice
841 1653 966 1710 ms.
1018 1638 1417 1710 vetustissimo
1460 1645 1516 1692 et
1572 1640 1875 1710 insigniori

159 1706 462 1762 Vaticano.
497 1708 805 1762 Terentius
837 1708 894 1761 in
927 1708 1146 1763 Andria
1188 1718 1298 1764 aet.
1366 1726 1429 1775 ιι,
1462 1726 1540 1763 sc.
1573 1712 1635 1765 2:
1692 1706 1878 1767 ‘Ambo

157 1786 463 1851 opportune
496 1796 587 1833 vos
619 1780 754 1834 volo.
800 1783 881 1833 Ita
938 1780 1248 1851 legendum
1308 1797 1376 1835 ex
1428 1780 1711 1849 Cbarisio;
1778 1782 1875 1837 alii

158 1853 311 1905 enim
345 1850 581 1921 legunt:
607 1852 771 1905 Ambo
800 1850 1131 1921 Opportune:
1164 1869 1251 1906 vos
1275 1853 1411 1906 volo.

226 1924 339 1976 Duo
377 1940 477 1993 pro
509 1924 657 1977 duos
699 1929 850 1977 recte
909 1925 1133 1989 scribit,
1195 1924 1276 1978 ait
1318 1923 1616 1981 Charisius
1666 1924 1768 1981 lib.
1835 1944 1872 1994 1,

153 1995 347 2049 Attius
370 1998 429 2049 in
467 1994 983 2065 Epinausimachc:

444 2101 643 2150 Martes
669 2102 828 2150 armis
858 2101 961 2150 duo
986 2116 1299 2166 congressos
1330 2105 1590 2155 crederes.

154 2180 590 2310 ltqlegendgm
642 2199 709 2238 ex
760 2183 1047 2240 Charisio.
1102 2187 1399 2242 Terentius
1460 2189 1519 2242 in
1572 2187 1872 2259 Adelphis,

154 2270 213 2308 ac
247 2296 258 2309 .
291 2272 350 2310 γ.
384 2272 468 2310 sc.
547 2273 559 2310 :

151 2270 258 2310 aet.
291 2272 350 2323 γ,
384 2272 468 2310 sc.
495 2270 559 2310 .5:

420 2363 500 2411 Tu
538 2362 664 2411 illos
696 2362 803 2412 duo
842 2378 937 2426 pro
968 2377 1024 2414 re
1057 2365 1184 2414 olim
1217 2365 1435 2415 tollebas
1470 2370 1578 2416 tua.

289 2443 588 2513 Helenius,
620 2446 806 2519 Acron
850 2445 975 2509 duo,
1004 2462 1102 2519 pro
1133 2446 1297 2501 duos.
1334 2451 1419 2503 Ita
1447 2448 1661 2519 legitur
1688 2448 1745 2503 in
1770 2467 1871 2505 co-

151 2515 278 2588 dice
303 2532 414 2569 ms.
449 2516 1235 2588 vetustissimoetinsigniori
1270 2515 1567 2575 Vaticano.
1602 2520 1677 2574 Ita
1694 2520 1867 2577 etiam

144 2585 361 2657 legitur
384 2588 445 2640 in
479 2588 745 2642 Terentio
771 2605 800 2641 a
830 2585 1093 2644 Gabriele
1144 2590 1399 2656 Faerno;
1432 2596 1487 2645 et
1534 2592 1611 2645 ita
1651 2593 1866 2648 Teren-

144 2658 210 2711 tii
245 2659 408 2713 locus
468 2675 537 2712 ex
595 2660 855 2715 Charisio
900 2666 989 2715 est
1050 2662 1467 2717 emendandus.
1547 2662 1739 2718 Cicero
1808 2664 1865 2718 in

144 2728 388 2785 Verrem
454 2729 532 2784 lib
577 2748 614 2796 1,
671 2736 781 2784 act.
834 2735 894 2787 2:
956 2733 1159 2787 [lorum
1217 2735 1382 2788 Pater
1436 2734 1636 2789 abhinc
1690 2734 1795 2789 duo
1819 2741 1867 2791 et

147 2802 556 2877 uigintiannos
585 2804 1086 2877 estimortuusuSic
1124 2804 1438 2874 legebatur,
1490 2810 1546 2859 et
1616 2806 1695 2860 ita
1756 2806 1865 2877 legi

143 2872 332 2928 debet.
368 2874 526 2927 Idem
559 2875 628 2927 ad
660 2876 914 2928 Atticum
973 2874 1155 2935 lib.tv,
1182 2872 1378 2945 —epist.
1445 2876 1681 2931 ultima:
1750 2872 1864 2933 Duo

144 2946 607 3017 consulares,qui
653 2951 703 2999 te
737 2946 995 3001 dicerent.
1064 2948 1155 3001 Sic
1208 2948 1541 3017 legendum.
1574 2950 1729 3004 Idem
1790 2952 1861 3005 ad

147 3014 209 3076 Ο.
242 3016 343 3091 Fr:
366 3016 468 3091 lib.
501 3014 542 3091 ί,
577 3034 665 3086 ep.
699 3018 913 3091 2]ᾼοαο
944 3017 1139 3087 Mysos.
1170 3014 1617 3091 Italegendum,
1664 3026 1719 3075 et
1774 3022 1856 3077 ita

1987 370 2323 437 usurpatur.
2360 367 2557 440 AUnde
2611 372 2910 423 massarius
2968 371 3120 427 833
3170 367 3261 429 cui
3304 381 3481 436 totius
3540 367 3686 440 villae

1988 436 2473 522 c'ura’commiussa
2492 442 2553 518 et
2583 446 2974 522 nuncupatur,
3010 452 3070 498 ut
3121 445 3309 522 placet
3332 436 3688 522 Huguitioiii.

1989 509 2546 593 Hlncnnonnullisin
2580 509 2719 565 locis
2777 514 2998 593 rustica
3040 509 3368 593 possessio,
3403 509 3503 593 puro
3563 509 3696 583 ulla

1988 583 2109 637 sive
2142 582 2319 636 fundo
2344 586 2598 651 sumpta,
2629 587 2895 638 messoria
2930 582 3164 642 vocitari
3196 582 3359 648 solet;

2060 658 2192 709 Haec
2221 655 2289 708 de
2320 654 2768 723 glossematibus
2799 657 2917 711 sive
2950 660 3189 715 vocibus
3226 672 3483 721 veterum
3547 669 3695 724 Lati-

1988 741 2197 780 norum
2231 724 2513 779 abstrusis
2547 726 2603 779 in
2639 732 2885 796 utraque
2918 729 3299 789 Donariorum
3334 739 3532 795 tabula
3555 757 3686 796 con-

1987 798 2255 877 scriptis:
2290 798 2361 852 de
2391 798 2605 877 quibus
2647 798 2916 853 lectorem
2969 804 3255 877 monitum
3311 808 3485 877 volui,
3520 822 3581 866 ut
3623 829 3694 868 ne

1989 870 2122 945 quis
2154 884 2323 923 voces
2366 868 2655 945 obsoletos
2718 885 2819 939 per
2864 876 3357 945 typographorum
3409 868 3692 939 incuriam

1989 940 2335 1017 impressam
2363 939 2536 993 fuisse
2558 940 2850 1017 opinetur,
2893 939 3089 1017 necve
3109 939 3125 945 ’
3147 948 3278 1017 quis
3301 967 3502 1009 omnes
3562 954 3695 1013 illas

1988 1011 2371 1082 lapicidarum
2408 1012 2613 1066 menda
2631 1028 2756 1066 esse
2780 1014 3123 1083 suspicetur.

2058 1084 2136 1137 Ea
2167 1083 2550 1155 Donariorurn
2578 1083 2774 1138 tabula
2797 1102 2921 1155 quae
2952 1103 3109 1144 nunc
3135 1090 3206 1144 ad
3240 1090 3536 1151 basilicam
3567 1114 3699 1152 sau-

1988 1154 2063 1208 cti
2096 1154 2258 1231 Pauli
2280 1160 2487 1220 exstat,
2511 1154 2721 1231 legitur
2746 1154 2919 1231 etiam
2951 1160 3007 1213 in
3061 1160 3325 1231 Registro
3372 1166 3519 1221 beati
3556 1170 3692 1223 Gre-

1987 1225 2266 1309 gorii‘lib.
2299 1244 2397 1309 an,
2436 1226 2604 1309 epist.
2636 1228 2725 1309 1?;
2752 1230 2849 1309 sed
2886 1230 2942 1283 in
2966 1225 3207 1309 epistola
3248 1251 3374 1305 quae
3418 1237 3695 1309 rRegistro

1986 1300 2204 1353 inserta
2235 1304 2321 1353 est
2345 1298 2626 1353 nonnulla
2655 1298 3086 1355 desiderantitr:
3116 1298 3329 1361 namin
3350 1298 3694 1367 salutatione

1987 1369 2284 1438 epistulari
2315 1372 2517 1444 desunt
2554 1369 2669 1424 hinc
2702 1372 2895 1437 verba,
2932 1375 3134 1444 quzein
3160 1376 3357 1433 tabula
3374 1395 3696 1437 marmorea

1987 1445 2241 1496 exstant:
2311 1443 2600 1508 En’scorius
2644 1457 2829 1496 servus
2875 1443 3157 1500 servorum
3207 1449 3321 1503 Dei.
3382 1453 3463 1506 Ad
3524 1454 3697 1510 tinem

1988 1528 2121 1566 vero
2154 1459 2412 1566 epistolis
2446 1514 2621 1566 verba
2650 1512 2800 1566 hiBCZ
2834 1516 2977 1566 Bene
3022 1520 3161 1566 vate-
3228 1521 3343 1566 Dat-
3400 1523 3499 1566 m'ii
3593 1527 3697 1566 κη-

1988 1528 2121 1593 vero
2154 1512 2412 1593 epistolis
2442 1514 2621 1593 verba
2650 1512 2808 1593 haec:
2834 1516 2977 1593 Deae
3022 1520 3161 1593 vale.
3186 1521 3344 1593 iDat.
3400 1523 3518 1593 viii.
3587 1527 3697 1580 Ka-

1990 1583 2130 1637 lend.
2174 1584 2533 1666 Februarias,
2582 1586 2718 1666 Imp:
2764 1586 3003 1666 Domino
3060 1590 3123 1642 Ν.
3175 1592 3346 1646 Fhoca
3402 1583 3515 1649 PP.
3558 1598 3693 1666 Aug.

1910 1682 1957 1747 Β
1990 1672 2134 1747 auito
2164 1658 2417 1747 se'cundo,
2444 1658 2837 1747 et‘cousulatus
2869 1659 2990 1727 ejus
3018 1676 3162 1715 anno
3190 1666 3389 1732 primo,
3436 1668 3560 1721 ind.
3612 1658 3697 1722 si:-

1987 1732 2187 1797 pttma.
2214 1727 2343 1781 Haec
2368 1729 2424 1781 in
2450 1728 2646 1781 tabula
2678 1743 3010 1784 marmorea.

2062 1798 2366 1875 Nonnullae
2392 1800 2529 1875 item
2562 1814 2748 1875 voces,
2784 1804 2865 1863 ut,
2900 1803 2958 1875 in
2987 1806 3125 1869 foro,
3180 1820 3281 1873 pro
3327 1822 3441 1875 quo
3500 1808 3559 1863 in
3610 1812 3694 1864 ta-

1986 1869 2124 1951 bula
2171 1870 2377 1951 legitur
2410 1870 2668 1951 bifurcos
2693 1871 2854 1926 horas
2880 1871 3029 1951 duos,
3066 1869 3195 1943 pro-
3225 1869 3402 1932 hortos
3448 1879 3553 1933 duo
3591 1897 3695 1951 po-

1984 1943 2117 1996 sitos
2139 1960 2160 2006 ;
2190 1943 2243 1996 id
2273 1948 2371 2007 est,
2408 1958 2528 2016 pro
2550 1942 2793 2016 ibidem;
2838 1942 3102 2000 similiter
3139 1958 3292 2016 parte
3338 1942 3600 2005 sinistra'
3628 1952 3698 2007 ad

1983 2017 2215 2093 portam,
2250 2030 2350 2093 pro
2376 2014 2640 2093 similiter
2670 2030 2703 2066 (ι
2749 2025 2925 2093 porta,
2975 2014 3147 2093 parte
3176 2020 3435 2083 sinistra;
3482 2024 3698 2093 Eugen-

1984 2087 2073 2150 tis,
2143 2101 2241 2152 pro
2291 2085 2621 2155 Eugenitis;
2682 2090 3112 2153 possessionibus
3152 2094 3469 2147 monasterii
3522 2085 3703 2150 sancti

1988 2156 2201 2233 ﬁdistii,
2286 2173 2412 2233 pro.
2445 2157 2798 2233 posse:s_io_ni_
2842 2161 3167 2233 monasterii
3241 2165 3416 2218 sancti
3491 2167 3697 2233 Aristi,-

1982 2227 2213 2304 bortos,_
2242 2244 2342 2297 pro
2393 2226 2799 2304 hortus;deleri
2847 2231 3022 2298 facias
3066 2246 3131 2284 ac
3180 2234 3416 2302 auferri,
3460 2250 3561 2304 pro
3595 2226 3690 2291 de;

1986 2298 2097 2353 tere
2128 2298 2315 2353 debeat
2337 2314 2400 2352 ac
2424 2300 2667 2365 auferre.

2053 2369 2153 2424 His
2187 2371 2255 2423 de
2276 2371 2452 2425 rebus
2486 2369 2757 2424 lectorem
2801 2370 2937 2424 item
2982 2373 3268 2429 monitum
3311 2375 3488 2442 volui,
3541 2381 3606 2432 ut
3649 2377 3697 2433 si

1981 2442 2091 2519 qui
2114 2442 2373 2519 tabulam
2407 2456 2794 2519 marmoream
2829 2458 2959 2519 cum
3008 2444 3259 2519 epistola
3300 2448 3564 2519 Registro
3607 2449 3696 2503 in-

1980 2514 2470 2591 certa_co_uferret,
2509 2513 2651 2591 hanc
2677 2512 3138 2591 collationemin
3173 2512 3437 2587 Registro
3485 2520 3690 2591 impri-
3746 2524 3747 2533 ‘

1980 2585 2192 2660 mendo
2223 2585 2574 2660 factamnon
2610 2584 2786 2660 fuisse
2807 2587 2978 2644 sciat:
3000 2584 3317 2660 propterea
3348 2592 3499 2660 quod
3546 2584 3693 2647 dum

1980 2655 2303 2719 Registrum
2331 2655 2485 2725 typis
2516 2656 2913 2724 mandaretur,
2939 2655 3137 2712 tabula
3168 2659 3289 2726 illa,
3333 2655 3592 2718 nondum
3634 2664 3693 2718 in

1977 2726 2613 2806 ecclesiamhtranslata,
2659 2727 2979 2806 inporticu
3005 2730 3217 2806 _sancti_
3245 2732 3428 2806 Pauli,
3463 2734 3537 2789 ad
3590 2752 3690 2806 pa.

1976 2798 2171 2877 rietem
2206 2798 2376 2877 affixa
2407 2801 2531 2852 erat
2558 2798 2615 2877 i_n
2639 2798 2965 2877 editissimo
3003 2798 3314 2877 loco_sita_,_
3367 2804 3504 2877 hinc
3559 2798 3691 2877 p'er—

2019 2870 2179 2944 sucis
2200 2875 2257 2923 et
2288 2871 2405 2923 fere
2437 2868 2656 2923 nemini
2701 2875 2865 2944 nota:
2919 2872 3054 2944 quia
3102 2873 3193 2927 vix
3227 2868 3461 2944 aliquid
3520 2868 3588 2931 de
3624 2894 3691 2931 ea

2019 2886 2179 2923 eaeis
2200 2885 2257 2923 et
2288 2885 2405 2923 iere
2437 2885 2656 2923 nemini
2701 2885 2865 2923 ncte:
2919 2887 3054 2939 quia
3102 2889 3193 2927 Vix
3243 2885 3461 2944 aliquid
3520 2885 3588 2931 de
3624 2894 3689 2931 ea

1977 2885 2088 3011 regi
2122 2945 2359 3011 poterat.
2395 2944 2510 3010 Ego
2532 2956 2664 2995 vero
2696 2942 2835 2995 dum
2861 2941 3083 2997 scholia
3105 2949 3161 2999 et
3188 2943 3302 2999 alia
3349 2947 3405 3000 in
3460 2947 3689 3003 beatum

1976 3012 2309 3087 Gregorium
2344 3029 2377 3067 a
2402 3011 2821 3087 meelaborata
2846 3013 3120 3087 in_lucem
3144 3016 3369 3071 edenda
3401 3034 3689 3087 curarem,

147 3072 473 3143 emendavit
499 3072 712 3142 Paulus
745 3072 1040 3143 Manutiuus
1072 3106 1137 3144 ex
1168 3072 1269 3144 lib.
1290 3072 1677 3147 PVBUessarion'is.
1701 3093 1851 3149 Idem
1885 3072 1927 3133 C

2055 3072 2125 3137 ad
2161 3100 2359 3156 agens,
2393 3082 2587 3156 incidi
2637 3084 2694 3138 in
2754 3084 3114 3156 Panvinium,
3148 3088 3248 3156 qui
3296 3092 3476 3143 totam
3545 3072 3691 3146 hanc

149 3156 245 3211 lib.
270 3158 475 3213 Famil.
509 3176 597 3226 ιιι,
657 3162 825 3227 epist.
860 3162 923 3214 li:
980 3162 1091 3214 Duo
1148 3162 1299 3216 enim
1348 3166 1587 3218 duarum
1634 3172 1861 3219 a’tatum

153 3230 577 3303 plurimi/acto,
637 3232 732 3285 Cn.
792 3234 1113 3301 Pompeium
1164 3234 1309 3299 filiae
1354 3251 1619 3303 socerum,
1678 3240 1728 3289 et
1790 3237 1855 3291 Μ.

154 3302 375 3378 Brutum
395 3318 663 3378 g_ener_um
694 3313 870 3378 tuum.
906 3306 1060 3378 Idem
1106 3303 1207 3358 lib.
1242 3322 1340 3372 vn,
1383 3323 1472 3378 ep.
1506 3308 1576 3361 25
1593 3302 1611 3360 :7
1646 3308 1860 3364 Prmler

152 3372 385 3449 daonos,
417 3374 806 3449 loquituristo
844 3376 1000 3430 modo
1042 3390 1235 3449 nemo.
1264 3378 1343 3432 lta
1391 3372 1621 3449 legitur,
1654 3384 1707 3433 et
1777 3380 1860 3433 ita

154 3442 651 3519 legidebet.'ldem
686 3446 779 3519 bb.
811 3449 977 3519 eod”,
999 3446 1167 3516 epist.
1220 3448 1319 3502 29:
1357 3442 1475 3504 Duo
1512 3452 1748 3519 parietes
1796 3453 1861 3505 de

152 3518 327 3569 eadem
359 3518 545 3583 ﬁdelia
585 3517 859 3572 dealbare.
921 3518 1078 3573 Idem
1130 3520 1200 3573 de
1247 3517 1564 3575 Amicitia:
1604 3523 1663 3577 Ut
1684 3524 1861 3576 omnis

154 3586 388 3661 {attritas
415 3592 524 3644 sive
563 3590 711 3642 inter
746 3589 871 3654 duo,
913 3601 1006 3643 aut
1037 3589 1185 3643 inter
1239 3608 1441 3661 paucos
1498 3595 1859 3660 jungeretur.

158 3657 451 3733 _Sallustius
487 3660 863 3715 historiarum
899 3662 999 3715 lib.
1036 3678 1107 3727 1v,
1144 3661 1200 3714 in
1238 3657 1409 3733 epist.
1479 3657 1856 3719 Mithridatis:

158 3729 278 3784 Intet
315 3748 402 3787 me
430 3736 594 3803 atque
615 3734 923 3798 Lucullum,
982 3748 1147 3801 prope
1209 3729 1404 3803 inopia
1444 3752 1638 3790 rursus
1682 3736 1857 3791 ambo.

164 3804 386 3873 uicessit.
421 3803 581 3873 Virg.
611 3803 717 3858 ecl.
753 3819 816 3857 v:
863 3804 1220 3873 Craterasquc
1264 3806 1370 3861 duo
1426 3812 1671 3861 statuam
1734 3809 1859 3863 tibi.

164 3872 234 3948 lta
260 3873 395 3944 legit
427 3872 651 3930 Pierius
675 3876 743 3929 ad
776 3875 1015 3948 sibilum
1049 3872 1385 3948 evitandum
1421 3896 1432 3931 :
1466 3884 1521 3932 et
1552 3880 1632 3932 ita
1654 3878 1861 3948 legitur

166 3943 218 4021 i_n_
240 3943 429 4021 codice
467 3962 599 4021 ms;
623 3947 1045 4021 vetustissimo,
1093 3951 1149 4001 et
1204 3947 1511 4021 insigniori
1563 3943 1859 4006 Vaticano.

169 4013 311 4072 Idem
336 4019 436 4073 lib.
473 4034 512 4072 11
536 4018 835 4074 zEneidos:

306 4124 356 4173 Si
387 4124 497 4174 duo
527 4129 786 4187 prteterea
819 4126 944 4176 tales
965 4128 1072 4177 Idm
1097 4128 1305 4179 tulisset

302 4188 469 4237 Terra
505 4189 649 4236 viros

173 4266 241 4340 Ita
266 4265 479 4339 legitur
510 4268 570 4322 in
603 4269 797 4324 codice
827 4287 939 4328 ms.
998 4272 1398 4327 vetustissimo
1458 4280 1511 4327 et
1551 4272 1866 4340 insigniori

175 4335 457 4415 Vaticano,
488 4356 593 4395 nec
622 4341 790 4415 aliter
817 4342 927 4413 legi
954 4348 1155 4414 potest,
1191 4345 1328 4415 quia
1353 4352 1596 4413 utraque
1638 4335 1862 4414 syllaba

863 4415 933 4479 is;
975 4420 1031 4468 et
1089 4416 1146 4469 in
1202 4417 1390 4485 primo
1439 4415 1563 4469 loco
1612 4420 1698 4468 est
1755 4416 1857 4470 da-

180 4467 455 4553 ctylusfin
493 4467 610 4555 quo
644 4484 831 4554 prima
862 4467 1436 4557 syvllabailonrgﬁaﬂest,
1471 4467 1721 4541 duabus
1764 4467 1869 4543 ἓξ·
1901 4467 1946 4531 Ῑ)

178 4557 471 4624 quentibus
502 4557 796 4613 brevibus.

235 4624 557 4681 Priscianus
591 4627 689 4681 lib.
724 4644 799 4682 vn
834 4628 937 4683 ait:
969 4630 1204 4700 Oportet
1257 4629 1406 4685 scire
1438 4629 1675 4698 quidem
1734 4646 1871 4684 ana-

175 4696 322 4769 logia:
354 4700 659 4766 rationem,
686 4715 856 4754 usum
887 4696 1079 4755 tamen
1112 4706 1418 4755 auctorum
1460 4696 1648 4769 magis
1688 4717 1873 4755 semu-

172 4768 264 4823 lari
293 4770 404 4824 Duo
440 4777 735 4840 praeterea,
776 4777 833 4827 et
882 4772 1048 4827 Ambo
1101 4772 1479 4836 accusativos,
1543 4768 1863 4828 secundum

169 4840 309 4895 hanc
355 4841 799 4897 declinationem
863 4844 1176 4909 proferunt,
1228 4845 1420 4899 Ambos
1477 4847 1534 4898 et
1580 4844 1741 4897 Duos.
1804 4844 1861 4897 C.

171 4910 673 4987 JuliusRomanus
697 4914 754 4968 in
785 4914 982 4969 libello
1014 4915 1083 4970 de
1117 4916 1397 4987 Analogia
1450 4919 1665 4971 rectam
1706 4916 1868 4986 ponit

184 4999 302 5038 esse
332 4984 808 5039 declinationem:
844 4987 949 5041 llos
979 4988 1109 5042 duo.

242 5057 345 5129 Duo
390 5056 573 5129 igitur
620 5073 722 5129 pro
778 5058 934 5121 duos,
992 5064 1051 5129 et
1107 5058 1262 5113 ambo
1330 5075 1432 5129 pro
1486 5057 1669 5113 ambos
1719 5061 1871 5113 recte

174 5126 337 5182 scribi
374 5143 439 5181 ex
482 5127 747 5183 Charisio
805 5134 861 5183 et
904 5128 1032 5185 aliis
1073 5126 1492 5199 probatissimis
1533 5130 1872 5186 auctoribus

177 5199 483 5266 fatendum,
515 5200 1055 5271 afﬁrmandumque
1085 5208 1191 5257 est.

244 5271 389 5343 Quod
423 5276 621 5343 autem
657 5272 725 5325 ad
769 5273 1236 5343 orthographiam
1267 5272 1494 5337 attinet,
1535 5273 1663 5328 duas
1705 5290 1872 5329 voces

176 5342 233 5397 in
251 5342 424 5409 prima
455 5342 658 5416 tabula
684 5344 907 5414 absque
937 5342 1257 5415 diphtongo
1292 5346 1581 5414 leguntur,
1622 5362 1874 5416 quarum

181 5415 355 5483 prima
380 5422 461 5468 est
519 5414 699 5469 dictio
750 5414 1015 5485 quedam,
1043 5414 1223 5471 altera
1270 5434 1401 5472 vero
1433 5414 1752 5472 Cesaritino.
1812 5421 1873 5473 In

183 5487 417 5539 secunda
449 5501 581 5559 vero
603 5486 824 5559 Tabula
864 5487 1077 5559 legitur
1115 5489 1305 5553 Fhoca,
1358 5505 1459 5559 pro
1490 5490 1687 5542 Phoco.
1723 5489 1875 5551 Quas

185 5572 309 5612 sane
338 5572 499 5613 voces
531 5556 1164 5629 lapicidarum'mentis
1196 5556 1387 5617 carere
1409 5576 1523 5616 non
1556 5565 1716 5631 puto.

858 5670 1186 5687 _

250 5728 409 5783 Massa
443 5727 605 5802 hisce
654 5728 710 5785 in
743 5731 958 5787 tabulis
994 5748 1109 5788 non
1149 5748 1215 5788 eo
1265 5746 1437 5787 sensu
1471 5745 1613 5802 quo
1670 5728 1883 5784 dicitur

192 5815 364 5858 massa
394 5800 520 5858 auri
552 5806 608 5859 et
638 5804 885 5875 argenti,
917 5808 1093 5875 atque
1124 5804 1182 5859 id
1214 5818 1397 5875 genus
1431 5800 1572 5871 alia;
1620 5802 1719 5856 sed
1779 5816 1882 5870 pro

1973 3155 2229 3232 tabulam
2264 3157 2321 3232 in
2344 3154 2539 3232 libello
2567 3157 2881 3232 deceptam
2916 3155 3085 3232 Urbis
3116 3154 3379 3232 ecclesiis
3413 3160 3686 3232 scriptam

1972 3226 2223 3353 Beliqtuit,
2252 3227 2392 3281 dum
2426 3228 2495 3281 de
2525 3226 2764 3281 basilica
2795 3229 2983 3283 sancti
3023 3229 3171 3284 Petri
3206 3226 3544 3287 sermonem'
3586 3233 3685 3288 ha~

2013 3313 2105 3353 ere
2138 3339 2149 3350 .

2013 3302 2149 3353 erat.

2044 3372 2231 3433 Quare
2262 3369 2419 3424 omni
2460 3368 2719 3423 adhibita
2755 3368 3060 3441 diligentia
3106 3376 3162 3427 et
3216 3373 3525 3439 industria,
3558 3391 3683 3431 eam

1972 3442 2277 3511 quaerendo
2312 3442 2525 3506 inveni,
2557 3442 2972 3513 inveniamque
2994 3458 3057 3497 ex
3101 3461 3393 3501 marmore
3445 3447 3697 3503 ﬁdeliter

1971 3513 2256 3588 decerpsi,
2299 3513 2753 3588 decerptamque
2798 3513 3049 3585 denique
3089 3522 3261 3588 atque
3314 3518 3693 3588 impressam,

1972 3583 2323 3660 pb_rationes
2366 3583 2535 3639 initio
2572 3583 2900 3655 assignatas
2957 3583 3061 3642 hoc
3109 3583 3233 3643 loco
3282 3583 3573 3660 apponere
3632 3583 3697 3645 li-

1974 3655 2123 3709 buit.

2046 3726 2356 3796 Reliquum
2418 3730 2503 3781 est
2552 3732 2613 3780 ut
2671 3725 2873 3797 paucis
2930 3728 3285 3795 explicemus
3336 3748 3435 3786 cur
3490 3732 3695 3788 beatus

1976 3797 2289 3874 Gregorius
2321 3798 2569 3866 Magnus
2592 3798 2731 3852 solis
2754 3814 2853 3866 pro
2873 3798 3263 3855 luminaribus
3283 3818 3382 3856 seu
3415 3804 3696 3874 lampadi-

1978 3868 2109 3940 bus,
2151 3870 2210 3923 in
2279 3869 2552 3923 honorem
2604 3874 2940 3924 sanctorum
3002 3874 3398 3940 apostolorum
3448 3868 3601 3928 Peiri
3637 3880 3693 3929 et

1977 3939 2140 3994 Pauli
2199 3940 2607 4007 accendendis,
2654 3944 2735 3995 tot
2792 3940 3006 3997 fundos
3044 3939 3117 3998 et
3176 3945 3409 4011 praedia,
3454 3945 3574 3999 sive
3613 3950 3697 4001 tot

1978 4012 2397 4081 possessiones,
2448 4016 2646 4082 totque
2713 4011 2963 4081 denique
3040 4012 3250 4068 oliveta
3355 4017 3693 4071 eorumdem

1979 4088 2313 4138 sanctorum
2361 4083 2616 4138 basilicis
2685 4084 2985 4149 dedicarit,
3039 4101 3105 4139 ac
3165 4084 3471 4140 destinarit
3518 4102 3694 4142 :nam

1977 4170 2045 4209 ex
2102 4155 2508 4227 tottantisque
2542 4154 2913 4227 przsdiorum,
2960 4160 3027 4227 et
3063 4156 3406 4211 olivetorum
3457 4175 3696 4227 presser-

1978 4227 2084 4279 tim
2118 4226 2418 4295 reditibus,
2446 4226 2676 4281 nonnisi
2705 4225 3000 4295 ingentem
3023 4226 3356 4297 lampadum
3387 4225 3694 4285 numerum

1979 4298 2151 4352 dictis
2174 4298 2233 4351 in
2260 4297 2597 4372 ecclesiisad
2617 4298 2862 4353 hibitum
2887 4299 3025 4372 olim
3056 4299 3254 4368 fuisse,
3278 4300 3546 4372 colligere
3566 4318 3699 4371 pos-

1979 4384 2206 4442 sumus.
2270 4369 2329 4423 Id
2398 4372 2551 4440 quod
2618 4373 2855 4438 planum
2924 4371 3131 4440 cuique
3200 4369 3453 4442 profecto
3507 4369 3589 4437 fit“,
3647 4373 3698 4429 si

1980 4440 2119 4493 Vitas
2168 4456 2532 4494 summorum
2604 4442 2941 4510 pontiﬁcum
3006 4445 3075 4497 ab
3118 4440 3419 4500 Anastasio
3479 4444 3700 4501 Biblio-

1988 4511 2267 4577 thecario,
2343 4516 2399 4566 et
2446 4530 2476 4566 a
2534 4512 2777 4577 Platina,
2839 4528 3064 4569 necnon
3125 4515 3384 4570 Historia
3444 4532 3619 4571 sacrm
3666 4534 3699 4571 a

1984 4586 2153 4637 Petro
2223 4582 2416 4637 Mallio
2484 4584 2827 4657 conscriptas
2883 4582 3169 4655 legantur.
3230 4591 3374 4641 Nam
3422 4592 3553 4657 post
3587 4586 3697 4642 Sil-

1984 4660 2239 4729 vestrum
2326 4671 2558 4729 papam,
2624 4655 2988 4721 Coelestinus,
3082 4657 3356 4725 Hilarius,
3423 4655 3698 4729 Simpli-

1984 4726 2133 4799 cius,
2167 4726 2554 4799 Symmachus
2593 4732 2649 4780 ct
2688 4734 2819 4799 post
2868 4728 3203 4798 Gregorium
3267 4731 3535 4799 Magnum
3584 4726 3697 4784 Sa-

1974 4797 2269 4863 binianus,
2314 4798 2441 4867 ejus
2482 4797 2803 4867 successor,
2837 4797 3045 4854 deinde
3100 4797 3405 4868 Honorius,
3446 4801 3693 4869 Agatho,

1973 4869 2283 4941 Gregorius
2347 4871 2417 4937 II,
2460 4870 2788 4937 Zacharias,
2849 4876 2907 4925 et
2949 4870 3047 4927 alii
3100 4872 3258 4925 varia
3322 4871 3695 4926 candelabro-

1973 4957 2100 4995 rum
2136 4957 2347 5012 genera
2387 4947 2681 5011 argentea,
2732 4943 2906 4996 variis
2960 4943 3298 4997 nominibus
3362 4952 3699 5013 nuncupata

1973 5014 2119 5091 (hoc
2164 5018 2259 5091 est
2315 5030 2565 5091 corona,
2623 5014 2839 5091 phara,‘
2892 5016 3181 5091 canthara,
3271 5017 3557 5091 cerostata
3642 5016 3699 5067 et

1976 5083 2178 5155 rhetia)
2212 5084 2542 5156 multasque
2574 5082 2699 5140 auri
2730 5089 2786 5141 et
2814 5082 3035 5156 argenti
3075 5082 3253 5156 libras
3314 5099 3414 5156 pro
3473 5082 3697 5154 lampa-

1976 5154 2678 5211 dibus'basilicaa'sancti
2739 5154 2888 5209 Petri
2944 5155 3137 5207 Romae
3185 5154 3336 5207 dono
3384 5155 3695 5210 dederunt.

1982 5230 2134 5282 Idem
2172 5227 2302 5281 fecit
2330 5228 2748 5283 Constantinus
2780 5225 3026 5293 Magnus
3061 5225 3226 5292 imp.,
3258 5225 3467 5281 deinde
3508 5228 3695 5282 Theo-

1979 5300 2214 5355 dericus
2247 5315 2342 5353 rex
2374 5299 2482 5353 sub
2513 5297 2836 5369 Hormisda,
2862 5296 3293 5369 Belisariusque
3318 5298 3426 5353 sub
3466 5298 3695 5369 Vigilio,

1982 5371 2081 5442 qui
2117 5370 2311 5441 magni
2341 5369 2507 5439 pretii
2545 5368 2703 5423 varia
2728 5367 3220 5442 candelabrurum
3262 5385 3494 5437 genera,
3546 5367 3698 5426 mul-

1983 5439 2159 5511 taque
2223 5439 2348 5493 auri
2409 5446 2465 5493 et
2521 5439 2738 5511 argenti
2790 5439 2997 5506 pondo,
3050 5440 3430 5511 imperatorias
3490 5459 3555 5497 ac
3611 5458 3698 5498 re-

1983 5509 2091 5585 giae
2116 5511 2418 5585 opulentia:
2477 5527 2541 5565 ac
2583 5509 3387 5585 liberalitati;consentanea,
3439 5514 3697 5569 ecclesiae

1984 5582 2169 5641 sancti
2204 5582 2351 5637 Petri
2385 5586 2557 5653 atque
2580 5582 2719 5637 item
2756 5582 2902 5637 beati
2938 5582 3095 5639 Pauli
3145 5585 3499 5641 obtulerunt.
3556 5585 3699 5641 Pan-

1985 5656 2178 5711 vinius
2209 5654 2279 5727 de
2308 5654 2479 5709 rebus
2526 5654 2813 5727 antiquis
2848 5655 3260 5712 memoralibus
3297 5661 3353 5711 et
3411 5661 3695 5727 praestan-

1986 5728 2063 5783 tia
2088 5726 2337 5783 basilica
2368 5726 2555 5783 sancti
2587 5727 2739 5783 Petri
2781 5726 2882 5782 lib.
2940 5744 2977 5779 ν
3020 5728 3074 5781 in
3135 5726 3696 5798 ejusdem’ecclesite

1988 5798 2341 5857 bibliotheca
2372 5802 2688 5872 asservato,
2718 5798 2828 5856 ait:
2854 5798 3115 5855 Mathilda
3144 5799 3433 5856 sanctitate
3448 5798 3696 5864 celebris,
