4086 6166
88 3718 101 3847 ι

284 274 403 334 489
1056 268 1530 333 TESTIMONIA
1571 269 1673 331 ET
1716 267 1974 329 ELOGIA

2189 265 2249 326 S.
2296 264 2693 329 GREGORIO
2740 266 3046 330 MAGNO.

3692 271 3817 335 I90

278 405 531 478 capiam,
555 408 777 476 quanta
804 403 878 459 ad
909 404 1130 461 victum
1161 402 1567 476 quotidianum
1608 401 1986 474 praahendum
2020 403 2075 469 Α
2103 398 2348 456 ecclesia
2396 400 2580 455 sancti
2614 402 2889 470 martyris
2918 398 3253 470 Clementis,
3284 420 3417 459 cum
3453 406 3811 479 presbyteris

278 496 594 563 sufﬁceret,
615 493 839 566 reliqua
853 495 1116 551 vendidit
1136 495 1215 565 (a)
1234 510 1390 563 ,cum
1413 493 1572 549 omni
1597 491 1864 563 praesidio
1898 492 1993 547 do-

2097 490 2348 559 regionis
2390 491 2600 545 tertiis:
2665 498 2723 544 ιιι
2774 492 2844 546 de
2903 491 3154 562 singulis
3204 493 3466 551 ecclesiis
3523 502 3800 553 exeuntes

281 603 434 653 mus,
466 602 534 641 ac
566 585 917 657 pauperibus
948 585 1231 657 erogavit;
1265 588 1322 639 et
1351 583 1450 657 qui
1484 590 1616 640 ante
1647 583 1831 638 serico
1849 597 1992 637 con-
2097 596 2226 635 cum
2261 578 2527 648 precibus
2572 584 2628 635 et
2672 579 2965 652 lacrymis,
3002 581 3075 636 ad
3124 582 3301 638 beatas
3342 583 3532 639 Maria:
3584 602 3813 656 semper

276 680 465 731 tactus
509 689 575 729 ac
605 673 858 745 gemmis
891 673 1247 729 micantibus
1270 671 1479 727 solitus
1502 676 1629 727 erat
1655 687 1753 742 per
1778 670 1989 725 Urbem

272 763 581 836 procedere
601 762 925 829 trabeatus,
948 762 1027 833 (ὸ)
1050 778 1204 817 nunc
1227 760 1328 816 vili
1348 766 1646 817 contectus
1674 762 1883 815 vestitu
1917 760 1987 814 ad

278 854 480 911 altaris
529 852 817 909 Dominici
864 852 1259 908 ministerium
1291 855 1676 917 consecratur,
1713 851 1784 922 (ε)
1815 848 1991 919 septi-

276 959 526 1016 mnsque
559 942 729 999 levita
750 944 817 998 ad
840 942 1198 1013 adjutorium
1224 957 1385 1013 papa
1409 940 1758 997 adsciscitur
1775 944 1989 1007 ;tanta-

275 1049 382 1105 que
412 1033 467 1089 ei
501 1031 860 1089 abstinentia
892 1032 950 1087 in
984 1031 1153 1101 cibis,
1176 1030 1480 1102 vigilantia
1512 1030 1569 1084 in
1602 1028 1985 1095 orationibus,

272 1122 592 1179 strenuitas
632 1121 693 1177 in
732 1121 980 1193 jejuniis
1010 1128 1153 1186 erat,
1188 1126 1275 1189 ut,
1325 1120 1616 1176 infirmato
1662 1117 1985 1183 stomacho,

271 1212 359 1266 vix
396 1210 721 1266 consistere
751 1216 988 1279 {posseL
1025 1210 1260 1265 Litteris
1282 1208 1699 1279 grammaticis,
1724 1205 1988 1261 dialecti-

2096 669 2347 741 Virginis
2380 669 2689 724 Genitricis
2715 669 2943 725 Domini
2965 670 3065 725 Dei
3094 675 3274 727 nostri
3296 673 3438 729 Jesu
3467 675 3684 731 Christi
3710 677 3808 733 ha-

2094 757 2319 814 silicam
2368 774 2809 829 congregemur,
2845 764 2909 813 ut
2966 759 3045 813 ibi
3095 760 3314 817 diutius
3372 779 3508 818 eum
3541 762 3699 832 ﬂetu,
3734 782 3799 821 ac

2092 848 2311 919 gemitu
2344 848 2590 903 Domino
2622 847 3041 919 supplicantes,
3070 854 3432 918 peccaturum
3468 857 3804 911 nostrorum

2092 937 2319 992 veniam
2362 936 2674 1007 promereri
2699 936 3009 993 valeamus.
3044 959 3069 987 υ

2161 1029 2290 1084 Haec
2322 1044 2389 1083 eo
2422 1028 2669 1096 dicente,
2714 1029 3069 1100 congregatis
3112 1029 3456 1087 clericorum
3516 1034 3786 1102 catervis,

2091 1118 2337 1190 psallere
2377 1119 2556 1189 jussit
2589 1135 2689 1190 per
2709 1119 2968 1175 triduum
2997 1136 3062 1174 ac
3092 1120 3388 1191 deprecari
3424 1124 3653 1179 Domini
3691 1124 3801 1179 mi-

2088 1206 2485 1262 sericordiam.
2519 1212 2598 1261 De
2629 1206 2772 1261 hora
2802 1222 3035 1277 quoque
3066 1208 3230 1263 tertia
3246 1208 3557 1265 veniebant
3585 1226 3794 1266 omnes

272 1301 501 1372 eisque,
532 1316 602 1355 ac
645 1299 951 1355 rhetoricis
1001 1299 1084 1354 ita
1112 1302 1236 1354 erat
1274 1298 1607 1362 institutus,
1639 1305 1699 1351 ut
1732 1294 1873 1351 nulli
1924 1293 1985 1350 in
2090 1296 2250 1353 chori
2285 1296 2662 1366 psallentium
2692 1297 2765 1351 ad
2797 1297 3125 1365 ecclesiam,
3165 1299 3488 1356 clamantes
3537 1315 3639 1371 per
3670 1302 3797 1372 pla-

270 1390 419 1447 Urbe
448 1390 583 1462 ipsa
613 1392 911 1460 putaretur
941 1404 1069 1445 esse
1099 1388 1413 1445 secundus.

2085 1391 2209 1443 teas
2242 1388 2410 1443 Urbis
2439 1403 2453 1443 :
2486 1389 2659 1459 Kyrie
2687 1386 2908 1443 eleison.
2942 1389 3256 1444 Asserebat
3287 1397 3479 1446 autem
3513 1391 3793 1447 diaconus

340 1482 512 1536 Hunc
560 1478 785 1550 apicem
832 1479 1111 1534 attentius
1158 1478 1359 1549 fugere
1405 1480 1661 1541 tentans,
1705 1490 1777 1531 ne
1826 1475 1983 1546 quod
2089 1480 2307 1545 noster,
2341 1476 2437 1547 qui
2469 1476 2691 1547 aderat,
2716 1477 2775 1531 in
2809 1476 2983 1532 unius
3024 1477 3177 1533 horae
3213 1478 3423 1548 spatio,
3456 1478 3596 1534 dum
3628 1494 3796 1535 voces

263 1571 756 1644 priusahjecerat,
777 1585 1011 1625 rursum
1028 1569 1079 1623 ei
1104 1571 1163 1623 in
1196 1567 1409 1623 saeculo
1431 1569 1500 1623 de
1536 1569 1741 1638 adepto
1769 1566 1984 1622 honore
2088 1565 2249 1637 plebs
2281 1566 2350 1620 ad
2387 1566 2700 1621 Dominum
2754 1566 3199 1638 supplicationis
3244 1568 3457 1635 emisit,
3505 1569 3798 1639 octoginta

251 1659 545 1733 jaetantia
577 1658 846 1730 quaadam
895 1657 1268 1728 subreperet:
1304 1656 1457 1711 unde
1508 1656 1721 1711 factum
1756 1659 1867 1721 est,
1920 1658 1985 1709 ut
2088 1654 2352 1710 homines
2383 1656 2451 1709 ad
2487 1661 2699 1711 terram
2733 1657 3046 1725 corruisse,
3077 1662 3133 1712 et
3168 1657 3440 1728 spiritum
3474 1657 3798 1713 exhalasse.

257 1748 569 1851 epistolam
589 1748 662 1851 ad
694 1746 1106 1851 imperatorem
1128 1745 1471 1851 Mauricium
1494 1745 1787 1843 dirigeret,
1813 1744 1979 1851 cujus
2008 1786 2055 1851 Β
2090 1746 2199 1801 Sed
2230 1762 2348 1851 pon
2394 1746 2613 1846 destitit
2652 1747 2923 1802 sacerdos
2974 1752 3166 1802 tantus
3209 1748 3521 1819 praedicare
3560 1746 3798 1818 populo,

254 1838 449 1893 filium
501 1853 567 1893 ex
604 1835 830 1891 lavacro
879 1840 1083 1891 sancto
1138 1838 1497 1904 susceperat,
1552 1834 1859 1902 conjurans
1919 1836 1975 1888 et

254 1927 440 1984 multa
482 1942 650 1999 prece
681 1942 946 1999 poscens,
982 1941 1054 1981 ne
1086 1940 1341 1994 unquam
1373 1939 1722 1979 consensum
1752 1922 1971 1994 praebe-

251 2024 339 2072 ret
370 2016 712 2087 populis,ut
743 2017 896 2070 hunc
923 2015 1102 2083 hujus
1128 2012 1367 2069 honoris
1400 2013 1579 2085 gloria
1611 2014 1972 2067 sublimaret.

256 2107 378 2162 Sed
402 2108 720 2178 praefectus
754 2104 917 2159 urbis
943 2104 1161 2170 Romae,
1186 2119 1501 2174 germanus
1530 2102 1974 2173 ejus,anticipa-

247 2199 334 2253 vit
361 2195 669 2263 nuntium,
688 2199 744 2249 et
761 2193 1209 2263 comprehenso,
1234 2192 1392 2247 disru
1408 2192 1524 2264 ptis
1541 2190 1824 2261 epistolis,
1842 2205 1977 2246 con-

250 2300 464 2351 sensu,
501 2299 670 2355 quem
717 2284 967 2353 pepulus
1001 2283 1215 2338 fecerat
1261 2281 1596 2351 imperatori
1642 2280 1869 2336 direxit.
1903 2283 1978 2334 At

252 2373 363 2429 ille
392 2374 614 2443 gratias
646 2372 762 2428 Deo
811 2387 989 2444 agens
1020 2388 1122 2442 pro
1174 2371 1428 2427 amicitia
1483 2370 1672 2442 ipsius
1721 2369 1970 2433 diaconi,

251 2464 428 2535 quod
459 2460 974 2534 reperissetlocum
999 2462 1238 2517 honoris
1267 2463 1415 2532 ejus,
1436 2461 1573 2516 data
1596 2458 1977 2531 praeceptione

244 2553 460 2624 ipsum
490 2549 942 2621 jussitinstitui.
980 2550 1242 2620 Cumque
1270 2550 1331 2605 in
1365 2550 1470 2605 hoc
1509 2554 1755 2605 restaret
1784 2552 1849 2603 ut
1880 2548 1977 2603 he-

246 2642 655 2706 nediceretur,
688 2642 745 2695 et
774 2637 900 2695 lues
923 2638 1206 2710 populum
1237 2639 1578 2705 devastaret,
1612 2637 1855 2694 verbum
1901 2637 1973 2692 ad

246 2729 496 2802 plebem
521 2744 627 2801 pro
648 2729 876 2799 agenda
906 2726 1243 2800 poenitentia
1268 2726 1328 2783 in
1359 2727 1515 2782 hunc
1541 2727 1779 2782 modum
1811 2742 1974 2782 exor-

247 2835 368 2877 sus
400 2824 520 2877 est:

565 2966 771 3007 ORATIO
811 2963 1090 3005 GREGORII
1132 2965 1293 3005 ΡΛΡᾹΒ
1328 2965 1402 3005 AD
1441 2964 1683 3005 ΡιΕΒεΜ.

331 3108 363 3136 ι(
399 3084 669 3156 Oportet,
712 3083 921 3139 fratres
951 3081 1306 3149 charissimi,
1341 3086 1402 3137 ut
1450 3082 1679 3154 ﬂagella
1710 3082 1831 3153 Dei,
1863 3086 1972 3139 etc.

252 3172 311 3245 Δ)
348 3174 615 3239 Proinde,
661 3172 715 3227 fr
730 3180 887 3227 atres
902 3171 1522 3239 charissimi,contrito
1545 3176 1735 3243 corde,
1767 3181 1826 3228 et
1847 3189 1972 3229 cor-

255 3265 437 3319 rectis
468 3263 768 3334 Operibus,
790 3264 861 3318 ab
892 3262 1021 3335 ipso
1050 3263 1206 3317 ferias
1235 3268 1453 3333 quarta:
1473 3263 1659 3333 primo
1692 3262 1970 3331 diluculo,

259 3354 332 3408 ad
356 3352 761 3425 septiformem
780 3352 1222 3422 litaniamjuxta
1240 3350 1714 3407 distributionem
1730 3352 1975 3407 inferius

264 3440 659 3514 designatum,
728 3440 936 3495 devota
983 3440 1049 3494 ad
1084 3439 1374 3511 lacrymas
1415 3448 1606 3495 meule
1644 3440 1972 3497 veniamus:

267 3536 330 3585 ut
360 3530 659 3587 districtus
682 3530 889 3601 judex,
922 3544 1055 3584 cum
1087 3529 1284 3600 culpas
1337 3534 1568 3586 nostras
1612 3546 1716 3585 nos
1772 3531 1976 3599 punire

271 3621 741 3688 consideraverit,
774 3621 894 3690 ipse
924 3636 956 3675 a
988 3620 1279 3675 sententia
1310 3621 1612 3690 proposita
1645 3621 1974 3675 damnatio-

272 3709 361 3766 nis
399 3714 616 3781 parcat.
649 3710 851 3763 Clarus
883 3708 1059 3779 igitur
1087 3708 1418 3780 egrediatur
1464 3710 1535 3763 ab
1566 3707 1810 3763 ecclesia
1835 3725 1975 3763 san-

274 3804 488 3855 ctorum
507 3804 828 3870 martyrum
852 3798 1071 3853 Cosmas
1097 3802 1154 3851 et
1178 3797 1603 3863 Damiani,cum
1625 3798 1975 3869 presbyteris

277 3891 515 3961 regionis
554 3898 759 3956 sextis;
794 3904 996 3943 omnes
1056 3904 1187 3944 vero
1217 3888 1457 3943 abbates
1496 3903 1624 3943 cum
1672 3888 1975 3943 monachis

282 3993 415 4048 suis,
452 3980 523 4034 ah
554 3979 804 4035 ecclesia
834 3982 1175 4033 sanctorum
1229 3988 1553 4049 martyrum
1604 3977 1861 4033 Gervasii
1920 3982 1977 4032 et

283 4068 555 4125 Prothasii
608 4084 741 4123 cum
786 4068 1137 4140 presbyteris
1186 4069 1438 4137 regionis
1470 4074 1719 4139 quartas;
1770 4083 1975 4122 omnes

284 4160 574 4218 abbatissa
596 4176 727 4216 cum
750 4160 1299 4231 congregationibus
1323 4160 1472 4223 suis,
1496 4160 1873 4231 egrediantur
1902 4160 1975 4212 ah

286 4252 508 4308 ecclesia
551 4255 887 4307 sanctorum
926 4256 1252 4320 martyrum
1304 4248 1625 4303 Marcellini
1684 4253 1740 4304 et
1794 4249 1971 4317 Petri,

291 4353 401 4396 cum
436 4339 785 4411 presbyteris
817 4337 1075 4409 regionis
1107 4338 1343 4409 primae;
1376 4353 1581 4393 omnes
1620 4337 1871 4392 infantes
1901 4340 1972 4392 ab

282 4429 494 4485 ecclesia
518 4434 860 4485 sanctorum
894 4431 1224 4499 martyrum
1259 4426 1503 4483 Joannis
1537 4432 1598 4483 et
1620 4426 1806 4493 Pauli,
1838 4442 1970 4479 cum

288 4520 612 4593 presbyteris
639 4518 902 4591 regionis
942 4518 1249 4582 secundas;
1284 4532 1487 4572 omnes
1520 4532 1653 4570 vero
1710 4516 1843 4570 laici
1901 4515 1971 4569 ab

287 4608 501 4665 ecclesia
536 4605 978 4678 protomartyris
1021 4604 1300 4674 Stephani
1342 4620 1473 4658 cum
1510 4604 1860 4675 presbyteris
1889 4620 1974 4658 re-

287 4696 444 4767 gionis
496 4697 789 4769 septimm;
820 4710 1025 4751 omnes
1073 4693 1347 4750 mulieres
1380 4694 1567 4748 viduas
1602 4696 1675 4747 ah
1724 4692 1974 4748 ecclesia

284 4792 467 4844 sancta
498 4785 855 4858 Euphemite,
884 4800 1020 4840 cum
1054 4783 1405 4855 presbyteris
1439 4783 1701 4855 regionis
1723 4783 1978 4854 quintus;

284 4893 463 4935 omnes
520 4881 717 4933 autem
778 4875 1051 4931 mulieres
1111 4876 1437 4946 conjugataa
1498 4874 1878 4944 egrediantur
1906 4876 1977 4929 ab

337 5032 402 5102 (a)
435 5030 563 5086 Hec
586 5045 696 5102 vox
714 5027 985 5102 Gregorio
1019 5028 1239 5102 Turon:
1279 5026 1765 5102 familiaris(Vide
1797 5026 1981 5102 lih._v1

279 5098 395 5160 hist.
431 5102 553 5166 c.4,
575 5104 629 5154 et
649 5100 684 5153 Ι.
710 5117 785 5167 1x,
815 5117 864 5171 ιι.
900 5100 1015 5171 20),
1044 5098 1339 5171 significat
1374 5098 1701 5169 pecuniam,
1731 5098 1981 5171 supelle-

278 5176 509 5299 miliarii“;2
533 5173 689 5228 bona
721 5170 978 5226 mobilia.
1046 5170 1183 5227 Vide
1214 5178 1379 5227 notas
1434 5172 1500 5225 ad
1562 5170 1667 5226 lih.
1719 5170 1977 5231 Sacram.

280 5265 333 5299 αο
359 5287 371 5299 .
517 5283 530 5298 ι

280 5247 371 5305 col.
403 5246 530 5300 4‘72.

336 5317 402 5386 (ὸ)
436 5315 657 5386 Nempe
695 5313 1048 5370 monastico.

337 5382 401 5459 (ε)
432 5382 677 5459 Nonnisi
709 5389 934 5455 septem
966 5384 1219 5459 diaconi,
1246 5382 1467 5459 scilicet
1497 5385 1980 5459 regionarii,tunc

277 5463 327 5519 in
344 5456 610 5515 Ecclesia
648 5456 903 5513 Romana
923 5456 1366 5512 ordinahantur.
1398 5456 1481 5511 De
1512 5456 1620 5513 hoc
1639 5474 1797 5513 more
1829 5458 1980 5511 infra

278 5532 457 5591 fusius
498 5530 747 5585 dicetur.

337 5603 413 5674 (ά)
446 5600 516 5656 Ut
544 5600 703 5655 edita
723 5602 1015 5674 euntium
1038 5599 1098 5674 in
1128 5596 1263 5674 Vita
1293 5602 1529 5674 auctore
1575 5598 1796 5674 Joanpe
1848 5598 1979 5674 Dia_-

279 5668 433 5742 cono,
494 5680 625 5743 tum
660 5670 1020 5743 iaducalcem
1078 5668 1391 5743 homil._in
1455 5670 1671 5743 Evang.
1719 5672 1881 5728 Tom.
1932 5671 1979 5743 il.

281 5739 500 5823 (Petrei.
531 5749 573 5802 ι.
606 5739 889 5813 LXXVI.)
940 5744 1071 5809 Quae
1133 5758 1267 5799 vero
1298 5740 1572 5814 leguntur
1616 5739 1707 5799 'de
1756 5742 1983 5800 Litania

589 5843 853 5904 ΡΑτιιοι..
901 5842 1126 5905 LXXV.

2086 1850 2157 1889 ne
2197 1837 2267 1890 ab
2318 1836 2579 1891 oratione
2624 1842 2936 1892 cessarent.
2987 1838 3069 1892 Ab
3112 1838 3221 1891 hoc
3268 1838 3445 1892 etiam
3504 1836 3790 1893 diaconus

2084 1930 2276 1980 noster
2304 1925 2572 1997 reliquias
2592 1933 2954 1992 sanctorum,
2974 1934 3039 1981 ut
3056 1926 3337 1994 diximus,
3358 1927 3630 1995 sumpsit,
3657 1925 3793 1981 dum

2084 2016 2273 2069 adhuc
2312 2015 2367 2068 in
2403 2017 2708 2070 diaconatu
2760 2017 3015 2087 degeret.
3059 2019 3314 2087 Cumque
3368 2014 3611 2071 latibula
3651 2016 3797 2085 fugre

2084 2112 2452 2174 praepararet,
2500 2106 2750 2174 capitur,
2797 2104 3066 2171 trahitur,
3108 2110 3167 2161 et
3222 2106 3290 2160 ad
3335 2106 3487 2160 beati
3545 2104 3793 2175 apostoli

2086 2193 2235 2248 Petri
2273 2193 2571 2248 basilicam
2606 2194 2950 2262 deducitur;
2979 2194 3173 2264 ibique
3198 2194 3265 2248 ad
3293 2193 3649 2263 pontiﬁcalis
3666 2209 3795 2263 gra-

2084 2282 2175 2337 tiae
2219 2282 2478 2337 ofﬁcium
2529 2288 2928 2345 consecratus,
2970 2299 3116 2353 papa
3147 2281 3284 2336 Urbi
3330 2283 3498 2337 datus
3544 2286 3652 2337 est.
3683 2282 3792 2336 Sed

2086 2388 2191 2428 nec
2222 2373 2738 2427 destititdiaconus
2772 2382 2965 2427 noster
2997 2371 3109 2426 nisi
3140 2373 3209 2426 ad
3234 2373 3630 2443 episcopatum
3664 2370 3793 2441 ejus

2086 2464 2157 2534 (ε)
2192 2468 2259 2517 de
2292 2473 2452 2534 porto
2476 2464 2705 2529 rediret,
2730 2462 3057 2534 etqualiter
3086 2463 3389 2518 ordinatus
3419 2462 3611 2529 fuerit,
3646 2478 3797 2533 prze~

2087 2552 2236 2606 senti
2269 2552 2754 2621 contemplatione
2789 2552 3137 2619 suspicerct.

2086 2643 2273 2698 Sancti
2302 2644 2510 2697 Paterii
2539 2644 2652 2713 ejus
2682 2643 2945 2712 discipuli
2974 2643 3207 2713 prolog.,
3239 2642 3336 2698 lib.
3360 2642 3426 2697 de
3452 2643 3667 2698 Testim.

2158 2733 2307 2789 Dum
2369 2734 2542 2787 unius
2590 2732 2773 2787 sancti
2832 2732 2959 2798 viri,
2995 2731 3101 2786 hoc
3151 2735 3240 2786 est
3270 2732 3419 2787 beati
3454 2730 3563 2787 Job
3608 2730 3796 2786 histo-

2086 2823 2233 2877 riam
2266 2822 2556 2877 abstrusis
2589 2819 2996 2892 mysteriorum
3026 2818 3416 2891 Opacitatihus
3450 2825 3660 2875 tectam
3689 2819 3796 2875 sub

2088 2911 2328 2982 triplici,
2362 2911 2417 2966 id
2461 2919 2539 2965 est
2575 2911 2765 2981 typica
2798 2910 3024 2978 morali,
3059 2918 3231 2980 atque
3254 2908 3533 2963 historica
3572 2909 3799 2963 studuit

2089 2999 2447 3072 expositione
2478 3000 2786 3059 discutere,
2813 3016 2877 3053 ac
2909 3000 3136 3067 repulso
3169 2998 3507 3067 ignorantia:
3574 2997 3794 3066 nubilo,

2087 3091 2147 3146 in
2198 3095 2391 3162 aperta
2449 3089 2678 3145 cunctis
2730 3089 2855 3143 luce
2907 3089 3124 3144 clarius
3174 3104 3374 3142 serena
3414 3088 3796 3157 patefactione

2086 3192 2431 3247 monstrare,
2486 3194 2627 3249 pene
2677 3184 2852 3233 totam
2894 3178 3115 3232 Veteris
3146 3194 3211 3232 ac
3257 3177 3395 3232 Novi
3444 3177 3794 3232 Testamenti

2082 3271 2288 3326 seriem
2325 3286 2519 3323 rerum
2561 3268 3040 3339 explicandarum
3079 3268 3417 3322 necessitate
3441 3274 3528 3322 est
3557 3272 3794 3322 coactus

2085 3376 2393 3432 exponere.

2191 3466 2476 3537 (/)Isid0ri
2506 3465 2835 3537 liispalensis
2868 3465 3051 3590 ιίΙΞ-ἰίε
3082 3464 3173 3520 Ill.
3210 3464 3417 3519 Eccles.
3452 3464 3677 3535 Script,

2849 3553 2895 3590 c.
3008 3578 3019 3590 .

2849 3553 2895 3591 ϐ.
2928 3553 3019 3590 ΖΙ.

2153 3626 2462 3696 Gregorius
2496 3642 2660 3695 papa,
2688 3626 2958 3680 Romana)
2995 3625 3148 3679 sedis
3190 3623 3521 3693 apostolicre
3556 3622 3793 3693 praesul,

2085 3717 2531 3787 compunctione
2563 3715 2787 3769 timoris
2820 3714 2917 3768 Dei
2946 3714 3246 3784 plenus,et
3276 3713 3605 3768 humilitate
3626 3729 3791 3768 sum-

2084 3822 2238 3870 mus,
2268 3809 2612 3871 tantumque
2646 3819 2740 3872 per
2772 3803 3020 3871 gratiam
3047 3802 3499 3869 sanctiSpiritus
3533 3802 3789 3857 scientias

2085 3893 2310 3948 lumine
2358 3894 2655 3963 praeditus,
2693 3901 2891 3945 utnon
2926 3892 3097 3945 modo
3131 3890 3211 3944 illi
3249 3890 3617 3958 praesentium
3642 3896 3794 3943 tem-

2085 4000 2291 4053 porum
2347 3983 2659 4053 quisquam
2720 3981 3173 4044 doctorum,sed
3227 3995 3328 4033 nec
3375 3979 3433 4033 in
3488 3978 3795 4048 praeteritis

2086 4074 2317 4143 quidem
2353 4072 2437 4126 illi
2463 4088 2564 4141 par
2589 4070 3057 4140 fueritunquam.
3093 4069 3275 4124 Hicin
3308 4068 3678 4139 episcopatus
3702 4067 3793 4121 sui

2085 4164 2319 4217 exordio
2365 4160 2543 4216 edidit
2576 4160 2791 4214 librum
2836 4160 3066 4231 Regula;
3119 4157 3456 4222 Pastoralis,
3508 4156 3792 4212 directum

2084 4252 2151 4306 ad
2185 4252 2492 4318 Joannem,
2527 4254 2808 4305 Ravennae
2841 4250 2997 4304 sedis
3025 4248 3385 4319 episcoiium.
3410 4246 3469 4301 ln
3487 4262 3599 4317 quo
3631 4245 3795 4316 quis-

2084 4359 2195 4413 que
2218 4343 2473 4408 docetur,
2497 4340 2691 4411 qualis
2722 4340 2791 4392 ad
2818 4339 3075 4393 officium
3105 4337 3405 4411 regiminis
3436 4336 3651 4403 veniat,
3703 4334 3788 4390 vel

2085 4432 2352 4503 qualiter,
2410 4431 2548 4484 dum
2594 4428 2839 4490 venerit,
2872 4428 3062 4481 vivere
3109 4428 3192 4482 vel
3237 4428 3445 4480 docere
3492 4425 3794 4493 subjectos

2084 4522 2336 4577 studeat.
2371 4518 2529 4575 idem
2566 4518 2767 4585 etiam,
2808 4516 3165 4589 efﬂagitante
3212 4516 3470 4571 Leandre
3495 4515 3793 4586 episcopo,

2081 4611 2297 4667 librum
2358 4610 2506 4665 beati
2564 4610 2668 4664 Joh
2728 4610 2971 4680 mystico
3013 4624 3080 4663 ac
3140 4606 3344 4661 morali
3391 4622 3569 4661 sensu
3613 4606 3793 4659 disse‘

2084 4702 2221 4767 ruit,
2254 4706 2549 4769 totamque
2583 4698 2897 4770 prophetiae
2939 4700 3069 4767 ejus
3112 4697 3418 4753 historiam
3453 4697 3511 4751 in
3562 4696 3797 4764 triginta

2085 4789 2344 4861 quinque
2370 4788 2762 4843 voluminibus
2794 4788 2955 4859 largo
2986 4787 3327 4857 eloquentia
3351 4786 3505 4840 fonte
3536 4782 3789 4852 explica-

2084 4881 2197 4935 vit:
2232 4880 2291 4933 in
2323 4878 2536 4949 quibus
2567 4879 2799 4949 quidem
2829 4882 3050 4949 quanta
3075 4875 3349 4946 mysteria
3380 4874 3791 4928 sacramento-

2085 5028 2409 5100 septiformi
2433 5028 2593 5100 apud
2614 5028 2781 5096 Greg.
2816 5028 3033 5100 'I_‘uron.
3067 5026 3159 5100 hic
3189 5024 3527 5100 excudenda
3556 5021 3787 5100 censui-

2085 5094 2237 5168 mus,
2272 5101 2423 5173 quod
2453 5094 2509 5154 in
2544 5099 2631 5173 bis
2664 5094 2795 5154 cum
2829 5097 3352 5173 JoanneDiacono,
3388 5094 3665 5173 imo-cum
3702 5096 3789 5165 ip-

2085 5165 2355 5228 somet's.
2381 5171 2663 5243 Gregorio
2688 5186 2801 5223 non
2823 5168 3147 5223 conveniat.
3188 5166 3489 5221 Dissensus
3517 5165 3674 5221 illius
3703 5182 3795 5220 ra-

2084 5244 2303 5299 tionem
2328 5243 2466 5297 alibi
2502 5241 2833 5297 attulimus.

2158 5316 2227 5386 (ι)
2262 5314 2581 5386 Beccensis,
2606 5316 2673 5365 de
2696 5321 2855 5381 portu
2882 5325 2899 5386 ς
2934 5307 3191 5386 plerique
3217 5308 3379 5386 editi,
3404 5309 3470 5386 εἰς
3500 5316 3676 5386 porta.
3699 5309 3793 5386 Sg-

2088 5378 2325 5456 qu'imur
2360 5384 2673 5456 editionem
2696 5378 2899 5456 nostri
2934 5384 2997 5436 D.
3037 5378 3387 5456 Theo_derici_
3428 5380 3692 5456 Ruinart.
3724 5381 3798 5456 De

2083 5451 2237 5527 ῥυνιο
2282 5457 2422 5509 forte
2466 5453 2758 5527 significat
2789 5451 3124 5527 diaconum
3176 5452 3439 5507 Ecclesiae
3466 5451 3793 5527 Turon._ad

2086 5522 2318 5598 portum
2354 5522 2687 5579 sacris’cum
2723 5522 3358 5598 reliquiisdeductum,
3382 5522 3795 5598 ut_legiturlib.

2086 5594 2105 5652 ἱ
2135 5601 2203 5651 de
2235 5599 2429 5652 Gloria
2454 5599 2774 5665 Martyrum
2808 5610 2859 5648 c.
2883 5595 2972 5662 83,
2997 5594 3131 5651 inde
3163 5596 3405 5651 rediisse
3437 5596 3702 5658 Romam,
3736 5599 3797 5647 ut

2088 5669 2141 5726 S.
2178 5669 2433 5741 Gregorii
2459 5666 2881 5741 ordinationem
2934 5669 3187 5741 prepriis
3218 5669 3404 5724 oculis
3462 5670 3791 5737 usurparet.

2160 5742 2228 5815 (Γ)
2252 5737 2316 5801 Ξῖ
2340 5739 2601 5814 Gregorii
2630 5737 2784 5798 tetati
2816 5737 3035 5812 suppar
3057 5740 3181 5795 fuit.

3396 5842 3469 5897 i6
