4086 6166
358 245 468 306 491

1116 239 1601 304 TESTIMONIA
1646 240 1741 300 ET
1787 239 2074 300 ELOGIA
2117 238 2218 299 DE
2260 237 2325 298 S.
2375 235 2771 298 GREGORIO
2818 236 3116 297 MAGNO.

3725 235 3823 298 492

352 393 485 433 rum
516 376 871 448 aperiantur,
904 379 1125 447 quanta
1152 380 1291 432 sunt
1320 376 1376 430 in
1401 390 1660 430 amorem
1691 374 1819 429 vitas
1836 377 2058 428 internis
2088 378 2142 443 Α
2172 374 2400 446 cognati
2430 373 2640 428 virtute
2669 373 2992 428 devotionis
3015 373 3296 428 exercuit.
3330 374 3683 431 Nobilitatem
3714 392 3827 431 vero

352 481 581 522 morum
631 468 939 538 precepts,
985 465 1072 520 vel
1130 469 1351 536 quanta
1410 464 1664 519 clareant
1722 468 2065 518 ornamenta

353 557 686 623 verborum,
736 571 906 611 nemo
956 554 1189 626 sapiens
1229 552 1517 625 explicare
1553 551 1785 618 valebit,
1834 553 2063 607 etiamsi

357 662 558 702 omnes
589 650 747 701 artus
770 646 900 715 ejus
932 649 1232 700 vertantur
1254 644 1312 697 in
1335 643 1587 712 linguas.
1623 641 2061 712 Scripsitetiam

355 743 410 791 et
441 736 729 808 quaedam
750 733 1029 804 epistolas
1048 734 1119 786 ad
1144 732 1482 802 praedictum
1515 731 1859 797 Leandrum,
1880 747 1910 786 e
1941 732 2066 802 qui-

358 825 469 881 bus
529 840 705 881 unam
770 824 827 878 in
859 823 1076 877 eisdem
1135 820 1298 875 libris
1348 821 1456 876 Job
1496 820 1664 876 titulo
1710 821 2063 892 praefationis

357 915 631 970 adnectit.
663 913 862 968 Altera
891 911 1145 981 loquitur
1167 911 1238 966 de
1270 911 1559 966 mersione
1592 909 1976 981 baptismatis,
2002 911 2061 964 in

361 1021 478 1075 qua
511 1005 661 1058 inter
691 1008 895 1056 cetera
927 1001 1003 1054 ita
1043 1000 1322 1072 scriptum
1345 1005 1460 1055 est:
1505 1021 1534 1048 ‹‹
1567 999 2061 1069 Reprehensibile,

355 1091 570 1161 inquit,
594 1105 723 1145 esse
754 1089 1088 1145 nullatenus
1111 1093 1301 1160 potest
1319 1089 1598 1143 infantem
1633 1088 1690 1142 in
1713 1088 2061 1159 baptismate

356 1195 619 1253 mergere
658 1179 746 1235 vel
805 1179 1013 1247 semel,
1042 1178 1130 1234 vel
1187 1183 1296 1246 ter,
1330 1179 1560 1249 quando
1591 1177 1650 1233 in
1690 1179 1878 1234 tribus
1910 1195 2062 1234 mer-

353 1269 621 1328 sionibus
646 1283 1026 1342 personarum
1053 1267 1332 1334 Trinitas,
1358 1274 1414 1323 et
1447 1267 1507 1323 in
1541 1285 1658 1322 una
1691 1272 1882 1339 potest
1904 1267 2061 1322 divi-

354 1361 564 1416 nitatis
593 1358 978 1431 singularitas
1011 1358 1326 1430 designari.
1356 1376 1382 1408 ι
1420 1358 1622 1412 Fertur
1661 1361 1858 1412 tamen
1904 1359 2058 1412 idem

353 1448 883 1506 excellentissimus
929 1448 1036 1514 vir,
1069 1453 1124 1502 et
1172 1447 1316 1502 alios
1363 1446 1545 1502 libros
1579 1447 1829 1503 morales
1869 1447 2062 1518 scrip—

354 1539 524 1605 sisse,
556 1542 857 1607 totumque
897 1541 1118 1593 textum
1152 1540 1401 1608 quatuor
1442 1536 1888 1608 Evangeliorum
1938 1553 2060 1592 ser-

355 1631 727 1697 mocinando,
758 1629 817 1685 in
859 1629 1093 1701 populis
1123 1629 1480 1700 exposuisse,
1513 1627 1875 1698 incognitum
1909 1628 2062 1683 scili-

2173 462 2333 517 illam
2367 478 2543 533 quam
2576 463 2646 516 ad
2679 462 2955 517 saeculum
2988 462 3290 517 videbatur
3321 462 3538 530 habere,
3580 470 3740 519 totam
3770 466 3830 520 ad

2175 553 2627 608 nanciscendam
2668 569 2934 623 supernis
2999 552 3244 623 gloriam
3286 552 3594 624 dignitatis,
3659 556 3834 611 divina

2169 641 2355 711 gratia
2389 641 2688 712 largiente,
2723 643 3019 696 convertit.
3047 641 3192 696 Nam
3229 647 3445 697 mutato
3488 649 3704 714 repente
3742 661 3834 698 sae-

2171 729 2354 784 culari
2390 731 2611 798 habitu,
2647 731 3068 785 monasterium
3109 728 3292 801 petiit,
3326 732 3378 785 in
3407 748 3516 801 quo
3547 737 3696 787 tanta
3724 750 3833 803 per-

2173 820 2440 874 fectionis
2472 821 2648 887 gratia
2684 820 2857 889 etrapit
2884 820 3241 887 conversari,
3269 825 3331 873 ut
3353 822 3500 874 sicut
3529 821 3645 892 ipse
3666 827 3840 891 postea

2173 909 2496 964 contristari
2530 910 2751 964 solebat
2793 909 2994 963 flendo
3026 910 3284 977 (Proazm.
3327 911 3420 964 lib.
3449 927 3466 964 ι
3517 911 3698 980 Dial.),
3728 913 3837 966 ani-

2173 1014 2265 1055 mo
2312 1000 2468 1055 illius
2511 999 2766 1054 labentia
2816 1007 3026 1054 cuncta
3081 1001 3282 1054 subter
3328 1005 3530 1066 essent,
3583 1005 3641 1055 ut
3686 1002 3838 1055 rebus

2172 1091 2448 1144 omnibus
2471 1105 2592 1159 quas
2613 1089 2926 1144 volvuntur
2963 1088 3262 1156 emineret,
3288 1105 3580 1159 nunquam
3608 1090 3710 1145 nisi
3735 1107 3836 1145 coa-

2169 1181 2340 1236 lestia
2389 1180 2642 1250 cogitare
2699 1178 2938 1234 soleret:
2976 1185 3033 1233 ut
3080 1179 3256 1233 etiam
3319 1183 3568 1235 retentus
3614 1196 3826 1251 corpore

2171 1269 2447 1341 ipsajam
2515 1268 2703 1323 carnis
2732 1269 2986 1323 claustra
3035 1269 3515 1339 contemplatione
3564 1270 3835 1335 transiret;

2175 1364 2238 1414 ut
2270 1363 2510 1414 mortem
2545 1373 2793 1428 quoque,
2819 1374 2948 1428 quas
2973 1373 3118 1427 pene
3146 1359 3369 1413 cunctis
3394 1375 3555 1429 poena
3572 1364 3672 1426 est,
3703 1360 3838 1413 vide-

2171 1449 2304 1503 licet
2362 1456 2422 1501 ut
2472 1448 2796 1516 ingressum
2857 1447 3006 1506 vitae.
3061 1451 3120 1502 et
3180 1446 3397 1502 laboris
3445 1449 3533 1502 sui
3571 1449 3838 1518 premium

2174 1539 2415 1592 amaret.
2450 1534 2579 1589 Haac
2627 1539 2821 1590 autem
2857 1535 2980 1606 ipse
3013 1534 3083 1590 de
3113 1551 3196 1602 se,
3248 1552 3362 1590 non
3405 1538 3711 1606 profectum
3739 1539 3841 1607 jac-

2171 1626 2347 1681 tando
2371 1625 2668 1688 virtutum,
2699 1625 2797 1678 sed
2845 1625 3114 1679 deﬂendo
3138 1623 3329 1694 potius
3362 1625 3660 1691 defectum,
3691 1643 3843 1697 quem

355 1724 449 1778 cet
479 1718 649 1775 nobis
681 1735 850 1790 opus.
884 1717 1042 1774 Felix
1071 1723 1286 1784 tamen,
1323 1717 1569 1773 nimium
1605 1717 1759 1781 felix,
1795 1717 1894 1789 qui
1925 1734 2060 1772 om-
2096 1750 2144 1815 Β
2174 1714 2285 1771 sibi
2325 1732 2426 1782 per
2462 1731 2658 1769 curam
2700 1714 3048 1784 pastoralem
3088 1714 3406 1770 incurrisse
3441 1717 3740 1782 videbatur,
3767 1734 3847 1773 re-

355 1809 522 1865 nium
554 1809 887 1865 studiorum
905 1809 1032 1877 ejus
1055 1807 1240 1878 potuit
1265 1822 1612 1876 cognoscere
1641 1807 1814 1862 dicta.
1849 1806 2069 1862 Floruit
2096 1804 2142 1815 “’
2177 1805 2327 1860 ferre
2357 1808 2754 1860 consueverat.
2789 1804 3050 1874 Denique
3081 1809 3336 1874 tempore
3383 1807 3627 1875 quodam
3656 1812 3846 1862 secreto

355 1903 551 1954 autem
588 1897 866 1954 Mauricio
899 1898 1269 1968 imperatore,
1297 1896 1554 1968 obiitque
1585 1896 1644 1952 in
1677 1896 1804 1968 ipso
1835 1897 2068 1952 exordio

353 1987 556 2044 Phoce
589 1986 833 2042 Romani
866 1986 1164 2057 principis.

558 2104 784 2159 Joannis
815 2103 1042 2157 Diacom'
1071 2102 1109 2156 ι.
1133 2101 1350 2170 1,0.17,
1380 2101 1445 2156 de
1473 2102 1591 2156 Vita
1619 2099 1670 2155 S.
1707 2101 1859 2172 Greg.

427 2210 740 2283 Gregorius
783 2228 815 2265 a
866 2210 1065 2266 multis
1115 2210 1283 2266 enixe
1332 2217 1593 2281 rogatus,
1637 2211 2000 2282 maximeque
2037 2227 2070 2266 a

356 2300 620 2356 Leandro
650 2297 982 2370 Hispalensi
1010 2298 1302 2368 episcopo,
1342 2299 1442 2369 qui
1473 2315 1576 2369 pro
1618 2299 1809 2354 causis
1840 2299 2066 2371 Visigo-

355 2389 587 2446 thorum
645 2388 872 2459 legatus
915 2387 1118 2443 eodem
1171 2391 1432 2457 tempore
1500 2388 2065 2458 ConstantinOpolim

354 2481 613 2542 venerat.
673 2475 1015 2549 compulsus
1045 2481 1131 2532 est
1174 2483 1234 2531 ut
1269 2476 1482 2530 librum
1520 2476 1664 2531 beati
1700 2477 1829 2546 Job,
1866 2479 2071 2534 multis

357 2566 685 2623 involutum
711 2565 1342 2638 mysteriis,enodaret.
1376 2565 1574 2638 Neque
1608 2565 1703 2622 ille
1736 2583 1946 2637 negare
1969 2585 2070 2639 po«

357 2656 472 2712 tuit
512 2671 661 2727 opus
705 2655 859 2726 quod
895 2653 1003 2709 sibi
1045 2670 1210 2710 amor
1239 2655 1530 2710 fraternus
1561 2654 1761 2710 multis
1795 2655 1935 2711 utile
1967 2657 2072 2711 im-

359 2747 611 2817 ponebat
655 2746 952 2810 futurum;
991 2744 1089 2799 sed
1129 2745 1399 2800 eumdem
1443 2743 1679 2812 librum,
1731 2757 1843 2816 quo
1903 2748 2069 2801 modo

353 2835 526 2905 juxta
556 2835 809 2891 litteram
874 2833 1312 2906 intelligendus,
1345 2833 1597 2904 qualiter
1625 2835 1694 2889 ad
1753 2834 1964 2890 Christi
2016 2840 2072 2891 et

358 2924 626 2980 Ecclesiae
689 2927 1062 2980 sacramenta
1095 2924 1464 2990 referendus,
1497 2940 1610 2994 quo
1634 2940 1808 2980 sensu
1849 2926 2073 2980 unicui-

360 3030 473 3084 que
523 3012 785 3069 fidelium
831 3014 907 3069 sit
945 3015 1257 3085 aptandus,
1293 3029 1394 3083 per
1424 3014 1677 3068 trifarias
1709 3014 2070 3085 intelligendi

360 3103 583 3172 species
617 3102 882 3157 miranda
914 3102 1139 3158 ratione
1181 3103 1495 3174 perdocuit,
1529 3101 1586 3157 in
1611 3103 1825 3174 quibus
1873 3109 2066 3160 tamen
2109 3119 2152 3186 ρ

358 3192 438 3248 ita
468 3193 538 3249 de
569 3191 882 3248 virtutibus
911 3191 1181 3264 vitiisque
1201 3191 1496 3257 disseruit,
1532 3197 1596 3247 ut
1626 3209 1738 3247 non
1770 3191 1958 3248 solum
1981 3193 2071 3247 vi-

362 3283 569 3338 deatur
588 3283 789 3337 eadem
827 3280 1019 3336 verbis
1051 3297 1354 3351 exponere,
1407 3281 1506 3337 sed
1540 3281 1741 3337 formis
1787 3283 2070 3353 quodam-

359 3375 527 3431 modo
557 3372 885 3430 visibilibus
917 3388 1016 3429 seu
1049 3371 1443 3446 palpabilibus
1476 3374 1899 3429 demonstrare.

361 3494 437 3563 (a)
469 3491 798 3548 Venerabilis
830 3493 990 3549 Beda?
1030 3493 1123 3548 lib.
1178 3509 1219 3546 ιι
1278 3495 1486 3548 Hister.
1546 3491 1687 3546 Eccl.
1739 3494 1919 3560 gentis
1962 3493 2070 3547 An-

1020 3583 1261 3652 glorum,
1283 3597 1326 3636 ο.
1357 3583 1408 3637 1.

434 3694 600 3746 Anno
632 3690 946 3746 Dominicaa
980 3688 1409 3745 lncarnationis
1440 3688 1864 3745 sexcentesimo
1897 3690 2068 3760 quin-

365 3785 447 3848 to,
480 3780 685 3836 beatus
701 3796 852 3852 papa
882 3779 1218 3851 Gregorius,
1247 3783 1551 3849 postquam
1577 3778 1774 3833 sedem
1801 3779 2070 3834 Romanae

363 3872 422 3926 et
457 3869 786 3940 apostolicae
832 3868 1101 3925 Ecclesia:
1131 3869 1408 3924 tredecim
1453 3884 1660 3934 annos,
1694 3883 1922 3924 menses
1972 3885 2072 3923 sex

362 3963 418 4014 et
441 3958 564 4014 dies
604 3959 806 4014 decem
839 3957 1265 4028 gloriosissime
1298 3956 1464 4024 rexit,
1498 3957 1806 4012 defunctus
1849 3965 1958 4015 est,
1992 3965 2073 4011 at-

365 4062 476 4117 que
505 4047 574 4101 ad
608 4051 884 4102 aaternam
923 4045 1081 4116 regni
1116 4043 1360 4100 coelestia
1389 4045 1587 4098 sedem
1621 4043 1960 4099 translatus.
1996 4048 2072 4099 De

367 4152 482 4208 quo
542 4151 646 4191 nos
693 4134 983 4203 convenit,
1017 4134 1172 4206 quod
1205 4139 1488 4200 nostram,
1524 4132 1580 4186 id
1619 4137 1705 4186 est
1735 4131 2071 4201 Ar-glorum,

367 4229 596 4296 gentem
646 4225 717 4279 de
775 4229 1056 4294 potestate
1092 4227 1318 4278 Satanas
1351 4223 1420 4276 ad
1472 4221 1643 4275 fidem
1695 4221 1910 4277 Christi
1969 4238 2075 4278 sua

364 4312 656 4366 industria
685 4312 982 4380 convertit,
1015 4311 1278 4367 latiorem
1314 4311 1370 4366 in
1398 4315 1598 4366 nostra
1620 4309 1860 4365 historia
1897 4311 2076 4367 eccle-

370 4396 609 4454 siastica
650 4397 837 4452 facere
875 4413 1228 4453 sermonem.
1263 4399 1444 4462 Quem
1481 4401 1632 4451 recte
1681 4401 1945 4451 nostrum
1980 4415 2074 4468 ap-

2178 1913 2310 1951 cum
2372 1895 2614 1950 diacono
2671 1910 2777 1948 suo
2856 1895 3026 1948 Petro
3085 1895 3450 1966 colloquens,
3527 1897 3846 1951 enumeratis

2177 1985 2354 2040 animi
2384 1985 2473 2038 sui
2505 1982 2816 2038 virtutibus
2837 1983 3068 2054 priscis,
3097 2001 3229 2039 mox
3260 1984 3513 2040 dolendo
3542 1985 3846 2055 subjunxit:

2179 2094 2209 2126 ‹‹
2241 2077 2311 2129 At
2343 2090 2497 2128 nunc
2527 2089 2592 2128 ex
2626 2071 2931 2128 occasione
2988 2088 3140 2127 curas
3174 2073 3485 2144 pastoralis
3515 2073 3848 2129 saecularium

2181 2164 2484 2220 hominum
2540 2163 2769 2234 negotia
2803 2162 3034 2232 patitur,
3096 2167 3152 2217 et
3209 2169 3339 2232 post
3401 2169 3520 2219 tam
3581 2163 3844 2234 pulchram

2181 2253 2400 2323 quietis
2433 2269 2554 2308 sum
2589 2252 2863 2322 speciem,
2901 2253 3108 2305 terreni
3141 2257 3302 2308 actus
3355 2255 3588 2323 pulvere
3614 2253 3845 2307 foedatur.

2182 2343 2442 2412 Cumque
2478 2358 2580 2412 pro
2611 2341 3104 2396 condescensione
3154 2341 3476 2398 multorum
3509 2359 3566 2399 se
3608 2343 3672 2398 ad
3713 2347 3852 2397 exte-

2181 2434 2335 2487 riora
2367 2431 2667 2503 sparserit,
2698 2432 2873 2485 etiam
2907 2447 3037 2486 cum
3076 2432 3356 2487 interiora
3391 2434 3621 2504 appetit,
3643 2433 3705 2487 ad
3751 2432 3852 2485 haec

2181 2521 2568 2595 proculdubio
2624 2521 2812 2576 minor
2896 2521 3063 2575 redit.
3126 2522 3432 2592 Perpendo
3513 2524 3688 2592 itaque
3736 2521 3852 2592 quid

2181 2613 2379 2677 tolero,
2417 2611 2707 2682 perpendo
2752 2610 2887 2679 quid
2942 2609 3137 2676 amisi;
3171 2612 3435 2682 dumque
3487 2613 3702 2667 intueor
3729 2610 3851 2663 illud

2183 2703 2336 2775 quod
2363 2701 2613 2772 perdidi,
2643 2701 2706 2754 fit
2736 2699 2844 2755 hoc
2876 2701 3112 2768 gravius
3144 2702 3297 2771 quod
3317 2707 3508 2771 porto.
3543 2727 3567 2750 ››
3603 2701 3762 2770 (Ibid)

2256 2794 2384 2847 llasc
2417 2793 2654 2861 quidem
2683 2797 2917 2845 sanctus
2949 2789 3030 2844 vir
3060 2805 3128 2844 ex
3163 2807 3392 2861 magnas
3432 2791 3755 2846 humilitatis
3783 2789 3856 2844 in-

2182 2883 2440 2939 tentione
2470 2881 2722 2946 dicebat,
2756 2880 2855 2934 sed
2907 2896 3012 2936 nos
3070 2881 3304 2936 credere
3338 2882 3511 2938 decet
3554 2881 3689 2937 nihil
3742 2895 3858 2936 eum

2183 2971 2536 3028 monachica
2596 2970 2967 3040 perfectionis
3027 2971 3376 3042 perdidisse,
3409 2973 3702 3028 occasione
3731 2987 3857 3026 curis

2184 3063 2530 3135 pastoralis;
2564 3061 2680 3116 imo
2717 3062 2993 3129 potiorem
3029 3066 3166 3116 tunc
3202 3065 3536 3135 sumpsisse
3569 3063 3858 3135 profectum

2184 3154 2254 3208 de
2286 3152 2482 3208 labore
2512 3151 2908 3207 conversionis
2955 3151 3296 3216 multorum,
3330 3171 3513 3225 quam
3549 3154 3616 3208 de
3646 3152 3860 3223 prapriie

2177 3241 2474 3311 quondam
2497 3239 2690 3309 quiete
2713 3239 3108 3294 conversionis
3123 3240 3432 3310 habuerat,
3454 3243 3696 3297 maxime
3724 3239 3857 3312 quod

2176 3333 2232 3382 et
2263 3326 2583 3398 pontificali
2612 3327 2848 3382 functus
2881 3327 3093 3396 officio,
3127 3327 3372 3384 domum
3407 3346 3572 3385 suam
3598 3335 3857 3384 monaste-

2179 3417 2328 3471 rium
2362 3415 2549 3471 facere
2580 3415 2820 3470 curavit.
2856 3416 2924 3470 Et
2955 3417 3094 3470 dum
3132 3416 3393 3484 primum
3427 3420 3497 3474 de
3539 3416 3855 3474 monasterio

2178 3507 2524 3572 abstractus,
2577 3506 2646 3559 ad
2682 3504 3070 3559 ministerium
3101 3504 3301 3560 altaris
3347 3507 3674 3572 ordinatus,
3707 3512 3858 3577 atque

2179 3595 2734 3666 Constantinopolim
2797 3596 3208 3665 apocrisiarius
3249 3596 3320 3650 ab
3385 3597 3696 3667 apostolica
3744 3595 3860 3651 sede

2181 3684 2432 3738 directus
2465 3690 2571 3749 est,
2605 3698 2718 3737 non
2771 3687 2964 3736 tamen
3001 3683 3056 3737 in
3090 3687 3318 3740 terreno
3375 3690 3741 3742 conversatus
3771 3701 3861 3754 pa-

2183 3772 2345 3838 latio,
2411 3771 2766 3841 propositum
2827 3771 2961 3824 vita:
3041 3772 3297 3828 caelestis
3362 3774 3693 3830 intermisit.
3742 3773 3867 3826 Nam

2182 3863 2465 3933 quosdam
2492 3862 2731 3915 fratrum
2765 3877 2832 3916 ex
2863 3862 3214 3916 monasterio
3259 3878 3389 3930 suo,
3424 3865 3523 3936 qui
3554 3880 3679 3919 eum
3706 3862 3868 3935 gratia

2181 3967 2471 4022 germanas
2504 3951 2801 4005 charitatis
2833 3951 2901 4004 ad
2940 3951 3157 4021 regiam
3193 3953 3398 4008 urbem
3434 3954 3617 4009 secuti
3640 3959 3787 4017 sunt,
3818 3951 3865 4004 in

2184 4046 2576 4096 tutamentum
2629 4039 2804 4111 ccepit
2860 4040 3239 4095 observantiae
3299 4043 3589 4114 regularis
3650 4043 3866 4097 habere:

2183 4132 2466 4196 videlicet,
2501 4135 2564 4184 ut
2607 4147 2809 4185 eorum
2843 4146 3068 4200 semper
3098 4131 3380 4203 exemplo,
3417 4135 3568 4189 sicut
3601 4133 3720 4205 ipse
3748 4131 3869 4186 scri-

2183 4221 2283 4283 bit.
2318 4220 2384 4274 ad
2427 4219 2703 4274 orationis
2735 4220 3027 4289 placidum
3064 4219 3226 4275 littus
3258 4221 3432 4291 quasi
3465 4223 3725 4277 anchorae
3757 4222 3873 4275 fune

2180 4309 2794 4380 restringeretur,cum
2830 4309 3162 4365 incessabili
3187 4326 3500 4366 causarum
3535 4312 3869 4367 saecularium

2183 4399 2440 4468 impulsu
2500 4398 2827 4464 fluctuaret,
2882 4415 3344 4470 concussamque
3403 4401 3603 4456 saaculi
3668 4399 3869 4456 actibus

370 4485 588 4557 pellare
645 4500 961 4555 possumus
1019 4491 1076 4541 et
1151 4487 1431 4541 debemus
1499 4486 1854 4555 apostolum,
1915 4488 2074 4558 quia,
2108 4496 2154 4559 Ι)
2190 4494 2442 4545 mentem
2477 4488 2626 4544 inter
2654 4505 2751 4544 eos
2779 4488 3041 4558 quotidie
3073 4503 3174 4559 per
3205 4491 3483 4546 studiosae
3515 4490 3772 4546 lectionis
3799 4503 3878 4541 ro-

371 4591 507 4631 cum
541 4574 798 4645 primum
831 4575 890 4630 in
949 4579 1073 4630 toto
1105 4577 1244 4630 orbe
1283 4583 1503 4646 gereret
1551 4577 1973 4647 pontificatum,
2024 4582 2080 4632 et

372 4665 666 4722 conversis
683 4664 1036 4734 jamdudum
1065 4665 1135 4719 ad
1161 4664 1336 4720 fidem
1355 4665 1610 4721 veritatis
1628 4672 1778 4721 esset
1801 4666 2077 4737 praelatus

370 4759 429 4812 in
460 4754 738 4822 Ecclesia,
771 4759 1026 4808 nostram
1066 4761 1294 4824 gentem
1319 4759 1556 4809 eatenus
1591 4755 1760 4810 idolis
1781 4755 2078 4824 mancipa-

371 4851 487 4901 tam
505 4844 716 4901 Christi
753 4843 886 4899 fecit
920 4843 1236 4899 Ecclesiam
1265 4860 1276 4896 :
1303 4844 1380 4898 ita
1411 4849 1475 4897 ut
1493 4845 1876 4914 apostolicum
1913 4845 2080 4901 illum

374 4936 444 4992 de
464 4952 530 4992 eo
561 4935 733 4991 liceat
765 4932 934 4990 nobis
966 4934 1223 5006 proferre
1254 4949 1604 5001 sermonem,
1640 4935 1778 5004 quia
1809 4935 1915 4990 etsi
1953 4935 2083 4992 aliis

371 5041 486 5082 non
519 5029 604 5080 est
631 5022 950 5094 apostolus,
983 5025 1079 5078 sed
1117 5027 1310 5078 tamen
1344 5021 1512 5078 nobis
1544 5026 1631 5076 est
1681 5039 1692 5075 :
1727 5023 1863 5077 Nam
1891 5027 2084 5093 signa-

375 5115 559 5168 culum
594 5116 930 5184 apostolatus
959 5113 1074 5184 ejus
1116 5128 1214 5168 nos
1261 5127 1445 5168 sumus
1478 5113 1534 5166 in
1596 5111 1819 5167 Domino
1851 5114 1900 5180 (I
1957 5113 2080 5169 Cor.

380 5219 455 5266 1x,
490 5204 572 5268 2).
609 5203 739 5257 Erat
771 5209 962 5258 autem
991 5206 1224 5259 natione
1258 5202 1576 5267 Romanus,
1626 5217 1693 5258 ex
1741 5210 1898 5271 patre
1951 5204 2084 5257 Gor-

381 5290 578 5354 diano,
603 5306 788 5362 genus
810 5309 843 5346 a
873 5293 1100 5363 proavis
1135 5309 1249 5349 non
1271 5292 1459 5348 solum
1493 5292 1708 5362 nobile,
1731 5292 1832 5347 sed
1864 5295 1920 5347 et
1951 5292 2085 5347 reli-

379 5379 629 5453 giosum,
652 5381 888 5436 ducens.
911 5382 1127 5439 Deinde
1159 5382 1335 5450 Felix,
1360 5384 1624 5454 ejusdem
1659 5383 1811 5438 sedis
1848 5385 2082 5454 aposto-

383 5469 506 5524 licia
536 5470 831 5539 quondam
865 5472 1194 5541 episcopus,
1226 5475 1312 5527 vir
1347 5488 1570 5544 magnae
1605 5472 1802 5544 glorias
1834 5473 1891 5526 in
1925 5471 2085 5526 Chri-

379 5567 468 5615 sto
498 5562 554 5615 et
585 5559 642 5614 in
695 5558 970 5624 Ecclesia,
1001 5559 1102 5613 fuit
1132 5562 1261 5630 ejus
1292 5568 1513 5617 atavus.
1542 5563 1653 5617 Sed
1680 5568 1736 5617 et
1766 5564 1892 5634 ipse
1925 5562 2085 5617 nohi-

380 5650 605 5704 litatem
643 5645 941 5717 religionis
993 5662 1106 5701 non
1157 5648 1433 5704 minorem
1467 5665 1641 5722 quam
1701 5656 1970 5722 parente
2030 5655 2086 5707 et

2191 4581 2420 4634 boraret
2450 4577 2790 4648 alloquium.

2260 4668 2476 4722 Horum
2510 4683 2644 4737 ergo
2703 4666 2990 4721 consortio
3042 4682 3154 4721 non
3210 4667 3404 4722 solum
3459 4685 3492 4722 a
3542 4666 3778 4724 terrenis
3806 4670 3878 4718 est

2194 4757 2458 4812 munitus
2488 4755 2841 4822 incursibus,
2893 4770 3088 4810 verum
3133 4755 3303 4811 etiam
3358 4757 3431 4812 ad
3467 4757 3716 4812 ccelestis
3765 4755 3874 4806 vita

2193 4848 2466 4904 exercitia
2525 4847 2708 4916 magis
2741 4847 3045 4917 magisque
3089 4863 3432 4901 succensus.
3494 4849 3637 4903 Nam
3687 4843 3876 4900 hortati

2194 4941 2332 4991 sunt
2361 4952 2490 4990 eum
2525 4935 2818 4989 utlibrum
2857 4935 3004 4990 beati
3027 4935 3157 4996 Job,
3182 4937 3416 5008 magnis
3442 4935 3764 4992 involutum
3791 4932 3880 4986 ob-

2195 5025 2591 5092 scuritatibus,
2625 5023 2870 5095 mystica
2901 5023 3379 5096 interpretatione
3413 5024 3763 5088 discuteret;
3797 5034 3884 5074 ne-

2195 5130 2308 5186 que
2339 5129 2552 5184 negare
2605 5113 2787 5183 potuit
2835 5129 2981 5182 Opus
3014 5114 3164 5183 quod
3225 5115 3333 5169 sibi
3397 5113 3688 5167 fraternus
3737 5123 3883 5165 amor

2197 5203 2395 5259 multis
2429 5203 2567 5258 utile
2591 5203 2850 5258 futurum
2877 5202 3226 5274 imponebat.
3249 5201 3359 5258 Sed
3386 5203 3664 5258 eumdem
3686 5199 3880 5256 librum

2197 5293 2488 5365 quomodo
2536 5293 2700 5361 juxta
2733 5291 2980 5346 litteram
3031 5291 3472 5363 intelligendus,
3535 5290 3778 5360 qualiter
3821 5285 3879 5340 ad

2196 5381 2408 5436 Christi
2440 5386 2495 5436 et
2526 5380 2792 5435 Ecclesiae
2817 5386 3185 5436 sacramenta
3203 5380 3563 5448 referendus,
3599 5395 3706 5450 quo
3729 5389 3882 5432 sensu

2199 5471 2513 5541 unicuique
2545 5469 2804 5525 fidelium
2838 5471 2912 5524 sit
2957 5471 3271 5539 aptandus,
3297 5485 3397 5540 per
3446 5469 3686 5540 triginta
3726 5466 3885 5537 quin-

2198 5578 2306 5630 que
2350 5561 2525 5616 libros
2571 5559 2945 5629 expositionis
2979 5560 3240 5616 miranda
3299 5558 3526 5615 ratione
3579 5554 3888 5628 perdocuit.

2199 5649 2360 5717 Quod
2394 5649 2658 5706 videlicet
2689 5666 2832 5721 opus
2865 5651 2921 5706 in
2957 5650 3113 5722 regia
3145 5649 3386 5720 quidem
3422 5647 3568 5702 urbe
3591 5644 3887 5717 apocrisia-

455 5736 532 5808 (a)
564 5735 782 5793 Floruit
838 5734 1138 5791 desinente
1187 5750 1314 5792 sec.
1348 5752 1424 5793 vn
1455 5741 1510 5795 st
1533 5737 1646 5794 fere
1678 5754 1779 5811 per
1809 5741 1876 5795 35
1901 5756 2086 5799 annos
2118 5739 2314 5800 saeculi
2344 5755 2463 5797 vni.
