4086 6166
244 293 350 351 493
995 285 1470 352 TESTIMONIA
1514 287 1614 348 ET
1659 284 1943 347 ELOGIA
1988 283 2091 344 DE
2135 285 2200 344 S.
2253 284 2651 346 GREGORIO
2696 286 2988 351 MAGNO.
3632 302 3749 365 494

238 429 346 484 rius
373 427 690 497 inchoavit,
713 428 907 485 Romae
940 431 1135 484 autem
1156 428 1278 496 jam
1311 428 1498 483 factus
1531 425 1789 496 pontifex
1819 425 1931 479 im-
1963 429 2014 496 Α
2046 423 2199 494 quod
2237 440 2338 479 nec
2371 428 2528 478 tanto
2562 425 2753 495 potuit
2781 428 3040 497 corporis
3079 430 3275 489 dolore
3298 437 3750 511 restringi.Nam

243 519 427 591 plevit.
461 520 570 585 Qui
599 535 734 575 cum
784 523 940 574 esset
982 518 1174 574 adhuc
1225 519 1284 572 in
1321 519 1459 574 urbe
1506 517 1664 589 regia
1694 517 1937 587 positus,
2051 512 2147 566 alii
2170 513 2402 582 quidem
2437 514 2738 583 pontiﬁces
2760 522 3168 578 construendis
3192 527 3588 599 ornandisque
3611 549 3748 589 auro

248 614 571 664 nascentem
621 608 699 664 ibi
733 624 940 663 novam
988 606 1253 663 haeresim
1287 607 1356 663 de
1402 611 1557 662 statu
1608 611 1815 660 nostris
1849 621 1942 660 re-
2051 601 2138 654 vel
2169 607 2404 673 argento
2427 603 2686 660 ecclesiis
2717 622 2953 676 operam
2977 610 3227 667 dabant:
3265 614 3357 669 hic
3379 623 3572 675 autem
3603 629 3752 679 totus

249 698 638 762 surrectionis,
669 698 728 752 in
760 698 906 768 ipso,
940 714 1054 768 quo
1086 709 1279 754 exorta
1309 701 1417 757 est,
1470 695 1656 764 initio,
1700 697 1942 766 juvante
2051 705 2188 762 erga
2209 692 2531 746 animarum
2566 692 2723 748 lucra
2747 698 3002 753 vacabat.
3039 700 3327 774 Quidquid
3355 711 3611 777 pecunia
3645 712 3752 768 ha-

249 804 304 843 se
333 787 522 858 gratia
552 786 849 844 catholicas
881 787 1162 854 veritatis,
1195 786 1437 841 attrivit.
1469 786 1526 840 Si
1559 786 1793 856 quidem
1827 790 1942 840 Eu-
2051 780 2276 848 buerat,
2311 783 2543 837 sedulus
2590 782 2697 837 hoc
2747 785 3082 859 dispergere
3112 808 3177 845 ac
3227 794 3362 850 dare
3396 802 3753 871 pauperibus

247 877 487 948 tychius’
523 880 783 948 ejusdem
816 877 974 934 urbis
1005 877 1337 948 episcopus,
1369 876 1790 948 dogmatizabat
1821 892 1944 930 cor-
2052 872 2312 938 curabat,
2340 875 2402 924 ut
2422 873 2639 941 justitia
2669 874 2786 943 ejus
2814 888 3059 933 maneret
3087 881 3148 934 in
3176 886 3441 941 saeculum
3469 892 3678 961 saeculi,
3703 900 3756 948 et

246 986 346 1041 pus
368 973 642 1025 nostrum
664 969 724 1024 in
746 968 850 1024 illa
873 968 1308 1024 resurrectionis
1331 969 1515 1039 gloria
1540 964 1938 1039 impalpabile,
2051 973 2219 1012 cornu
2260 961 2373 1029 ejus
2403 961 2744 1014 exaltaretur
2792 966 2850 1018 in
2878 965 3058 1034 gloria
3087 970 3254 1037 (Psal.
3290 989 3402 1038 cx},
3433 976 3490 1046 8)
3517 993 3530 1029 :
3563 978 3644 1034 ita
3695 984 3757 1034 ut

241 1059 442 1129 ventis,
473 1075 715 1128 aereque
745 1058 1018 1115 subtilius
1048 1073 1176 1113 esse
1206 1058 1490 1111 futurum.
1517 1057 1676 1120 Quod
1712 1054 1807 1110 ille
1837 1072 1940 1110 au-
2049 1047 2190 1102 illud
2228 1049 2378 1102 beati
2410 1049 2518 1104 Job
2539 1052 2818 1106 veraciter
2848 1054 3039 1111 dicere
3058 1065 3256 1128 posset
3281 1078 3293 1115 :
3327 1064 3493 1119 Auris
3525 1070 3757 1123 audiens

244 1149 424 1219 diem,
457 1157 511 1203 ει
551 1149 770 1204 talione
821 1147 1077 1204 νοτίιαιίε
1106 1152 1162 1202 οι
1187 1147 1449 1218 exemplo
1499 1146 1818 1201 Dominum
1848 1161 1942 1200 re-
2053 1137 2400 1208 beatiﬁcabat
2429 1155 2539 1207 me,
2564 1145 2615 1194 et
2645 1140 2840 1196 oculus
2869 1143 3056 1200 videns
3086 1149 3463 1208 testimonium
3494 1157 3757 1214 reddebat

241 1239 609 1298 surrectionis
670 1238 936 1310 probavit
999 1238 1107 1294 hoc
1157 1238 1371 1310 dogma
1431 1236 1760 1292 orthodoxae
1812 1236 1847 1289 fi

2140 1227 2209 1292 hi,
2243 1227 2380 1297 quod
2428 1228 2741 1284 liberassem
2770 1247 3069 1303 pauperem
3115 1241 3530 1309 vociferantem,
3564 1252 3616 1300 et
3645 1262 3753 1316 pu-

241 1329 590 1385 omnimodis
619 1345 744 1384 esse
795 1329 1175 1385 contrarium,
1204 1326 1503 1383 Catholica
1550 1328 1762 1383 etenim
1797 1327 1941 1381 ﬁdes
2046 1315 2252 1386 pillum
2284 1316 2376 1370 cui
2413 1333 2523 1372 non
2552 1328 2686 1374 esset
2715 1321 2951 1391 adjutor.
2990 1327 3299 1382 Benedictio
3325 1333 3566 1400 perituri
3593 1350 3755 1404 super

241 1418 406 1475 habet
455 1419 607 1488 quod
657 1433 869 1489 corpus
920 1423 1188 1474 ηοειι-υω
1238 1419 1296 1472 in
1330 1416 1432 1472 ina
1482 1414 1939 1472 immortalitatis
2051 1412 2132 1460 me
2163 1405 2428 1475 veniebat,
2451 1414 2507 1462 et
2535 1425 2629 1464 cor
2657 1411 2837 1468 vidua
2875 1418 3181 1471 consolatus
3228 1435 3371 1476 sum.
3402 1424 3624 1479 Justitia
3665 1429 3754 1481 in-

240 1507 419 1580 gloria
449 1507 856 1576 sublimatum,
891 1507 1107 1563 subtile
1145 1507 1384 1578 quidem
1434 1508 1508 1562 είι
1539 1524 1638 1577 ρει-
1667 1505 1938 1561 enectum
2048 1495 2212 1551 datus
2241 1513 2383 1564 sum,
2414 1503 2469 1553 et
2502 1501 2691 1555 vestivi
2719 1517 2806 1556 me
2830 1502 2969 1558 sicut
2991 1508 3310 1565 vestimento
3336 1520 3389 1567 et
3417 1513 3751 1584 diademate,

239 1597 521 1669 spiritalis
573 1598 870 1668 potentiae,
904 1598 999 1652 sed
1035 1596 1320 1667 palpabile
1354 1614 1455 1668 per
1500 1597 1801 1652 veritatem
1831 1611 1852 1648 ι

2143 1587 2252 1642 ‘icio
2301 1605 2442 1641 meo.
2498 1587 2697 1644 Oculus
2744 1592 2837 1660 fui
2880 1609 3039 1661 caeco,
3091 1603 3141 1650 et
3185 1615 3278 1668 pes
3327 1601 3537 1659 claudo.
3591 1610 3756 1662 Pater

238 1692 396 1754 tura,
425 1688 598 1757 juxta
647 1686 978 1758 exemplum
1023 1686 1305 1742 Dominici
1346 1686 1624 1756 corporis,
1658 1687 1728 1741 de
1758 1701 1871 1756 quo
1905 1701 1938 1739 α
2049 1690 2198 1729 eram
2240 1693 2571 1747 pauperum,
2613 1682 2662 1732 et
2694 1696 2916 1735 causam
2950 1699 3116 1754 quam
3159 1691 3464 1744 nesciebam
3513 1693 3755 1763 diligen-

243 1777 483 1832 mortuis
532 1775 812 1832 suscitato
862 1776 1003 1831 dicit
1051 1776 1176 1846 ipse
1228 1776 1562 1846 discipulis:
1617 1776 1850 1847 Palpate
1891 1781 1940 1828 et
1971 1797 2016 1861 Β
2048 1764 2258 1861 tissime
2304 1769 2716 1861 inuestigabam.
2754 1772 3117 1861 Conterebam
3160 1778 3333 1832 molas
3362 1782 3565 1852 iniqui,
3595 1788 3645 1838 et
3692 1785 3758 1839 de

237 1865 404 1922 videte
437 1868 566 1936 quia
590 1867 819 1936 spiritus
855 1881 1078 1920 carnem
1108 1875 1158 1920 et
1190 1881 1308 1920 ossa
1338 1880 1449 1919 non
1479 1865 1656 1932 habet,
1687 1864 1825 1919 sicut
1856 1878 1938 1917 me
1971 1854 2012 1861 ”
2045 1854 2299 1909 dentibus
2347 1856 2506 1911 illius
2564 1860 2884 1925 auferebam
2929 1864 3173 1933 prwdam
3226 1869 3360 1934 (Job.
3417 1887 3568 1938 xxix,
3606 1873 3665 1927 11
3709 1878 3758 1929 et

235 1957 420 2012 videtis
471 1956 675 2011 habere
725 1956 870 2025 (Luc.
926 1973 1078 2026 XXIV,
1137 1955 1246 2028 39).
1294 1957 1356 2010 In
1399 1956 1567 2026 cujus
1618 1955 1938 2010 assertione
2046 1947 2180 2016 “(D-
2218 1951 2281 1999 Εῐ
2314 1948 2487 2017 ΡᾶυΙο
2537 1954 2702 2018 Post:
2735 1951 2799 2006 δέ
2827 1957 3042 2023 negavi,
3073 1956 3279 2026 inquit,
3315 1961 3456 2029 quod
3485 1963 3758 2027 υοιεῦαηί.

237 2045 359 2100 ﬁdei
394 2044 748 2101 venerabilis
797 2045 967 2100 Pater
1015 2045 1325 2116 Gregorius
1360 2044 1420 2100 in
1471 2050 1704 2100 tantum
1736 2048 1937 2098 contra
2043 2037 2406 2104 Pauperibus,
2440 2044 2490 2091 et
2521 2038 2701 2094 oculos
2738 2040 2921 2097 viduae
2966 2050 3278 2114 exspectare
3303 2051 3430 2116 feci.
3466 2050 3528 2104 Si
3554 2053 3762 2108 comedi

233 2140 565 2191 nascentem
589 2133 856 2190 heresim
891 2150 1096 2190 novam
1123 2134 1384 2190 laborare
1416 2133 1730 2198 contendit,
1755 2137 1937 2187 tanta-
2049 2123 2347 2179 buccellam
2378 2142 2553 2181 meam
2601 2128 2766 2196 δοίης,
2798 2138 2848 2184 et
2889 2148 2997 2186 ηοη
3027 2136 3260 2190 comedit
3300 2139 3549 2208 pupillus
3578 2156 3648 2196 ex
3670 2159 3755 2198 ea.

230 2243 327 2297 que
352 2226 469 2280 hac
503 2225 1060 2294 instantia,juvaute
1089 2225 1263 2279 etiam
1290 2224 1556 2295 piissimo
1589 2226 1935 2294 imperatore
2049 2216 2190 2283 Quia
2219 2217 2293 2271 ab
2343 2219 2588 2287 infantia
2640 2235 2766 2274 mea
2799 2225 2966 2276 crevit
3011 2240 3222 2279 mecum
3261 2230 3566 2299 miseratio,
3600 2237 3652 2285 et
3697 2234 3765 2288 de

229 2315 457 2370 Tiberio
480 2313 885 2380 Constantino,
920 2312 1290 2377 comminuit,
1311 2318 1372 2368 ut
1405 2313 1602 2368 nullus
1624 2312 1829 2368 exinde
1861 2312 1938 2367 sit
2050 2311 2204 2362 utero
2235 2309 2434 2362 matris
2465 2323 2607 2365 mem
2653 2325 2864 2380 egressa
2894 2320 2973 2368 est
3019 2330 3228 2371 mecum
3262 2318 3395 2386 (Job.
3428 2335 3580 2390 xxxr,
3615 2321 3682 2376 16
3711 2328 3764 2378 et

235 2404 524 2469 inventus,
558 2406 657 2473 qui
684 2403 813 2472 ejus
853 2401 1224 2457 resuscitator
1253 2403 1550 2457 existeret.
2049 2396 2207 2466 seq.).

294 2493 495 2549 Alium
521 2509 756 2564 quoque
787 2493 1000 2546 librum
1025 2491 1690 2563 composuitegregium,
1714 2491 1809 2561 qui
1834 2507 1936 2546 νο·
2119 2486 2202 2538 Ad
2236 2485 2405 2555 OUjus
2459 2487 2688 2557 pietatis
2739 2495 2794 2544 et
2829 2491 3066 2559 justitiee
3112 2510 3259 2565 opus
3291 2496 3538 2566 pertinet
3585 2498 3760 2554 etiam

233 2587 395 2638 catur
446 2583 774 2648 Pastoralis,
825 2581 883 2636 in
936 2598 1050 2653 quo
1110 2582 1417 2637 manifesta
1477 2581 1604 2636 luce
1653 2581 1936 2652 patefecit,
2049 2574 2182 2641 hoc,
2215 2577 2368 2645 quod
2423 2584 2676 2633 nostram
2732 2586 2964 2650 gentem
3017 2600 3115 2653 per
3164 2585 3567 2654 praedicatores
3617 2605 3760 2660 quos

234 2674 420 2744 qualis
453 2675 524 2728 ad
560 2672 827 2728 Ecclesia:
856 2673 1109 2742 regimen
1146 2673 1395 2741 assumi,
1429 2670 1680 2742 qualiter
1709 2671 1822 2742 ipsi
1855 2687 1938 2726 re-
2048 2662 2159 2717 huc
2222 2662 2453 2732 (ῘίΓεΧίῑ,
2501 2665 2570 2720 ἀϐ
2638 2668 2908 2723 dentibus
2971 2673 3194 2743 antiqui
3247 2673 3428 2729 bOSIiS
3485 2677 3757 2746 θπίρίθηε,

231 2771 414 2821 ctores
457 2765 668 2831 vivere,
703 2780 819 2834 qua
850 2763 1198 2818 discretione
1244 2763 1508 2835 singulas
1540 2780 1798 2833 quasque
1829 2780 1936 2817 au—
2049 2760 2271 2808 aeternae
2295 2754 2581 2811 libertatis
2617 2758 2750 2813 fecit
2773 2776 2900 2815 esse
2936 2762 3299 2833 participem.
3326 2766 3505 2835 Cujus
3537 2766 3666 2823 ﬁdei
3702 2772 3760 2823 et

231 2853 518 2910 dientium
569 2852 859 2907 instruere
908 2868 1205 2923 personas,
1241 2857 1294 2907 et
1335 2857 1555 2922 quanta
1603 2851 1936 2906 considera-
2048 2844 2221 2899 saluti
2247 2847 2900 2920 congaudens,quazque
2924 2851 3292 2921 dignalaude
3315 2856 3755 2923 commendans,

226 2946 375 3002 tione
428 2943 728 3015 propriam
779 2941 1037 3013 quotidie
1086 2942 1336 2998 debeant
1388 2941 1755 3012 fragilitatem
1791 2957 1936 3012 pen—
2046 2932 2171 3002 ipse
2211 2934 2352 2986 dicit
2400 2934 2457 2987 in
2509 2935 2880 3005 Expositione
2925 2939 3071 2994 beati
3117 2941 3264 2996 Job:
3307 2966 3325 2989 ιι
3376 2943 3518 2998 Ecce
3558 2943 3756 3014 lingua

226 3051 365 3091 sare.
399 3034 515 3090 Sed
551 3037 606 3088 et
634 3031 913 3088 Homilies
946 3032 1234 3102 Evangelii
1269 3048 1512 3086 numero
1547 3033 1936 3103 quadraginta
2047 3021 2374 3089 Britanniae,
2410 3039 2535 3092 qum
2585 3025 2727 3079 nihil
2761 3027 2917 3081 aliud
2976 3036 3210 3085 noverat
3233 3048 3402 3099 quam
3439 3032 3754 3090 barbarum

223 3125 571 3196 composuit.
599 3139 744 3193 quas
777 3124 834 3177 in
858 3123 1092 3178 duobus
1123 3122 1419 3177 codicibus
1445 3138 1608 3191 aequa
1640 3126 1792 3177 sorte
1814 3123 1928 3176 dis-
1962 3166 2002 3232 Ο
2047 3114 2474 3183 ίτθηάθτθ,]8ῐη
2529 3116 2746 3171 dudum
2780 3118 2837 3172 in
2884 3120 3098 3174 divinis
3133 3122 3403 3178 laudibus
3449 3123 3753 3179 Hebraeum

225 3217 256 3232 ιο
343 3219 375 3232 ι.
420 3213 627 3232 νειμ--
707 3212 868 3232 -.:___
928 3212 1292 3232 n:A|__-_____
1373 3218 1618 3232 _-__l____
1671 3211 1796 3232 ιι--ει
1869 3212 1920 3232 ι..
2043 3204 2211 3232 amnti
2265 3202 2492 3232 ,ιιιηιηέη
2525 3221 2794 3232 mnum”.--
2841 3210 2981 3232 ηδ--
3012 3212 3294 3232 -----λ--Α
3327 3214 3576 3232 ιηὼιιην
3639 3215 3650 3232 ρ

223 3213 632 3271 tinxit.Libros
700 3212 874 3267 etiam
928 3212 1299 3281 Dialogorum
1367 3218 1621 3282 quatuor
1671 3211 1820 3277 fecit,
1869 3212 1927 3266 in
1962 3202 2002 3232 υ
2042 3204 2215 3272 ccepit
2251 3202 2494 3258 Alleluia
2524 3221 2816 3262 resonare.
2841 3210 2985 3265 Ecce
3007 3212 3300 3280 quondam
3327 3214 3751 3284 tumidus,jain

222 3305 433 3375 quibus
467 3306 673 3374 rogatu
706 3302 878 3366 Petri,
913 3301 1141 3355 diaconi
1171 3301 1285 3368 sui,
1320 3300 1564 3355 virtutes
1594 3305 1928 3354 sanctorum
2042 3293 2380 3347 substratus
2407 3299 2744 3348 sanctorum
2781 3298 3028 3367 pedibus
3055 3300 3233 3354 servit
3263 3300 3524 3356 Oceanus
3553 3323 3565 3369 ;
3601 3305 3753 3372 ejus-

218 3412 354 3465 quos
386 3393 450 3449 in
487 3393 652 3448 Italia
699 3391 974 3448 clariores
1024 3407 1196 3445 nosse
1235 3390 1326 3446 vel
1374 3391 1572 3445 audire
1608 3394 1829 3460 poterat
1858 3390 1929 3443 ad
2043 3398 2151 3452 que
2202 3382 2487 3436 Barbaros
2530 3384 2808 3452 immites,
2844 3403 2990 3457 quos
3041 3390 3254 3444 terreni
3287 3391 3576 3462 principes
3609 3393 3754 3447 edo-

221 3483 552 3555 exemplum
577 3479 803 3536 vivendi
829 3478 1079 3551 posteris
1104 3478 1369 3551 collegit:
1403 3489 1487 3546 ut,
1509 3479 1661 3533 sicut
1685 3479 1740 3531 in
1764 3478 1929 3533 libris
2043 3488 2201 3526 mare
2234 3472 2639 3541 nequiverant,
2667 3475 2770 3530 hos
2799 3494 2899 3546 pro
2932 3479 3124 3534 divina
3160 3480 3467 3536 formidine
3489 3483 3752 3537 sacerdo-

220 3575 656 3645 Expositionum
690 3586 928 3626 suarum
961 3570 1178 3640 quibus
1210 3569 1287 3623 sit
1317 3569 1625 3624 virtutibus
1657 3569 1932 3622 insudan-
2040 3568 2166 3616 tum
2209 3580 2308 3620 ora
2343 3565 2713 3636 simplicibus
2757 3567 2948 3621 verbis
2982 3568 3159 3639 ligant
3187 3590 3200 3638 ;
3236 3576 3292 3626 et
3340 3573 3440 3643 qui
3491 3577 3751 3628 catervas

223 3665 352 3720 dum
383 3662 644 3728 edocuit,
675 3661 757 3715 ita
787 3659 983 3724 etiam,
1015 3659 1326 3730 descriptis
1376 3665 1711 3713 sanctorum
1750 3659 1928 3712 mira-
2040 3657 2425 3726 pugnantium
2487 3657 2750 3712 inﬁdeles
2813 3675 3176 3731 nequaquam
3226 3669 3573 3729 metuerent,
3622 3667 3747 3734 jam

221 3755 388 3817 culis,
425 3769 556 3823 quas
588 3751 871 3807 virtutum
903 3749 1243 3805 eorumdem
1277 3749 1353 3802 sit
1391 3747 1622 3803 claritas
1654 3748 1929 3802 ostende-
2040 3762 2194 3799 nunc
2245 3746 2443 3801 ﬁdeles
2489 3747 2804 3801 humilium
2859 3749 3090 3819 linguas
3139 3753 3364 3807 timent.
3400 3755 3546 3818 Quia
3589 3756 3747 3810 enim

224 3848 321 3898 ret.
349 3841 608 3899 Primam
643 3855 871 3910 quoque
893 3844 948 3893 et
980 3838 1238 3892 ultimam
1273 3835 1583 3892 Ezechielis
1616 3836 1925 3907 prophetiae
2041 3836 2324 3906 perceptis
2357 3838 2686 3892 ccelestibus
2738 3839 2948 3905 verbis,
2994 3841 3446 3899 clarescentibus
3516 3862 3746 3916 quoque

224 3942 467 4004 partem,
502 3947 630 4002 quas
678 3928 1021 3983 videbantur
1067 3928 1455 3996 obscuriores,
1497 3943 1596 3995 per
1645 3925 1928 3981 Homilies
2040 3925 2357 3992 miraculis,
2410 3927 2596 3981 virtus
2644 3927 2694 3981 ei
2745 3927 2952 3981 divina:
3002 3930 3343 3997 cognitionis
3392 3933 3745 3999 infunditur,

221 4023 424 4094 viginti
461 4024 606 4074 duas
635 4018 968 4084 declaravit,
1001 4033 1065 4070 ac
1113 4021 1398 4088 quantum
1433 4015 1578 4070 lucis
1627 4015 1786 4069 intus
1817 4015 1925 4069 ha-
2039 4016 2302 4083 ejusdem
2338 4015 2659 4070 divinitatis
2682 4021 2895 4071 terrore
2921 4018 3263 4087 refrenatur,
3289 4025 3351 4073 ut
3383 4037 3550 4085 grave
3577 4037 3746 4091 agere

223 4111 412 4180 beant,
448 4110 887 4167 demonstravit.
940 4109 1188 4179 Excepto
1221 4108 1415 4163 libello
1465 4107 1925 4178 Responsionum
2040 4111 2277 4171 metuat,
2312 4122 2377 4159 ac
2411 4104 2538 4160 lotis
2571 4105 2873 4160 desideriis
2905 4108 2973 4161 ad
3000 4109 3343 4163 aeternitatis
3373 4110 3614 4180 gratiam
3648 4127 3742 4166 ve-

222 4219 390 4272 quem
429 4201 504 4256 ad
537 4199 1024 4270 interrogationes
1053 4202 1107 4252 S.
1140 4197 1473 4267 Augustini,
1509 4197 1678 4266 primi
1709 4195 1923 4265 Auglo-
2039 4196 2161 4249 nire
2210 4195 2584 4264 concupiscat
2612 4197 2749 4265 (Lib.
2800 4214 2976 4265 xxvii,
3026 4217 3080 4251 η.
3128 4201 3240 4267 21).
3287 4198 3507 4261 Quibus
3552 4201 3744 4257 verbis

222 4308 345 4346 rum
399 4288 681 4358 episcopi,
733 4286 990 4356 scripsit,
1035 4291 1096 4340 ut
1146 4303 1324 4356 supra
1378 4286 1707 4352 docuimus,
1742 4294 1923 4340 totum
2039 4283 2242 4338 beatus
2273 4285 2584 4353 Gregorius
2617 4285 2724 4339 hoc
2758 4301 2990 4356 quoque
3031 4286 3307 4350 declarat,
3338 4288 3488 4356 quod
3525 4289 3582 4344 S.
3621 4293 3744 4346 Au-

219 4381 409 4451 ipsum
448 4377 711 4434 libellum
746 4376 838 4430 his
871 4377 1189 4430 inferentes
1227 4374 1525 4429 historiis:
1563 4374 1754 4429 libello
1787 4391 1926 4445 quo-
2037 4372 2304 4443 gustinus
2337 4377 2392 4427 et
2414 4373 2552 4426 socii
2575 4373 2700 4441 ejus
2726 4390 2836 4427 non
2871 4374 3060 4429 solum
3095 4377 3502 4444 prazdicatione
3542 4380 3744 4436 verbo-

222 4483 327 4537 que
358 4465 664 4539 synodico,
689 4480 860 4534 quem
887 4479 1018 4517 cum
1042 4462 1331 4533 episcopis
1356 4461 1534 4516 Italiae
1565 4463 1636 4516 de
1659 4477 1924 4516 necessa-
2038 4479 2193 4527 rum,
2218 4462 2318 4517 sed
2354 4463 2526 4517 etiam
2553 4463 2876 4518 ccelestium
2912 4466 3247 4521 ostensione
3270 4468 3571 4539 signorum
3607 4485 3744 4538 gen-

221 4557 320 4613 rlis
351 4555 625 4612 Ecclesiae
657 4554 847 4609 causis
880 4551 1259 4608 utilissimum
1294 4551 1640 4622 composuit,
1674 4555 1731 4605 et
1763 4551 1930 4605 fami-
1962 4539 2006 4603 Ι)
2039 4557 2154 4608 tem
2187 4552 2502 4624 Anglorum
2535 4555 2605 4608 ad
2639 4554 2996 4624 agnitionem
3022 4557 3283 4612 veritatis
3324 4560 3739 4629 perducebant.

226 4645 466 4703 liaribus
499 4646 568 4700 ad
612 4645 895 4716 quosdam
937 4641 1163 4698 litteris.
1199 4641 1360 4706 Quod
1388 4657 1453 4696 eo
1502 4639 1683 4712 magis
1715 4641 1930 4695 mirum
2111 4643 2267 4700 Fecit
2297 4645 2449 4699 inter
2479 4644 2595 4699 alia
2626 4645 2828 4700 beatus
2862 4663 3006 4718 papa
3037 4649 3370 4718 Gregorius,
3398 4654 3457 4703 ut
3479 4649 3536 4702 in
3571 4650 3746 4705 eccle-

227 4741 335 4803 est,
358 4740 443 4792 tot
472 4750 608 4790 eum
656 4749 722 4789 ac
752 4737 916 4788 tanta
964 4731 1279 4787 concedere
1305 4729 1604 4786 volumina
1651 4729 1929 4799 potuisse,
2039 4735 2142 4790 siis
2174 4734 2570 4805 apostolorum
2606 4735 2904 4790 beatorum
2936 4737 3085 4791 Petri
3117 4742 3172 4792 et
3205 4737 3366 4791 Pauli
3400 4755 3573 4807 super
3612 4755 3742 4793 cor-

228 4828 380 4898 quod
432 4840 580 4897 pene
627 4823 787 4878 omni
816 4821 1144 4893 juventutis
1189 4838 1304 4875 sua:
1338 4825 1613 4891 tempore,
1648 4825 1711 4873 ut
1740 4819 1930 4874 verbis
2042 4840 2180 4894 pora
2211 4839 2408 4878 eorum
2446 4824 2634 4879 missae
2667 4824 3115 4880 celebrarentur.
3144 4826 3256 4880 Sed
3288 4831 3343 4880 et
3366 4826 3421 4879 in
3456 4826 3583 4894 ipsa
3607 4825 3744 4878 mis-

226 4914 410 4986 ipsius
430 4914 660 4986 loquar,
677 4911 894 4968 crebris
913 4909 1198 4965 viscerum
1223 4909 1520 4964 doloribus
1543 4909 1927 4976 cruciabatur,
2041 4928 2238 4967 sarum
2283 4912 2673 4968 celebratione
2703 4914 2811 4967 tria
2854 4914 3028 4968 verba
3075 4914 3340 4967 maximae
3372 4911 3742 4982 perfectionis

229 5004 386 5062 horis
417 5002 846 5074 momentisque
885 4999 1156 5056 omnibus
1185 4998 1362 5053 fracta
1399 4999 1682 5054 stomachi
1715 4999 1932 5054 virtute
2042 4999 2212 5072 plena
2259 5001 2683 5072 superadiecit:
2724 5007 2957 5072 Diesque
2996 5007 3208 5057 nostros
3239 5003 3294 5054 in
3336 5009 3428 5053 tua
3461 5016 3589 5070 pace
3618 5000 3743 5054 dis-

236 5093 609 5158 lassescebat,
647 5091 816 5148 lentis
859 5090 1117 5161 quidem,
1152 5089 1251 5144 sed
1286 5092 1483 5143 tamen
1530 5088 1822 5143 continuis
1852 5089 1930 5143 fe-
2035 5107 2226 5162 ponas,
2259 5098 2421 5163 atque
2449 5093 2516 5147 ab
2546 5102 2758 5148 aeterna
2788 5093 3149 5147 damnatione
3177 5106 3272 5144 nos
3301 5092 3444 5158 eripi
3475 5099 3525 5143 et
3554 5093 3613 5145 in
3641 5090 3744 5145 ele-

230 5182 424 5239 bribus
473 5182 812 5240 anhelabat.
847 5179 1061 5234 Verum
1114 5180 1265 5234 inter
1297 5177 1416 5234 haec
1456 5178 1595 5233 dum
1647 5177 1929 5235 sollicitus
2036 5188 2249 5239 clerum
2296 5191 2514 5238 tuorum
2553 5183 2747 5252 jubeas
2783 5199 2949 5250 grege
2996 5182 3301 5234 numerari.
3337 5179 3502 5235 Rexit
3544 5187 3740 5237 autem

231 5277 490 5340 pensaret
521 5270 680 5342 quia,
713 5267 1016 5339 Scriptura
1045 5271 1209 5336 teste,
1242 5266 1430 5320 omnis
1464 5264 1619 5321 ﬁlius
1656 5267 1750 5337 qui
1786 5267 1927 5323 reci-
2040 5272 2351 5327 Ecclesiam
2386 5273 2749 5341 temporibus
2780 5271 3196 5336 imperatorum
3231 5268 3491 5324 Mauricii
3515 5275 3571 5324 et
3602 5270 3748 5326 Pho-

231 5362 378 5433 pitur
417 5362 766 5436 ﬂagellatur,
801 5376 916 5432 quo
949 5359 1116 5416 malis
1167 5359 1555 5431 praesentibus
1588 5359 1792 5414 durius
1833 5361 1930 5414 de-
2039 5362 2206 5416 catis.
2240 5361 2495 5415 Secundo
2538 5367 2728 5414 autem
2761 5359 3025 5428 ejusdem
3060 5358 3324 5413 Phocatis
3359 5375 3512 5414 anno
3545 5365 3745 5416 trans-

229 5451 600 5521 primebatur,
634 5465 700 5505 eo
733 5449 802 5503 de
848 5452 1058 5503 aeterna
1089 5447 1306 5502 certius
1339 5447 1789 5516 praesumptione
1839 5463 1928 5502 res
2039 5451 2165 5504 iens
2196 5465 2259 5502 ex
2293 5448 2400 5502 hac
2449 5448 2582 5513 vita,
2625 5447 2898 5518 migravit
2946 5448 3016 5502 ad
3066 5462 3283 5514 veram,
3317 5465 3445 5519 quin
3477 5449 3532 5501 in
3583 5449 3744 5505 ccelis

229 5538 494 5608 spirabat.
2040 5541 2147 5600 est,
2181 5537 2378 5591 vitam.
2403 5535 2678 5606 Sepultus
2709 5553 2840 5591 vero
2874 5541 2959 5591 est
2992 5554 3230 5608 corpore
3257 5537 3314 5589 in
3349 5536 3596 5591 ecclesia
3615 5538 3745 5593 bea-

303 5627 427 5686 Hno
458 5630 694 5703 quidem
727 5629 798 5685 de
827 5626 1138 5685 immortali
1167 5626 1294 5697 ejus
1325 5625 1478 5683 dicta
1528 5625 1648 5682 sint
1677 5626 1928 5697 ingenio,
2041 5625 2084 5681 ti
2114 5625 2263 5681 Petri
2295 5625 2539 5697 apostoli
2570 5630 2702 5682 ante
2734 5627 3136 5694 secretarium,
3161 5625 3253 5681 die
3285 5630 3491 5697 quarto
3535 5625 3742 5681 Iduum
