  <div class='ocr_page' id='page_1' title='image "/cluster/home/n/w/nwhite01/storage/ocr_20150623/75/hvd.32044054758800/253.png"; bbox 0 0 4086 6166; ppageno 0'>
   <div class='ocr_carea' id='block_1_1' title="bbox 305 286 422 346">
    <p class='ocr_par' dir='ltr' id='par_1_1' title="bbox 305 286 422 346">
     <span class='ocr_line' id='line_1_1' title="bbox 305 286 422 346; baseline -0.017 0"><span class='ocrx_word' id='word_1_1' title='bbox 305 286 422 346; x_wconf 66' lang='grc'><strong>495</strong></span> 
     </span>
    </p>
   </div>
   <div class='ocr_carea' id='block_1_2' title="bbox 1060 277 3808 362">
    <p class='ocr_par' dir='ltr' id='par_1_2' title="bbox 1060 277 3808 362">
     <span class='ocr_line' id='line_1_2' title="bbox 1060 277 3808 362; baseline 0.005 -18"><span class='ocrx_word' id='word_1_2' title='bbox 1060 283 1547 346; x_wconf 82' lang='lat' dir='ltr'><strong>TESTIMONIA</strong></span> <span class='ocrx_word' id='word_1_3' title='bbox 1591 283 1686 344; x_wconf 91' lang='lat' dir='ltr'><strong>ET</strong></span> <span class='ocrx_word' id='word_1_4' title='bbox 1735 277 2023 342; x_wconf 75' lang='lat' dir='ltr'><strong>ELOGIA</strong></span> <span class='ocrx_word' id='word_1_5' title='bbox 2064 279 2167 341; x_wconf 85' lang='lat' dir='ltr'><strong>DE</strong></span> <span class='ocrx_word' id='word_1_6' title='bbox 2217 283 2282 348; x_wconf 91' lang='lat' dir='ltr'><strong>S.</strong></span> <span class='ocrx_word' id='word_1_7' title='bbox 2333 283 2729 347; x_wconf 87' lang='lat' dir='ltr'><strong>GREGORIO</strong></span> <span class='ocrx_word' id='word_1_8' title='bbox 2773 283 3079 348; x_wconf 79' lang='lat' dir='ltr'><strong>MAGNO.</strong></span> <span class='ocrx_word' id='word_1_9' title='bbox 3713 299 3808 362; x_wconf 70' lang='lat'><strong>496</strong></span> 
     </span>
    </p>
   </div>
   <div class='ocr_carea' id='block_1_3' title="bbox 302 416 3811 496">
    <p class='ocr_par' dir='ltr' id='par_1_3' title="bbox 302 416 3811 496">
     <span class='ocr_line' id='line_1_3' title="bbox 302 416 3811 496; baseline 0.004 -23"><span class='ocrx_word' id='word_1_10' title='bbox 302 416 664 487; x_wconf 78' lang='lat' dir='ltr'><strong>Martiarum,</strong></span> <span class='ocrx_word' id='word_1_11' title='bbox 698 418 1053 491; x_wconf 80' lang='lat' dir='ltr'><strong>quandoque</strong></span> <span class='ocrx_word' id='word_1_12' title='bbox 1083 417 1142 474; x_wconf 91' lang='lat' dir='ltr'><strong>in</strong></span> <span class='ocrx_word' id='word_1_13' title='bbox 1183 418 1310 490; x_wconf 90' lang='lat' dir='ltr'><strong>ipso</strong></span> <span class='ocrx_word' id='word_1_14' title='bbox 1343 433 1480 473; x_wconf 90' lang='lat' dir='ltr'><strong>cum</strong></span> <span class='ocrx_word' id='word_1_15' title='bbox 1528 416 1752 473; x_wconf 68' lang='lat' dir='ltr'><strong>caeteris</strong></span> <span class='ocrx_word' id='word_1_16' title='bbox 1800 419 2014 472; x_wconf 82' lang='lat' dir='ltr'><strong>sanctae</strong></span> <span class='ocrx_word' id='word_1_17' title='bbox 2050 422 2103 487; x_wconf 73' lang='grc' dir='ltr'>Α</span> <span class='ocrx_word' id='word_1_18' title='bbox 2131 419 2480 489; x_wconf 85' lang='lat' dir='ltr'><strong>aggregatis,</strong></span> <span class='ocrx_word' id='word_1_19' title='bbox 2516 419 2620 475; x_wconf 88' lang='lat' dir='ltr'><strong>sub</strong></span> <span class='ocrx_word' id='word_1_20' title='bbox 2651 419 2880 474; x_wconf 79' lang='lat' dir='ltr'><strong>abbatis</strong></span> <span class='ocrx_word' id='word_1_21' title='bbox 2913 419 3157 490; x_wconf 89' lang='lat' dir='ltr'><strong>imperio</strong></span> <span class='ocrx_word' id='word_1_22' title='bbox 3188 424 3348 476; x_wconf 89' lang='lat' dir='ltr'><strong>stren</strong></span> <span class='ocrx_word' id='word_1_23' title='bbox 3369 439 3434 479; x_wconf 91' lang='lat' dir='ltr'><strong>ue</strong></span> <span class='ocrx_word' id='word_1_24' title='bbox 3466 427 3729 496; x_wconf 80' lang='lat' dir='ltr'><strong>militavit,</strong></span> <span class='ocrx_word' id='word_1_25' title='bbox 3763 437 3811 488; x_wconf 88' lang='lat' dir='ltr'><strong>et</strong></span> 
     </span>
    </p>
   </div>
   <div class='ocr_carea' id='block_1_4' title="bbox 304 505 2022 582">
    <p class='ocr_par' dir='ltr' id='par_1_4' title="bbox 304 505 2022 582">
     <span class='ocr_line' id='line_1_4' title="bbox 304 505 2022 582; baseline -0.002 -18"><span class='ocrx_word' id='word_1_26' title='bbox 304 509 574 566; x_wconf 66' lang='lat' dir='ltr'><strong>Ecclesia</strong></span> <span class='ocrx_word' id='word_1_27' title='bbox 625 509 962 582; x_wconf 68' lang='lat' dir='ltr'><strong>pastoribus</strong></span> <span class='ocrx_word' id='word_1_28' title='bbox 1014 512 1452 564; x_wconf 90' lang='lat' dir='ltr'><strong>resurrecturus</strong></span> <span class='ocrx_word' id='word_1_29' title='bbox 1501 507 1561 562; x_wconf 92' lang='lat' dir='ltr'><strong>in</strong></span> <span class='ocrx_word' id='word_1_30' title='bbox 1593 507 1791 579; x_wconf 78' lang='lat' dir='ltr'><strong>gloria.</strong></span> <span class='ocrx_word' id='word_1_31' title='bbox 1824 505 2022 577; x_wconf 91' lang='lat' dir='ltr'><strong>Scrip-</strong></span> 
     </span>
    </p>
   </div>
   <div class='ocr_carea' id='block_1_5' title="bbox 305 595 2019 671">
    <p class='ocr_par' dir='ltr' id='par_1_5' title="bbox 305 595 2019 671">
     <span class='ocr_line' id='line_1_5' title="bbox 305 595 2019 671; baseline -0.002 -17"><span class='ocrx_word' id='word_1_32' title='bbox 305 603 546 671; x_wconf 90' lang='lat' dir='ltr'><strong>tumque</strong></span> <span class='ocrx_word' id='word_1_33' title='bbox 576 603 664 655; x_wconf 88' lang='lat' dir='ltr'><strong>est</strong></span> <span class='ocrx_word' id='word_1_34' title='bbox 691 599 751 654; x_wconf 90' lang='lat' dir='ltr'><strong>in</strong></span> <span class='ocrx_word' id='word_1_35' title='bbox 783 601 989 654; x_wconf 89' lang='lat' dir='ltr'><strong>tumba</strong></span> <span class='ocrx_word' id='word_1_36' title='bbox 1017 598 1207 670; x_wconf 87' lang='lat' dir='ltr'><strong>ipsius</strong></span> <span class='ocrx_word' id='word_1_37' title='bbox 1237 597 1600 670; x_wconf 86' lang='lat' dir='ltr'><strong>epitaphium</strong></span> <span class='ocrx_word' id='word_1_38' title='bbox 1644 595 2019 668; x_wconf 89' lang='lat' dir='ltr'><strong>hujusmodi:</strong></span> 
     </span>
    </p>
   </div>
   <div class='ocr_carea' id='block_1_6' title="bbox 303 689 2019 762">
    <p class='ocr_par' dir='ltr' id='par_1_6' title="bbox 303 689 2019 762">
     <span class='ocr_line' id='line_1_6' title="bbox 303 689 2019 762; baseline -0.004 -16"><span class='ocrx_word' id='word_1_39' title='bbox 303 689 546 762; x_wconf 75' lang='lat' dir='ltr'><strong>Suscipe,</strong></span> <span class='ocrx_word' id='word_1_40' title='bbox 594 696 768 755; x_wconf 80' lang='lat' dir='ltr'><strong>terra,</strong></span> <span class='ocrx_word' id='word_1_41' title='bbox 803 697 896 746; x_wconf 85' lang='lat' dir='ltr'><strong>tuo</strong></span> <span class='ocrx_word' id='word_1_42' title='bbox 943 705 1137 760; x_wconf 77' lang='lat' dir='ltr'><strong>corpus</strong></span> <span class='ocrx_word' id='word_1_43' title='bbox 1182 689 1249 744; x_wconf 88' lang='lat' dir='ltr'><strong>de</strong></span> <span class='ocrx_word' id='word_1_44' title='bbox 1289 703 1512 759; x_wconf 86' lang='lat' dir='ltr'><strong>corpore</strong></span> <span class='ocrx_word' id='word_1_45' title='bbox 1563 691 1860 758; x_wconf 84' lang='lat' dir='ltr'><strong>sumptum,</strong></span> <span class='ocrx_word' id='word_1_46' title='bbox 1913 695 2019 741; x_wconf 87' lang='lat' dir='ltr'><strong>etc.</strong></span> 
     </span>
    </p>
   </div>
   <div class='ocr_carea' id='block_1_7' title="bbox 305 775 2023 852">
    <p class='ocr_par' dir='ltr' id='par_1_7' title="bbox 305 775 2023 852">
     <span class='ocr_line' id='line_1_7' title="bbox 305 775 2023 852; baseline -0.003 -16"><span class='ocrx_word' id='word_1_47' title='bbox 305 782 385 851; x_wconf 79' lang='lat' dir='ltr'><strong>(ut</strong></span> <span class='ocrx_word' id='word_1_48' title='bbox 415 780 560 852; x_wconf 82' lang='lat' dir='ltr'><strong>apud</strong></span> <span class='ocrx_word' id='word_1_49' title='bbox 604 781 763 836; x_wconf 83' lang='lat' dir='ltr'><strong>Joan.</strong></span> <span class='ocrx_word' id='word_1_50' title='bbox 797 781 946 836; x_wconf 82' lang='lat' dir='ltr'><strong>Diae.</strong></span> <span class='ocrx_word' id='word_1_51' title='bbox 984 778 1082 833; x_wconf 76' lang='lat' dir='ltr'><strong>lib.</strong></span> <span class='ocrx_word' id='word_1_52' title='bbox 1117 795 1175 835; x_wconf 80' lang='grc' dir='ltr'><strong>ιν</strong></span> <span class='ocrx_word' id='word_1_53' title='bbox 1216 780 1375 848; x_wconf 62' lang='lat' dir='ltr'><strong>Vim,</strong></span> <span class='ocrx_word' id='word_1_54' title='bbox 1403 794 1452 833; x_wconf 87' lang='lat' dir='ltr'><strong>c.</strong></span> <span class='ocrx_word' id='word_1_55' title='bbox 1484 780 1598 849; x_wconf 86' lang='lat'><strong>68).</strong></span> <span class='ocrx_word' id='word_1_56' title='bbox 1631 776 1744 833; x_wconf 87' lang='lat' dir='ltr'><strong>Nec</strong></span> <span class='ocrx_word' id='word_1_57' title='bbox 1792 775 2023 832; x_wconf 88' lang='lat' dir='ltr'><strong>silentio</strong></span> 
     </span>
    </p>
   </div>
   <div class='ocr_carea' id='block_1_8' title="bbox 304 868 2023 942">
    <p class='ocr_par' dir='ltr' id='par_1_8' title="bbox 304 868 2023 942">
     <span class='ocr_line' id='line_1_8' title="bbox 304 868 2023 942; baseline -0.003 -16"><span class='ocrx_word' id='word_1_58' title='bbox 304 870 712 942; x_wconf 66' lang='lat' dir='ltr'><strong>pratereunda</strong></span> <span class='ocrx_word' id='word_1_59' title='bbox 742 869 962 941; x_wconf 90' lang='lat' dir='ltr'><strong>opinio,</strong></span> <span class='ocrx_word' id='word_1_60' title='bbox 995 884 1118 938; x_wconf 67' lang='lat' dir='ltr'><strong>qum</strong></span> <span class='ocrx_word' id='word_1_61' title='bbox 1149 869 1220 924; x_wconf 92' lang='lat' dir='ltr'><strong>de</strong></span> <span class='ocrx_word' id='word_1_62' title='bbox 1251 869 1419 924; x_wconf 89' lang='lat' dir='ltr'><strong>beato</strong></span> <span class='ocrx_word' id='word_1_63' title='bbox 1452 869 1729 940; x_wconf 82' lang='lat' dir='ltr'><strong>Gregorio</strong></span> <span class='ocrx_word' id='word_1_64' title='bbox 1762 868 2023 922; x_wconf 84' lang='lat' dir='ltr'><strong>traditio-</strong></span> 
     </span>
    </p>
   </div>
   <div class='ocr_carea' id='block_1_9' title="bbox 306 957 2024 1031">
    <p class='ocr_par' dir='ltr' id='par_1_9' title="bbox 306 957 2024 1031">
     <span class='ocr_line' id='line_1_9' title="bbox 306 957 2024 1031; baseline -0.002 -17"><span class='ocrx_word' id='word_1_65' title='bbox 306 974 378 1014; x_wconf 91' lang='lat' dir='ltr'><strong>ne</strong></span> <span class='ocrx_word' id='word_1_66' title='bbox 405 961 690 1030; x_wconf 85' lang='lat' dir='ltr'><strong>majorum</strong></span> <span class='ocrx_word' id='word_1_67' title='bbox 723 960 792 1014; x_wconf 91' lang='lat' dir='ltr'><strong>ad</strong></span> <span class='ocrx_word' id='word_1_68' title='bbox 827 975 930 1014; x_wconf 90' lang='lat' dir='ltr'><strong>nos</strong></span> <span class='ocrx_word' id='word_1_69' title='bbox 962 975 1153 1030; x_wconf 89' lang='lat' dir='ltr'><strong>usque</strong></span> <span class='ocrx_word' id='word_1_70' title='bbox 1185 959 1405 1031; x_wconf 88' lang='lat' dir='ltr'><strong>perlata</strong></span> <span class='ocrx_word' id='word_1_71' title='bbox 1446 964 1573 1015; x_wconf 88' lang='lat' dir='ltr'><strong>est:</strong></span> <span class='ocrx_word' id='word_1_72' title='bbox 1608 975 1724 1030; x_wconf 91' lang='lat' dir='ltr'><strong>qua</strong></span> <span class='ocrx_word' id='word_1_73' title='bbox 1755 957 2024 1012; x_wconf 81' lang='lat' dir='ltr'><strong>videlicet</strong></span> 
     </span>
    </p>
   </div>
   <div class='ocr_carea' id='block_1_10' title="bbox 306 1049 2022 1122">
    <p class='ocr_par' dir='ltr' id='par_1_10' title="bbox 306 1049 2022 1122">
     <span class='ocr_line' id='line_1_10' title="bbox 306 1049 2022 1122; baseline -0.003 -15"><span class='ocrx_word' id='word_1_74' title='bbox 306 1066 375 1107; x_wconf 86' lang='lat' dir='ltr'><strong>ex</strong></span> <span class='ocrx_word' id='word_1_75' title='bbox 390 1066 568 1107; x_wconf 84' lang='lat' dir='ltr'><strong>causa</strong></span> <span class='ocrx_word' id='word_1_76' title='bbox 586 1049 942 1115; x_wconf 81' lang='lat' dir='ltr'><strong>admonitus,</strong></span> <span class='ocrx_word' id='word_1_77' title='bbox 957 1053 1077 1105; x_wconf 89' lang='lat' dir='ltr'><strong>tam</strong></span> <span class='ocrx_word' id='word_1_78' title='bbox 1099 1051 1362 1106; x_wconf 81' lang='lat' dir='ltr'><strong>sedulam</strong></span> <span class='ocrx_word' id='word_1_79' title='bbox 1383 1066 1519 1122; x_wconf 89' lang='lat' dir='ltr'><strong>erga</strong></span> <span class='ocrx_word' id='word_1_80' title='bbox 1538 1051 1789 1104; x_wconf 85' lang='lat' dir='ltr'><strong>salutem</strong></span> <span class='ocrx_word' id='word_1_81' title='bbox 1811 1051 2022 1104; x_wconf 61' lang='lat' dir='ltr'><strong>nostra:</strong></span> 
     </span>
    </p>
   </div>
   <div class='ocr_carea' id='block_1_11' title="bbox 307 1140 2020 1214">
    <p class='ocr_par' dir='ltr' id='par_1_11' title="bbox 307 1140 2020 1214">
     <span class='ocr_line' id='line_1_11' title="bbox 307 1140 2020 1214; baseline -0.001 -19"><span class='ocrx_word' id='word_1_82' title='bbox 307 1141 498 1212; x_wconf 89' lang='lat' dir='ltr'><strong>gentis</strong></span> <span class='ocrx_word' id='word_1_83' title='bbox 527 1156 724 1196; x_wconf 89' lang='lat' dir='ltr'><strong>curam</strong></span> <span class='ocrx_word' id='word_1_84' title='bbox 755 1140 1020 1214; x_wconf 77' lang='lat' dir='ltr'><strong>gesserit.</strong></span> <span class='ocrx_word' id='word_1_85' title='bbox 1049 1140 1261 1197; x_wconf 91' lang='lat' dir='ltr'><strong>Dicunt</strong></span> <span class='ocrx_word' id='word_1_86' title='bbox 1290 1141 1424 1212; x_wconf 90' lang='lat' dir='ltr'><strong>quia</strong></span> <span class='ocrx_word' id='word_1_87' title='bbox 1455 1143 1547 1196; x_wconf 91' lang='lat' dir='ltr'><strong>die</strong></span> <span class='ocrx_word' id='word_1_88' title='bbox 1579 1141 1854 1211; x_wconf 89' lang='lat' dir='ltr'><strong>quadam,</strong></span> <span class='ocrx_word' id='word_1_89' title='bbox 1887 1155 2020 1195; x_wconf 91' lang='lat' dir='ltr'><strong>cum</strong></span> 
     </span>
    </p>
   </div>
   <div class='ocr_carea' id='block_1_12' title="bbox 307 1229 2020 1301">
    <p class='ocr_par' dir='ltr' id='par_1_12' title="bbox 307 1229 2020 1301">
     <span class='ocr_line' id='line_1_12' title="bbox 307 1229 2020 1301; baseline -0.001 -15"><span class='ocrx_word' id='word_1_90' title='bbox 307 1229 751 1286; x_wconf 86' lang='lat' dir='ltr'><strong>advenientibus</strong></span> <span class='ocrx_word' id='word_1_91' title='bbox 805 1246 994 1301; x_wconf 91' lang='lat' dir='ltr'><strong>nuper</strong></span> <span class='ocrx_word' id='word_1_92' title='bbox 1020 1231 1464 1296; x_wconf 88' lang='lat' dir='ltr'><strong>mercatoribus,</strong></span> <span class='ocrx_word' id='word_1_93' title='bbox 1500 1231 1680 1285; x_wconf 89' lang='lat' dir='ltr'><strong>multa</strong></span> <span class='ocrx_word' id='word_1_94' title='bbox 1709 1230 1930 1286; x_wconf 86' lang='lat' dir='ltr'><strong>venalia</strong></span> <span class='ocrx_word' id='word_1_95' title='bbox 1963 1229 2020 1284; x_wconf 93' lang='lat' dir='ltr'><strong>in</strong></span> 
     </span>
    </p>
   </div>
   <div class='ocr_carea' id='block_1_13' title="bbox 309 1318 2019 1391">
    <p class='ocr_par' dir='ltr' id='par_1_13' title="bbox 309 1318 2019 1391">
     <span class='ocr_line' id='line_1_13' title="bbox 309 1318 2019 1391; baseline -0.001 -16"><span class='ocrx_word' id='word_1_96' title='bbox 309 1320 502 1375; x_wconf 80' lang='lat' dir='ltr'><strong>lorum</strong></span> <span class='ocrx_word' id='word_1_97' title='bbox 535 1318 783 1375; x_wconf 75' lang='lat' dir='ltr'><strong>fuissent</strong></span> <span class='ocrx_word' id='word_1_98' title='bbox 813 1320 1045 1386; x_wconf 90' lang='lat' dir='ltr'><strong>collata,</strong></span> <span class='ocrx_word' id='word_1_99' title='bbox 1081 1318 1370 1391; x_wconf 87' lang='lat' dir='ltr'><strong>multique</strong></span> <span class='ocrx_word' id='word_1_100' title='bbox 1420 1320 1490 1374; x_wconf 89' lang='lat' dir='ltr'><strong>ad</strong></span> <span class='ocrx_word' id='word_1_101' title='bbox 1523 1319 1836 1375; x_wconf 87' lang='lat' dir='ltr'><strong>emendum</strong></span> <span class='ocrx_word' id='word_1_102' title='bbox 1887 1335 2019 1374; x_wconf 89' lang='lat' dir='ltr'><strong>con-</strong></span> 
     </span>
    </p>
   </div>
   <div class='ocr_carea' id='block_1_14' title="bbox 310 1409 2023 1482">
    <p class='ocr_par' dir='ltr' id='par_1_14' title="bbox 310 1409 2023 1482">
     <span class='ocr_line' id='line_1_14' title="bbox 310 1409 2023 1482; baseline 0.002 -19"><span class='ocrx_word' id='word_1_103' title='bbox 310 1409 638 1479; x_wconf 82' lang='lat' dir='ltr'><strong>ﬂuxissent,</strong></span> <span class='ocrx_word' id='word_1_104' title='bbox 669 1414 727 1466; x_wconf 89' lang='lat' dir='ltr'><strong>et</strong></span> <span class='ocrx_word' id='word_1_105' title='bbox 756 1410 950 1482; x_wconf 89' lang='lat' dir='ltr'><strong>ipsum</strong></span> <span class='ocrx_word' id='word_1_106' title='bbox 992 1409 1334 1482; x_wconf 80' lang='lat' dir='ltr'><strong>Gregorium</strong></span> <span class='ocrx_word' id='word_1_107' title='bbox 1368 1411 1520 1467; x_wconf 86' lang='lat' dir='ltr'><strong>inter</strong></span> <span class='ocrx_word' id='word_1_108' title='bbox 1549 1411 1694 1467; x_wconf 91' lang='lat' dir='ltr'><strong>alios</strong></span> <span class='ocrx_word' id='word_1_109' title='bbox 1716 1411 2023 1466; x_wconf 80' lang='lat' dir='ltr'><strong>advenisse</strong></span> 
     </span>
    </p>
   </div>
   <div class='ocr_carea' id='block_1_15' title="bbox 311 1499 2020 1572">
    <p class='ocr_par' dir='ltr' id='par_1_15' title="bbox 311 1499 2020 1572">
     <span class='ocr_line' id='line_1_15' title="bbox 311 1499 2020 1572; baseline -0.001 -18"><span class='ocrx_word' id='word_1_110' title='bbox 311 1514 379 1554; x_wconf 85' lang='lat' dir='ltr'><strong>ac</strong></span> <span class='ocrx_word' id='word_1_111' title='bbox 410 1499 628 1556; x_wconf 90' lang='lat' dir='ltr'><strong>vidisse</strong></span> <span class='ocrx_word' id='word_1_112' title='bbox 676 1499 831 1555; x_wconf 89' lang='lat' dir='ltr'><strong>inter</strong></span> <span class='ocrx_word' id='word_1_113' title='bbox 862 1499 976 1555; x_wconf 91' lang='lat' dir='ltr'><strong>alia</strong></span> <span class='ocrx_word' id='word_1_114' title='bbox 1007 1516 1216 1570; x_wconf 90' lang='lat' dir='ltr'><strong>pueros</strong></span> <span class='ocrx_word' id='word_1_115' title='bbox 1255 1500 1488 1557; x_wconf 78' lang='lat' dir='ltr'><strong>venales</strong></span> <span class='ocrx_word' id='word_1_116' title='bbox 1518 1501 1761 1572; x_wconf 78' lang='lat' dir='ltr'><strong>positos,</strong></span> <span class='ocrx_word' id='word_1_117' title='bbox 1787 1499 2020 1556; x_wconf 87' lang='lat' dir='ltr'><strong>candidi</strong></span> 
     </span>
    </p>
   </div>
   <div class='ocr_carea' id='block_1_16' title="bbox 313 1589 2021 1662">
    <p class='ocr_par' dir='ltr' id='par_1_16' title="bbox 313 1589 2021 1662">
     <span class='ocr_line' id='line_1_16' title="bbox 313 1589 2021 1662; baseline 0.001 -20"><span class='ocrx_word' id='word_1_118' title='bbox 313 1589 595 1660; x_wconf 89' lang='lat' dir='ltr'><strong>corporis,</strong></span> <span class='ocrx_word' id='word_1_119' title='bbox 665 1605 731 1645; x_wconf 90' lang='lat' dir='ltr'><strong>ac</strong></span> <span class='ocrx_word' id='word_1_120' title='bbox 798 1589 1029 1646; x_wconf 90' lang='lat' dir='ltr'><strong>venusti</strong></span> <span class='ocrx_word' id='word_1_121' title='bbox 1097 1589 1312 1657; x_wconf 89' lang='lat' dir='ltr'><strong>vultus,</strong></span> <span class='ocrx_word' id='word_1_122' title='bbox 1383 1590 1729 1662; x_wconf 90' lang='lat' dir='ltr'><strong>capillorum</strong></span> <span class='ocrx_word' id='word_1_123' title='bbox 1788 1603 2021 1661; x_wconf 91' lang='lat' dir='ltr'><strong>quoque</strong></span> 
     </span>
    </p>
   </div>
   <div class='ocr_carea' id='block_1_17' title="bbox 313 1678 2019 1752">
    <p class='ocr_par' dir='ltr' id='par_1_17' title="bbox 313 1678 2019 1752">
     <span class='ocr_line' id='line_1_17' title="bbox 313 1678 2019 1752; baseline -0.001 -20"><span class='ocrx_word' id='word_1_124' title='bbox 313 1678 499 1733; x_wconf 91' lang='lat' dir='ltr'><strong>forma</strong></span> <span class='ocrx_word' id='word_1_125' title='bbox 553 1679 806 1750; x_wconf 87' lang='lat' dir='ltr'><strong>egregia.</strong></span> <span class='ocrx_word' id='word_1_126' title='bbox 859 1678 1014 1742; x_wconf 88' lang='lat' dir='ltr'><strong>Quos</strong></span> <span class='ocrx_word' id='word_1_127' title='bbox 1079 1695 1210 1734; x_wconf 92' lang='lat' dir='ltr'><strong>cum</strong></span> <span class='ocrx_word' id='word_1_128' title='bbox 1272 1680 1577 1752; x_wconf 84' lang='lat' dir='ltr'><strong>aspiceret,</strong></span> <span class='ocrx_word' id='word_1_129' title='bbox 1623 1678 2019 1751; x_wconf 83' lang='lat' dir='ltr'><strong>interrogavit,</strong></span> 
     </span>
    </p>
   </div>
   <div class='ocr_carea' id='block_1_18' title="bbox 313 1766 2018 1838">
    <p class='ocr_par' dir='ltr' id='par_1_18' title="bbox 313 1766 2018 1838">
     <span class='ocr_line' id='line_1_18' title="bbox 313 1766 2018 1838; baseline 0.001 -16"><span class='ocrx_word' id='word_1_130' title='bbox 313 1769 379 1822; x_wconf 88' lang='lat' dir='ltr'><strong>ut</strong></span> <span class='ocrx_word' id='word_1_131' title='bbox 425 1766 610 1834; x_wconf 85' lang='lat' dir='ltr'><strong>aiunt,</strong></span> <span class='ocrx_word' id='word_1_132' title='bbox 644 1766 714 1822; x_wconf 92' lang='lat' dir='ltr'><strong>de</strong></span> <span class='ocrx_word' id='word_1_133' title='bbox 771 1783 888 1838; x_wconf 90' lang='lat' dir='ltr'><strong>qua</strong></span> <span class='ocrx_word' id='word_1_134' title='bbox 936 1767 1170 1838; x_wconf 87' lang='lat' dir='ltr'><strong>regione</strong></span> <span class='ocrx_word' id='word_1_135' title='bbox 1219 1769 1309 1826; x_wconf 86' lang='lat' dir='ltr'><strong>vel</strong></span> <span class='ocrx_word' id='word_1_136' title='bbox 1366 1773 1520 1824; x_wconf 91' lang='lat' dir='ltr'><strong>terra</strong></span> <span class='ocrx_word' id='word_1_137' title='bbox 1566 1773 1764 1825; x_wconf 88' lang='lat' dir='ltr'><strong>essent</strong></span> <span class='ocrx_word' id='word_1_138' title='bbox 1821 1769 2018 1836; x_wconf 86' lang='lat' dir='ltr'><strong>allati;</strong></span> 
     </span>
    </p>
   </div>
   <div class='ocr_carea' id='block_1_19' title="bbox 317 1854 2027 1929">
    <p class='ocr_par' dir='ltr' id='par_1_19' title="bbox 317 1854 2027 1929">
     <span class='ocr_line' id='line_1_19' title="bbox 317 1854 2027 1929; baseline 0.002 -20"><span class='ocrx_word' id='word_1_139' title='bbox 317 1854 657 1926; x_wconf 87' lang='lat' dir='ltr'><strong>dictumque</strong></span> <span class='ocrx_word' id='word_1_140' title='bbox 731 1860 820 1912; x_wconf 89' lang='lat' dir='ltr'><strong>est</strong></span> <span class='ocrx_word' id='word_1_141' title='bbox 878 1857 1032 1928; x_wconf 90' lang='lat' dir='ltr'><strong>quod</strong></span> <span class='ocrx_word' id='word_1_142' title='bbox 1103 1858 1174 1913; x_wconf 89' lang='lat' dir='ltr'><strong>de</strong></span> <span class='ocrx_word' id='word_1_143' title='bbox 1238 1857 1535 1914; x_wconf 81' lang='lat' dir='ltr'><strong>Britannia</strong></span> <span class='ocrx_word' id='word_1_144' title='bbox 1592 1858 1802 1928; x_wconf 88' lang='lat' dir='ltr'><strong>insula,</strong></span> <span class='ocrx_word' id='word_1_145' title='bbox 1859 1859 2027 1929; x_wconf 86' lang='lat' dir='ltr'><strong>cujus</strong></span> 
     </span>
    </p>
   </div>
   <div class='ocr_carea' id='block_1_20' title="bbox 313 1943 2027 2019">
    <p class='ocr_par' dir='ltr' id='par_1_20' title="bbox 313 1943 2027 2019">
     <span class='ocr_line' id='line_1_20' title="bbox 313 1943 2027 2019; baseline 0.002 -19"><span class='ocrx_word' id='word_1_146' title='bbox 313 1943 518 2001; x_wconf 67' lang='lat' dir='ltr'><strong>incola</strong></span> <span class='ocrx_word' id='word_1_147' title='bbox 579 1945 710 2002; x_wconf 88' lang='lat' dir='ltr'><strong>talis</strong></span> <span class='ocrx_word' id='word_1_148' title='bbox 769 1955 964 2002; x_wconf 86' lang='lat' dir='ltr'><strong>essent</strong></span> <span class='ocrx_word' id='word_1_149' title='bbox 1021 1955 1309 2018; x_wconf 88' lang='lat' dir='ltr'><strong>aspectus.</strong></span> <span class='ocrx_word' id='word_1_150' title='bbox 1359 1953 1583 2004; x_wconf 85' lang='lat' dir='ltr'><strong>Rursus</strong></span> <span class='ocrx_word' id='word_1_151' title='bbox 1647 1947 2027 2019; x_wconf 87' lang='lat' dir='ltr'><strong>interrogavit</strong></span> 
     </span>
    </p>
   </div>
   <div class='ocr_carea' id='block_1_21' title="bbox 313 2033 2026 2107">
    <p class='ocr_par' dir='ltr' id='par_1_21' title="bbox 313 2033 2026 2107">
     <span class='ocr_line' id='line_1_21' title="bbox 313 2033 2026 2107; baseline 0.001 -18"><span class='ocrx_word' id='word_1_152' title='bbox 313 2040 510 2089; x_wconf 89' lang='lat' dir='ltr'><strong>utrum</strong></span> <span class='ocrx_word' id='word_1_153' title='bbox 541 2033 719 2090; x_wconf 90' lang='lat' dir='ltr'><strong>iidem</strong></span> <span class='ocrx_word' id='word_1_154' title='bbox 769 2035 1031 2091; x_wconf 91' lang='lat' dir='ltr'><strong>insulani</strong></span> <span class='ocrx_word' id='word_1_155' title='bbox 1060 2041 1260 2092; x_wconf 88' lang='lat' dir='ltr'><strong>essent</strong></span> <span class='ocrx_word' id='word_1_156' title='bbox 1306 2036 1646 2105; x_wconf 86' lang='lat' dir='ltr'><strong>Christiani,</strong></span> <span class='ocrx_word' id='word_1_157' title='bbox 1678 2053 1751 2092; x_wconf 89' lang='lat' dir='ltr'><strong>an</strong></span> <span class='ocrx_word' id='word_1_158' title='bbox 1785 2036 2026 2107; x_wconf 86' lang='lat' dir='ltr'><strong>paganis</strong></span> 
     </span>
    </p>
   </div>
   <div class='ocr_carea' id='block_1_22' title="bbox 312 2124 2021 2200">
    <p class='ocr_par' dir='ltr' id='par_1_22' title="bbox 312 2124 2021 2200">
     <span class='ocr_line' id='line_1_22' title="bbox 312 2124 2021 2200; baseline 0.003 -22"><span class='ocrx_word' id='word_1_159' title='bbox 312 2124 506 2180; x_wconf 87' lang='lat' dir='ltr'><strong>adhuc</strong></span> <span class='ocrx_word' id='word_1_160' title='bbox 552 2125 848 2182; x_wconf 87' lang='lat' dir='ltr'><strong>erroribus</strong></span> <span class='ocrx_word' id='word_1_161' title='bbox 898 2131 1093 2183; x_wconf 83' lang='lat' dir='ltr'><strong>essent</strong></span> <span class='ocrx_word' id='word_1_162' title='bbox 1121 2127 1426 2199; x_wconf 86' lang='lat' dir='ltr'><strong>implicati.</strong></span> <span class='ocrx_word' id='word_1_163' title='bbox 1461 2127 1692 2184; x_wconf 91' lang='lat' dir='ltr'><strong>Dictum</strong></span> <span class='ocrx_word' id='word_1_164' title='bbox 1734 2133 1822 2184; x_wconf 90' lang='lat' dir='ltr'><strong>est</strong></span> <span class='ocrx_word' id='word_1_165' title='bbox 1869 2129 2021 2200; x_wconf 90' lang='lat' dir='ltr'><strong>quod</strong></span> 
     </span>
    </p>
   </div>
   <div class='ocr_carea' id='block_1_23' title="bbox 313 2214 2026 2287">
    <p class='ocr_par' dir='ltr' id='par_1_23' title="bbox 313 2214 2026 2287">
     <span class='ocr_line' id='line_1_23' title="bbox 313 2214 2026 2287; baseline 0.002 -17"><span class='ocrx_word' id='word_1_166' title='bbox 313 2217 510 2270; x_wconf 90' lang='lat' dir='ltr'><strong>essent</strong></span> <span class='ocrx_word' id='word_1_167' title='bbox 540 2214 773 2286; x_wconf 86' lang='lat' dir='ltr'><strong>pagani.</strong></span> <span class='ocrx_word' id='word_1_168' title='bbox 805 2216 878 2270; x_wconf 82' lang='lat' dir='ltr'><strong>At</strong></span> <span class='ocrx_word' id='word_1_169' title='bbox 907 2215 1005 2272; x_wconf 89' lang='lat' dir='ltr'><strong>ille</strong></span> <span class='ocrx_word' id='word_1_170' title='bbox 1037 2216 1245 2272; x_wconf 90' lang='lat' dir='ltr'><strong>intimo</strong></span> <span class='ocrx_word' id='word_1_171' title='bbox 1278 2233 1345 2272; x_wconf 93' lang='lat' dir='ltr'><strong>ex</strong></span> <span class='ocrx_word' id='word_1_172' title='bbox 1376 2218 1547 2273; x_wconf 88' lang='lat' dir='ltr'><strong>corde</strong></span> <span class='ocrx_word' id='word_1_173' title='bbox 1590 2217 1761 2287; x_wconf 88' lang='lat' dir='ltr'><strong>longa</strong></span> <span class='ocrx_word' id='word_1_174' title='bbox 1791 2219 2026 2274; x_wconf 88' lang='lat' dir='ltr'><strong>trahens</strong></span> 
     </span>
    </p>
   </div>
   <div class='ocr_carea' id='block_1_24' title="bbox 312 2302 2028 2377">
    <p class='ocr_par' dir='ltr' id='par_1_24' title="bbox 312 2302 2028 2377">
     <span class='ocr_line' id='line_1_24' title="bbox 312 2302 2028 2377; baseline 0.004 -22"><span class='ocrx_word' id='word_1_175' title='bbox 312 2302 607 2374; x_wconf 88' lang='lat' dir='ltr'><strong>suspiria:</strong></span> <span class='ocrx_word' id='word_1_176' title='bbox 652 2302 775 2358; x_wconf 85' lang='lat' dir='ltr'><strong>Heu</strong></span> <span class='ocrx_word' id='word_1_177' title='bbox 823 2303 969 2374; x_wconf 92' lang='lat' dir='ltr'><strong>proh</strong></span> <span class='ocrx_word' id='word_1_178' title='bbox 1003 2304 1202 2361; x_wconf 83' lang='lat' dir='ltr'><strong>dolori</strong></span> <span class='ocrx_word' id='word_1_179' title='bbox 1241 2305 1456 2376; x_wconf 85' lang='lat' dir='ltr'><strong>inquit,</strong></span> <span class='ocrx_word' id='word_1_180' title='bbox 1490 2307 1645 2377; x_wconf 91' lang='lat' dir='ltr'><strong>quod</strong></span> <span class='ocrx_word' id='word_1_181' title='bbox 1697 2315 1812 2361; x_wconf 88' lang='lat' dir='ltr'><strong>tam</strong></span> <span class='ocrx_word' id='word_1_182' title='bbox 1847 2306 2028 2363; x_wconf 90' lang='lat' dir='ltr'><strong>lucidi</strong></span> 
     </span>
    </p>
   </div>
   <div class='ocr_carea' id='block_1_25' title="bbox 309 2391 2024 2466">
    <p class='ocr_par' dir='ltr' id='par_1_25' title="bbox 309 2391 2024 2466">
     <span class='ocr_line' id='line_1_25' title="bbox 309 2391 2024 2466; baseline 0.004 -21"><span class='ocrx_word' id='word_1_183' title='bbox 309 2392 511 2446; x_wconf 85' lang='lat' dir='ltr'><strong>vultus</strong></span> <span class='ocrx_word' id='word_1_184' title='bbox 542 2391 817 2448; x_wconf 87' lang='lat' dir='ltr'><strong>homines</strong></span> <span class='ocrx_word' id='word_1_185' title='bbox 867 2395 1239 2450; x_wconf 85' lang='lat' dir='ltr'><strong>tenebrarum</strong></span> <span class='ocrx_word' id='word_1_186' title='bbox 1273 2399 1474 2451; x_wconf 88' lang='lat' dir='ltr'><strong>auctor</strong></span> <span class='ocrx_word' id='word_1_187' title='bbox 1523 2396 1801 2466; x_wconf 86' lang='lat' dir='ltr'><strong>possidet,</strong></span> <span class='ocrx_word' id='word_1_188' title='bbox 1837 2400 2024 2452; x_wconf 89' lang='lat' dir='ltr'><strong>tanta-</strong></span> 
     </span>
    </p>
   </div>
   <div class='ocr_carea' id='block_1_26' title="bbox 313 2481 2025 2558">
    <p class='ocr_par' dir='ltr' id='par_1_26' title="bbox 313 2481 2025 2558">
     <span class='ocr_line' id='line_1_26' title="bbox 313 2481 2025 2558; baseline 0.004 -22"><span class='ocrx_word' id='word_1_189' title='bbox 313 2495 421 2550; x_wconf 89' lang='lat' dir='ltr'><strong>que</strong></span> <span class='ocrx_word' id='word_1_190' title='bbox 452 2482 641 2553; x_wconf 86' lang='lat' dir='ltr'><strong>gratia</strong></span> <span class='ocrx_word' id='word_1_191' title='bbox 673 2481 878 2538; x_wconf 80' lang='lat' dir='ltr'><strong>frontis</strong></span> <span class='ocrx_word' id='word_1_192' title='bbox 907 2483 1124 2555; x_wconf 90' lang='lat' dir='ltr'><strong>speciei</strong></span> <span class='ocrx_word' id='word_1_193' title='bbox 1154 2489 1408 2540; x_wconf 89' lang='lat' dir='ltr'><strong>mentem</strong></span> <span class='ocrx_word' id='word_1_194' title='bbox 1455 2486 1526 2540; x_wconf 91' lang='lat' dir='ltr'><strong>ad</strong></span> <span class='ocrx_word' id='word_1_195' title='bbox 1570 2485 1856 2541; x_wconf 79' lang='lat' dir='ltr'><strong>internum</strong></span> <span class='ocrx_word' id='word_1_196' title='bbox 1891 2503 2025 2558; x_wconf 87' lang='lat' dir='ltr'><strong>gra-</strong></span> 
     </span>
    </p>
   </div>
   <div class='ocr_carea' id='block_1_27' title="bbox 312 2569 2029 2645">
    <p class='ocr_par' dir='ltr' id='par_1_27' title="bbox 312 2569 2029 2645">
     <span class='ocr_line' id='line_1_27' title="bbox 312 2569 2029 2645; baseline 0.005 -22"><span class='ocrx_word' id='word_1_197' title='bbox 312 2569 459 2624; x_wconf 89' lang='lat' dir='ltr'><strong>tiam</strong></span> <span class='ocrx_word' id='word_1_198' title='bbox 491 2585 731 2627; x_wconf 89' lang='lat' dir='ltr'><strong>vacuam</strong></span> <span class='ocrx_word' id='word_1_199' title='bbox 757 2579 962 2642; x_wconf 80' lang='lat' dir='ltr'><strong>gestat.</strong></span> <span class='ocrx_word' id='word_1_200' title='bbox 994 2576 1220 2629; x_wconf 79' lang='lat' dir='ltr'><strong>Rursus</strong></span> <span class='ocrx_word' id='word_1_201' title='bbox 1266 2574 1638 2644; x_wconf 78' lang='lat' dir='ltr'><strong>interrogavit</strong></span> <span class='ocrx_word' id='word_1_202' title='bbox 1678 2577 1830 2645; x_wconf 90' lang='lat' dir='ltr'><strong>quod</strong></span> <span class='ocrx_word' id='word_1_203' title='bbox 1873 2580 2029 2631; x_wconf 89' lang='lat' dir='ltr'><strong>esset</strong></span> 
     </span>
    </p>
   </div>
   <div class='ocr_carea' id='block_1_28' title="bbox 310 2659 2026 2737">
    <p class='ocr_par' dir='ltr' id='par_1_28' title="bbox 310 2659 2026 2737">
     <span class='ocr_line' id='line_1_28' title="bbox 310 2659 2026 2737; baseline 0.003 -23"><span class='ocrx_word' id='word_1_204' title='bbox 310 2659 662 2716; x_wconf 85' lang='lat' dir='ltr'><strong>vocabulum</strong></span> <span class='ocrx_word' id='word_1_205' title='bbox 705 2662 897 2733; x_wconf 89' lang='lat' dir='ltr'><strong>gentis</strong></span> <span class='ocrx_word' id='word_1_206' title='bbox 932 2661 1112 2718; x_wconf 90' lang='lat' dir='ltr'><strong>illius.</strong></span> <span class='ocrx_word' id='word_1_207' title='bbox 1147 2663 1520 2734; x_wconf 86' lang='lat' dir='ltr'><strong>Responsum</strong></span> <span class='ocrx_word' id='word_1_208' title='bbox 1553 2672 1637 2719; x_wconf 90' lang='lat' dir='ltr'><strong>est</strong></span> <span class='ocrx_word' id='word_1_209' title='bbox 1667 2665 1822 2736; x_wconf 92' lang='lat' dir='ltr'><strong>quod</strong></span> <span class='ocrx_word' id='word_1_210' title='bbox 1854 2665 2026 2737; x_wconf 85' lang='lat' dir='ltr'><strong>Angli</strong></span> 
     </span>
    </p>
   </div>
   <div class='ocr_carea' id='block_1_29' title="bbox 313 2749 2025 2827">
    <p class='ocr_par' dir='ltr' id='par_1_29' title="bbox 313 2749 2025 2827">
     <span class='ocr_line' id='line_1_29' title="bbox 313 2749 2025 2827; baseline 0.004 -23"><span class='ocrx_word' id='word_1_211' title='bbox 313 2754 682 2806; x_wconf 83' lang='lat' dir='ltr'><strong>vocarentur.</strong></span> <span class='ocrx_word' id='word_1_212' title='bbox 711 2752 784 2806; x_wconf 84' lang='lat' dir='ltr'><strong>At</strong></span> <span class='ocrx_word' id='word_1_213' title='bbox 815 2749 950 2806; x_wconf 88' lang='lat' dir='ltr'><strong>ille:</strong></span> <span class='ocrx_word' id='word_1_214' title='bbox 983 2752 1157 2819; x_wconf 91' lang='lat' dir='ltr'><strong>Bene,</strong></span> <span class='ocrx_word' id='word_1_215' title='bbox 1193 2753 1404 2824; x_wconf 89' lang='lat' dir='ltr'><strong>inquit,</strong></span> <span class='ocrx_word' id='word_1_216' title='bbox 1440 2771 1574 2809; x_wconf 90' lang='lat' dir='ltr'><strong>nam</strong></span> <span class='ocrx_word' id='word_1_217' title='bbox 1606 2759 1662 2810; x_wconf 90' lang='lat' dir='ltr'><strong>et</strong></span> <span class='ocrx_word' id='word_1_218' title='bbox 1701 2754 2025 2827; x_wconf 88' lang='lat' dir='ltr'><strong>angelicam</strong></span> 
     </span>
    </p>
   </div>
   <div class='ocr_carea' id='block_1_30' title="bbox 313 2839 2026 2913">
    <p class='ocr_par' dir='ltr' id='par_1_30' title="bbox 313 2839 2026 2913">
     <span class='ocr_line' id='line_1_30' title="bbox 313 2839 2026 2913; baseline 0.004 -19"><span class='ocrx_word' id='word_1_219' title='bbox 313 2839 531 2895; x_wconf 87' lang='lat' dir='ltr'><strong>habent</strong></span> <span class='ocrx_word' id='word_1_220' title='bbox 552 2840 783 2908; x_wconf 91' lang='lat' dir='ltr'><strong>faciem,</strong></span> <span class='ocrx_word' id='word_1_221' title='bbox 816 2845 874 2896; x_wconf 90' lang='lat' dir='ltr'><strong>et</strong></span> <span class='ocrx_word' id='word_1_222' title='bbox 904 2841 1052 2898; x_wconf 85' lang='lat' dir='ltr'><strong>tales</strong></span> <span class='ocrx_word' id='word_1_223' title='bbox 1083 2843 1420 2913; x_wconf 86' lang='lat' dir='ltr'><strong>angelorum</strong></span> <span class='ocrx_word' id='word_1_224' title='bbox 1453 2844 1512 2899; x_wconf 91' lang='lat' dir='ltr'><strong>in</strong></span> <span class='ocrx_word' id='word_1_225' title='bbox 1539 2844 1701 2901; x_wconf 72' lang='lat' dir='ltr'><strong>oculis</strong></span> <span class='ocrx_word' id='word_1_226' title='bbox 1732 2845 1896 2901; x_wconf 89' lang='lat' dir='ltr'><strong>decet</strong></span> <span class='ocrx_word' id='word_1_227' title='bbox 1936 2863 2026 2901; x_wconf 89' lang='lat' dir='ltr'><strong>es-</strong></span> 
     </span>
    </p>
   </div>
   <div class='ocr_carea' id='block_1_31' title="bbox 317 2927 2028 3006">
    <p class='ocr_par' dir='ltr' id='par_1_31' title="bbox 317 2927 2028 3006">
     <span class='ocr_line' id='line_1_31' title="bbox 317 2927 2028 3006; baseline 0.005 -24"><span class='ocrx_word' id='word_1_228' title='bbox 317 2942 378 2982; x_wconf 89' lang='lat' dir='ltr'><strong>se</strong></span> <span class='ocrx_word' id='word_1_229' title='bbox 409 2927 764 2985; x_wconf 71' lang='lat' dir='ltr'><strong>cohaaredes.</strong></span> <span class='ocrx_word' id='word_1_230' title='bbox 795 2930 956 2993; x_wconf 89' lang='lat' dir='ltr'><strong>Quod</strong></span> <span class='ocrx_word' id='word_1_231' title='bbox 1013 2930 1185 2986; x_wconf 86' lang='lat' dir='ltr'><strong>habet</strong></span> <span class='ocrx_word' id='word_1_232' title='bbox 1215 2948 1426 2988; x_wconf 90' lang='lat' dir='ltr'><strong>nomen</strong></span> <span class='ocrx_word' id='word_1_233' title='bbox 1477 2933 1605 3004; x_wconf 91' lang='lat' dir='ltr'><strong>ipsa</strong></span> <span class='ocrx_word' id='word_1_234' title='bbox 1638 2935 1932 3006; x_wconf 89' lang='lat' dir='ltr'><strong>provincia</strong></span> <span class='ocrx_word' id='word_1_235' title='bbox 1958 2937 2028 2991; x_wconf 91' lang='lat' dir='ltr'><strong>de</strong></span> 
     </span>
    </p>
   </div>
   <div class='ocr_carea' id='block_1_32' title="bbox 317 3016 2026 3094">
    <p class='ocr_par' dir='ltr' id='par_1_32' title="bbox 317 3016 2026 3094">
     <span class='ocr_line' id='line_1_32' title="bbox 317 3016 2026 3094; baseline 0.006 -24"><span class='ocrx_word' id='word_1_236' title='bbox 317 3032 435 3086; x_wconf 91' lang='lat' dir='ltr'><strong>qua</strong></span> <span class='ocrx_word' id='word_1_237' title='bbox 467 3016 565 3072; x_wconf 89' lang='lat' dir='ltr'><strong>isti</strong></span> <span class='ocrx_word' id='word_1_238' title='bbox 597 3021 739 3072; x_wconf 90' lang='lat' dir='ltr'><strong>sunt</strong></span> <span class='ocrx_word' id='word_1_239' title='bbox 761 3017 960 3074; x_wconf 84' lang='lat' dir='ltr'><strong>allati?</strong></span> <span class='ocrx_word' id='word_1_240' title='bbox 987 3019 1352 3091; x_wconf 82' lang='lat' dir='ltr'><strong>Responsum</strong></span> <span class='ocrx_word' id='word_1_241' title='bbox 1385 3030 1470 3078; x_wconf 88' lang='lat' dir='ltr'><strong>est</strong></span> <span class='ocrx_word' id='word_1_242' title='bbox 1502 3025 1656 3094; x_wconf 90' lang='lat' dir='ltr'><strong>quod</strong></span> <span class='ocrx_word' id='word_1_243' title='bbox 1685 3027 1842 3079; x_wconf 86' lang='lat' dir='ltr'><strong>Deiri</strong></span> <span class='ocrx_word' id='word_1_244' title='bbox 1860 3040 2026 3080; x_wconf 85' lang='lat' dir='ltr'><strong>voca-</strong></span> 
     </span>
    </p>
   </div>
   <div class='ocr_carea' id='block_1_33' title="bbox 318 3103 2025 3182">
    <p class='ocr_par' dir='ltr' id='par_1_33' title="bbox 318 3103 2025 3182">
     <span class='ocr_line' id='line_1_33' title="bbox 318 3103 2025 3182; baseline 0.006 -25"><span class='ocrx_word' id='word_1_245' title='bbox 318 3103 716 3161; x_wconf 86' lang='lat' dir='ltr'><strong>renturiidem</strong></span> <span class='ocrx_word' id='word_1_246' title='bbox 750 3106 1154 3176; x_wconf 89' lang='lat' dir='ltr'><strong>provinciales.</strong></span> <span class='ocrx_word' id='word_1_247' title='bbox 1174 3114 1248 3164; x_wconf 79' lang='lat' dir='ltr'><strong>At</strong></span> <span class='ocrx_word' id='word_1_248' title='bbox 1279 3109 1375 3165; x_wconf 90' lang='lat' dir='ltr'><strong>ille</strong></span> <span class='ocrx_word' id='word_1_249' title='bbox 1406 3112 1632 3182; x_wconf 86' lang='lat' dir='ltr'><strong>inquit:</strong></span> <span class='ocrx_word' id='word_1_250' title='bbox 1668 3114 1818 3167; x_wconf 89' lang='lat' dir='ltr'><strong>Bene</strong></span> <span class='ocrx_word' id='word_1_251' title='bbox 1852 3113 2025 3180; x_wconf 90' lang='lat' dir='ltr'><strong>Deiri,</strong></span> 
     </span>
    </p>
   </div>
   <div class='ocr_carea' id='block_1_34' title="bbox 322 3174 2102 3263">
    <p class='ocr_par' dir='ltr' id='par_1_34' title="bbox 322 3174 2102 3263">
     <span class='ocr_line' id='line_1_34' title="bbox 322 3174 2102 3263; baseline 0.006 -16"><span class='ocrx_word' id='word_1_252' title='bbox 322 3192 392 3248; x_wconf 89' lang='lat' dir='ltr'><strong>de</strong></span> <span class='ocrx_word' id='word_1_253' title='bbox 422 3192 506 3248; x_wconf 84' lang='lat' dir='ltr'><strong>ira</strong></span> <span class='ocrx_word' id='word_1_254' title='bbox 535 3194 707 3263; x_wconf 90' lang='lat' dir='ltr'><strong>eruti,</strong></span> <span class='ocrx_word' id='word_1_255' title='bbox 730 3174 788 3251; x_wconf 70' lang='lat' dir='ltr'><strong>et</strong></span> <span class='ocrx_word' id='word_1_256' title='bbox 824 3197 894 3250; x_wconf 89' lang='lat' dir='ltr'><strong>ad</strong></span> <span class='ocrx_word' id='word_1_257' title='bbox 930 3197 1388 3254; x_wconf 88' lang='lat' dir='ltr'><strong>misericordiam</strong></span> <span class='ocrx_word' id='word_1_258' title='bbox 1430 3174 1648 3256; x_wconf 79' lang='lat' dir='ltr'><strong>Christi</strong></span> <span class='ocrx_word' id='word_1_259' title='bbox 1680 3203 1882 3258; x_wconf 91' lang='lat' dir='ltr'><strong>vocati.</strong></span> <span class='ocrx_word' id='word_1_260' title='bbox 1911 3174 2026 3258; x_wconf 68' lang='lat' dir='ltr'><strong>Rex</strong></span> <span class='ocrx_word' id='word_1_261' title='bbox 2060 3174 2102 3239; x_wconf 66' lang='grc' dir='ltr'>θ</span> 
     </span>
    </p>
   </div>
   <div class='ocr_carea' id='block_1_35' title="bbox 323 3282 2026 3362">
    <p class='ocr_par' dir='ltr' id='par_1_35' title="bbox 323 3282 2026 3362">
     <span class='ocr_line' id='line_1_35' title="bbox 323 3282 2026 3362; baseline 0.006 -27"><span class='ocrx_word' id='word_1_262' title='bbox 323 3282 634 3352; x_wconf 72' lang='lat' dir='ltr'><strong>provincias</strong></span> <span class='ocrx_word' id='word_1_263' title='bbox 682 3283 840 3340; x_wconf 90' lang='lat' dir='ltr'><strong>illius</strong></span> <span class='ocrx_word' id='word_1_264' title='bbox 871 3286 1166 3355; x_wconf 91' lang='lat' dir='ltr'><strong>quomodo</strong></span> <span class='ocrx_word' id='word_1_265' title='bbox 1212 3289 1496 3343; x_wconf 82' lang='lat' dir='ltr'><strong>vocatur?</strong></span> <span class='ocrx_word' id='word_1_266' title='bbox 1528 3293 1893 3362; x_wconf 81' lang='lat' dir='ltr'><strong>Responsum</strong></span> <span class='ocrx_word' id='word_1_267' title='bbox 1941 3299 2026 3346; x_wconf 87' lang='lat' dir='ltr'><strong>est</strong></span> 
     </span>
    </p>
   </div>
   <div class='ocr_carea' id='block_1_36' title="bbox 323 3371 2020 3449">
    <p class='ocr_par' dir='ltr' id='par_1_36' title="bbox 323 3371 2020 3449">
     <span class='ocr_line' id='line_1_36' title="bbox 323 3371 2020 3449; baseline 0.006 -24"><span class='ocrx_word' id='word_1_268' title='bbox 323 3371 476 3440; x_wconf 87' lang='lat' dir='ltr'><strong>quod</strong></span> <span class='ocrx_word' id='word_1_269' title='bbox 507 3373 649 3428; x_wconf 70' lang='lat' dir='ltr'><strong>Elle</strong></span> <span class='ocrx_word' id='word_1_270' title='bbox 679 3373 986 3432; x_wconf 90' lang='lat' dir='ltr'><strong>diceretur.</strong></span> <span class='ocrx_word' id='word_1_271' title='bbox 1018 3377 1090 3430; x_wconf 86' lang='lat' dir='ltr'><strong>At</strong></span> <span class='ocrx_word' id='word_1_272' title='bbox 1120 3375 1216 3432; x_wconf 91' lang='lat' dir='ltr'><strong>ille</strong></span> <span class='ocrx_word' id='word_1_273' title='bbox 1244 3377 1511 3435; x_wconf 90' lang='lat' dir='ltr'><strong>alludens</strong></span> <span class='ocrx_word' id='word_1_274' title='bbox 1543 3381 1613 3435; x_wconf 92' lang='lat' dir='ltr'><strong>ad</strong></span> <span class='ocrx_word' id='word_1_275' title='bbox 1649 3397 1880 3449; x_wconf 91' lang='lat' dir='ltr'><strong>nomen,</strong></span> <span class='ocrx_word' id='word_1_276' title='bbox 1916 3382 2020 3437; x_wconf 91' lang='lat' dir='ltr'><strong>ait:</strong></span> 
     </span>
    </p>
   </div>
   <div class='ocr_carea' id='block_1_37' title="bbox 320 3459 2029 3542">
    <p class='ocr_par' dir='ltr' id='par_1_37' title="bbox 320 3459 2029 3542">
     <span class='ocr_line' id='line_1_37' title="bbox 320 3459 2029 3542; baseline 0.008 -28"><span class='ocrx_word' id='word_1_277' title='bbox 320 3459 570 3516; x_wconf 79' lang='lat' dir='ltr'><strong>Alleluia</strong></span> <span class='ocrx_word' id='word_1_278' title='bbox 591 3460 822 3518; x_wconf 88' lang='lat' dir='ltr'><strong>laudem</strong></span> <span class='ocrx_word' id='word_1_279' title='bbox 847 3463 949 3519; x_wconf 88' lang='lat' dir='ltr'><strong>Dei</strong></span> <span class='ocrx_word' id='word_1_280' title='bbox 981 3463 1266 3522; x_wconf 86' lang='lat' dir='ltr'><strong>Creatoris</strong></span> <span class='ocrx_word' id='word_1_281' title='bbox 1291 3466 1408 3522; x_wconf 91' lang='lat' dir='ltr'><strong>illis</strong></span> <span class='ocrx_word' id='word_1_282' title='bbox 1441 3469 1498 3523; x_wconf 91' lang='lat' dir='ltr'><strong>in</strong></span> <span class='ocrx_word' id='word_1_283' title='bbox 1523 3470 1785 3540; x_wconf 90' lang='lat' dir='ltr'><strong>partibus</strong></span> <span class='ocrx_word' id='word_1_284' title='bbox 1809 3476 2029 3542; x_wconf 90' lang='lat' dir='ltr'><strong>oportet</strong></span> 
     </span>
    </p>
   </div>
   <div class='ocr_carea' id='block_1_38' title="bbox 323 3549 2028 3627">
    <p class='ocr_par' dir='ltr' id='par_1_38' title="bbox 323 3549 2028 3627">
     <span class='ocr_line' id='line_1_38' title="bbox 323 3549 2028 3627; baseline 0.006 -22"><span class='ocrx_word' id='word_1_285' title='bbox 323 3549 565 3606; x_wconf 86' lang='lat' dir='ltr'><strong>cantari.</strong></span> <span class='ocrx_word' id='word_1_286' title='bbox 619 3551 792 3608; x_wconf 88' lang='lat' dir='ltr'><strong>Porro</strong></span> <span class='ocrx_word' id='word_1_287' title='bbox 843 3555 1125 3611; x_wconf 88' lang='lat' dir='ltr'><strong>accedens</strong></span> <span class='ocrx_word' id='word_1_288' title='bbox 1170 3557 1240 3611; x_wconf 87' lang='lat' dir='ltr'><strong>ad</strong></span> <span class='ocrx_word' id='word_1_289' title='bbox 1295 3558 1620 3627; x_wconf 82' lang='lat' dir='ltr'><strong>pontiﬁcem</strong></span> <span class='ocrx_word' id='word_1_290' title='bbox 1669 3560 1942 3617; x_wconf 73' lang='lat' dir='ltr'><strong>Romanae</strong></span> <span class='ocrx_word' id='word_1_291' title='bbox 1971 3566 2028 3618; x_wconf 91' lang='lat' dir='ltr'><strong>et</strong></span> 
     </span>
    </p>
   </div>
   <div class='ocr_carea' id='block_1_39' title="bbox 324 3640 2030 3722">
    <p class='ocr_par' dir='ltr' id='par_1_39' title="bbox 324 3640 2030 3722">
     <span class='ocr_line' id='line_1_39' title="bbox 324 3640 2030 3722; baseline 0.006 -26"><span class='ocrx_word' id='word_1_292' title='bbox 324 3640 652 3711; x_wconf 63' lang='lat' dir='ltr'><strong>apostolicae</strong></span> <span class='ocrx_word' id='word_1_293' title='bbox 727 3643 881 3700; x_wconf 89' lang='lat' dir='ltr'><strong>sedis</strong></span> <span class='ocrx_word' id='word_1_294' title='bbox 928 3645 1212 3714; x_wconf 93' lang='lat' dir='ltr'><strong>(nondum</strong></span> <span class='ocrx_word' id='word_1_295' title='bbox 1271 3646 1427 3702; x_wconf 91' lang='lat' dir='ltr'><strong>enim</strong></span> <span class='ocrx_word' id='word_1_296' title='bbox 1498 3655 1622 3705; x_wconf 90' lang='lat' dir='ltr'><strong>erat</strong></span> <span class='ocrx_word' id='word_1_297' title='bbox 1668 3651 1791 3720; x_wconf 89' lang='lat' dir='ltr'><strong>ipse</strong></span> <span class='ocrx_word' id='word_1_298' title='bbox 1842 3651 2030 3722; x_wconf 91' lang='lat' dir='ltr'><strong>ponti-</strong></span> 
     </span>
    </p>
   </div>
   <div class='ocr_carea' id='block_1_40' title="bbox 324 3729 2027 3808">
    <p class='ocr_par' dir='ltr' id='par_1_40' title="bbox 324 3729 2027 3808">
     <span class='ocr_line' id='line_1_40' title="bbox 324 3729 2027 3808; baseline 0.009 -25"><span class='ocrx_word' id='word_1_299' title='bbox 324 3729 416 3784; x_wconf 87' lang='lat' dir='ltr'><strong>fex</strong></span> <span class='ocrx_word' id='word_1_300' title='bbox 437 3729 648 3801; x_wconf 86' lang='lat' dir='ltr'><strong>factus)</strong></span> <span class='ocrx_word' id='word_1_301' title='bbox 679 3733 900 3804; x_wconf 85' lang='lat' dir='ltr'><strong>rogavit</strong></span> <span class='ocrx_word' id='word_1_302' title='bbox 933 3739 993 3790; x_wconf 93' lang='lat' dir='ltr'><strong>ut</strong></span> <span class='ocrx_word' id='word_1_303' title='bbox 1022 3735 1176 3806; x_wconf 88' lang='lat' dir='ltr'><strong>genti</strong></span> <span class='ocrx_word' id='word_1_304' title='bbox 1226 3736 1544 3808; x_wconf 84' lang='lat' dir='ltr'><strong>Anglorum</strong></span> <span class='ocrx_word' id='word_1_305' title='bbox 1576 3740 1632 3794; x_wconf 93' lang='lat' dir='ltr'><strong>in</strong></span> <span class='ocrx_word' id='word_1_306' title='bbox 1668 3739 2027 3798; x_wconf 80' lang='lat' dir='ltr'><strong>Britanniam</strong></span> 
     </span>
    </p>
   </div>
   <div class='ocr_carea' id='block_1_41' title="bbox 321 3816 2028 3897">
    <p class='ocr_par' dir='ltr' id='par_1_41' title="bbox 321 3816 2028 3897">
     <span class='ocr_line' id='line_1_41' title="bbox 321 3816 2028 3897; baseline 0.009 -25"><span class='ocrx_word' id='word_1_307' title='bbox 321 3816 550 3889; x_wconf 81' lang='lat' dir='ltr'><strong>aliquos</strong></span> <span class='ocrx_word' id='word_1_308' title='bbox 577 3820 740 3876; x_wconf 87' lang='lat' dir='ltr'><strong>verbi</strong></span> <span class='ocrx_word' id='word_1_309' title='bbox 790 3821 1108 3892; x_wconf 89' lang='lat' dir='ltr'><strong>ministros,</strong></span> <span class='ocrx_word' id='word_1_310' title='bbox 1139 3841 1243 3896; x_wconf 89' lang='lat' dir='ltr'><strong>per</strong></span> <span class='ocrx_word' id='word_1_311' title='bbox 1267 3842 1411 3897; x_wconf 90' lang='lat' dir='ltr'><strong>quos</strong></span> <span class='ocrx_word' id='word_1_312' title='bbox 1442 3828 1508 3882; x_wconf 90' lang='lat' dir='ltr'><strong>ad</strong></span> <span class='ocrx_word' id='word_1_313' title='bbox 1555 3829 1856 3885; x_wconf 87' lang='lat' dir='ltr'><strong>Christum</strong></span> <span class='ocrx_word' id='word_1_314' title='bbox 1887 3848 2028 3886; x_wconf 90' lang='lat' dir='ltr'><strong>con-</strong></span> 
     </span>
    </p>
   </div>
   <div class='ocr_carea' id='block_1_42' title="bbox 319 3910 2024 3987">
    <p class='ocr_par' dir='ltr' id='par_1_42' title="bbox 319 3910 2024 3987">
     <span class='ocr_line' id='line_1_42' title="bbox 319 3910 2024 3987; baseline 0.009 -25"><span class='ocrx_word' id='word_1_315' title='bbox 319 3910 704 3976; x_wconf 84' lang='lat' dir='ltr'><strong>verterentur,</strong></span> <span class='ocrx_word' id='word_1_316' title='bbox 738 3910 1027 3981; x_wconf 84' lang='lat' dir='ltr'><strong>mitteret;</strong></span> <span class='ocrx_word' id='word_1_317' title='bbox 1084 3914 1339 3984; x_wconf 89' lang='lat' dir='ltr'><strong>seipsum</strong></span> <span class='ocrx_word' id='word_1_318' title='bbox 1373 3921 1635 3987; x_wconf 87' lang='lat' dir='ltr'><strong>paratum</strong></span> <span class='ocrx_word' id='word_1_319' title='bbox 1670 3935 1796 3975; x_wconf 91' lang='lat' dir='ltr'><strong>esse</strong></span> <span class='ocrx_word' id='word_1_320' title='bbox 1825 3920 1882 3976; x_wconf 92' lang='lat' dir='ltr'><strong>in</strong></span> <span class='ocrx_word' id='word_1_321' title='bbox 1920 3921 2024 3977; x_wconf 91' lang='lat' dir='ltr'><strong>hoc</strong></span> 
     </span>
    </p>
   </div>
   <div class='ocr_carea' id='block_1_43' title="bbox 323 3995 2027 4075">
    <p class='ocr_par' dir='ltr' id='par_1_43' title="bbox 323 3995 2027 4075">
     <span class='ocr_line' id='line_1_43' title="bbox 323 3995 2027 4075; baseline 0.008 -24"><span class='ocrx_word' id='word_1_322' title='bbox 323 4011 492 4068; x_wconf 90' lang='lat' dir='ltr'><strong>opus,</strong></span> <span class='ocrx_word' id='word_1_323' title='bbox 531 3995 778 4055; x_wconf 90' lang='lat' dir='ltr'><strong>Domino</strong></span> <span class='ocrx_word' id='word_1_324' title='bbox 826 4010 1187 4072; x_wconf 88' lang='lat' dir='ltr'><strong>cooperante,</strong></span> <span class='ocrx_word' id='word_1_325' title='bbox 1237 4003 1680 4075; x_wconf 86' lang='lat' dir='ltr'><strong>perficiendum,</strong></span> <span class='ocrx_word' id='word_1_326' title='bbox 1732 4008 1780 4062; x_wconf 90' lang='lat' dir='ltr'><strong>si</strong></span> <span class='ocrx_word' id='word_1_327' title='bbox 1834 4014 2027 4065; x_wconf 82' lang='lat' dir='ltr'><strong>tamen</strong></span> 
     </span>
    </p>
   </div>
   <div class='ocr_carea' id='block_1_44' title="bbox 323 4087 2026 4167">
    <p class='ocr_par' dir='ltr' id='par_1_44' title="bbox 323 4087 2026 4167">
     <span class='ocr_line' id='line_1_44' title="bbox 323 4087 2026 4167; baseline 0.008 -24"><span class='ocrx_word' id='word_1_328' title='bbox 323 4087 642 4157; x_wconf 89' lang='lat' dir='ltr'><strong>apostolico</strong></span> <span class='ocrx_word' id='word_1_329' title='bbox 681 4106 840 4161; x_wconf 66' lang='lat' dir='ltr'><strong>papae</strong></span> <span class='ocrx_word' id='word_1_330' title='bbox 882 4091 990 4148; x_wconf 88' lang='lat' dir='ltr'><strong>hoc</strong></span> <span class='ocrx_word' id='word_1_331' title='bbox 1042 4099 1106 4148; x_wconf 92' lang='lat' dir='ltr'><strong>ut</strong></span> <span class='ocrx_word' id='word_1_332' title='bbox 1153 4093 1318 4150; x_wconf 79' lang='lat' dir='ltr'><strong>fieret</strong></span> <span class='ocrx_word' id='word_1_333' title='bbox 1365 4095 1632 4167; x_wconf 87' lang='lat' dir='ltr'><strong>placeret.</strong></span> <span class='ocrx_word' id='word_1_334' title='bbox 1677 4098 1840 4162; x_wconf 89' lang='lat' dir='ltr'><strong>Quod</strong></span> <span class='ocrx_word' id='word_1_335' title='bbox 1888 4101 2026 4157; x_wconf 89' lang='lat' dir='ltr'><strong>dum</strong></span> 
     </span>
    </p>
   </div>
   <div class='ocr_carea' id='block_1_45' title="bbox 322 4175 2027 4254">
    <p class='ocr_par' dir='ltr' id='par_1_45' title="bbox 322 4175 2027 4254">
     <span class='ocr_line' id='line_1_45' title="bbox 322 4175 2027 4254; baseline 0.009 -24"><span class='ocrx_word' id='word_1_336' title='bbox 322 4175 600 4248; x_wconf 83' lang='lat' dir='ltr'><strong>perficere</strong></span> <span class='ocrx_word' id='word_1_337' title='bbox 631 4195 747 4235; x_wconf 92' lang='lat' dir='ltr'><strong>non</strong></span> <span class='ocrx_word' id='word_1_338' title='bbox 770 4185 965 4251; x_wconf 88' lang='lat' dir='ltr'><strong>posset</strong></span> <span class='ocrx_word' id='word_1_339' title='bbox 992 4183 1160 4253; x_wconf 90' lang='lat' dir='ltr'><strong>(quia</strong></span> <span class='ocrx_word' id='word_1_340' title='bbox 1181 4185 1289 4239; x_wconf 90' lang='lat' dir='ltr'><strong>etsi</strong></span> <span class='ocrx_word' id='word_1_341' title='bbox 1313 4184 1572 4254; x_wconf 79' lang='lat' dir='ltr'><strong>pontifex</strong></span> <span class='ocrx_word' id='word_1_342' title='bbox 1593 4189 1910 4245; x_wconf 88' lang='lat' dir='ltr'><strong>concedere</strong></span> <span class='ocrx_word' id='word_1_343' title='bbox 1943 4190 2027 4246; x_wconf 90' lang='lat' dir='ltr'><strong>illi</strong></span> 
     </span>
    </p>
   </div>
   <div class='ocr_carea' id='block_1_46' title="bbox 325 4267 2030 4348">
    <p class='ocr_par' dir='ltr' id='par_1_46' title="bbox 325 4267 2030 4348">
     <span class='ocr_line' id='line_1_46' title="bbox 325 4267 2030 4348; baseline 0.009 -28"><span class='ocrx_word' id='word_1_344' title='bbox 325 4267 480 4336; x_wconf 90' lang='lat' dir='ltr'><strong>quod</strong></span> <span class='ocrx_word' id='word_1_345' title='bbox 518 4267 758 4338; x_wconf 89' lang='lat' dir='ltr'><strong>petierat</strong></span> <span class='ocrx_word' id='word_1_346' title='bbox 809 4270 1014 4341; x_wconf 90' lang='lat' dir='ltr'><strong>voluit,</strong></span> <span class='ocrx_word' id='word_1_347' title='bbox 1049 4289 1162 4328; x_wconf 93' lang='lat' dir='ltr'><strong>non</strong></span> <span class='ocrx_word' id='word_1_348' title='bbox 1213 4280 1409 4330; x_wconf 89' lang='lat' dir='ltr'><strong>tamen</strong></span> <span class='ocrx_word' id='word_1_349' title='bbox 1460 4275 1612 4331; x_wconf 83' lang='lat' dir='ltr'><strong>cives</strong></span> <span class='ocrx_word' id='word_1_350' title='bbox 1665 4279 1932 4348; x_wconf 89' lang='lat' dir='ltr'><strong>Romani,</strong></span> <span class='ocrx_word' id='word_1_351' title='bbox 1967 4285 2030 4336; x_wconf 93' lang='lat' dir='ltr'><strong>ut</strong></span> 
     </span>
    </p>
   </div>
   <div class='ocr_carea' id='block_1_47' title="bbox 324 4354 2026 4442">
    <p class='ocr_par' dir='ltr' id='par_1_47' title="bbox 324 4354 2026 4442">
     <span class='ocr_line' id='line_1_47' title="bbox 324 4354 2026 4442; baseline 0.011 -35"><span class='ocrx_word' id='word_1_352' title='bbox 324 4359 444 4408; x_wconf 84' lang='lat' dir='ltr'><strong>tam</strong></span> <span class='ocrx_word' id='word_1_353' title='bbox 475 4354 648 4427; x_wconf 91' lang='lat' dir='ltr'><strong>longe</strong></span> <span class='ocrx_word' id='word_1_354' title='bbox 680 4357 750 4412; x_wconf 90' lang='lat' dir='ltr'><strong>ab</strong></span> <span class='ocrx_word' id='word_1_355' title='bbox 782 4357 934 4416; x_wconf 92' lang='lat' dir='ltr'><strong>Urbe</strong></span> <span class='ocrx_word' id='word_1_356' title='bbox 963 4364 1277 4431; x_wconf 87' lang='lat' dir='ltr'><strong>secederet,</strong></span> <span class='ocrx_word' id='word_1_357' title='bbox 1303 4370 1613 4435; x_wconf 90' lang='lat' dir='ltr'><strong>potuerunt</strong></span> <span class='ocrx_word' id='word_1_358' title='bbox 1645 4369 2026 4442; x_wconf 88' lang='lat' dir='ltr'><strong>permittere),</strong></span> 
     </span>
    </p>
   </div>
   <div class='ocr_carea' id='block_1_48' title="bbox 329 4442 2028 4529">
    <p class='ocr_par' dir='ltr' id='par_1_48' title="bbox 329 4442 2028 4529">
     <span class='ocr_line' id='line_1_48' title="bbox 329 4442 2028 4529; baseline 0.011 -33"><span class='ocrx_word' id='word_1_359' title='bbox 329 4457 462 4497; x_wconf 89' lang='lat' dir='ltr'><strong>mox</strong></span> <span class='ocrx_word' id='word_1_360' title='bbox 494 4442 699 4514; x_wconf 88' lang='lat' dir='ltr'><strong>utipse</strong></span> <span class='ocrx_word' id='word_1_361' title='bbox 749 4449 1119 4515; x_wconf 84' lang='lat' dir='ltr'><strong>pontificatus</strong></span> <span class='ocrx_word' id='word_1_362' title='bbox 1152 4453 1343 4508; x_wconf 87' lang='lat' dir='ltr'><strong>oflicio</strong></span> <span class='ocrx_word' id='word_1_363' title='bbox 1370 4455 1604 4511; x_wconf 88' lang='lat' dir='ltr'><strong>functus</strong></span> <span class='ocrx_word' id='word_1_364' title='bbox 1643 4462 1752 4524; x_wconf 87' lang='lat' dir='ltr'><strong>est,</strong></span> <span class='ocrx_word' id='word_1_365' title='bbox 1788 4461 2028 4529; x_wconf 88' lang='lat' dir='ltr'><strong>perfecit</strong></span> 
     </span>
    </p>
   </div>
   <div class='ocr_carea' id='block_1_49' title="bbox 2133 508 3802 586">
    <p class='ocr_par' dir='ltr' id='par_1_49' title="bbox 2133 508 3802 586">
     <span class='ocr_line' id='line_1_49' title="bbox 2133 508 3802 586; baseline 0.01 -27"><span class='ocrx_word' id='word_1_366' title='bbox 2133 520 2251 560; x_wconf 67' lang='lat' dir='ltr'><strong>sua</strong></span> <span class='ocrx_word' id='word_1_367' title='bbox 2277 508 2595 564; x_wconf 85' lang='lat' dir='ltr'><strong>nobilitatis</strong></span> <span class='ocrx_word' id='word_1_368' title='bbox 2627 509 2838 564; x_wconf 89' lang='lat' dir='ltr'><strong>lineam</strong></span> <span class='ocrx_word' id='word_1_369' title='bbox 2866 509 3123 565; x_wconf 91' lang='lat' dir='ltr'><strong>moribus</strong></span> <span class='ocrx_word' id='word_1_370' title='bbox 3145 511 3375 582; x_wconf 85' lang='lat' dir='ltr'><strong>extulit,</strong></span> <span class='ocrx_word' id='word_1_371' title='bbox 3398 516 3584 586; x_wconf 90' lang='lat' dir='ltr'><strong>probis</strong></span> <span class='ocrx_word' id='word_1_372' title='bbox 3601 519 3802 576; x_wconf 88' lang='lat' dir='ltr'><strong>actibus</strong></span> 
     </span>
    </p>
   </div>
   <div class='ocr_carea' id='block_1_50' title="bbox 2132 593 3801 678">
    <p class='ocr_par' dir='ltr' id='par_1_50' title="bbox 2132 593 3801 678">
     <span class='ocr_line' id='line_1_50' title="bbox 2132 593 3801 678; baseline 0.011 -31"><span class='ocrx_word' id='word_1_373' title='bbox 2132 593 2443 652; x_wconf 85' lang='lat' dir='ltr'><strong>decoravit.</strong></span> <span class='ocrx_word' id='word_1_374' title='bbox 2469 598 2610 654; x_wconf 88' lang='lat' dir='ltr'><strong>Nam</strong></span> <span class='ocrx_word' id='word_1_375' title='bbox 2645 600 2747 669; x_wconf 88' lang='lat' dir='ltr'><strong>qui</strong></span> <span class='ocrx_word' id='word_1_376' title='bbox 2780 604 2912 654; x_wconf 93' lang='lat' dir='ltr'><strong>ante</strong></span> <span class='ocrx_word' id='word_1_377' title='bbox 2944 599 3145 654; x_wconf 89' lang='lat' dir='ltr'><strong>sericis</strong></span> <span class='ocrx_word' id='word_1_378' title='bbox 3190 602 3438 657; x_wconf 86' lang='lat' dir='ltr'><strong>vestibus</strong></span> <span class='ocrx_word' id='word_1_379' title='bbox 3470 622 3532 660; x_wconf 90' lang='lat' dir='ltr'><strong>ac</strong></span> <span class='ocrx_word' id='word_1_380' title='bbox 3575 609 3801 678; x_wconf 89' lang='lat' dir='ltr'><strong>gemmis</strong></span> 
     </span>
    </p>
   </div>
   <div class='ocr_carea' id='block_1_51' title="bbox 2133 685 3802 763">
    <p class='ocr_par' dir='ltr' id='par_1_51' title="bbox 2133 685 3802 763">
     <span class='ocr_line' id='line_1_51' title="bbox 2133 685 3802 763; baseline 0.009 -25"><span class='ocrx_word' id='word_1_381' title='bbox 2133 685 2484 743; x_wconf 90' lang='lat' dir='ltr'><strong>micantibus</strong></span> <span class='ocrx_word' id='word_1_382' title='bbox 2518 705 2613 759; x_wconf 92' lang='lat' dir='ltr'><strong>per</strong></span> <span class='ocrx_word' id='word_1_383' title='bbox 2664 689 2873 744; x_wconf 90' lang='lat' dir='ltr'><strong>Urbem</strong></span> <span class='ocrx_word' id='word_1_384' title='bbox 2916 688 3133 744; x_wconf 90' lang='lat' dir='ltr'><strong>solebat</strong></span> <span class='ocrx_word' id='word_1_385' title='bbox 3179 693 3480 761; x_wconf 89' lang='lat' dir='ltr'><strong>procedere</strong></span> <span class='ocrx_word' id='word_1_386' title='bbox 3511 696 3802 763; x_wconf 87' lang='lat' dir='ltr'><strong>trabeatus,</strong></span> 
     </span>
    </p>
   </div>
   <div class='ocr_carea' id='block_1_52' title="bbox 2133 778 3804 857">
    <p class='ocr_par' dir='ltr' id='par_1_52' title="bbox 2133 778 3804 857">
     <span class='ocr_line' id='line_1_52' title="bbox 2133 778 3804 857; baseline 0.007 -27"><span class='ocrx_word' id='word_1_387' title='bbox 2133 781 2264 846; x_wconf 87' lang='lat' dir='ltr'><strong>post</strong></span> <span class='ocrx_word' id='word_1_388' title='bbox 2295 778 2390 831; x_wconf 91' lang='lat' dir='ltr'><strong>vili</strong></span> <span class='ocrx_word' id='word_1_389' title='bbox 2428 782 2729 833; x_wconf 88' lang='lat' dir='ltr'><strong>contectus</strong></span> <span class='ocrx_word' id='word_1_390' title='bbox 2760 778 3040 850; x_wconf 87' lang='lat' dir='ltr'><strong>tegmine,</strong></span> <span class='ocrx_word' id='word_1_391' title='bbox 3066 779 3427 837; x_wconf 87' lang='lat' dir='ltr'><strong>ministrabat</strong></span> <span class='ocrx_word' id='word_1_392' title='bbox 3458 800 3666 855; x_wconf 87' lang='lat' dir='ltr'><strong>pauper</strong></span> <span class='ocrx_word' id='word_1_393' title='bbox 3693 787 3804 857; x_wconf 88' lang='lat' dir='ltr'><strong>ipse</strong></span> 
     </span>
    </p>
   </div>
   <div class='ocr_carea' id='block_1_53' title="bbox 2133 867 3806 936">
    <p class='ocr_par' dir='ltr' id='par_1_53' title="bbox 2133 867 3806 936">
     <span class='ocr_line' id='line_1_53' title="bbox 2133 867 3806 936; baseline 0.008 -17"><span class='ocrx_word' id='word_1_394' title='bbox 2133 867 2509 936; x_wconf 86' lang='lat' dir='ltr'><strong>pauperibus.</strong></span> <span class='ocrx_word' id='word_1_395' title='bbox 2535 867 2754 933; x_wconf 88' lang='lat' dir='ltr'><strong>Quibus</strong></span> <span class='ocrx_word' id='word_1_396' title='bbox 2795 869 3164 924; x_wconf 88' lang='lat' dir='ltr'><strong>monasteriis</strong></span> <span class='ocrx_word' id='word_1_397' title='bbox 3195 874 3417 926; x_wconf 87' lang='lat' dir='ltr'><strong>tantum</strong></span> <span class='ocrx_word' id='word_1_398' title='bbox 3451 876 3519 928; x_wconf 92' lang='lat' dir='ltr'><strong>de</strong></span> <span class='ocrx_word' id='word_1_399' title='bbox 3545 875 3806 933; x_wconf 90' lang='lat' dir='ltr'><strong>reditibus</strong></span> 
     </span>
    </p>
   </div>
   <div class='ocr_carea' id='block_1_54' title="bbox 2133 957 3809 1030">
    <p class='ocr_par' dir='ltr' id='par_1_54' title="bbox 2133 957 3809 1030">
     <span class='ocr_line' id='line_1_54' title="bbox 2133 957 3809 1030; baseline 0.008 -22"><span class='ocrx_word' id='word_1_400' title='bbox 2133 957 2482 1027; x_wconf 71' lang='lat' dir='ltr'><strong>praediorum</strong></span> <span class='ocrx_word' id='word_1_401' title='bbox 2502 958 2804 1029; x_wconf 90' lang='lat' dir='ltr'><strong>delegavit.</strong></span> <span class='ocrx_word' id='word_1_402' title='bbox 2821 963 3105 1030; x_wconf 87' lang='lat' dir='ltr'><strong>quantum</strong></span> <span class='ocrx_word' id='word_1_403' title='bbox 3127 965 3809 1028; x_wconf 87' lang='lat' dir='ltr'><strong>possetcommorantibus</strong></span> 
     </span>
    </p>
   </div>
   <div class='ocr_carea' id='block_1_55' title="bbox 2135 1045 3810 1120">
    <p class='ocr_par' dir='ltr' id='par_1_55' title="bbox 2135 1045 3810 1120">
     <span class='ocr_line' id='line_1_55' title="bbox 2135 1045 3810 1120; baseline 0.007 -21"><span class='ocrx_word' id='word_1_404' title='bbox 2135 1045 2204 1099; x_wconf 87' lang='lat' dir='ltr'><strong>ad</strong></span> <span class='ocrx_word' id='word_1_405' title='bbox 2237 1046 2642 1115; x_wconf 87' lang='lat' dir='ltr'><strong>quotidianum</strong></span> <span class='ocrx_word' id='word_1_406' title='bbox 2679 1047 2894 1101; x_wconf 89' lang='lat' dir='ltr'><strong>victum</strong></span> <span class='ocrx_word' id='word_1_407' title='bbox 2944 1047 3245 1102; x_wconf 77' lang='lat' dir='ltr'><strong>sufficere:</strong></span> <span class='ocrx_word' id='word_1_408' title='bbox 3279 1048 3502 1120; x_wconf 87' lang='lat' dir='ltr'><strong>reliqua</strong></span> <span class='ocrx_word' id='word_1_409' title='bbox 3529 1068 3655 1108; x_wconf 88' lang='lat' dir='ltr'><strong>vero</strong></span> <span class='ocrx_word' id='word_1_410' title='bbox 3685 1069 3810 1110; x_wconf 90' lang='lat' dir='ltr'><strong>ven-</strong></span> 
     </span>
    </p>
   </div>
   <div class='ocr_carea' id='block_1_56' title="bbox 2134 1133 3814 1207">
    <p class='ocr_par' dir='ltr' id='par_1_56' title="bbox 2134 1133 3814 1207">
     <span class='ocr_line' id='line_1_56' title="bbox 2134 1133 3814 1207; baseline 0.006 -20"><span class='ocrx_word' id='word_1_411' title='bbox 2134 1133 2301 1200; x_wconf 85' lang='lat' dir='ltr'><strong>didit,</strong></span> <span class='ocrx_word' id='word_1_412' title='bbox 2324 1151 2388 1189; x_wconf 87' lang='lat' dir='ltr'><strong>ac</strong></span> <span class='ocrx_word' id='word_1_413' title='bbox 2421 1137 2777 1206; x_wconf 89' lang='lat' dir='ltr'><strong>pauperibus</strong></span> <span class='ocrx_word' id='word_1_414' title='bbox 2800 1137 3082 1207; x_wconf 86' lang='lat' dir='ltr'><strong>erogavit.</strong></span> <span class='ocrx_word' id='word_1_415' title='bbox 3113 1137 3327 1193; x_wconf 88' lang='lat' dir='ltr'><strong>Deinde</strong></span> <span class='ocrx_word' id='word_1_416' title='bbox 3349 1145 3580 1196; x_wconf 90' lang='lat' dir='ltr'><strong>coactus</strong></span> <span class='ocrx_word' id='word_1_417' title='bbox 3611 1148 3664 1196; x_wconf 90' lang='lat' dir='ltr'><strong>et</strong></span> <span class='ocrx_word' id='word_1_418' title='bbox 3685 1143 3814 1197; x_wconf 87' lang='lat' dir='ltr'><strong>mul-</strong></span> 
     </span>
    </p>
   </div>
   <div class='ocr_carea' id='block_1_57' title="bbox 2132 1224 3812 1301">
    <p class='ocr_par' dir='ltr' id='par_1_57' title="bbox 2132 1224 3812 1301">
     <span class='ocr_line' id='line_1_57' title="bbox 2132 1224 3812 1301; baseline 0.005 -23"><span class='ocrx_word' id='word_1_419' title='bbox 2132 1227 2259 1279; x_wconf 90' lang='lat' dir='ltr'><strong>tum</strong></span> <span class='ocrx_word' id='word_1_420' title='bbox 2293 1225 2568 1294; x_wconf 87' lang='lat' dir='ltr'><strong>renitens,</strong></span> <span class='ocrx_word' id='word_1_421' title='bbox 2605 1226 2790 1280; x_wconf 90' lang='lat' dir='ltr'><strong>factus</strong></span> <span class='ocrx_word' id='word_1_422' title='bbox 2823 1224 2996 1280; x_wconf 88' lang='lat' dir='ltr'><strong>Urbis</strong></span> <span class='ocrx_word' id='word_1_423' title='bbox 3033 1227 3226 1282; x_wconf 78' lang='lat' dir='ltr'><strong>Romae</strong></span> <span class='ocrx_word' id='word_1_424' title='bbox 3259 1243 3529 1285; x_wconf 90' lang='lat' dir='ltr'><strong>summus</strong></span> <span class='ocrx_word' id='word_1_425' title='bbox 3560 1232 3812 1301; x_wconf 83' lang='lat' dir='ltr'><strong>pontifex,</strong></span> 
     </span>
    </p>
   </div>
   <div class='ocr_carea' id='block_1_58' title="bbox 2134 1313 3812 1385">
    <p class='ocr_par' dir='ltr' id='par_1_58' title="bbox 2134 1313 3812 1385">
     <span class='ocr_line' id='line_1_58' title="bbox 2134 1313 3812 1385; baseline 0.006 -18"><span class='ocrx_word' id='word_1_426' title='bbox 2134 1313 2456 1385; x_wconf 79' lang='lat' dir='ltr'><strong>Anglorum</strong></span> <span class='ocrx_word' id='word_1_427' title='bbox 2489 1319 2717 1384; x_wconf 84' lang='lat' dir='ltr'><strong>gentem</strong></span> <span class='ocrx_word' id='word_1_428' title='bbox 2752 1316 2823 1370; x_wconf 91' lang='lat' dir='ltr'><strong>ad</strong></span> <span class='ocrx_word' id='word_1_429' title='bbox 2855 1316 3031 1370; x_wconf 84' lang='lat' dir='ltr'><strong>ﬁdem</strong></span> <span class='ocrx_word' id='word_1_430' title='bbox 3063 1317 3384 1374; x_wconf 87' lang='lat' dir='ltr'><strong>convertit:</strong></span> <span class='ocrx_word' id='word_1_431' title='bbox 3419 1319 3649 1376; x_wconf 90' lang='lat' dir='ltr'><strong>directis</strong></span> <span class='ocrx_word' id='word_1_432' title='bbox 3677 1322 3812 1377; x_wconf 84' lang='lat' dir='ltr'><strong>vide-</strong></span> 
     </span>
    </p>
   </div>
   <div class='ocr_carea' id='block_1_59' title="bbox 2141 1403 3818 1478">
    <p class='ocr_par' dir='ltr' id='par_1_59' title="bbox 2141 1403 3818 1478">
     <span class='ocr_line' id='line_1_59' title="bbox 2141 1403 3818 1478; baseline 0.005 -20"><span class='ocrx_word' id='word_1_433' title='bbox 2141 1403 2274 1459; x_wconf 92' lang='lat' dir='ltr'><strong>licet</strong></span> <span class='ocrx_word' id='word_1_434' title='bbox 2304 1404 2395 1458; x_wconf 90' lang='lat' dir='ltr'><strong>sui</strong></span> <span class='ocrx_word' id='word_1_435' title='bbox 2426 1404 2768 1460; x_wconf 90' lang='lat' dir='ltr'><strong>monasterii</strong></span> <span class='ocrx_word' id='word_1_436' title='bbox 2802 1405 3126 1474; x_wconf 88' lang='lat' dir='ltr'><strong>monachis,</strong></span> <span class='ocrx_word' id='word_1_437' title='bbox 3150 1406 3391 1473; x_wconf 88' lang='lat' dir='ltr'><strong>Mellito,</strong></span> <span class='ocrx_word' id='word_1_438' title='bbox 3416 1411 3725 1478; x_wconf 87' lang='lat' dir='ltr'><strong>Augustino</strong></span> <span class='ocrx_word' id='word_1_439' title='bbox 3745 1417 3818 1466; x_wconf 88' lang='lat' dir='ltr'><strong>at-</strong></span> 
     </span>
    </p>
   </div>
   <div class='ocr_carea' id='block_1_60' title="bbox 2134 1494 3818 1567">
    <p class='ocr_par' dir='ltr' id='par_1_60' title="bbox 2134 1494 3818 1567">
     <span class='ocr_line' id='line_1_60' title="bbox 2134 1494 3818 1567; baseline 0.005 -20"><span class='ocrx_word' id='word_1_440' title='bbox 2134 1509 2242 1564; x_wconf 89' lang='lat' dir='ltr'><strong>que</strong></span> <span class='ocrx_word' id='word_1_441' title='bbox 2270 1495 2512 1555; x_wconf 85' lang='lat' dir='ltr'><strong>Joanne,</strong></span> <span class='ocrx_word' id='word_1_442' title='bbox 2536 1499 2592 1550; x_wconf 92' lang='lat' dir='ltr'><strong>et</strong></span> <span class='ocrx_word' id='word_1_443' title='bbox 2619 1511 2752 1549; x_wconf 91' lang='lat' dir='ltr'><strong>cum</strong></span> <span class='ocrx_word' id='word_1_444' title='bbox 2785 1495 2870 1550; x_wconf 92' lang='lat' dir='ltr'><strong>eis</strong></span> <span class='ocrx_word' id='word_1_445' title='bbox 2897 1494 3026 1552; x_wconf 90' lang='lat' dir='ltr'><strong>aliis</strong></span> <span class='ocrx_word' id='word_1_446' title='bbox 3049 1497 3322 1567; x_wconf 90' lang='lat' dir='ltr'><strong>plurimis</strong></span> <span class='ocrx_word' id='word_1_447' title='bbox 3353 1498 3642 1554; x_wconf 88' lang='lat' dir='ltr'><strong>fratribus.</strong></span> <span class='ocrx_word' id='word_1_448' title='bbox 3667 1500 3818 1556; x_wconf 80' lang='lat' dir='ltr'><strong>Rexit</strong></span> 
     </span>
    </p>
   </div>
   <div class='ocr_carea' id='block_1_61' title="bbox 2129 1582 3817 1654">
    <p class='ocr_par' dir='ltr' id='par_1_61' title="bbox 2129 1582 3817 1654">
     <span class='ocr_line' id='line_1_61' title="bbox 2129 1582 3817 1654; baseline 0.004 -17"><span class='ocrx_word' id='word_1_449' title='bbox 2129 1586 2324 1638; x_wconf 87' lang='lat' dir='ltr'><strong>autem</strong></span> <span class='ocrx_word' id='word_1_450' title='bbox 2356 1582 2774 1654; x_wconf 85' lang='lat' dir='ltr'><strong>gloriosissime</strong></span> <span class='ocrx_word' id='word_1_451' title='bbox 2808 1584 3130 1640; x_wconf 89' lang='lat' dir='ltr'><strong>Romanam</strong></span> <span class='ocrx_word' id='word_1_452' title='bbox 3166 1585 3482 1642; x_wconf 90' lang='lat' dir='ltr'><strong>Ecclesiam</strong></span> <span class='ocrx_word' id='word_1_453' title='bbox 3515 1588 3679 1642; x_wconf 89' lang='lat' dir='ltr'><strong>annis</strong></span> <span class='ocrx_word' id='word_1_454' title='bbox 3707 1605 3817 1652; x_wconf 86' lang='lat' dir='ltr'><strong>xm,</strong></span> 
     </span>
    </p>
   </div>
   <div class='ocr_carea' id='block_1_62' title="bbox 2133 1671 3816 1746">
    <p class='ocr_par' dir='ltr' id='par_1_62' title="bbox 2133 1671 3816 1746">
     <span class='ocr_line' id='line_1_62' title="bbox 2133 1671 3816 1746; baseline 0.004 -20"><span class='ocrx_word' id='word_1_455' title='bbox 2133 1672 2434 1727; x_wconf 88' lang='lat' dir='ltr'><strong>mensibus</strong></span> <span class='ocrx_word' id='word_1_456' title='bbox 2464 1689 2584 1739; x_wconf 90' lang='lat' dir='ltr'><strong>sex,</strong></span> <span class='ocrx_word' id='word_1_457' title='bbox 2617 1676 2676 1727; x_wconf 89' lang='lat' dir='ltr'><strong>et</strong></span> <span class='ocrx_word' id='word_1_458' title='bbox 2724 1671 2930 1728; x_wconf 91' lang='lat' dir='ltr'><strong>diebus</strong></span> <span class='ocrx_word' id='word_1_459' title='bbox 2961 1674 3180 1730; x_wconf 88' lang='lat' dir='ltr'><strong>decem.</strong></span> <span class='ocrx_word' id='word_1_460' title='bbox 3213 1676 3623 1746; x_wconf 86' lang='lat' dir='ltr'><strong>Augmentavit</strong></span> <span class='ocrx_word' id='word_1_461' title='bbox 3661 1677 3816 1732; x_wconf 85' lang='lat' dir='ltr'><strong>etiam</strong></span> 
     </span>
    </p>
   </div>
   <div class='ocr_carea' id='block_1_63' title="bbox 2056 1761 3822 1862">
    <p class='ocr_par' dir='ltr' id='par_1_63' title="bbox 2056 1761 3822 1862">
     <span class='ocr_line' id='line_1_63' title="bbox 2056 1761 3822 1862; baseline 0.004 -46"><span class='ocrx_word' id='word_1_462' title='bbox 2056 1797 2102 1862; x_wconf 79' lang='grc' dir='ltr'>Β</span> <span class='ocrx_word' id='word_1_463' title='bbox 2132 1761 2191 1818; x_wconf 83' lang='grc' dir='ltr'><strong>ἱῑι</strong></span> <span class='ocrx_word' id='word_1_464' title='bbox 2240 1763 2573 1833; x_wconf 71' lang='lat' dir='ltr'><strong>praefatione</strong></span> <span class='ocrx_word' id='word_1_465' title='bbox 2620 1764 2899 1820; x_wconf 89' lang='lat' dir='ltr'><strong>Canonis:</strong></span> <span class='ocrx_word' id='word_1_466' title='bbox 2950 1765 3176 1836; x_wconf 75' lang='lat' dir='ltr'><strong>Diesque</strong></span> <span class='ocrx_word' id='word_1_467' title='bbox 3221 1775 3438 1823; x_wconf 79' lang='lat' dir='ltr'><strong>nostros</strong></span> <span class='ocrx_word' id='word_1_468' title='bbox 3482 1768 3543 1822; x_wconf 86' lang='lat' dir='ltr'><strong>in</strong></span> <span class='ocrx_word' id='word_1_469' title='bbox 3582 1775 3666 1822; x_wconf 83' lang='lat' dir='ltr'><strong>tua</strong></span> <span class='ocrx_word' id='word_1_470' title='bbox 3701 1783 3822 1838; x_wconf 82' lang='lat' dir='ltr'><strong>pace</strong></span> 
     </span>
    </p>
   </div>
   <div class='ocr_carea' id='block_1_64' title="bbox 2131 1851 2378 1924">
    <p class='ocr_par' dir='ltr' id='par_1_64' title="bbox 2131 1851 2378 1924">
     <span class='ocr_line' id='line_1_64' title="bbox 2131 1851 2378 1924; baseline 0 -18"><span class='ocrx_word' id='word_1_471' title='bbox 2131 1851 2378 1924; x_wconf 81' lang='lat' dir='ltr'><strong>dispone.</strong></span> 
     </span>
    </p>
   </div>
   <div class='ocr_carea' id='block_1_65' title="bbox 2658 1943 3341 2012">
    <p class='ocr_par' dir='ltr' id='par_1_65' title="bbox 2658 1943 3341 2012">
     <span class='ocr_line' id='line_1_65' title="bbox 2658 1943 3341 2012; baseline 0.004 -15"><span class='ocrx_word' id='word_1_472' title='bbox 2658 1943 2928 2012; x_wconf 80' lang='lat' dir='ltr'><strong>Eiusdem,</strong></span> <span class='ocrx_word' id='word_1_473' title='bbox 2955 1944 3016 1999; x_wconf 85' lang='lat' dir='ltr'><strong>in</strong></span> <span class='ocrx_word' id='word_1_474' title='bbox 3049 1945 3341 2002; x_wconf 86' lang='lat' dir='ltr'><strong>Chronico.</strong></span> 
     </span>
    </p>
   </div>
   <div class='ocr_carea' id='block_1_66' title="bbox 2205 2031 3822 2104">
    <p class='ocr_par' dir='ltr' id='par_1_66' title="bbox 2205 2031 3822 2104">
     <span class='ocr_line' id='line_1_66' title="bbox 2205 2031 3822 2104; baseline 0.002 -16"><span class='ocrx_word' id='word_1_475' title='bbox 2205 2031 2538 2104; x_wconf 78' lang='lat' dir='ltr'><strong>Gregorius,</strong></span> <span class='ocrx_word' id='word_1_476' title='bbox 2595 2032 2785 2088; x_wconf 89' lang='lat' dir='ltr'><strong>adhuc</strong></span> <span class='ocrx_word' id='word_1_477' title='bbox 2831 2034 3239 2103; x_wconf 89' lang='lat' dir='ltr'><strong>apocrisiarius</strong></span> <span class='ocrx_word' id='word_1_478' title='bbox 3271 2035 3549 2091; x_wconf 66' lang='lat' dir='ltr'><strong>Romana</strong></span> <span class='ocrx_word' id='word_1_479' title='bbox 3580 2036 3822 2092; x_wconf 69' lang='lat' dir='ltr'><strong>Ecclesia</strong></span> 
     </span>
    </p>
   </div>
   <div class='ocr_carea' id='block_1_67' title="bbox 2135 2122 3819 2197">
    <p class='ocr_par' dir='ltr' id='par_1_67' title="bbox 2135 2122 3819 2197">
     <span class='ocr_line' id='line_1_67' title="bbox 2135 2122 3819 2197; baseline 0.001 -20"><span class='ocrx_word' id='word_1_480' title='bbox 2135 2122 2194 2178; x_wconf 94' lang='lat' dir='ltr'><strong>in</strong></span> <span class='ocrx_word' id='word_1_481' title='bbox 2237 2122 2763 2194; x_wconf 87' lang='lat' dir='ltr'><strong>Constantinopoli,</strong></span> <span class='ocrx_word' id='word_1_482' title='bbox 2798 2122 2979 2179; x_wconf 91' lang='lat' dir='ltr'><strong>libros</strong></span> <span class='ocrx_word' id='word_1_483' title='bbox 3032 2124 3271 2195; x_wconf 88' lang='lat' dir='ltr'><strong>triginta</strong></span> <span class='ocrx_word' id='word_1_484' title='bbox 3304 2127 3574 2197; x_wconf 87' lang='lat' dir='ltr'><strong>quinque</strong></span> <span class='ocrx_word' id='word_1_485' title='bbox 3617 2125 3819 2196; x_wconf 88' lang='lat' dir='ltr'><strong>exposi-</strong></span> 
     </span>
    </p>
   </div>
   <div class='ocr_carea' id='block_1_68' title="bbox 2133 2211 3818 2286">
    <p class='ocr_par' dir='ltr' id='par_1_68' title="bbox 2133 2211 3818 2286">
     <span class='ocr_line' id='line_1_68' title="bbox 2133 2211 3818 2286; baseline 0.001 -19"><span class='ocrx_word' id='word_1_486' title='bbox 2133 2211 2311 2267; x_wconf 91' lang='lat' dir='ltr'><strong>tionis</strong></span> <span class='ocrx_word' id='word_1_487' title='bbox 2341 2213 2399 2267; x_wconf 93' lang='lat' dir='ltr'><strong>in</strong></span> <span class='ocrx_word' id='word_1_488' title='bbox 2449 2212 2559 2267; x_wconf 86' lang='lat' dir='ltr'><strong>Job</strong></span> <span class='ocrx_word' id='word_1_489' title='bbox 2607 2212 2911 2281; x_wconf 83' lang='lat' dir='ltr'><strong>condidit;</strong></span> <span class='ocrx_word' id='word_1_490' title='bbox 2955 2217 3128 2284; x_wconf 91' lang='lat' dir='ltr'><strong>atque</strong></span> <span class='ocrx_word' id='word_1_491' title='bbox 3179 2214 3557 2286; x_wconf 82' lang='lat' dir='ltr'><strong>Eutychium,</strong></span> <span class='ocrx_word' id='word_1_492' title='bbox 3587 2215 3818 2284; x_wconf 84' lang='lat' dir='ltr'><strong>ejusdem</strong></span> 
     </span>
    </p>
   </div>
   <div class='ocr_carea' id='block_1_69' title="bbox 2134 2302 3819 2374">
    <p class='ocr_par' dir='ltr' id='par_1_69' title="bbox 2134 2302 3819 2374">
     <span class='ocr_line' id='line_1_69' title="bbox 2134 2302 3819 2374; baseline 0.001 -16"><span class='ocrx_word' id='word_1_493' title='bbox 2134 2302 2301 2358; x_wconf 91' lang='lat' dir='ltr'><strong>urbis</strong></span> <span class='ocrx_word' id='word_1_494' title='bbox 2349 2303 2717 2374; x_wconf 88' lang='lat' dir='ltr'><strong>episcopum,</strong></span> <span class='ocrx_word' id='word_1_495' title='bbox 2753 2305 2811 2358; x_wconf 92' lang='lat' dir='ltr'><strong>in</strong></span> <span class='ocrx_word' id='word_1_496' title='bbox 2866 2304 2978 2360; x_wconf 82' lang='lat' dir='ltr'><strong>fide</strong></span> <span class='ocrx_word' id='word_1_497' title='bbox 3010 2309 3221 2360; x_wconf 61' lang='lat' dir='ltr'><strong>nostra}</strong></span> <span class='ocrx_word' id='word_1_498' title='bbox 3268 2307 3700 2362; x_wconf 87' lang='lat' dir='ltr'><strong>resurrectionis</strong></span> <span class='ocrx_word' id='word_1_499' title='bbox 3740 2321 3819 2359; x_wconf 85' lang='lat' dir='ltr'><strong>er-</strong></span> 
     </span>
    </p>
   </div>
   <div class='ocr_carea' id='block_1_70' title="bbox 2133 2393 3823 2466">
    <p class='ocr_par' dir='ltr' id='par_1_70' title="bbox 2133 2393 3823 2466">
     <span class='ocr_line' id='line_1_70' title="bbox 2133 2393 3823 2466; baseline 0 -19"><span class='ocrx_word' id='word_1_500' title='bbox 2133 2409 2315 2457; x_wconf 88' lang='lat' dir='ltr'><strong>rasse,</strong></span> <span class='ocrx_word' id='word_1_501' title='bbox 2347 2393 2576 2448; x_wconf 83' lang='lat' dir='ltr'><strong>Tiberio</strong></span> <span class='ocrx_word' id='word_1_502' title='bbox 2624 2397 2926 2464; x_wconf 67' lang='lat' dir='ltr'><strong>praesente,</strong></span> <span class='ocrx_word' id='word_1_503' title='bbox 2957 2393 3040 2449; x_wconf 92' lang='lat' dir='ltr'><strong>ita</strong></span> <span class='ocrx_word' id='word_1_504' title='bbox 3099 2394 3378 2462; x_wconf 83' lang='lat' dir='ltr'><strong>convicit,</strong></span> <span class='ocrx_word' id='word_1_505' title='bbox 3429 2404 3490 2450; x_wconf 91' lang='lat' dir='ltr'><strong>ut</strong></span> <span class='ocrx_word' id='word_1_506' title='bbox 3538 2395 3823 2466; x_wconf 86' lang='lat' dir='ltr'><strong>imperator</strong></span> 
     </span>
    </p>
   </div>
   <div class='ocr_carea' id='block_1_71' title="bbox 2133 2481 3821 2554">
    <p class='ocr_par' dir='ltr' id='par_1_71' title="bbox 2133 2481 3821 2554">
     <span class='ocr_line' id='line_1_71' title="bbox 2133 2481 3821 2554; baseline -0.001 -18"><span class='ocrx_word' id='word_1_507' title='bbox 2133 2481 2347 2537; x_wconf 90' lang='lat' dir='ltr'><strong>librum</strong></span> <span class='ocrx_word' id='word_1_508' title='bbox 2376 2481 2663 2550; x_wconf 89' lang='lat' dir='ltr'><strong>Eutychii,</strong></span> <span class='ocrx_word' id='word_1_509' title='bbox 2698 2499 2870 2553; x_wconf 90' lang='lat' dir='ltr'><strong>quem</strong></span> <span class='ocrx_word' id='word_1_510' title='bbox 2918 2483 2991 2538; x_wconf 91' lang='lat' dir='ltr'><strong>de</strong></span> <span class='ocrx_word' id='word_1_511' title='bbox 3039 2487 3470 2540; x_wconf 83' lang='lat' dir='ltr'><strong>resurrectione</strong></span> <span class='ocrx_word' id='word_1_512' title='bbox 3516 2485 3821 2554; x_wconf 84' lang='lat' dir='ltr'><strong>scripserat,</strong></span> 
     </span>
    </p>
   </div>
   <div class='ocr_carea' id='block_1_72' title="bbox 2134 2571 3312 2628">
    <p class='ocr_par' dir='ltr' id='par_1_72' title="bbox 2134 2571 3312 2628">
     <span class='ocr_line' id='line_1_72' title="bbox 2134 2571 3312 2628; baseline 0 0"><span class='ocrx_word' id='word_1_513' title='bbox 2134 2571 2388 2628; x_wconf 85' lang='lat' dir='ltr'><strong>ﬂammis</strong></span> <span class='ocrx_word' id='word_1_514' title='bbox 2417 2571 2669 2628; x_wconf 83' lang='lat' dir='ltr'><strong>cremari</strong></span> <span class='ocrx_word' id='word_1_515' title='bbox 2695 2572 2902 2628; x_wconf 89' lang='lat' dir='ltr'><strong>debere</strong></span> <span class='ocrx_word' id='word_1_516' title='bbox 2934 2571 3312 2628; x_wconf 87' lang='lat' dir='ltr'><strong>deliberaret.</strong></span> 
     </span>
    </p>
   </div>
   <div class='ocr_carea' id='block_1_73' title="bbox 2203 2661 3821 2734">
    <p class='ocr_par' dir='ltr' id='par_1_73' title="bbox 2203 2661 3821 2734">
     <span class='ocr_line' id='line_1_73' title="bbox 2203 2661 3821 2734; baseline -0.001 -18"><span class='ocrx_word' id='word_1_517' title='bbox 2203 2662 2279 2732; x_wconf 85' lang='lat' dir='ltr'><strong>(b)</strong></span> <span class='ocrx_word' id='word_1_518' title='bbox 2313 2661 2580 2716; x_wconf 86' lang='lat' dir='ltr'><strong>Hadriani</strong></span> <span class='ocrx_word' id='word_1_519' title='bbox 2613 2677 2776 2733; x_wconf 54' lang='lat' dir='ltr'><strong>papa</strong></span> <span class='ocrx_word' id='word_1_520' title='bbox 2806 2662 2923 2716; x_wconf 87' lang='lat' dir='ltr'><strong>Iad</strong></span> <span class='ocrx_word' id='word_1_521' title='bbox 2949 2666 3225 2733; x_wconf 87' lang='lat' dir='ltr'><strong>episcopos</strong></span> <span class='ocrx_word' id='word_1_522' title='bbox 3257 2665 3556 2734; x_wconf 64' lang='lat' dir='ltr'><strong>Hispaniae,</strong></span> <span class='ocrx_word' id='word_1_523' title='bbox 3590 2670 3710 2718; x_wconf 86' lang='lat' dir='ltr'><strong>tom.</strong></span> <span class='ocrx_word' id='word_1_524' title='bbox 3748 2662 3821 2715; x_wconf 85' lang='lat' dir='ltr'><strong>l’ll</strong></span> 
     </span>
    </p>
   </div>
   <div class='ocr_carea' id='block_1_74' title="bbox 2739 2750 3232 2823">
    <p class='ocr_par' dir='ltr' id='par_1_74' title="bbox 2739 2750 3232 2823">
     <span class='ocr_line' id='line_1_74' title="bbox 2739 2750 3232 2823; baseline 0 -17"><span class='ocrx_word' id='word_1_525' title='bbox 2739 2750 2943 2807; x_wconf 86' lang='lat' dir='ltr'><strong>Concil.</strong></span> <span class='ocrx_word' id='word_1_526' title='bbox 2972 2769 3030 2823; x_wconf 85' lang='lat' dir='ltr'><strong>p.</strong></span> <span class='ocrx_word' id='word_1_527' title='bbox 3073 2753 3232 2806; x_wconf 78' lang='lat'><strong>1017.</strong></span> 
     </span>
    </p>
   </div>
   <div class='ocr_carea' id='block_1_75' title="bbox 2207 2840 3823 2914">
    <p class='ocr_par' dir='ltr' id='par_1_75' title="bbox 2207 2840 3823 2914">
     <span class='ocr_line' id='line_1_75' title="bbox 2207 2840 3823 2914; baseline -0.001 -17"><span class='ocrx_word' id='word_1_528' title='bbox 2207 2843 2338 2898; x_wconf 90' lang='lat' dir='ltr'><strong>Jam</strong></span> <span class='ocrx_word' id='word_1_529' title='bbox 2371 2857 2524 2897; x_wconf 91' lang='lat' dir='ltr'><strong>nunc</strong></span> <span class='ocrx_word' id='word_1_530' title='bbox 2555 2840 2874 2908; x_wconf 88' lang='lat' dir='ltr'><strong>videamus,</strong></span> <span class='ocrx_word' id='word_1_531' title='bbox 2902 2840 3037 2912; x_wconf 91' lang='lat' dir='ltr'><strong>quid</strong></span> <span class='ocrx_word' id='word_1_532' title='bbox 3072 2843 3143 2897; x_wconf 91' lang='lat' dir='ltr'><strong>de</strong></span> <span class='ocrx_word' id='word_1_533' title='bbox 3173 2841 3279 2897; x_wconf 91' lang='lat' dir='ltr'><strong>hac</strong></span> <span class='ocrx_word' id='word_1_534' title='bbox 3304 2859 3372 2899; x_wconf 85' lang='lat' dir='ltr'><strong>re</strong></span> <span class='ocrx_word' id='word_1_535' title='bbox 3394 2843 3603 2899; x_wconf 90' lang='lat' dir='ltr'><strong>sentiat</strong></span> <span class='ocrx_word' id='word_1_536' title='bbox 3632 2843 3823 2914; x_wconf 75' lang='lat' dir='ltr'><strong>praede-</strong></span> 
     </span>
    </p>
   </div>
   <div class='ocr_carea' id='block_1_76' title="bbox 2138 2929 3829 3004">
    <p class='ocr_par' dir='ltr' id='par_1_76' title="bbox 2138 2929 3829 3004">
     <span class='ocr_line' id='line_1_76' title="bbox 2138 2929 3829 3004; baseline -0.002 -17"><span class='ocrx_word' id='word_1_537' title='bbox 2138 2948 2334 2987; x_wconf 86' lang='lat' dir='ltr'><strong>cessor</strong></span> <span class='ocrx_word' id='word_1_538' title='bbox 2358 2935 2556 2986; x_wconf 89' lang='lat' dir='ltr'><strong>noster</strong></span> <span class='ocrx_word' id='word_1_539' title='bbox 2579 2929 2780 2986; x_wconf 89' lang='lat' dir='ltr'><strong>beatus</strong></span> <span class='ocrx_word' id='word_1_540' title='bbox 2803 2930 3117 3002; x_wconf 89' lang='lat' dir='ltr'><strong>Gregorius</strong></span> <span class='ocrx_word' id='word_1_541' title='bbox 3150 2933 3430 3004; x_wconf 83' lang='lat' dir='ltr'><strong>egregius</strong></span> <span class='ocrx_word' id='word_1_542' title='bbox 3449 2934 3663 2998; x_wconf 89' lang='lat' dir='ltr'><strong>doctor,</strong></span> <span class='ocrx_word' id='word_1_543' title='bbox 3686 2946 3829 3002; x_wconf 86' lang='lat' dir='ltr'><strong>saga-</strong></span> 
     </span>
    </p>
   </div>
   <div class='ocr_carea' id='block_1_77' title="bbox 2139 3020 3831 3093">
    <p class='ocr_par' dir='ltr' id='par_1_77' title="bbox 2139 3020 3831 3093">
     <span class='ocr_line' id='line_1_77' title="bbox 2139 3020 3831 3093; baseline -0.001 -17"><span class='ocrx_word' id='word_1_544' title='bbox 2139 3021 2415 3077; x_wconf 87' lang='lat' dir='ltr'><strong>cissimus</strong></span> <span class='ocrx_word' id='word_1_545' title='bbox 2439 3021 2594 3076; x_wconf 87' lang='lat' dir='ltr'><strong>verbi</strong></span> <span class='ocrx_word' id='word_1_546' title='bbox 2620 3020 2718 3075; x_wconf 91' lang='lat' dir='ltr'><strong>Dei</strong></span> <span class='ocrx_word' id='word_1_547' title='bbox 2743 3020 3064 3093; x_wconf 89' lang='lat' dir='ltr'><strong>indagator,</strong></span> <span class='ocrx_word' id='word_1_548' title='bbox 3091 3030 3144 3077; x_wconf 92' lang='lat' dir='ltr'><strong>et</strong></span> <span class='ocrx_word' id='word_1_549' title='bbox 3165 3023 3521 3078; x_wconf 87' lang='lat' dir='ltr'><strong>venerabilis</strong></span> <span class='ocrx_word' id='word_1_550' title='bbox 3546 3027 3717 3078; x_wconf 88' lang='lat' dir='ltr'><strong>Pater.</strong></span> <span class='ocrx_word' id='word_1_551' title='bbox 3738 3021 3831 3076; x_wconf 87' lang='lat' dir='ltr'><strong>De-</strong></span> 
     </span>
    </p>
   </div>
   <div class='ocr_carea' id='block_1_78' title="bbox 2141 3110 3827 3183">
    <p class='ocr_par' dir='ltr' id='par_1_78' title="bbox 2141 3110 3827 3183">
     <span class='ocr_line' id='line_1_78' title="bbox 2141 3110 3827 3183; baseline -0.001 -17"><span class='ocrx_word' id='word_1_552' title='bbox 2141 3112 2317 3181; x_wconf 92' lang='lat' dir='ltr'><strong>nique</strong></span> <span class='ocrx_word' id='word_1_553' title='bbox 2339 3111 2396 3164; x_wconf 90' lang='lat' dir='ltr'><strong>in</strong></span> <span class='ocrx_word' id='word_1_554' title='bbox 2424 3110 2610 3165; x_wconf 89' lang='lat' dir='ltr'><strong>Libris</strong></span> <span class='ocrx_word' id='word_1_555' title='bbox 2639 3110 2956 3165; x_wconf 79' lang='lat' dir='ltr'><strong>Morslibus</strong></span> <span class='ocrx_word' id='word_1_556' title='bbox 2978 3117 3178 3167; x_wconf 91' lang='lat' dir='ltr'><strong>sancto</strong></span> <span class='ocrx_word' id='word_1_557' title='bbox 3202 3112 3466 3183; x_wconf 89' lang='lat' dir='ltr'><strong>repletus</strong></span> <span class='ocrx_word' id='word_1_558' title='bbox 3488 3112 3827 3183; x_wconf 90' lang='lat' dir='ltr'><strong>Spiritu,etc.</strong></span> 
     </span>
    </p>
   </div>
   <div class='ocr_carea' id='block_1_79' title="bbox 2259 3199 3723 3271">
    <p class='ocr_par' dir='ltr' id='par_1_79' title="bbox 2259 3199 3723 3271">
     <span class='ocr_line' id='line_1_79' title="bbox 2259 3199 3723 3271; baseline 0 -19"><span class='ocrx_word' id='word_1_559' title='bbox 2259 3202 2330 3271; x_wconf 77' lang='grc' dir='ltr'><strong>(ε)</strong></span> <span class='ocrx_word' id='word_1_560' title='bbox 2363 3201 2644 3254; x_wconf 75' lang='lat' dir='ltr'><strong>Hincmari</strong></span> <span class='ocrx_word' id='word_1_561' title='bbox 2675 3199 3018 3268; x_wconf 80' lang='lat' dir='ltr'><strong>Iihemensis,</strong></span> <span class='ocrx_word' id='word_1_562' title='bbox 3040 3201 3104 3256; x_wconf 86' lang='lat' dir='ltr'><strong>de</strong></span> <span class='ocrx_word' id='word_1_563' title='bbox 3135 3201 3532 3258; x_wconf 72' lang='lat' dir='ltr'><strong>Praedestinat.</strong></span> <span class='ocrx_word' id='word_1_564' title='bbox 3564 3217 3608 3256; x_wconf 81' lang='grc' dir='ltr'><em>ε.</em></span> <span class='ocrx_word' id='word_1_565' title='bbox 3643 3203 3723 3256; x_wconf 87' lang='grc'><strong>18.</strong></span> 
     </span>
    </p>
   </div>
   <div class='ocr_carea' id='block_1_80' title="bbox 2207 3289 3824 3360">
    <p class='ocr_par' dir='ltr' id='par_1_80' title="bbox 2207 3289 3824 3360">
     <span class='ocr_line' id='line_1_80' title="bbox 2207 3289 3824 3360; baseline -0.001 -15"><span class='ocrx_word' id='word_1_566' title='bbox 2207 3291 2370 3353; x_wconf 90' lang='lat' dir='ltr'><strong>Quod</strong></span> <span class='ocrx_word' id='word_1_567' title='bbox 2398 3290 2543 3345; x_wconf 87' lang='lat' dir='ltr'><strong>vidit</strong></span> <span class='ocrx_word' id='word_1_568' title='bbox 2573 3291 2778 3344; x_wconf 91' lang='lat' dir='ltr'><strong>beatus</strong></span> <span class='ocrx_word' id='word_1_569' title='bbox 2799 3289 3111 3360; x_wconf 87' lang='lat' dir='ltr'><strong>Gregorius</strong></span> <span class='ocrx_word' id='word_1_570' title='bbox 3145 3290 3350 3360; x_wconf 72' lang='lat' dir='ltr'><strong>primae</strong></span> <span class='ocrx_word' id='word_1_571' title='bbox 3373 3297 3430 3347; x_wconf 91' lang='lat' dir='ltr'><strong>et</strong></span> <span class='ocrx_word' id='word_1_572' title='bbox 3460 3297 3666 3348; x_wconf 64' lang='lat' dir='ltr'><strong>sancte</strong></span> <span class='ocrx_word' id='word_1_573' title='bbox 3688 3289 3824 3344; x_wconf 88' lang='lat' dir='ltr'><strong>sedis</strong></span> 
     </span>
    </p>
   </div>
   <div class='ocr_carea' id='block_1_81' title="bbox 2135 3379 3824 3452">
    <p class='ocr_par' dir='ltr' id='par_1_81' title="bbox 2135 3379 3824 3452">
     <span class='ocr_line' id='line_1_81' title="bbox 2135 3379 3824 3452; baseline -0.002 -16"><span class='ocrx_word' id='word_1_574' title='bbox 2135 3381 2412 3437; x_wconf 62' lang='lat' dir='ltr'><strong>Romane</strong></span> <span class='ocrx_word' id='word_1_575' title='bbox 2445 3384 2687 3435; x_wconf 88' lang='lat' dir='ltr'><strong>ornatus</strong></span> <span class='ocrx_word' id='word_1_576' title='bbox 2718 3381 3068 3452; x_wconf 64' lang='lat' dir='ltr'><strong>praecipuus,</strong></span> <span class='ocrx_word' id='word_1_577' title='bbox 3105 3381 3314 3437; x_wconf 84' lang='lat' dir='ltr'><strong>dicens</strong></span> <span class='ocrx_word' id='word_1_578' title='bbox 3344 3383 3402 3438; x_wconf 90' lang='lat' dir='ltr'><strong>in</strong></span> <span class='ocrx_word' id='word_1_579' title='bbox 3435 3381 3581 3437; x_wconf 88' lang='lat' dir='ltr'><strong>libro</strong></span> <span class='ocrx_word' id='word_1_580' title='bbox 3610 3399 3626 3436; x_wconf 78' lang='grc' dir='ltr'><strong><em>ι</em></strong></span> <span class='ocrx_word' id='word_1_581' title='bbox 3661 3379 3824 3436; x_wconf 87' lang='lat' dir='ltr'><strong>Dialo-</strong></span> 
     </span>
    </p>
   </div>
   <div class='ocr_carea' id='block_1_82' title="bbox 2135 3472 3820 3545">
    <p class='ocr_par' dir='ltr' id='par_1_82' title="bbox 2135 3472 3820 3545">
     <span class='ocr_line' id='line_1_82' title="bbox 2135 3472 3820 3545; baseline -0.002 -17"><span class='ocrx_word' id='word_1_582' title='bbox 2135 3489 2338 3544; x_wconf 87' lang='lat' dir='ltr'><strong>gorum</strong></span> <span class='ocrx_word' id='word_1_583' title='bbox 2365 3490 2377 3527; x_wconf 87' lang='lat'><strong>:</strong></span> <span class='ocrx_word' id='word_1_584' title='bbox 2415 3474 2547 3541; x_wconf 52' lang='lat' dir='ltr'><strong>Qui?</strong></span> <span class='ocrx_word' id='word_1_585' title='bbox 2574 3475 2854 3542; x_wconf 81' lang='lat' dir='ltr'><strong>perennis,</strong></span> <span class='ocrx_word' id='word_1_586' title='bbox 2884 3472 3099 3544; x_wconf 88' lang='lat' dir='ltr'><strong>inquit,</strong></span> <span class='ocrx_word' id='word_1_587' title='bbox 3124 3477 3280 3543; x_wconf 79' lang='lat' dir='ltr'><strong>regni</strong></span> <span class='ocrx_word' id='word_1_588' title='bbox 3311 3475 3736 3545; x_wconf 68' lang='lat' dir='ltr'><strong>praedestinatio,</strong></span> <span class='ocrx_word' id='word_1_589' title='bbox 3759 3475 3820 3525; x_wconf 84' lang='lat' dir='ltr'><strong>ita</strong></span> 
     </span>
    </p>
   </div>
   <div class='ocr_carea' id='block_1_83' title="bbox 2137 3562 3823 3633">
    <p class='ocr_par' dir='ltr' id='par_1_83' title="bbox 2137 3562 3823 3633">
     <span class='ocr_line' id='line_1_83' title="bbox 2137 3562 3823 3633; baseline -0.003 -14"><span class='ocrx_word' id='word_1_590' title='bbox 2137 3571 2215 3619; x_wconf 87' lang='lat' dir='ltr'><strong>est</strong></span> <span class='ocrx_word' id='word_1_591' title='bbox 2254 3564 2321 3618; x_wconf 89' lang='lat' dir='ltr'><strong>ab</strong></span> <span class='ocrx_word' id='word_1_592' title='bbox 2352 3566 2723 3632; x_wconf 74' lang='lat' dir='ltr'><strong>omnipotente</strong></span> <span class='ocrx_word' id='word_1_593' title='bbox 2771 3562 2876 3618; x_wconf 84' lang='lat' dir='ltr'><strong>Deo</strong></span> <span class='ocrx_word' id='word_1_594' title='bbox 2921 3565 3201 3633; x_wconf 85' lang='lat' dir='ltr'><strong>disposita,</strong></span> <span class='ocrx_word' id='word_1_595' title='bbox 3233 3570 3298 3616; x_wconf 83' lang='lat' dir='ltr'><strong>ut</strong></span> <span class='ocrx_word' id='word_1_596' title='bbox 3331 3563 3410 3619; x_wconf 86' lang='lat' dir='ltr'><strong>ad</strong></span> <span class='ocrx_word' id='word_1_597' title='bbox 3448 3564 3546 3619; x_wconf 82' lang='lat' dir='ltr'><strong>hoc</strong></span> <span class='ocrx_word' id='word_1_598' title='bbox 3581 3565 3727 3619; x_wconf 81' lang='lat' dir='ltr'><strong>electi</strong></span> <span class='ocrx_word' id='word_1_599' title='bbox 3766 3576 3823 3616; x_wconf 71' lang='lat' dir='ltr'><strong>ea:</strong></span> 
     </span>
    </p>
   </div>
   <div class='ocr_carea' id='block_1_84' title="bbox 2139 3651 3824 3724">
    <p class='ocr_par' dir='ltr' id='par_1_84' title="bbox 2139 3651 3824 3724">
     <span class='ocr_line' id='line_1_84' title="bbox 2139 3651 3824 3724; baseline -0.002 -17"><span class='ocrx_word' id='word_1_600' title='bbox 2139 3653 2321 3708; x_wconf 83' lang='lat' dir='ltr'><strong>labore</strong></span> <span class='ocrx_word' id='word_1_601' title='bbox 2347 3655 2664 3724; x_wconf 79' lang='lat' dir='ltr'><strong>perveniant</strong></span> <span class='ocrx_word' id='word_1_602' title='bbox 2683 3669 2704 3714; x_wconf 85' lang='lat'><strong><em>;</em></strong></span> <span class='ocrx_word' id='word_1_603' title='bbox 2733 3656 3003 3721; x_wconf 82' lang='lat' dir='ltr'><strong>quatenus</strong></span> <span class='ocrx_word' id='word_1_604' title='bbox 3037 3651 3373 3722; x_wconf 82' lang='lat' dir='ltr'><strong>postulando</strong></span> <span class='ocrx_word' id='word_1_605' title='bbox 3402 3659 3713 3709; x_wconf 83' lang='lat' dir='ltr'><strong>mereantur</strong></span> <span class='ocrx_word' id='word_1_606' title='bbox 3738 3666 3824 3704; x_wconf 87' lang='lat' dir='ltr'><strong>ac-</strong></span> 
     </span>
    </p>
   </div>
   <div class='ocr_carea' id='block_1_85' title="bbox 2136 3741 3826 3812">
    <p class='ocr_par' dir='ltr' id='par_1_85' title="bbox 2136 3741 3826 3812">
     <span class='ocr_line' id='line_1_85' title="bbox 2136 3741 3826 3812; baseline -0.004 -15"><span class='ocrx_word' id='word_1_607' title='bbox 2136 3745 2338 3810; x_wconf 84' lang='lat' dir='ltr'><strong>cipere,</strong></span> <span class='ocrx_word' id='word_1_608' title='bbox 2370 3741 2514 3811; x_wconf 83' lang='lat' dir='ltr'><strong>quod</strong></span> <span class='ocrx_word' id='word_1_609' title='bbox 2543 3743 2609 3794; x_wconf 89' lang='lat' dir='ltr'><strong>iis</strong></span> <span class='ocrx_word' id='word_1_610' title='bbox 2639 3743 2978 3812; x_wconf 87' lang='lat' dir='ltr'><strong>omnipotens</strong></span> <span class='ocrx_word' id='word_1_611' title='bbox 3013 3741 3150 3795; x_wconf 81' lang='lat' dir='ltr'><strong>Deus</strong></span> <span class='ocrx_word' id='word_1_612' title='bbox 3188 3749 3326 3797; x_wconf 84' lang='lat' dir='ltr'><strong>ante</strong></span> <span class='ocrx_word' id='word_1_613' title='bbox 3353 3743 3560 3799; x_wconf 76' lang='lat' dir='ltr'><strong>saecula</strong></span> <span class='ocrx_word' id='word_1_614' title='bbox 3589 3742 3826 3811; x_wconf 83' lang='lat' dir='ltr'><strong>disposuit</strong></span> 
     </span>
    </p>
   </div>
   <div class='ocr_carea' id='block_1_86' title="bbox 2138 3828 3828 3903">
    <p class='ocr_par' dir='ltr' id='par_1_86' title="bbox 2138 3828 3828 3903">
     <span class='ocr_line' id='line_1_86' title="bbox 2138 3828 3828 3903; baseline -0.003 -15"><span class='ocrx_word' id='word_1_615' title='bbox 2138 3832 2365 3888; x_wconf 88' lang='lat' dir='ltr'><strong>donare.</strong></span> <span class='ocrx_word' id='word_1_616' title='bbox 2393 3831 2556 3886; x_wconf 90' lang='lat' dir='ltr'><strong>Unde</strong></span> <span class='ocrx_word' id='word_1_617' title='bbox 2586 3836 2662 3898; x_wconf 90' lang='lat' dir='ltr'><strong>et,</strong></span> <span class='ocrx_word' id='word_1_618' title='bbox 2694 3831 2846 3886; x_wconf 89' lang='lat' dir='ltr'><strong>sicut</strong></span> <span class='ocrx_word' id='word_1_619' title='bbox 2877 3830 2937 3885; x_wconf 91' lang='lat' dir='ltr'><strong>in</strong></span> <span class='ocrx_word' id='word_1_620' title='bbox 2971 3831 3159 3886; x_wconf 90' lang='lat' dir='ltr'><strong>Gestis</strong></span> <span class='ocrx_word' id='word_1_621' title='bbox 3191 3832 3596 3889; x_wconf 89' lang='lat' dir='ltr'><strong>Romanorum</strong></span> <span class='ocrx_word' id='word_1_622' title='bbox 3628 3828 3828 3903; x_wconf 81' lang='lat' dir='ltr'><strong>pontiﬁ-</strong></span> 
     </span>
    </p>
   </div>
   <div class='ocr_carea' id='block_1_87' title="bbox 2139 3921 3830 3993">
    <p class='ocr_par' dir='ltr' id='par_1_87' title="bbox 2139 3921 3830 3993">
     <span class='ocr_line' id='line_1_87' title="bbox 2139 3921 3830 3993; baseline -0.003 -14"><span class='ocrx_word' id='word_1_623' title='bbox 2139 3940 2272 3979; x_wconf 90' lang='lat' dir='ltr'><strong>cum</strong></span> <span class='ocrx_word' id='word_1_624' title='bbox 2306 3921 2536 3993; x_wconf 89' lang='lat' dir='ltr'><strong>legitur,</strong></span> <span class='ocrx_word' id='word_1_625' title='bbox 2569 3921 2792 3976; x_wconf 89' lang='lat' dir='ltr'><strong>arcanis</strong></span> <span class='ocrx_word' id='word_1_626' title='bbox 2826 3927 3328 3977; x_wconf 80' lang='lat' dir='ltr'><strong>sacramentorum</strong></span> <span class='ocrx_word' id='word_1_627' title='bbox 3363 3923 3680 3978; x_wconf 83' lang='lat' dir='ltr'><strong>ccelestium</strong></span> <span class='ocrx_word' id='word_1_628' title='bbox 3710 3936 3830 3990; x_wconf 87' lang='lat' dir='ltr'><strong>aug-</strong></span> 
     </span>
    </p>
   </div>
   <div class='ocr_carea' id='block_1_88' title="bbox 2141 4011 3828 4081">
    <p class='ocr_par' dir='ltr' id='par_1_88' title="bbox 2141 4011 3828 4081">
     <span class='ocr_line' id='line_1_88' title="bbox 2141 4011 3828 4081; baseline -0.004 -13"><span class='ocrx_word' id='word_1_629' title='bbox 2141 4018 2402 4068; x_wconf 89' lang='lat' dir='ltr'><strong>mentare</strong></span> <span class='ocrx_word' id='word_1_630' title='bbox 2433 4013 2689 4067; x_wconf 90' lang='lat' dir='ltr'><strong>curavit:</strong></span> <span class='ocrx_word' id='word_1_631' title='bbox 2728 4013 2792 4068; x_wconf 87' lang='lat' dir='ltr'><strong>Ut</strong></span> <span class='ocrx_word' id='word_1_632' title='bbox 2823 4012 2939 4066; x_wconf 86' lang='lat' dir='ltr'><strong>dies</strong></span> <span class='ocrx_word' id='word_1_633' title='bbox 2969 4011 3243 4081; x_wconf 85' lang='lat' dir='ltr'><strong>disponat,</strong></span> <span class='ocrx_word' id='word_1_634' title='bbox 3276 4014 3348 4068; x_wconf 89' lang='lat' dir='ltr'><strong>ab</strong></span> <span class='ocrx_word' id='word_1_635' title='bbox 3377 4023 3592 4071; x_wconf 69' lang='lat' dir='ltr'><strong>aeterna</strong></span> <span class='ocrx_word' id='word_1_636' title='bbox 3623 4014 3828 4066; x_wconf 79' lang='lat' dir='ltr'><strong>damna-</strong></span> 
     </span>
    </p>
   </div>
   <div class='ocr_carea' id='block_1_89' title="bbox 2139 4100 3834 4172">
    <p class='ocr_par' dir='ltr' id='par_1_89' title="bbox 2139 4100 3834 4172">
     <span class='ocr_line' id='line_1_89' title="bbox 2139 4100 3834 4172; baseline 0 -18"><span class='ocrx_word' id='word_1_637' title='bbox 2139 4105 2282 4158; x_wconf 80' lang='lat' dir='ltr'><strong>tione</strong></span> <span class='ocrx_word' id='word_1_638' title='bbox 2327 4117 2425 4157; x_wconf 89' lang='lat' dir='ltr'><strong>nos</strong></span> <span class='ocrx_word' id='word_1_639' title='bbox 2455 4103 2596 4172; x_wconf 85' lang='lat' dir='ltr'><strong>eripi</strong></span> <span class='ocrx_word' id='word_1_640' title='bbox 2642 4108 2695 4154; x_wconf 89' lang='lat' dir='ltr'><strong>et</strong></span> <span class='ocrx_word' id='word_1_641' title='bbox 2753 4103 2809 4154; x_wconf 86' lang='lat' dir='ltr'><strong>in</strong></span> <span class='ocrx_word' id='word_1_642' title='bbox 2853 4100 3148 4155; x_wconf 85' lang='lat' dir='ltr'><strong>electorum</strong></span> <span class='ocrx_word' id='word_1_643' title='bbox 3187 4117 3419 4157; x_wconf 88' lang='lat' dir='ltr'><strong>suorum</strong></span> <span class='ocrx_word' id='word_1_644' title='bbox 3459 4104 3656 4172; x_wconf 85' lang='lat' dir='ltr'><strong>jubeat</strong></span> <span class='ocrx_word' id='word_1_645' title='bbox 3689 4113 3834 4171; x_wconf 76' lang='lat' dir='ltr'><strong>grege</strong></span> 
     </span>
    </p>
   </div>
   <div class='ocr_carea' id='block_1_90' title="bbox 2137 4193 2448 4246">
    <p class='ocr_par' dir='ltr' id='par_1_90' title="bbox 2137 4193 2448 4246">
     <span class='ocr_line' id='line_1_90' title="bbox 2137 4193 2448 4246; baseline -0.003 0"><span class='ocrx_word' id='word_1_646' title='bbox 2137 4193 2448 4246; x_wconf 83' lang='lat' dir='ltr'><strong>numerari.</strong></span> 
     </span>
    </p>
   </div>
   <div class='ocr_carea' id='block_1_91' title="bbox 2145 4279 3831 4352">
    <p class='ocr_par' dir='ltr' id='par_1_91' title="bbox 2145 4279 3831 4352">
     <span class='ocr_line' id='line_1_91' title="bbox 2145 4279 3831 4352; baseline -0.002 -17"><span class='ocrx_word' id='word_1_647' title='bbox 2145 4283 2276 4336; x_wconf 85' lang='lat' dir='ltr'><strong>Vita</strong></span> <span class='ocrx_word' id='word_1_648' title='bbox 2299 4279 2354 4334; x_wconf 91' lang='lat' dir='ltr'><strong>S.</strong></span> <span class='ocrx_word' id='word_1_649' title='bbox 2386 4279 2636 4352; x_wconf 85' lang='lat' dir='ltr'><strong>Gregorii</strong></span> <span class='ocrx_word' id='word_1_650' title='bbox 2668 4281 2845 4350; x_wconf 81' lang='lat' dir='ltr'><strong>Magni</strong></span> <span class='ocrx_word' id='word_1_651' title='bbox 2881 4295 2978 4350; x_wconf 83' lang='lat' dir='ltr'><strong>per</strong></span> <span class='ocrx_word' id='word_1_652' title='bbox 3005 4279 3081 4350; x_wconf 86' lang='lat' dir='ltr'><strong>(d)</strong></span> <span class='ocrx_word' id='word_1_653' title='bbox 3116 4281 3385 4336; x_wconf 85' lang='lat' dir='ltr'><strong>Simonem</strong></span> <span class='ocrx_word' id='word_1_654' title='bbox 3431 4280 3831 4351; x_wconf 72' lang='lat' dir='ltr'><strong>Metaphrasten.</strong></span> 
     </span>
    </p>
   </div>
   <div class='ocr_carea' id='block_1_92' title="bbox 2211 4370 3830 4442">
    <p class='ocr_par' dir='ltr' id='par_1_92' title="bbox 2211 4370 3830 4442">
     <span class='ocr_line' id='line_1_92' title="bbox 2211 4370 3830 4442; baseline -0.002 -16"><span class='ocrx_word' id='word_1_655' title='bbox 2211 4372 2429 4427; x_wconf 87' lang='lat' dir='ltr'><strong>Beatus</strong></span> <span class='ocrx_word' id='word_1_656' title='bbox 2472 4373 2808 4441; x_wconf 88' lang='lat' dir='ltr'><strong>Gregorius,</strong></span> <span class='ocrx_word' id='word_1_657' title='bbox 2860 4372 2957 4442; x_wconf 91' lang='lat' dir='ltr'><strong>qui</strong></span> <span class='ocrx_word' id='word_1_658' title='bbox 3011 4376 3223 4426; x_wconf 65' lang='lat' dir='ltr'><strong>sanctae</strong></span> <span class='ocrx_word' id='word_1_659' title='bbox 3279 4373 3374 4427; x_wconf 82' lang='lat' dir='ltr'><strong>Dei</strong></span> <span class='ocrx_word' id='word_1_660' title='bbox 3428 4372 3692 4428; x_wconf 62' lang='lat' dir='ltr'><strong>Ecclesiae</strong></span> <span class='ocrx_word' id='word_1_661' title='bbox 3735 4370 3830 4423; x_wconf 84' lang='lat' dir='ltr'><strong>Ro-</strong></span> 
     </span>
    </p>
   </div>
   <div class='ocr_carea' id='block_1_93' title="bbox 2142 4459 3834 4532">
    <p class='ocr_par' dir='ltr' id='par_1_93' title="bbox 2142 4459 3834 4532">
     <span class='ocr_line' id='line_1_93' title="bbox 2142 4459 3834 4532; baseline -0.003 -16"><span class='ocrx_word' id='word_1_662' title='bbox 2142 4477 2328 4516; x_wconf 67' lang='lat' dir='ltr'><strong>manae</strong></span> <span class='ocrx_word' id='word_1_663' title='bbox 2361 4459 2615 4530; x_wconf 89' lang='lat' dir='ltr'><strong>pontifex</strong></span> <span class='ocrx_word' id='word_1_664' title='bbox 2645 4460 2772 4525; x_wconf 91' lang='lat' dir='ltr'><strong>fuit,</strong></span> <span class='ocrx_word' id='word_1_665' title='bbox 2808 4465 3119 4531; x_wconf 85' lang='lat' dir='ltr'><strong>antequam</strong></span> <span class='ocrx_word' id='word_1_666' title='bbox 3153 4460 3318 4516; x_wconf 82' lang='lat' dir='ltr'><strong>fieret</strong></span> <span class='ocrx_word' id='word_1_667' title='bbox 3351 4461 3698 4532; x_wconf 85' lang='lat' dir='ltr'><strong>patriarcha,</strong></span> <span class='ocrx_word' id='word_1_668' title='bbox 3729 4473 3834 4512; x_wconf 90' lang='lat' dir='ltr'><strong>mo-</strong></span> 
     </span>
    </p>
   </div>
   <div class='ocr_carea' id='block_1_94' title="bbox 328 4531 3831 4624">
    <p class='ocr_par' dir='ltr' id='par_1_94' title="bbox 328 4531 3831 4624">
     <span class='ocr_line' id='line_1_94' title="bbox 328 4531 3831 4624; baseline 0.005 -38"><span class='ocrx_word' id='word_1_669' title='bbox 328 4547 476 4624; x_wconf 78' lang='lat' dir='ltr'><strong>opus</strong></span> <span class='ocrx_word' id='word_1_670' title='bbox 521 4531 617 4587; x_wconf 93' lang='lat' dir='ltr'><strong>diu</strong></span> <span class='ocrx_word' id='word_1_671' title='bbox 668 4535 1084 4624; x_wconf 82' lang='lat' dir='ltr'><strong>desideratum,</strong></span> <span class='ocrx_word' id='word_1_672' title='bbox 1133 4540 1277 4597; x_wconf 91' lang='lat' dir='ltr'><strong>alios</strong></span> <span class='ocrx_word' id='word_1_673' title='bbox 1341 4545 1573 4614; x_wconf 78' lang='lat' dir='ltr'><strong>quidem</strong></span> <span class='ocrx_word' id='word_1_674' title='bbox 1625 4548 2028 4616; x_wconf 62' lang='lat' dir='ltr'><strong>praedicatores</strong></span> <span class='ocrx_word' id='word_1_675' title='bbox 2058 4550 2114 4616; x_wconf 87' lang='lat' dir='ltr'><strong>D</strong></span> <span class='ocrx_word' id='word_1_676' title='bbox 2148 4552 2371 4608; x_wconf 87' lang='lat' dir='ltr'><strong>nachus</strong></span> <span class='ocrx_word' id='word_1_677' title='bbox 2420 4555 2541 4607; x_wconf 86' lang='lat' dir='ltr'><strong>erat</strong></span> <span class='ocrx_word' id='word_1_678' title='bbox 2585 4550 2644 4604; x_wconf 88' lang='lat' dir='ltr'><strong>in</strong></span> <span class='ocrx_word' id='word_1_679' title='bbox 2697 4553 3046 4608; x_wconf 90' lang='lat' dir='ltr'><strong>monasterio</strong></span> <span class='ocrx_word' id='word_1_680' title='bbox 3078 4556 3264 4608; x_wconf 87' lang='lat' dir='ltr'><strong>sancti</strong></span> <span class='ocrx_word' id='word_1_681' title='bbox 3313 4531 3562 4610; x_wconf 63' lang='lat' dir='ltr'><strong>Andreae</strong></span> <span class='ocrx_word' id='word_1_682' title='bbox 3609 4546 3831 4624; x_wconf 85' lang='lat' dir='ltr'><strong>apostoli</strong></span> 
     </span>
    </p>
   </div>
   <div class='ocr_carea' id='block_1_95' title="bbox 327 4617 2023 4708">
    <p class='ocr_par' dir='ltr' id='par_1_95' title="bbox 327 4617 2023 4708">
     <span class='ocr_line' id='line_1_95' title="bbox 327 4617 2023 4708; baseline 0.011 -33"><span class='ocrx_word' id='word_1_683' title='bbox 327 4617 591 4690; x_wconf 87' lang='lat' dir='ltr'><strong>mittens,</strong></span> <span class='ocrx_word' id='word_1_684' title='bbox 641 4623 738 4678; x_wconf 90' lang='lat' dir='ltr'><strong>sed</strong></span> <span class='ocrx_word' id='word_1_685' title='bbox 787 4623 909 4694; x_wconf 89' lang='lat' dir='ltr'><strong>ipse</strong></span> <span class='ocrx_word' id='word_1_686' title='bbox 966 4627 1455 4700; x_wconf 73' lang='lat' dir='ltr'><strong>praedicationem,</strong></span> <span class='ocrx_word' id='word_1_687' title='bbox 1509 4637 1572 4688; x_wconf 92' lang='lat' dir='ltr'><strong>ut</strong></span> <span class='ocrx_word' id='word_1_688' title='bbox 1629 4635 2023 4708; x_wconf 80' lang='lat' dir='ltr'><strong>fructificaret,</strong></span> 
     </span>
    </p>
   </div>
   <div class='ocr_carea' id='block_1_96' title="bbox 324 4708 2029 4798">
    <p class='ocr_par' dir='ltr' id='par_1_96' title="bbox 324 4708 2029 4798">
     <span class='ocr_line' id='line_1_96' title="bbox 324 4708 2029 4798; baseline 0.012 -33"><span class='ocrx_word' id='word_1_689' title='bbox 324 4708 450 4765; x_wconf 88' lang='lat' dir='ltr'><strong>suis</strong></span> <span class='ocrx_word' id='word_1_690' title='bbox 473 4710 974 4770; x_wconf 82' lang='lat' dir='ltr'><strong>exhortationibus</strong></span> <span class='ocrx_word' id='word_1_691' title='bbox 1007 4732 1070 4772; x_wconf 92' lang='lat' dir='ltr'><strong>ac</strong></span> <span class='ocrx_word' id='word_1_692' title='bbox 1094 4719 1360 4788; x_wconf 88' lang='lat' dir='ltr'><strong>precibus</strong></span> <span class='ocrx_word' id='word_1_693' title='bbox 1383 4723 1683 4792; x_wconf 88' lang='lat' dir='ltr'><strong>adjuvans.</strong></span> <span class='ocrx_word' id='word_1_694' title='bbox 1709 4729 1838 4782; x_wconf 78' lang='lat' dir='ltr'><strong>Haec</strong></span> <span class='ocrx_word' id='word_1_695' title='bbox 1864 4730 2029 4798; x_wconf 89' lang='lat' dir='ltr'><strong>juxta</strong></span> 
     </span>
    </p>
   </div>
   <div class='ocr_carea' id='block_1_97' title="bbox 324 4801 2030 4886">
    <p class='ocr_par' dir='ltr' id='par_1_97' title="bbox 324 4801 2030 4886">
     <span class='ocr_line' id='line_1_97' title="bbox 324 4801 2030 4886; baseline 0.011 -29"><span class='ocrx_word' id='word_1_696' title='bbox 324 4801 685 4873; x_wconf 87' lang='lat' dir='ltr'><strong>Opinionem,</strong></span> <span class='ocrx_word' id='word_1_697' title='bbox 735 4820 865 4875; x_wconf 71' lang='lat' dir='ltr'><strong>quas</strong></span> <span class='ocrx_word' id='word_1_698' title='bbox 933 4807 1005 4863; x_wconf 90' lang='lat' dir='ltr'><strong>ab</strong></span> <span class='ocrx_word' id='word_1_699' title='bbox 1056 4810 1315 4880; x_wconf 89' lang='lat' dir='ltr'><strong>antiquis</strong></span> <span class='ocrx_word' id='word_1_700' title='bbox 1365 4815 1716 4886; x_wconf 90' lang='lat' dir='ltr'><strong>accepimus,</strong></span> <span class='ocrx_word' id='word_1_701' title='bbox 1775 4818 2030 4877; x_wconf 68' lang='lat' dir='ltr'><strong>historiae</strong></span> 
     </span>
    </p>
   </div>
   <div class='ocr_carea' id='block_1_98' title="bbox 321 4893 1902 4974">
    <p class='ocr_par' dir='ltr' id='par_1_98' title="bbox 321 4893 1902 4974">
     <span class='ocr_line' id='line_1_98' title="bbox 321 4893 1902 4974; baseline 0.01 -25"><span class='ocrx_word' id='word_1_702' title='bbox 321 4897 533 4950; x_wconf 64' lang='lat' dir='ltr'><strong>nostra</strong></span> <span class='ocrx_word' id='word_1_703' title='bbox 572 4893 982 4955; x_wconf 66' lang='lat' dir='ltr'><strong>ecclesiastica</strong></span> <span class='ocrx_word' id='word_1_704' title='bbox 1014 4899 1265 4956; x_wconf 89' lang='lat' dir='ltr'><strong>inserere</strong></span> <span class='ocrx_word' id='word_1_705' title='bbox 1288 4904 1573 4974; x_wconf 90' lang='lat' dir='ltr'><strong>optimum</strong></span> <span class='ocrx_word' id='word_1_706' title='bbox 1608 4907 1902 4967; x_wconf 90' lang='lat' dir='ltr'><strong>duximus.</strong></span> 
     </span>
    </p>
   </div>
   <div class='ocr_carea' id='block_1_99' title="bbox 624 4986 1723 5064">
    <p class='ocr_par' dir='ltr' id='par_1_99' title="bbox 624 4986 1723 5064">
     <span class='ocr_line' id='line_1_99' title="bbox 624 4986 1723 5064; baseline 0.01 -21"><span class='ocrx_word' id='word_1_707' title='bbox 624 4986 850 5058; x_wconf 79' lang='lat' dir='ltr'><strong>Adonis,</strong></span> <span class='ocrx_word' id='word_1_708' title='bbox 872 4988 963 5062; x_wconf 73' lang='grc' dir='ltr'><strong>(α)</strong></span> <span class='ocrx_word' id='word_1_709' title='bbox 992 4991 1366 5064; x_wconf 81' lang='lat' dir='ltr'><strong>archepiscopi</strong></span> <span class='ocrx_word' id='word_1_710' title='bbox 1394 4996 1723 5055; x_wconf 81' lang='lat' dir='ltr'><strong>Viennensis.</strong></span> 
     </span>
    </p>
   </div>
   <div class='ocr_carea' id='block_1_100' title="bbox 392 5072 2030 5159">
    <p class='ocr_par' dir='ltr' id='par_1_100' title="bbox 392 5072 2030 5159">
     <span class='ocr_line' id='line_1_100' title="bbox 392 5072 2030 5159; baseline 0.011 -31"><span class='ocrx_word' id='word_1_711' title='bbox 392 5072 586 5130; x_wconf 61' lang='lat' dir='ltr'><strong>Romae</strong></span> <span class='ocrx_word' id='word_1_712' title='bbox 630 5077 918 5150; x_wconf 91' lang='lat' dir='ltr'><strong>depositio</strong></span> <span class='ocrx_word' id='word_1_713' title='bbox 966 5083 1153 5137; x_wconf 90' lang='lat' dir='ltr'><strong>sancti</strong></span> <span class='ocrx_word' id='word_1_714' title='bbox 1185 5081 1441 5155; x_wconf 90' lang='lat' dir='ltr'><strong>Gregorii</strong></span> <span class='ocrx_word' id='word_1_715' title='bbox 1485 5103 1665 5156; x_wconf 82' lang='lat' dir='ltr'><strong>papae,</strong></span> <span class='ocrx_word' id='word_1_716' title='bbox 1699 5089 1797 5159; x_wconf 92' lang='lat' dir='ltr'><strong>qui</strong></span> <span class='ocrx_word' id='word_1_717' title='bbox 1850 5091 2030 5146; x_wconf 91' lang='lat' dir='ltr'><strong>nobili</strong></span> 
     </span>
    </p>
   </div>
   <div class='ocr_carea' id='block_1_101' title="bbox 321 5166 2032 5238">
    <p class='ocr_par' dir='ltr' id='par_1_101' title="bbox 321 5166 2032 5238">
     <span class='ocr_line' id='line_1_101' title="bbox 321 5166 2032 5238; baseline 0.013 -22"><span class='ocrx_word' id='word_1_718' title='bbox 321 5177 552 5234; x_wconf 88' lang='lat' dir='ltr'><strong>genere,</strong></span> <span class='ocrx_word' id='word_1_719' title='bbox 592 5166 933 5227; x_wconf 90' lang='lat' dir='ltr'><strong>liberalibus</strong></span> <span class='ocrx_word' id='word_1_720' title='bbox 965 5171 1187 5228; x_wconf 88' lang='lat' dir='ltr'><strong>artibus</strong></span> <span class='ocrx_word' id='word_1_721' title='bbox 1236 5175 1502 5231; x_wconf 90' lang='lat' dir='ltr'><strong>eruditus</strong></span> <span class='ocrx_word' id='word_1_722' title='bbox 1528 5182 1635 5232; x_wconf 90' lang='lat' dir='ltr'><strong>est.</strong></span> <span class='ocrx_word' id='word_1_723' title='bbox 1687 5179 1901 5236; x_wconf 88' lang='lat' dir='ltr'><strong>Deinde</strong></span> <span class='ocrx_word' id='word_1_724' title='bbox 1932 5182 2032 5238; x_wconf 82' lang='lat' dir='ltr'><strong>de-</strong></span> 
     </span>
    </p>
   </div>
   <div class='ocr_carea' id='block_1_102' title="bbox 322 5250 2032 5326">
    <p class='ocr_par' dir='ltr' id='par_1_102' title="bbox 322 5250 2032 5326">
     <span class='ocr_line' id='line_1_102' title="bbox 322 5250 2032 5326; baseline 0.013 -22"><span class='ocrx_word' id='word_1_725' title='bbox 322 5250 536 5306; x_wconf 84' lang='lat' dir='ltr'><strong>functis</strong></span> <span class='ocrx_word' id='word_1_726' title='bbox 584 5258 947 5326; x_wconf 89' lang='lat' dir='ltr'><strong>parentibus,</strong></span> <span class='ocrx_word' id='word_1_727' title='bbox 991 5277 1088 5317; x_wconf 84' lang='lat' dir='ltr'><strong>sex</strong></span> <span class='ocrx_word' id='word_1_728' title='bbox 1139 5261 1197 5318; x_wconf 90' lang='lat' dir='ltr'><strong>in</strong></span> <span class='ocrx_word' id='word_1_729' title='bbox 1247 5263 1442 5320; x_wconf 90' lang='lat' dir='ltr'><strong>Sicilia</strong></span> <span class='ocrx_word' id='word_1_730' title='bbox 1490 5269 1846 5324; x_wconf 89' lang='lat' dir='ltr'><strong>monasteria</strong></span> <span class='ocrx_word' id='word_1_731' title='bbox 1894 5285 2032 5325; x_wconf 82' lang='lat' dir='ltr'><strong>con-</strong></span> 
     </span>
    </p>
   </div>
   <div class='ocr_carea' id='block_1_103' title="bbox 322 5343 2032 5416">
    <p class='ocr_par' dir='ltr' id='par_1_103' title="bbox 322 5343 2032 5416">
     <span class='ocr_line' id='line_1_103' title="bbox 322 5343 2032 5416; baseline 0.011 -20"><span class='ocrx_word' id='word_1_732' title='bbox 322 5343 581 5412; x_wconf 87' lang='lat' dir='ltr'><strong>struens,</strong></span> <span class='ocrx_word' id='word_1_733' title='bbox 610 5346 925 5416; x_wconf 83' lang='lat' dir='ltr'><strong>septimum</strong></span> <span class='ocrx_word' id='word_1_734' title='bbox 954 5349 1108 5408; x_wconf 89' lang='lat' dir='ltr'><strong>intra</strong></span> <span class='ocrx_word' id='word_1_735' title='bbox 1153 5351 1321 5412; x_wconf 87' lang='lat' dir='ltr'><strong>Urbis</strong></span> <span class='ocrx_word' id='word_1_736' title='bbox 1371 5371 1566 5410; x_wconf 91' lang='lat' dir='ltr'><strong>muros</strong></span> <span class='ocrx_word' id='word_1_737' title='bbox 1609 5358 1933 5414; x_wconf 88' lang='lat' dir='ltr'><strong>constituit.</strong></span> <span class='ocrx_word' id='word_1_738' title='bbox 1971 5361 2032 5414; x_wconf 88' lang='lat' dir='ltr'><strong>In</strong></span> 
     </span>
    </p>
   </div>
   <div class='ocr_carea' id='block_1_104' title="bbox 322 5427 2035 5504">
    <p class='ocr_par' dir='ltr' id='par_1_104' title="bbox 322 5427 2035 5504">
     <span class='ocr_line' id='line_1_104' title="bbox 322 5427 2035 5504; baseline 0.012 -22"><span class='ocrx_word' id='word_1_739' title='bbox 322 5443 438 5499; x_wconf 87' lang='lat' dir='ltr'><strong>quo</strong></span> <span class='ocrx_word' id='word_1_740' title='bbox 472 5427 596 5499; x_wconf 89' lang='lat' dir='ltr'><strong>ipse</strong></span> <span class='ocrx_word' id='word_1_741' title='bbox 633 5436 759 5501; x_wconf 88' lang='lat' dir='ltr'><strong>post</strong></span> <span class='ocrx_word' id='word_1_742' title='bbox 805 5436 1146 5494; x_wconf 64' lang='lat' dir='ltr'><strong>sacularem</strong></span> <span class='ocrx_word' id='word_1_743' title='bbox 1192 5440 1452 5498; x_wconf 88' lang='lat' dir='ltr'><strong>habitum</strong></span> <span class='ocrx_word' id='word_1_744' title='bbox 1507 5444 1706 5500; x_wconf 86' lang='lat' dir='ltr'><strong>multis</strong></span> <span class='ocrx_word' id='word_1_745' title='bbox 1758 5447 2035 5504; x_wconf 90' lang='lat' dir='ltr'><strong>fratribus</strong></span> 
     </span>
    </p>
   </div>
   <div class='ocr_carea' id='block_1_105' title="bbox 402 5605 1184 5749">
    <p class='ocr_par' dir='ltr' id='par_1_105' title="bbox 402 5605 1184 5749">
     <span class='ocr_line' id='line_1_105' title="bbox 402 5605 1184 5749; baseline 0.012 -88"><span class='ocrx_word' id='word_1_746' title='bbox 402 5607 482 5749; x_wconf 44' lang='lat' dir='ltr'><strong>Ea)</strong></span> <span class='ocrx_word' id='word_1_747' title='bbox 513 5605 734 5692; x_wconf 69' lang='lat' dir='ltr'><strong>Floruit</strong></span> <span class='ocrx_word' id='word_1_748' title='bbox 765 5613 898 5678; x_wconf 88' lang='lat' dir='ltr'><strong>post</strong></span> <span class='ocrx_word' id='word_1_749' title='bbox 922 5626 1026 5692; x_wconf 73' lang='lat' dir='ltr'><strong>an.</strong></span> <span class='ocrx_word' id='word_1_750' title='bbox 1060 5613 1184 5671; x_wconf 86' lang='lat'><strong>850.</strong></span> 
     </span>
     <span class='ocr_line' id='line_1_106' title="bbox 429 5678 1184 5747; baseline 0.013 -16"><span class='ocrx_word' id='word_1_751' title='bbox 429 5679 482 5747; x_wconf 86' lang='lat' dir='ltr'><strong>b)</strong></span> <span class='ocrx_word' id='word_1_752' title='bbox 514 5678 681 5735; x_wconf 83' lang='lat' dir='ltr'><strong>Rexit</strong></span> <span class='ocrx_word' id='word_1_753' title='bbox 711 5681 1029 5738; x_wconf 81' lang='lat' dir='ltr'><strong>Ecclesiam</strong></span> <span class='ocrx_word' id='word_1_754' title='bbox 1065 5685 1136 5741; x_wconf 87' lang='lat' dir='ltr'><strong>ab</strong></span> <span class='ocrx_word' id='word_1_755' title='bbox 1165 5702 1184 5741; x_wconf 80' lang='grc' dir='ltr'><strong>ε</strong></span> 
     </span>
    </p>
   </div>
   <div class='ocr_carea' id='block_1_106' title="bbox 429 5678 1820 5752">
    <p class='ocr_par' dir='ltr' id='par_1_106' title="bbox 429 5678 1820 5752">
     <span class='ocr_line' id='line_1_107' title="bbox 429 5678 1820 5752; baseline 0.015 -21"><span class='ocrx_word' id='word_1_756' title='bbox 429 5678 482 5747; x_wconf 85' lang='lat' dir='ltr'><strong>b)</strong></span> <span class='ocrx_word' id='word_1_757' title='bbox 514 5678 681 5735; x_wconf 87' lang='lat' dir='ltr'><strong>Rexit</strong></span> <span class='ocrx_word' id='word_1_758' title='bbox 711 5681 1029 5738; x_wconf 84' lang='lat' dir='ltr'><strong>Ecclesiam</strong></span> <span class='ocrx_word' id='word_1_759' title='bbox 1065 5685 1136 5741; x_wconf 89' lang='lat' dir='ltr'><strong>ab</strong></span> <span class='ocrx_word' id='word_1_760' title='bbox 1165 5702 1318 5744; x_wconf 90' lang='lat' dir='ltr'><strong>anno</strong></span> <span class='ocrx_word' id='word_1_761' title='bbox 1346 5691 1451 5745; x_wconf 87' lang='lat'><strong>772</strong></span> <span class='ocrx_word' id='word_1_762' title='bbox 1481 5693 1545 5747; x_wconf 89' lang='lat' dir='ltr'><strong>ad</strong></span> <span class='ocrx_word' id='word_1_763' title='bbox 1570 5710 1661 5749; x_wconf 88' lang='lat' dir='ltr'><strong>an.</strong></span> <span class='ocrx_word' id='word_1_764' title='bbox 1695 5696 1820 5752; x_wconf 84' lang='lat'>795.</span> 
     </span>
    </p>
   </div>
   <div class='ocr_carea' id='block_1_107' title="bbox 2141 4643 3834 4714">
    <p class='ocr_par' dir='ltr' id='par_1_107' title="bbox 2141 4643 3834 4714">
     <span class='ocr_line' id='line_1_108' title="bbox 2141 4643 3834 4714; baseline -0.004 -14"><span class='ocrx_word' id='word_1_765' title='bbox 2141 4645 2210 4700; x_wconf 89' lang='lat' dir='ltr'><strong>ad</strong></span> <span class='ocrx_word' id='word_1_766' title='bbox 2246 4643 2452 4698; x_wconf 90' lang='lat' dir='ltr'><strong>clivum</strong></span> <span class='ocrx_word' id='word_1_767' title='bbox 2489 4643 2708 4710; x_wconf 87' lang='lat' dir='ltr'><strong>Scauri,</strong></span> <span class='ocrx_word' id='word_1_768' title='bbox 2742 4659 2920 4714; x_wconf 87' lang='lat' dir='ltr'><strong>prOpc</strong></span> <span class='ocrx_word' id='word_1_769' title='bbox 2946 4643 3231 4714; x_wconf 90' lang='lat' dir='ltr'><strong>templum</strong></span> <span class='ocrx_word' id='word_1_770' title='bbox 3267 4651 3608 4700; x_wconf 89' lang='lat' dir='ltr'><strong>sanctorum</strong></span> <span class='ocrx_word' id='word_1_771' title='bbox 3643 4648 3834 4710; x_wconf 80' lang='lat' dir='ltr'><strong>marty-</strong></span> 
     </span>
    </p>
   </div>
   <div class='ocr_carea' id='block_1_108' title="bbox 2140 4729 3832 4804">
    <p class='ocr_par' dir='ltr' id='par_1_108' title="bbox 2140 4729 3832 4804">
     <span class='ocr_line' id='line_1_109' title="bbox 2140 4729 3832 4804; baseline -0.005 -16"><span class='ocrx_word' id='word_1_772' title='bbox 2140 4749 2268 4789; x_wconf 91' lang='lat' dir='ltr'><strong>rum</strong></span> <span class='ocrx_word' id='word_1_773' title='bbox 2297 4732 2538 4788; x_wconf 81' lang='lat' dir='ltr'><strong>Joannis</strong></span> <span class='ocrx_word' id='word_1_774' title='bbox 2568 4735 2626 4787; x_wconf 92' lang='lat' dir='ltr'><strong>et</strong></span> <span class='ocrx_word' id='word_1_775' title='bbox 2656 4731 2838 4786; x_wconf 88' lang='lat' dir='ltr'><strong>Pauli.</strong></span> <span class='ocrx_word' id='word_1_776' title='bbox 2874 4737 3061 4802; x_wconf 84' lang='lat' dir='ltr'><strong>Atque</strong></span> <span class='ocrx_word' id='word_1_777' title='bbox 3088 4732 3172 4787; x_wconf 88' lang='lat' dir='ltr'><strong>illi</strong></span> <span class='ocrx_word' id='word_1_778' title='bbox 3223 4734 3466 4804; x_wconf 86' lang='lat' dir='ltr'><strong>quidem</strong></span> <span class='ocrx_word' id='word_1_779' title='bbox 3504 4729 3832 4789; x_wconf 84' lang='lat' dir='ltr'><strong>monasterio</strong></span> 
     </span>
    </p>
   </div>
   <div class='ocr_carea' id='block_1_109' title="bbox 2140 4821 3832 4894">
    <p class='ocr_par' dir='ltr' id='par_1_109' title="bbox 2140 4821 3832 4894">
     <span class='ocr_line' id='line_1_110' title="bbox 2140 4821 3832 4894; baseline -0.004 -17"><span class='ocrx_word' id='word_1_780' title='bbox 2140 4823 2264 4893; x_wconf 89' lang='lat' dir='ltr'><strong>ipse</strong></span> <span class='ocrx_word' id='word_1_781' title='bbox 2315 4827 2573 4894; x_wconf 80' lang='lat' dir='ltr'><strong>praeerat.</strong></span> <span class='ocrx_word' id='word_1_782' title='bbox 2615 4825 2847 4876; x_wconf 85' lang='lat' dir='ltr'><strong>Matrem</strong></span> <span class='ocrx_word' id='word_1_783' title='bbox 2893 4838 3026 4877; x_wconf 91' lang='lat' dir='ltr'><strong>vero</strong></span> <span class='ocrx_word' id='word_1_784' title='bbox 3070 4822 3274 4878; x_wconf 87' lang='lat' dir='ltr'><strong>habuit</strong></span> <span class='ocrx_word' id='word_1_785' title='bbox 3306 4825 3542 4878; x_wconf 84' lang='lat' dir='ltr'><strong>beatam</strong></span> <span class='ocrx_word' id='word_1_786' title='bbox 3595 4821 3832 4884; x_wconf 86' lang='lat' dir='ltr'><strong>Silviam,</strong></span> 
     </span>
    </p>
   </div>
   <div class='ocr_carea' id='block_1_110' title="bbox 2139 4911 3831 4982">
    <p class='ocr_par' dir='ltr' id='par_1_110' title="bbox 2139 4911 3831 4982">
     <span class='ocr_line' id='line_1_111' title="bbox 2139 4911 3831 4982; baseline -0.004 -18"><span class='ocrx_word' id='word_1_787' title='bbox 2139 4926 2266 4980; x_wconf 64' lang='lat' dir='ltr'><strong>qua</strong></span> <span class='ocrx_word' id='word_1_788' title='bbox 2305 4912 2630 4980; x_wconf 86' lang='lat' dir='ltr'><strong>tuncjuxta</strong></span> <span class='ocrx_word' id='word_1_789' title='bbox 2670 4917 2897 4981; x_wconf 89' lang='lat' dir='ltr'><strong>portam</strong></span> <span class='ocrx_word' id='word_1_790' title='bbox 2943 4911 3131 4966; x_wconf 90' lang='lat' dir='ltr'><strong>sancti</strong></span> <span class='ocrx_word' id='word_1_791' title='bbox 3180 4911 3434 4982; x_wconf 88' lang='lat' dir='ltr'><strong>apostoli</strong></span> <span class='ocrx_word' id='word_1_792' title='bbox 3467 4911 3626 4966; x_wconf 88' lang='lat' dir='ltr'><strong>Pauli</strong></span> <span class='ocrx_word' id='word_1_793' title='bbox 3661 4911 3831 4964; x_wconf 87' lang='lat' dir='ltr'><strong>locum</strong></span> 
     </span>
    </p>
   </div>
   <div class='ocr_carea' id='block_1_111' title="bbox 2139 4997 3835 5071">
    <p class='ocr_par' dir='ltr' id='par_1_111' title="bbox 2139 4997 3835 5071">
     <span class='ocr_line' id='line_1_112' title="bbox 2139 4997 3835 5071; baseline -0.006 -15"><span class='ocrx_word' id='word_1_794' title='bbox 2139 5001 2414 5071; x_wconf 86' lang='lat' dir='ltr'><strong>patrium,</strong></span> <span class='ocrx_word' id='word_1_795' title='bbox 2439 5001 2539 5071; x_wconf 90' lang='lat' dir='ltr'><strong>qui</strong></span> <span class='ocrx_word' id='word_1_796' title='bbox 2571 4999 2727 5054; x_wconf 89' lang='lat' dir='ltr'><strong>Cella</strong></span> <span class='ocrx_word' id='word_1_797' title='bbox 2762 5017 2908 5055; x_wconf 92' lang='lat' dir='ltr'><strong>nova</strong></span> <span class='ocrx_word' id='word_1_798' title='bbox 2937 4999 3166 5066; x_wconf 92' lang='lat' dir='ltr'><strong>dicitur,</strong></span> <span class='ocrx_word' id='word_1_799' title='bbox 3191 4999 3509 5056; x_wconf 89' lang='lat' dir='ltr'><strong>incolebat.</strong></span> <span class='ocrx_word' id='word_1_800' title='bbox 3543 4998 3759 5056; x_wconf 79' lang='lat' dir='ltr'><strong>Accidit</strong></span> <span class='ocrx_word' id='word_1_801' title='bbox 3781 4997 3835 5048; x_wconf 93' lang='lat' dir='ltr'><strong>ut</strong></span> 
     </span>
    </p>
   </div>
   <div class='ocr_carea' id='block_1_112' title="bbox 2141 5089 3837 5160">
    <p class='ocr_par' dir='ltr' id='par_1_112' title="bbox 2141 5089 3837 5160">
     <span class='ocr_line' id='line_1_113' title="bbox 2141 5089 3837 5160; baseline -0.005 -15"><span class='ocrx_word' id='word_1_802' title='bbox 2141 5106 2271 5145; x_wconf 91' lang='lat' dir='ltr'><strong>cum</strong></span> <span class='ocrx_word' id='word_1_803' title='bbox 2304 5090 2362 5144; x_wconf 91' lang='lat' dir='ltr'><strong>in</strong></span> <span class='ocrx_word' id='word_1_804' title='bbox 2396 5089 2604 5145; x_wconf 89' lang='lat' dir='ltr'><strong>cellula</strong></span> <span class='ocrx_word' id='word_1_805' title='bbox 2637 5090 2758 5160; x_wconf 89' lang='lat' dir='ltr'><strong>ipse</strong></span> <span class='ocrx_word' id='word_1_806' title='bbox 2790 5107 2898 5145; x_wconf 91' lang='lat' dir='ltr'><strong>sua</strong></span> <span class='ocrx_word' id='word_1_807' title='bbox 2929 5091 3154 5145; x_wconf 89' lang='lat' dir='ltr'><strong>ederet</strong></span> <span class='ocrx_word' id='word_1_808' title='bbox 3183 5097 3237 5145; x_wconf 90' lang='lat' dir='ltr'><strong>et</strong></span> <span class='ocrx_word' id='word_1_809' title='bbox 3263 5091 3570 5158; x_wconf 88' lang='lat' dir='ltr'><strong>scriberet,</strong></span> <span class='ocrx_word' id='word_1_810' title='bbox 3603 5099 3837 5143; x_wconf 82' lang='lat' dir='ltr'><strong>accesse-</strong></span> 
     </span>
    </p>
   </div>
   <div class='ocr_carea' id='block_1_113' title="bbox 2142 5171 3831 5251">
    <p class='ocr_par' dir='ltr' id='par_1_113' title="bbox 2142 5171 3831 5251">
     <span class='ocr_line' id='line_1_114' title="bbox 2142 5171 3831 5251; baseline 0 -16"><span class='ocrx_word' id='word_1_811' title='bbox 2142 5181 2217 5235; x_wconf 89' lang='lat' dir='ltr'><strong>rit</strong></span> <span class='ocrx_word' id='word_1_812' title='bbox 2250 5183 2322 5235; x_wconf 91' lang='lat' dir='ltr'><strong>ad</strong></span> <span class='ocrx_word' id='word_1_813' title='bbox 2367 5196 2501 5236; x_wconf 89' lang='lat' dir='ltr'><strong>eum</strong></span> <span class='ocrx_word' id='word_1_814' title='bbox 2552 5181 2854 5235; x_wconf 89' lang='lat' dir='ltr'><strong>mendicus</strong></span> <span class='ocrx_word' id='word_1_815' title='bbox 2904 5196 3037 5235; x_wconf 91' lang='lat' dir='ltr'><strong>voce</strong></span> <span class='ocrx_word' id='word_1_816' title='bbox 3083 5180 3372 5251; x_wconf 88' lang='lat' dir='ltr'><strong>supplici:</strong></span> <span class='ocrx_word' id='word_1_817' title='bbox 3411 5179 3683 5234; x_wconf 87' lang='lat' dir='ltr'><strong>Miserere</strong></span> <span class='ocrx_word' id='word_1_818' title='bbox 3715 5171 3831 5235; x_wconf 71' lang='lat' dir='ltr'><strong>mei.</strong></span> 
     </span>
    </p>
   </div>
   <div class='ocr_carea' id='block_1_114' title="bbox 2142 5263 3834 5342">
    <p class='ocr_par' dir='ltr' id='par_1_114' title="bbox 2142 5263 3834 5342">
     <span class='ocr_line' id='line_1_115' title="bbox 2142 5263 3834 5342; baseline -0.004 -16"><span class='ocrx_word' id='word_1_819' title='bbox 2142 5269 2433 5341; x_wconf 88' lang='lat' dir='ltr'><strong>inquiens,</strong></span> <span class='ocrx_word' id='word_1_820' title='bbox 2463 5285 2626 5326; x_wconf 90' lang='lat' dir='ltr'><strong>serve</strong></span> <span class='ocrx_word' id='word_1_821' title='bbox 2675 5271 2768 5325; x_wconf 92' lang='lat' dir='ltr'><strong>Dei</strong></span> <span class='ocrx_word' id='word_1_822' title='bbox 2812 5269 3118 5337; x_wconf 88' lang='lat' dir='ltr'><strong>Altissimi,</strong></span> <span class='ocrx_word' id='word_1_823' title='bbox 3153 5270 3254 5342; x_wconf 90' lang='lat' dir='ltr'><strong>qui</strong></span> <span class='ocrx_word' id='word_1_824' title='bbox 3283 5285 3422 5325; x_wconf 91' lang='lat' dir='ltr'><strong>cum</strong></span> <span class='ocrx_word' id='word_1_825' title='bbox 3469 5285 3656 5326; x_wconf 88' lang='lat' dir='ltr'><strong>essem</strong></span> <span class='ocrx_word' id='word_1_826' title='bbox 3689 5263 3834 5321; x_wconf 82' lang='lat' dir='ltr'><strong>navis</strong></span> 
     </span>
    </p>
   </div>
   <div class='ocr_carea' id='block_1_115' title="bbox 2144 5359 3835 5433">
    <p class='ocr_par' dir='ltr' id='par_1_115' title="bbox 2144 5359 3835 5433">
     <span class='ocr_line' id='line_1_116' title="bbox 2144 5359 3835 5433; baseline -0.005 -17"><span class='ocrx_word' id='word_1_827' title='bbox 2144 5361 2516 5433; x_wconf 90' lang='lat' dir='ltr'><strong>gubernator,</strong></span> <span class='ocrx_word' id='word_1_828' title='bbox 2542 5359 2907 5430; x_wconf 90' lang='lat' dir='ltr'><strong>naufragium</strong></span> <span class='ocrx_word' id='word_1_829' title='bbox 2941 5359 3068 5424; x_wconf 88' lang='lat' dir='ltr'><strong>feci,</strong></span> <span class='ocrx_word' id='word_1_830' title='bbox 3109 5364 3166 5415; x_wconf 90' lang='lat' dir='ltr'><strong>et</strong></span> <span class='ocrx_word' id='word_1_831' title='bbox 3209 5359 3398 5414; x_wconf 87' lang='lat' dir='ltr'><strong>aliena</strong></span> <span class='ocrx_word' id='word_1_832' title='bbox 3436 5373 3680 5429; x_wconf 78' lang='lat' dir='ltr'><strong>meaque</strong></span> <span class='ocrx_word' id='word_1_833' title='bbox 3720 5369 3835 5424; x_wconf 84' lang='lat' dir='ltr'><strong>per-</strong></span> 
     </span>
    </p>
   </div>
   <div class='ocr_carea' id='block_1_116' title="bbox 2145 5440 3831 5520">
    <p class='ocr_par' dir='ltr' id='par_1_116' title="bbox 2145 5440 3831 5520">
     <span class='ocr_line' id='line_1_117' title="bbox 2145 5440 3831 5520; baseline -0.007 -16"><span class='ocrx_word' id='word_1_834' title='bbox 2145 5449 2287 5506; x_wconf 89' lang='lat' dir='ltr'><strong>didi.</strong></span> <span class='ocrx_word' id='word_1_835' title='bbox 2310 5451 2380 5506; x_wconf 88' lang='lat' dir='ltr'><strong>At</strong></span> <span class='ocrx_word' id='word_1_836' title='bbox 2408 5449 2524 5515; x_wconf 90' lang='lat' dir='ltr'><strong>ille,</strong></span> <span class='ocrx_word' id='word_1_837' title='bbox 2544 5449 2629 5503; x_wconf 88' lang='lat' dir='ltr'><strong>uti</strong></span> <span class='ocrx_word' id='word_1_838' title='bbox 2655 5449 2943 5520; x_wconf 88' lang='lat' dir='ltr'><strong>benignus</strong></span> <span class='ocrx_word' id='word_1_839' title='bbox 2966 5449 3025 5504; x_wconf 92' lang='lat' dir='ltr'><strong>in</strong></span> <span class='ocrx_word' id='word_1_840' title='bbox 3058 5463 3366 5520; x_wconf 90' lang='lat' dir='ltr'><strong>pauperes,</strong></span> <span class='ocrx_word' id='word_1_841' title='bbox 3387 5464 3455 5503; x_wconf 91' lang='lat' dir='ltr'><strong>ac</strong></span> <span class='ocrx_word' id='word_1_842' title='bbox 3487 5462 3617 5503; x_wconf 89' lang='lat' dir='ltr'><strong>vere</strong></span> <span class='ocrx_word' id='word_1_843' title='bbox 3644 5440 3831 5500; x_wconf 87' lang='lat' dir='ltr'><strong>Christi</strong></span> 
     </span>
    </p>
   </div>
   <div class='ocr_carea' id='block_1_117' title="bbox 2219 5627 3206 5754">
    <p class='ocr_par' dir='ltr' id='par_1_117' title="bbox 2219 5627 3206 5754">
     <span class='ocr_line' id='line_1_118' title="bbox 2219 5627 3206 5754; baseline 0 -71"><span class='ocrx_word' id='word_1_844' title='bbox 2219 5629 2290 5754; x_wconf 41' lang='grc' dir='ltr'><strong>(ἢ</strong></span> <span class='ocrx_word' id='word_1_845' title='bbox 2322 5627 2537 5711; x_wconf 78' lang='lat' dir='ltr'><strong>Floruit</strong></span> <span class='ocrx_word' id='word_1_846' title='bbox 2574 5628 2762 5684; x_wconf 88' lang='lat' dir='ltr'><strong>medio</strong></span> <span class='ocrx_word' id='word_1_847' title='bbox 2787 5627 3000 5683; x_wconf 72' lang='lat' dir='ltr'><strong>saeculo</strong></span> <span class='ocrx_word' id='word_1_848' title='bbox 3034 5643 3206 5711; x_wconf 82' lang='lat' dir='ltr'><strong>nono.</strong></span> 
     </span>
     <span class='ocr_line' id='line_1_119' title="bbox 2219 5699 3202 5754; baseline 0 0"><span class='ocrx_word' id='word_1_849' title='bbox 2219 5701 2235 5754; x_wconf 93' lang='lat'><strong><em>(</em></strong></span> <span class='ocrx_word' id='word_1_850' title='bbox 2281 5703 2297 5754; x_wconf 83' lang='lat' dir='ltr'><strong>l</strong></span> <span class='ocrx_word' id='word_1_851' title='bbox 2331 5701 2474 5754; x_wconf 83' lang='lat' dir='ltr'><strong>Vixit</strong></span> <span class='ocrx_word' id='word_1_852' title='bbox 2505 5705 2740 5754; x_wconf 87' lang='lat' dir='ltr'><strong>ineunte</strong></span> <span class='ocrx_word' id='word_1_853' title='bbox 2773 5699 2984 5754; x_wconf 72' lang='lat' dir='ltr'><strong>saeculo</strong></span> <span class='ocrx_word' id='word_1_854' title='bbox 3018 5700 3202 5754; x_wconf 73' lang='lat' dir='ltr'><strong>decxm</strong></span> 
     </span>
    </p>
   </div>
   <div class='ocr_carea' id='block_1_118' title="bbox 2219 5699 3260 5772">
    <p class='ocr_par' dir='ltr' id='par_1_118' title="bbox 2219 5699 3260 5772">
     <span class='ocr_line' id='line_1_120' title="bbox 2219 5699 3260 5772; baseline 0 -18"><span class='ocrx_word' id='word_1_855' title='bbox 2219 5699 2297 5772; x_wconf 89' lang='lat' dir='ltr'><strong>(d)</strong></span> <span class='ocrx_word' id='word_1_856' title='bbox 2331 5699 2474 5757; x_wconf 81' lang='lat' dir='ltr'><strong>Vixit</strong></span> <span class='ocrx_word' id='word_1_857' title='bbox 2505 5701 2740 5757; x_wconf 87' lang='lat' dir='ltr'><strong>ineunte</strong></span> <span class='ocrx_word' id='word_1_858' title='bbox 2773 5699 2984 5756; x_wconf 71' lang='lat' dir='ltr'><strong>saeculo</strong></span> <span class='ocrx_word' id='word_1_859' title='bbox 3018 5699 3260 5755; x_wconf 90' lang='lat' dir='ltr'><strong>decimo.</strong></span> 
     </span>
    </p>
   </div>
  </div>
