4086 6166
267 186 379 245 497

1029 192 1512 256 TESTIMONIA
1564 197 1656 256 ET
1705 197 1986 260 ELOGIA
2033 203 2135 262 DE
2180 203 2242 262 S.
2295 205 2692 266 GHEGORIO
2741 207 3029 269 MAGNO.

3680 218 3797 277 498

257 350 475 404 servus,
525 341 722 394 vocato
755 348 1162 410 procuratore:
1200 347 1294 414 Da,
1338 347 1548 418 inquit,
1592 350 1790 419 frater,
1824 351 1936 405 hUlt

2094 340 2130 390 ll.
2173 337 2322 392 Petri
2374 339 2654 410 principis
2692 342 3084 412 apostolorum
3135 360 3437 404 successor
3479 362 3678 406 esses:
3727 355 3799 408 ut

259 440 355 478 sex
405 441 681 483 nummos
727 445 956 486 aureos.
1001 431 1199 489 Frater
1234 441 1429 492 autem
1481 437 1536 491 id
1582 440 1735 508 quod
1770 455 1973 495 servus

253 513 353 568 Dei
392 515 707 588 Gregorius
754 523 1146 590 mandaverat,
1189 525 1345 591 fecit,
1381 528 1762 600 mendicoquc
1795 547 1975 602 pecu-

257 604 415 659 niam
441 607 622 662 dedit.
642 609 859 666 Eodem
879 629 1083 669 rursus
1107 615 1200 670 die
1224 633 1443 687 pauper
1465 618 1617 674 idem
1642 620 1712 674 ad
1740 621 1973 677 beatum

255 693 604 764 Gregorium
637 700 824 767 venit;
860 706 935 763 et,
971 703 1242 760 Miserere
1276 709 1411 774 mei,
1448 709 1659 778 inquit,
1683 725 1845 766 serve
1873 709 1973 766 Dei

251 780 565 850 Altissimi,
600 786 702 855 qui
734 803 867 842 cum
894 789 1075 845 multa
1097 793 1414 862 amiserim,
1441 811 1644 864 parum
1669 796 1773 851 abs
1802 801 1854 852 te
1875 813 1974 852 ac-

252 870 404 941 cepi.
450 872 662 930 Beatus
707 882 900 934 autem
948 879 1261 952 Gregorius
1295 883 1625 940 ministrum
1659 903 1831 941 suum
1867 887 1972 942 ite-

251 977 383 1016 rum
425 965 672 1035 vocavit,
723 968 978 1041 dixitque
1012 976 1074 1026 ut
1105 989 1204 1028 sex
1261 974 1397 1029 item
1451 992 1719 1032 nummos
1782 979 1972 1034 eidem

252 1053 501 1122 pauperi
549 1066 904 1114 numeraret.
961 1062 1039 1114 Ac
1090 1061 1266 1116 frater
1319 1063 1550 1133 quidem
1605 1067 1815 1137 paruit.
1858 1068 1971 1124 Sed

249 1155 472 1210 pauper
494 1159 651 1214 cum,
675 1149 1244 1218 acceptisduodecim
1265 1153 1548 1221 nummis,
1582 1155 1968 1224 discessisset,

251 1232 320 1284 ad
366 1231 601 1288 beatum
644 1236 982 1308 Gregorium
1021 1239 1193 1309 paulo
1235 1245 1365 1312 post
1395 1243 1569 1298 rediit
1599 1246 1802 1300 eodem
1835 1245 1968 1302 die:

251 1321 543 1391 Miserere,
579 1324 872 1396 inquiens,
908 1331 1042 1393 mei,
1077 1345 1234 1385 serve
1273 1333 1374 1388 Dei
1405 1333 1720 1401 Altissimi,
1770 1339 1826 1390 et
1866 1335 1971 1391 ali-

253 1417 390 1485 quid
435 1432 670 1476 !‘ursum
721 1420 1012 1493 elargire:
1065 1423 1337 1492 quoniam
1381 1441 1642 1497 magnam
1670 1427 1966 1498 jacturam

248 1509 375 1565 feci.
424 1511 807 1566 Procuratore
851 1512 1084 1566 tertium
1142 1515 1447 1571 accersito:
1496 1516 1600 1584 Da,
1635 1517 1831 1584 frater,
1877 1519 1970 1574 in-

246 1602 391 1670 quit,
426 1601 565 1658 huic
596 1602 834 1672 pauperi
867 1619 966 1658 sex
997 1601 1141 1658 alios
1173 1619 1465 1663 nummos.
1493 1613 1563 1662 At
1593 1607 1690 1663 ille
1722 1625 1968 1680 respon-

247 1691 423 1748 dens:
449 1691 630 1747 Crede
661 1691 828 1758 mihi,
862 1692 1050 1761 Pater,
1092 1693 1303 1764 inquit,
1337 1712 1409 1751 ne
1450 1714 1603 1753 unus
1645 1699 1881 1770 quidem
1907 1699 1966 1755 in

243 1797 374 1836 arca
421 1780 659 1837 relictus
703 1785 793 1836 est
851 1798 1152 1839 nummus.
1200 1784 1305 1839 Cui
1360 1786 1564 1842 beatus
1608 1787 1958 1859 Gregorius:

247 1870 450 1925 Nonne
485 1870 644 1926 aliud
677 1871 997 1942 quidquam
1037 1872 1216 1930 habes
1248 1875 1306 1930 in
1331 1878 1754 1946 promptuario,
1779 1883 1840 1934 ut
1863 1897 1964 1937 vas

245 1960 484 2030 aliquod
534 1965 636 2015 aut
677 1962 1112 2030 vestimentum,
1159 1964 1314 2035 quod
1363 1966 1600 2036 pauperi
1651 1966 1964 2040 largiaris?

246 2049 514 2120 Nullum,
567 2051 862 2122 respondit
885 2051 1001 2119 ille,
1033 2069 1131 2108 vas
1163 2053 1469 2122 habemus,
1504 2064 1706 2125 prater
1749 2075 1964 2130 argen-

246 2143 402 2195 teum
419 2139 586 2205 illud,
610 2141 762 2211 quod
795 2157 1007 2212 magna
1024 2142 1262 2198 domina
1283 2143 1353 2197 de
1376 2159 1532 2200 more
1561 2144 1960 2216 leguminibus

247 2229 485 2296 plenum
524 2229 703 2285 misit.
751 2232 879 2297 Abi,
913 2231 1104 2302 inquit
1138 2249 1340 2289 servus
1373 2235 1469 2289 Dei
1511 2235 1838 2306 Gregorio,
1873 2245 1959 2294 at-

248 2333 356 2388 que
389 2318 536 2372 illud
571 2320 806 2390 pauperi
831 2322 1038 2391 probe.
1075 2321 1270 2378 Frater
1291 2329 1486 2379 autem
1515 2325 1647 2379 fecit
1669 2329 1820 2397 quod
1845 2329 1957 2385 sibi

250 2423 279 2461 a
307 2409 476 2464 beato
529 2408 804 2480 Gregorio
849 2411 1190 2466 mandatum
1239 2413 1443 2468 fuerat.
1495 2418 1722 2485 Pauper
1760 2417 1955 2490 igitur,

247 2498 500 2568 acceptis
531 2499 835 2554 duodecim
870 2502 1148 2562 nummis,
1181 2509 1232 2557 et
1263 2519 1397 2558 vase
1428 2509 1722 2573 argenteo,
1749 2507 1962 2566 disces-

243 2586 333 2641 sit.
383 2587 531 2642 Cum
581 2597 776 2642 autem
825 2588 885 2643 in
916 2591 1290 2646 sanctissima
1335 2600 1388 2646 et
1421 2595 1664 2647 maxima
1708 2594 1808 2650 Dei
1853 2597 1959 2654 Ec-

240 2677 416 2732 clesia
464 2677 680 2733 veteris
739 2678 926 2734 Rome
976 2687 1203 2736 creatus
1265 2685 1420 2736 esset
1473 2683 1826 2756 patriarcha,
1875 2691 1955 2758 et,

238 2767 733 2836 quemadmodum
773 2768 1235 2838 patriarcharum
1278 2775 1367 2826 est
1406 2774 1788 2841 consuetudo,
1821 2793 1952 2846 quo-

237 2859 362 2912 dam
385 2858 481 2912 die
506 2856 867 2913 thesaurario
891 2861 1228 2916 mandasset
1253 2865 1316 2916 ut
1333 2861 1638 2918 duodecim
1667 2881 1951 2936 pauperes

235 2947 297 3001 δᾶ
333 2963 603 3002 mensam
637 2964 800 3002 suam
822 2954 1183 3011 convocaret.
1214 2949 1312 3020 qui
1345 2967 1541 3007 secum
1577 2954 1948 3025 prenderent,

233 3039 418 3108 paruit
447 3036 571 3108 ille,
606 3055 670 3094 ac
705 3055 981 3112 pauperes
1013 3042 1365 3096 convocavit.
1403 3041 1613 3098 Verum
1654 3061 1784 3100 cum
1821 3047 1944 3102 dis-

233 3096 577 3183 cubuissent
623 3096 756 3183 cum
818 3096 1171 3198 patriarcha,
1230 3096 1574 3200 deprehensi
1621 3138 1762 3188 sunt
1819 3096 2019 3190 esseC

233 3218 530 3273 tredecim.
557 3218 943 3282 Quamobrem
977 3220 1253 3276 accersito
1285 3220 1682 3279 thesaurario:
1718 3223 1942 3293 Nonne,

236 3309 442 3378 inquit,
495 3309 764 3363 mandavi
798 3309 901 3364 tibi
946 3314 1008 3365 ut
1047 3311 1351 3366 duodecim
1387 3314 1662 3370 vocares?
1692 3315 1804 3370 Cur
1835 3315 1943 3386 igi-

242 3403 326 3453 tur
356 3399 641 3453 tredecim
674 3399 888 3454 vocasti
920 3405 1128 3469 praeter
1167 3402 1522 3457 sententiam
1577 3420 1766 3459 meam
1789 3406 1816 3458 ?
1845 3404 1945 3461 His

244 3487 329 3544 ille
366 3489 588 3544 auditis
629 3490 1016 3560 perterritus:
1069 3491 1267 3560 Crede,
1318 3493 1530 3565 inquit,
1573 3495 1740 3564 mihi,
1773 3512 1944 3552 vene-

246 3579 408 3633 rande
441 3577 707 3645 Domine,
740 3580 1047 3636 duodecim
1080 3586 1242 3650 sunt;
1277 3596 1382 3637 nec
1413 3582 1562 3638 alius
1605 3583 1943 3656 quisquam,

245 3675 436 3737 praeter
475 3671 887 3741 patriarcham,
939 3672 1210 3728 tredecim
1260 3673 1422 3728 vidit.
1459 3677 1617 3729 Inter
1656 3677 1946 3746 pranden-

243 3758 370 3814 dum
395 3762 581 3830 igitur
601 3761 932 3831 patriarcha
954 3763 1191 3817 tertium
1213 3763 1504 3819 decimum
1529 3763 1693 3820 illum
1718 3771 1943 3836 specta-

244 3847 350 3917 bat,
382 3851 484 3922 qui
516 3851 574 3905 in
601 3866 829 3905 summo
861 3867 1100 3907 scamno
1123 3853 1480 3908 considebat.
1510 3855 1574 3909 Et
1615 3871 1747 3911 ecce
1775 3857 1948 3914 facies

242 3941 358 4009 ejus
390 3941 580 3997 varias
617 3942 832 3998 formas
849 3945 1135 3998 sumebat.
1159 3945 1327 3999 Modo
1360 3945 1516 4000 enim
1550 3962 1746 4012 senex,
1776 3949 1944 4004 modo

239 4027 571 4088 adolescens
603 4029 699 4084 ille
729 4031 1050 4088 videbatur.
1095 4033 1294 4104 Itaque
1335 4051 1470 4090 cum
1503 4053 1532 4090 e
1568 4052 1768 4093 mensa
1805 4053 1948 4094 con-

238 4119 638 4187 surrexiseent,
673 4119 873 4177 beatus
898 4123 1236 4195 Gregorius,
1272 4125 1514 4197 reliquis
1543 4127 1819 4183 omnibus
1851 4128 1946 4182 di-

242 4208 450 4273 missis,
487 4209 723 4265 tertium
748 4212 1042 4268 decimum
1071 4213 1262 4282 illum,
1287 4215 1385 4286 qui
1420 4220 1539 4270 tam
1565 4217 1946 4273 admirandus

241 4293 343 4363 ipsi
374 4298 537 4353 visus
560 4300 765 4368 fuerat,
813 4317 991 4357 manu
1045 4302 1473 4374 apprehensum
1505 4303 1563 4359 in
1611 4307 1946 4363 cubiculum

241 4381 419 4456 duxit,
451 4391 510 4442 et
547 4386 836 4446 allocutus
877 4397 966 4448 est
1008 4393 1076 4447 ad
1121 4392 1278 4448 hunc
1320 4395 1558 4449 modum
1593 4411 1606 4449 :
1644 4396 1860 4466 Adjuro
1892 4402 1949 4454 te

2086 441 2289 496 posses
2333 427 2609 484 omnibus
2662 429 3077 504 quodcumque
3129 450 3277 506 opus
3326 436 3471 492 foret
3513 440 3799 497 submini-

2085 520 2285 572 strare.
2321 516 2504 587 Unde,
2565 519 2772 575 beatus
2822 522 3017 593 inquit
3057 523 3393 596 Gregorius,
3444 529 3614 596 nosti,
3655 534 3797 587 tunc

2086 605 2422 673 Dominum,
2458 612 2518 664 ut
2548 624 2652 680 ego
2692 611 2948 680 pontifex
2980 613 3203 681 ﬁerem,
3237 615 3598 674 decrevisse?
3629 619 3795 689 Quia,

2086 698 2403 769 respondit,
2438 715 2566 755 sum
2602 699 2701 755 Dei
2741 702 2988 773 angelus
3021 705 3466 777 omnipotentis,
3507 709 3717 766 idcirco
3739 711 3797 766 id

2084 787 2236 843 novi.
2279 787 2344 842 Et
2392 793 2531 844 tinc
2564 791 2842 848 Dominus
2884 793 3049 850 misit
3079 811 3193 864 me,
3235 803 3296 852 ut
3327 798 3509 855 animi
3551 801 3635 856 tui
3669 817 3801 872 pro-

2083 877 2332 948 positum
2380 881 2760 950 explorarem,
2807 887 2863 938 et
2911 889 3108 941 utrum
3149 885 3517 945 humanitate
3556 891 3796 958 ductus,

2083 983 2153 1022 an
2204 969 2591 1025 ostentatione
2649 971 2866 1028 faceres
2915 973 3368 1046 eleemosynam.
3421 980 3545 1044 Quo
3593 979 3796 1038 beatus

2082 1055 2391 1128 Gregorius
2421 1059 2619 1116 audito
2651 1061 2863 1131 timuit,
2897 1078 3087 1134 neque
3115 1065 3272 1121 enim
3313 1073 3478 1123 antea
3515 1083 3650 1124 eum
3684 1086 3796 1125 an—

2082 1146 2278 1216 gelum
2330 1163 2458 1204 esse
2496 1156 2871 1220 cognoverat;
2900 1156 2956 1208 et
3001 1153 3130 1211 ideo
3177 1170 3312 1211 cum
3363 1156 3462 1213 illo
3507 1163 3792 1230 tanquam

2083 1251 2215 1291 cum
2250 1237 2486 1294 homine
2528 1244 2723 1311 egerat
2759 1246 2818 1297 et
2866 1241 3098 1300 locutus
3149 1244 3361 1301 fuerat.
3411 1245 3565 1303 Dixit
3596 1253 3792 1304 autem

2080 1325 2323 1397 angelus
2345 1329 2413 1382 ad
2443 1328 2668 1386 beatum
2691 1330 3066 1403 Gregorium:
3093 1333 3174 1390 Ne
3195 1335 3424 1404 timeas,
3450 1337 3612 1393 misit
3631 1337 3790 1394 enim

2083 1431 2171 1469 me
2186 1415 2336 1471 Deus
2369 1422 2434 1472 ut
2465 1421 2656 1474 tecum
2689 1436 2885 1476 verser
2911 1422 2970 1477 in
3020 1422 3128 1477 hac
3159 1423 3302 1479 vita.
3344 1426 3504 1489 Quod
3531 1425 3628 1482 ille
3658 1442 3789 1482 cum

2081 1505 2360 1573 audiset,
2409 1506 2572 1562 humi
2618 1514 2942 1580 prostratus
2985 1510 3044 1566 in
3077 1513 3280 1568 faciem
3313 1530 3496 1581 suam,
3529 1516 3791 1572 adoravit

2081 1596 2422 1653 Dominum:
2472 1599 2529 1653 Si
2580 1604 2817 1671 propter
2863 1604 3136 1674 exiguam
3184 1603 3355 1674 hanc,
3387 1604 3682 1676 inquiens,
3715 1607 3786 1663 ad

2082 1687 2530 1755 promerendum
2569 1689 2751 1744 animi
2819 1693 3288 1762 propensionem,
3350 1698 3577 1750 tantum
3623 1695 3787 1751 beni-

2074 1778 2313 1848 gnitatis
2344 1778 2649 1836 cumulum
2681 1779 3174 1840 clementissimus
3206 1783 3492 1840 Dominus
3533 1785 3789 1842 declara-

2077 1871 2175 1935 vit,
2212 1873 2276 1925 ut
2297 1871 2568 1941 angelum
2587 1888 2761 1928 suum
2796 1875 3074 1936 mitteret,
3099 1874 3198 1946 qui
3219 1874 3328 1930 mei
3355 1875 3411 1930 in
3435 1880 3785 1947 perpetuum

2074 1968 2267 2016 custos
2306 1965 2478 2030 esset,
2527 1979 2794 2032 quianam
2831 1979 3034 2020 eorum
3081 1965 3279 2020 futura
3306 1969 3395 2020 est
3424 1963 3621 2036 gloria
3653 1983 3786 2022 ma-

2073 2047 2336 2118 gnitudo,
2369 2051 2470 2121 qui
2502 2052 2793 2109 mandatis
2833 2054 2960 2123 ejus
2982 2054 3492 2124 obtemperabunt,
3520 2058 3576 2110 et
3600 2055 3782 2125 justi-

2071 2140 2213 2193 tiam
2262 2140 2487 2197 colent?
2529 2141 2714 2198 Verax
2743 2145 2898 2199 enim
2949 2150 3039 2201 est
3076 2144 3174 2200 ille
3217 2145 3316 2216 qui
3365 2145 3529 2212 dixit,
3556 2145 3780 2214 judicio

2072 2228 2525 2286 misericordiam
2579 2235 2857 2303 praestari,
2910 2238 2966 2289 et
3023 2233 3137 2290 Deo
3199 2233 3443 2289 lenerari
3491 2249 3625 2289 eum
3676 2236 3779 2306 qui

2071 2319 2343 2388 pauperis
2384 2321 2708 2376 miseretur.
2745 2322 2894 2387 Quin
2925 2322 3099 2378 etiam
3133 2322 3258 2393 ipse
3292 2322 3570 2378 Dominus
3599 2339 3780 2393 ange-

2067 2406 2281 2474 lorum,
2315 2409 2416 2480 qui
2447 2410 2656 2466 salutis
2697 2410 3006 2466 hominum
3055 2416 3259 2467 auctor
3299 2415 3408 2474 est.
3466 2426 3565 2466 eos
3613 2410 3713 2482 qui
3745 2427 3780 2467 ει

2069 2495 2284 2551 dextris
2343 2504 2513 2554 erunt
2556 2499 2842 2567 collocati,
2899 2501 2986 2556 sic
3037 2501 3403 2571 alloquetur:
3453 2502 3655 2567 Venite,
3687 2501 3778 2556 be-

2066 2585 2466 2644 nedictiPatris
2495 2592 2624 2656 mei,
2645 2597 2904 2660 paratam
2929 2591 3075 2646 vobis
3105 2608 3139 2646 a
3169 2592 3370 2648 mundi
3390 2591 3776 2647 constitutione

2064 2680 2324 2748 suscipite
2352 2681 2514 2750 regni
2544 2681 2942 2738 hereditatem.
2975 2682 3076 2737 Et:
3103 2683 3325 2737 Esurivi
3347 2683 3518 2748 enim,
3540 2690 3592 2738 et
3618 2680 3776 2737 dedi-

2062 2770 2157 2822 stis
2203 2771 2339 2824 mihi
2379 2770 2734 2827 manducare.
2779 2770 2968 2837 Sitivi,
3021 2778 3071 2827 et
3117 2771 3337 2827 dedistis
3378 2771 3520 2826 mihi
3564 2769 3772 2829 bibere.

2063 2859 2261 2927 Hospes
2300 2875 2474 2928 eram,
2515 2870 2566 2916 et
2595 2860 2895 2932 eoltegistis
2923 2877 3028 2916 me.
3061 2863 3255 2930 Aliger,
3301 2865 3351 2916 et
3384 2862 3643 2916 visitastis
3663 2877 3771 2919 me.

2061 2947 2267 3015 Nudus,
2301 2959 2353 3004 et
2382 2951 2683 3021 operuistis
2717 2967 2823 3007 me.
2854 2951 2923 3005 In
2951 2966 3187 3018 carcere,
3217 2959 3268 3006 et
3299 2949 3524 3006 venistis
3553 2951 3626 3005 ad
3663 2966 3770 3006 me.

2061 3037 2337 3104 Quatenus
2372 3039 2521 3095 enim
2548 3040 2759 3110 fecistis
2793 3042 2898 3096 uni
2934 3057 3004 3095 ea:
3040 3041 3130 3096 his
3175 3041 3445 3110 fratribus
3489 3042 3622 3096 meis
3657 3040 3770 3095 mi-

2057 3128 2248 3195 nimis,
2271 3129 2413 3184 mihi
2449 3129 2652 3198 fecistis
2690 3131 2900 3200 (Matth.
2941 3147 3069 3200 xxv,
3120 3129 3233 3198 43).
3285 3130 3469 3194 Quam
3531 3129 3768 3201 quidem

2059 3217 2288 3272 beatam
2320 3235 2518 3275 vocem
2553 3219 2770 3274 utinam
2803 3219 3114 3276 audiamus
3144 3235 3253 3275 nos
3285 3234 3486 3274 omnes
3517 3219 3618 3290 qui
3651 3218 3770 3274 haec

2059 3307 2146 3362 vel
2186 3307 2456 3379 legimus,
2495 3309 2578 3364 vel
2608 3309 2924 3373 audimus;
2955 3317 3008 3365 et
3046 3324 3469 3381 consequamur
3508 3323 3576 3364 ea
3617 3309 3771 3364 bona

2057 3399 2432 3469 sempiterna,
2467 3415 2590 3467 qua:
2620 3401 2839 3470 paravit
2878 3399 3034 3456 Deus
3065 3399 3138 3455 iis
3169 3417 3202 3455 a
3240 3399 3453 3470 quibus
3484 3397 3770 3471 diligitur,

2058 3504 2158 3556 per
2188 3489 2432 3558 gratiam
2467 3494 2641 3561 atque
2672 3490 3095 3546 humanitatem
3129 3490 3363 3546 Domini
3403 3489 3586 3546 nostri
3633 3489 3771 3545 Jesu

2058 3577 2297 3646 Christi,
2329 3579 2422 3634 cui
2453 3578 2638 3650 gloria
2669 3579 2726 3634 in
2759 3580 2971 3636 secula
3010 3580 3384 3636 saeculorum.
3427 3582 3623 3634 Amen.

2059 3666 2332 3736 Sigeberti
2362 3667 2760 3725 Gembtacensis
2781 3670 2878 3740 (a),
2913 3671 3011 3725 tib.
3039 3669 3104 3726 de
3130 3670 3330 3742 Script.
3357 3671 3576 3739 Eccles.,
3609 3683 3654 3726 c.
3679 3669 3769 3725 41.

2131 3759 2464 3831 Gregorius,
2500 3761 2736 3817 natione
2777 3761 3094 3830 Romanus,
3129 3777 3195 3816 ex
3227 3767 3469 3831 praetore
3515 3761 3768 3826 Urbano,

2061 3851 2386 3906 monachus
2461 3850 2664 3917 abbas,
2759 3851 3044 3923 septimus
3136 3851 3410 3905 Romana
3505 3849 3771 3906 Ecclesia

2059 3940 2255 4009 levita,
2351 3940 2761 4012 apocrisiarius
2873 3957 3030 4012 papas
3119 3940 3386 3994 Romana
3478 3939 3769 4004 Ecclesia,

2060 4030 2246 4087 multa
2309 4029 2566 4101 scripsit.
2639 4030 2896 4102 Rogatus
2956 4047 2989 4085 a
3078 4026 3340 4084 Leandro
3443 4027 3774 4097 Hispalensi

2058 4120 2351 4193 episcopo,
2386 4121 2600 4176 librum
2645 4121 2750 4175 .lob
2792 4118 3061 4191 exposuit
3108 4116 3433 4189 tripliciter,
3475 4115 3771 4185 historice,

2060 4210 2358 4282 allegorice
2388 4214 2444 4264 et
2475 4209 2806 4279 moraliter;
2841 4217 2893 4264 et
2925 4208 3142 4264 librum
3186 4205 3449 4262 dividens
3480 4206 3539 4261 in
3566 4222 3666 4262 sex
3695 4205 3774 4260 li-

2059 4303 2210 4369 bros,
2262 4301 2692 4356 consummavit
2728 4299 2833 4355 hoc
2894 4297 3158 4354 mirabile
3217 4311 3361 4367 opus
3417 4295 3478 4350 in
3532 4295 3774 4366 triginta

2058 4391 2320 4463 quinque
2343 4389 2527 4446 libris.
2555 4390 2805 4445 Primam
2829 4392 2886 4444 et
2911 4388 3176 4444 ultimam
3206 4393 3425 4458 partem
3457 4383 3773 4442 Ezechielis

242 4491 334 4545 per
371 4493 642 4547 magnam
671 4480 1084 4552 omnipotentis
1131 4483 1231 4538 Dei
1277 4483 1571 4551 virtutem,
1623 4490 1686 4540 ut
1717 4487 1944 4558 aperias
1981 4473 2022 4537 D
2055 4483 2371 4554 propheta,
2405 4496 2531 4552 qua:
2562 4479 2934 4536 obscuriores
2964 4482 3152 4546 erant,
3185 4477 3450 4549 exposuit
3479 4475 3776 4533 homiliti-

242 4567 392 4634 mihi,
425 4569 524 4637 qui
556 4568 656 4636 sis,
690 4573 744 4623 et
776 4587 894 4641 quo
928 4572 1163 4628 nomine
1198 4572 1531 4644 appelleris.
1559 4575 1626 4629 Et
1657 4575 1942 4645 ille:Cur,

244 4654 439 4726 inquit,
464 4675 682 4714 nomen
715 4677 912 4716 meum
953 4663 1187 4733 quieris,
1220 4663 1370 4734 quod
1417 4669 1504 4719 est
1552 4665 1948 4723 admirabile?

243 4743 346 4816 Ego
381 4765 506 4804 sum
557 4765 776 4821 pauper
821 4751 917 4807 ille
963 4753 1057 4822 qui
1108 4754 1176 4808 ad
1222 4760 1275 4808 te
1305 4755 1434 4809 veni
1479 4755 1534 4808 in
1581 4755 1945 4813 mansionem

243 4837 415 4891 sancti
471 4839 714 4894 Andreas
793 4841 1037 4912 apostoli
1097 4844 1165 4898 ad
1241 4843 1452 4898 clivum
1527 4844 1754 4910 Scauri,
1812 4863 1945 4902 cum

245 4929 293 4978 tu
325 4927 379 4982 in
419 4927 632 4983 cellula
683 4937 780 4984 tua
820 4933 1049 4986 sederes
1081 4949 1145 4987 ac
1179 4933 1480 4993 scriberes.
1517 4935 1609 4990 cui
1644 4937 1948 4992 duodenos

244 5012 432 5070 dedisti
467 5033 766 5085 nummos,
793 5025 850 5075 et
871 5037 994 5090 vas,
1026 5023 1181 5092 quod
1213 5023 1316 5077 tibi
1354 5024 1522 5078 beata
1555 5031 1742 5080 mater
1771 5025 1948 5081 Silvia

245 5118 359 5159 cum
395 5105 793 5178 leguminibus
841 5110 1100 5166 miserat.
1150 5111 1350 5183 Itaque
1390 5129 1522 5168 cum
1573 5115 1950 5185 perspicuum

247 5191 400 5250 fuerit
431 5203 485 5251 te
518 5197 578 5252 in
621 5198 814 5253 cordis
856 5199 1227 5270 simplicitate
1271 5207 1325 5258 et
1359 5203 1638 5274 patientia
1670 5209 1946 5260 constan-

254 5289 353 5338 tem
385 5287 802 5357 permansisse,
856 5305 919 5344 ex
980 5306 1092 5361 quo
1148 5291 1242 5346 die
1295 5292 1434 5347 mihi
1497 5293 1618 5348 1]ωο
1676 5295 1933 5351 tribuisti

247 5375 526 5432 constituit
560 5376 846 5432 Dominus
875 5385 934 5434 ut
965 5379 1232 5436 Ecclesiae
1266 5386 1479 5436 sanctae
1512 5399 1655 5451 suae,
1691 5401 1790 5454 pro
1822 5400 1941 5454 qua

247 5467 527 5537 proprium
576 5467 753 5524 etiam
798 5471 1145 5542 sanguinem
1194 5473 1420 5544 eﬂ‘udit,
1455 5475 1708 5544 pontifex
1753 5475 1937 5542 lieres,

307 5611 379 5682 (η)
403 5613 636 5671 Obiisse
667 5614 878 5671 dicitur
900 5632 995 5672 an.
1034 5616 1189 5672 1113.

309 5683 380 5757 (ὁ)
410 5685 533 5741 Non
568 5686 638 5742 ad
667 5686 1002 5759 Marianum,
1026 5705 1126 5744 seu
1174 5692 1579 5760 Marinianum,
1602 5694 1702 5749 sed
1735 5693 1805 5750 ad
1836 5696 1936 5749 Se-

2056 4589 2122 4629 co
2153 4587 2442 4627 sermone.
2468 4571 2803 4642 Scripsit(b)
2828 4569 2902 4626 ad
2924 4569 3251 4626 Marianum
3275 4568 3612 4640 episcopum
3635 4583 3772 4637 qua-

2067 4662 2333 4734 draginta
2361 4662 2510 4718 duas
2540 4660 2838 4732 Evangelii
2869 4659 3162 4717 homilias.
3189 4660 3252 4714 In
3284 4657 3453 4713 initio
3472 4656 3772 4729 pontifica-

2066 4762 2157 4807 tus
2200 4752 2286 4807 sui
2339 4751 2568 4822 scripsit
2613 4753 2679 4806 ad
2728 4752 3036 4818 Joannem,
3085 4751 3365 4805 Ravenna
3418 4747 3771 4817 episcopum,

2063 4842 2279 4897 librum
2305 4841 2539 4912 Regulae
2561 4840 2907 4908 Pastoralis;
2934 4840 3151 4895 librum
3175 4835 3568 4906 Dialogorum,
3593 4847 3770 4903 quem

2062 4948 2193 4986 cum
2227 4931 2415 4996 Petro,
2449 4931 2692 4987 diacono
2725 4947 2856 4996 suo,
2887 4931 2958 4984 de
2990 4925 3286 4982 miraculis
3319 4926 3652 4979 sanctorum
3676 4921 3770 4976 sui

2064 5022 2345 5092 temporis
2378 5021 2604 5086 habuit,
2637 5018 3048 5076 Theudelindae
3079 5012 3585 5083 Langobardorum
3618 5010 3768 5082 regi-

2058 5129 2144 5167 nas
2177 5129 2281 5184 pro
2313 5127 2552 5167 munere
2583 5111 2765 5165 misit.
2787 5106 3175 5178 Epistolarum
3209 5107 3289 5157 tot
3319 5100 3498 5156 libros
3522 5101 3768 5170 posteri

2059 5202 2297 5274 reliquit
2327 5205 2470 5274 quot
2503 5216 2683 5256 annos
2715 5202 2773 5254 in
2806 5195 3143 5268 pontificatu
3171 5191 3332 5257 vixit,
3364 5190 3420 5245 id
3462 5195 3551 5246 est
3578 5191 3768 5246 trede-

2054 5293 2164 5347 cim
2218 5300 2275 5349 et
2325 5293 2524 5348 semis.
2559 5289 2805 5359 Scripsit
2833 5291 2891 5342 et
2932 5285 3063 5351 alia,
3097 5298 3225 5354 quae
3257 5299 3288 5338 a
3335 5281 3612 5337 Romanis
3640 5287 3769 5352 post

2054 5388 2302 5439 mortem
2353 5384 2478 5451 ejus
2515 5380 2816 5435 combusta
2864 5381 3036 5445 sunt;
3085 5373 3186 5447 qui
3241 5378 3296 5430 et
3335 5373 3529 5430 omnia
3590 5388 3766 5445 opera

2053 5473 2178 5542 ejus
2240 5470 2727 5538 combussissent,
2804 5468 2916 5525 nisi
2998 5469 3229 5534 Petrus,
3269 5464 3548 5521 diaconus
3611 5464 3763 5534 ejus,

2052 5616 2380 5674 cundinum
2399 5615 2964 5673 Tauromenitanum
2985 5629 3075 5687 ep.
3091 5613 3373 5670 Ceterum
3399 5608 3672 5667 bomilias
3693 5607 3763 5666 40

2049 5693 2280 5748 tantum
2313 5689 2707 5764 agnoscimus.
